4212 6272
502 5706 505 5709 .
580 5660 871 5712 contrario.

596 319 696 375 89.7

1986 301 2263 359 lOANNlS
2297 302 2495 361 SCOTI

3764 310 3873 367 ω

593 435 680 489 cui
731 429 908 487 sensui
954 428 1000 482 si
1047 426 1260 480 animus
1306 419 1666 482 consenserit,
1704 418 1871 473 totius
1910 417 2178 471 humanae
2205 421 2257 479 Α
2285 417 2633 473 inferuntur:
2668 418 2720 472 in
2765 427 3026 488 quantum
3076 433 3203 474 vero
3247 419 3420 488 ipsum
3456 420 3660 477 malum
3695 422 3867 482 forma

594 533 821 578 naturae
856 521 869 550 ¹
899 517 1179 586 integritas
1208 512 1591 580 corrumpitur.
1627 506 2002 562 Excelsissima
2025 521 2174 558 nam-

593 627 701 682 que
758 616 982 663 naturae
1037 613 1188 674 parte
1242 600 1672 671 praevaricaute,
1724 595 1902 665 qualis
1952 593 2179 648 inferior

592 702 739 756 salva
772 695 1104 752 remanebit?
1134 693 1301 762 Cujus
1331 691 1456 760 ligni
1487 689 1692 742 fructus
1710 688 1875 741 mixta
1903 688 1924 716 ³
1954 686 2178 740 scientia

592 799 676 845 est
717 804 781 845 ex
819 789 959 842 bono
984 794 1039 839 et
1070 784 1237 846 malo,
1273 784 1373 836 hoc
1398 789 1500 844 est,
1532 779 1854 832 indiscretus
1882 776 2006 830 mali
2038 776 2179 829 bono

596 878 871 948 tmaginati
906 874 1197 945 appetitus,
1228 880 1282 925 et
1326 885 1500 933 amor,
1542 876 1598 921 et
1626 866 2093 934 concupiscentia,
2124 872 2180 918 et

593 969 898 1032 delectatio,
931 982 1027 1036 per
1055 979 1216 1033 quam
1246 962 1267 993 ³
1298 960 1459 1014 veluti
1492 973 1589 1027 per
1614 957 1881 1026 quendam
1898 955 2178 1009 colubrum

588 1069 851 1129 antiquus
895 1055 1065 1111 hostis
1098 1053 1313 1108 lnunani
1360 1047 1800 1119 generis.primo
1839 1046 2180 1116 praevarica-

595 1150 793 1202 tionem
822 1145 1012 1208 suasit,
1029 1142 1221 1197 deinde
1248 1148 1475 1194 mortem
1493 1137 1659 1191 totius
1685 1144 1911 1188 naturae
1936 1132 2135 1201 adjecit
2158 1149 2173 1185 :

591 1238 808 1292 animae
836 1235 1051 1305 quidem
1097 1230 1398 1286 deserentis
1431 1231 1624 1290 Deum,
1669 1226 1914 1294 corporis
1944 1240 2075 1278 vero
2112 1224 2178 1277 ab

593 1328 773 1381 anima
818 1323 1034 1379 deserti.
1079 1321 1315 1376 Scientia
1349 1319 1527 1386 itaque
1569 1317 1622 1369 in
1655 1315 1759 1369 hoc
1790 1314 1905 1368 loco
1950 1329 2056 1367 non
2086 1314 2181 1366 do-

592 1421 825 1476 ctrinam
854 1415 1120 1487 quandam
1147 1411 1470 1480 cognitionis
1491 1421 1545 1464 et
1587 1406 1985 1475 dijudieationis
2027 1413 2181 1457 natu-

593 1525 817 1572 rarum,
885 1506 980 1560 sed
1061 1503 1307 1557 illicitum
1387 1508 1587 1553 motum
1662 1506 1826 1564 atque
1894 1492 2176 1547 confusum

593 1602 889 1673 appetitum
947 1597 1014 1651 ad
1060 1591 1550 1662 concupiscendum
1605 1589 1845 1652 malum,
1899 1588 2003 1641 hoc
2050 1592 2175 1648 est,

591 1702 874 1763 peccatum
920 1686 1288 1743 similitudinis
1326 1684 1449 1738 boni
1492 1682 1624 1736 falsa
1669 1681 1847 1750 specie
1884 1676 2175 1732 seduccndi

2281 508 2407 562 boni
2441 508 2726 573 ambitum,
2774 523 2840 562 ac
2881 523 2979 577 per
3023 508 3260 578 seipsqu
3293 509 3522 565 informe
3546 521 3603 566 et
3628 513 3868 584 incogni-

2283 606 2394 655 tqu
2442 598 2642 651 malmn
2671 607 2775 662 est,
2818 613 2918 652 nec
2962 615 2991 652 a
3018 599 3127 652 Deo
3167 615 3288 654 esse
3329 604 3373 664 ’,
3422 617 3523 656 nec
3572 604 3642 656 ab
3688 604 3865 675 aliqua

2281 703 2442 743 causa
2471 698 2620 743 certa
2650 704 2714 743 ac
2743 690 3000 743 definita?
3035 688 3230 744 Malum
3257 692 3519 760 siquidem
3546 696 3758 750 varium
3785 706 3868 754 est

2280 789 2334 833 et
2363 779 2657 843 ineausale,
2692 781 2945 848 quoniam
2979 780 3032 833 in
3061 782 3243 834 rerum
3273 791 3465 835 natura
3490 784 3713 839 omnino
3735 789 3862 840 sub-

2282 868 2606 921 stantialiter
2650 882 2754 920 non
2800 868 3093 921 invenitur.
3141 867 3277 923 Illud
3327 869 3492 937 igitur
3532 870 3758 942 lignum,
3809 877 3861 931 in

2280 969 2542 1028 quantum
2568 958 2764 1011 malum
2794 967 2897 1022 est,
2932 957 3061 1011 nulli
3088 973 3285 1012 causae
3311 958 3566 1024 refertur,
3600 962 3726 1029 quia
3750 979 3860 1017 om-

2283 1051 2408 1103 nino
2450 1048 2582 1102 nihil
2632 1058 2715 1101 est
2746 1065 2760 1102 :
2788 1049 2839 1101 in
2870 1057 3132 1117 quantum
3161 1064 3291 1103 vero
3322 1048 3592 1103 formatur
3614 1052 3772 1118 bono,
3806 1065 3862 1109 ut

2282 1141 2526 1193 incautos
2550 1139 2805 1207 decipiat,
2835 1140 3091 1207 quoniam
3122 1140 3346 1192 materia
3380 1139 3487 1204 illa,
3517 1138 3672 1207 cujus
3697 1143 3857 1211 phan-

2282 1230 2416 1284 tasia
2460 1230 2746 1293 formatur,
2797 1244 2864 1282 ex
2906 1229 3147 1282 omnium
3194 1228 3458 1282 bonorum
3494 1231 3771 1286 conditore
3803 1240 3856 1287 et

2280 1319 2423 1374 facta
2465 1328 2571 1385 est,
2618 1328 2673 1373 et
2718 1320 2857 1373 bcna
2889 1328 2990 1381 est,
3028 1335 3135 1373 non
3162 1320 3384 1374 omnino
3417 1320 3639 1374 malmn.
3669 1321 3852 1377 Forma

2281 1411 2486 1479 itaque,
2513 1425 2609 1479 per
2637 1425 2798 1478 quam
2826 1410 3026 1463 malum
3048 1410 3258 1464 seducit
3280 1425 3393 1474 eos,
3419 1426 3553 1478 quos
3581 1413 3851 1478 interimit,

2280 1501 2417 1554 bona
2458 1510 2564 1563 est,
2613 1500 2867 1568 quoniam
2917 1498 3217 1567 cujuspiam
3250 1500 3374 1553 boni
3412 1501 3697 1568 phantasia
3735 1514 3850 1558 est:

2281 1590 2453 1657 ipsum
2477 1603 2608 1641 vero
2631 1588 2827 1641 malum
2853 1589 3072 1641 otnnino
3096 1587 3294 1640 malum
3318 1598 3420 1653 εει,
3441 1597 3497 1641 et
3512 1606 3540 1641 a
3560 1590 3701 1644 nullo
3721 1590 3853 1645 bono

2281 1679 2503 1743 factum,
2533 1680 2787 1747 quoniam
2829 1678 2973 1731 omni
3025 1678 3165 1731 bono
3206 1686 3288 1731 est
3328 1681 3681 1732 contrarium.
3726 1679 3852 1735 Pro.

589 1757 763 1853 gratia
802 1779 1099 1834 coloratum
1139 1774 1429 1844 significat.
1462 1770 1567 1826 Sed
1615 1769 1861 1823 fortassis
1913 1780 2174 1834 quaerere
2206 1757 2250 1815 Β
2284 1770 2407 1823 inde
2434 1769 2478 1822 si
2509 1778 2758 1822 naturam
2782 1767 3212 1838 phantasiarnm,
3238 1769 3432 1836 quibus
3452 1768 3851 1824 coloraturmac

588 1871 694 1935 vis,
728 1880 907 1923 utrum
945 1868 1086 1921 Deus
1132 1866 1236 1919 tale
1282 1864 1521 1933 lignum,
1569 1858 1723 1928 cujus
1780 1856 1988 1910 fructus
2040 1855 2175 1906 mix-

595 1971 683 2015 tus
747 1968 907 2028 atque
960 1955 1219 2011 confusus
1273 1951 1541 2022 appetitus
1586 1956 1669 2002 est
1725 1947 1850 2001 boni
1894 1954 1947 1999 et
2006 1942 2172 2006 mali,

588 2048 742 2118 cujus
797 2058 991 2102 natura
1043 2054 1127 2099 est
1181 2042 1380 2097 malum
1454 2038 1739 2109 phantasia
1791 2035 1913 2090 boni
1970 2032 2177 2087 colora-

589 2150 728 2205 tum,
759 2140 914 2207 cujus
942 2152 1065 2190 esea
1089 2150 1250 2188 causa
1276 2131 1462 2186 mortis
1490 2130 1690 2191 extitit,
1722 2128 1775 2179 in
1794 2125 2048 2195 paradiso
2075 2124 2176 2176 hu-

588 2243 783 2284 manae
816 2235 1041 2280 naturae
1065 2222 1357 2292 plantavit?
1384 2222 1526 2274 Dtsc.
1566 2216 1820 2271 Profecto
1853 2229 2077 2284 quaero.
2121 2222 2177 2269 et

589 2332 692 2371 nec
713 2317 884 2371 otiose
920 2313 1286 2383 quaerendum
1317 2309 1496 2363 video.
1536 2307 1591 2361 Si
1630 2307 1773 2360 enim
1801 2305 1941 2358 Deus
1971 2305 2175 2358 creavit

590 2407 743 2472 illud,
790 2405 1034 2460 fortassis
1082 2401 1454 2457 aestimabitur
1479 2399 1727 2453 conditor
1754 2395 1899 2458 mali,
1929 2403 1985 2448 et
2012 2408 2174 2447 causa

588 2496 782 2551 mortis
821 2509 961 2559 esse,
1003 2494 1142 2562 quod
1189 2491 1563 2559 impiissimum
1602 2497 1686 2541 est
1714 2487 1782 2540 de
1811 2494 2030 2539 auctore
2059 2499 2175 2537 om-

587 2585 735 2638 nium
788 2584 1050 2637 bonorum
1097 2582 1295 2643 dicere,
1360 2587 1563 2647 quanto
1614 2576 1785 2646 magis
1830 2574 2051 2627 credere
2092 2571 2173 2626 vel

585 2673 918 2727 existimare.
964 2671 1018 2724 Si
1045 2680 1222 2724 autem
1255 2684 1285 2721 a
1312 2669 1423 2721 Deo
1452 2682 1556 2721 non
1581 2675 1665 2720 est
1690 2666 2006 2735 plantatum,
2030 2664 2174 2717 unde

584 2760 715 2814 illud
748 2769 973 2812 naturae
1003 2760 1269 2812 humanae
1294 2766 1377 2809 est
1412 2754 1669 2808 insitum?
1701 2754 1835 2808 MAG.
1863 2753 2046 2807 Primo
2072 2752 2174 2806 ita-

584 2864 692 2919 que
717 2849 1045 2904 consulenda
1070 2858 1153 2901 est
1180 2861 1334 2903 sacra
1365 2845 1666 2915 Scriptura,
1695 2858 1833 2912 quae
1864 2845 2173 2897 incunctano

584 2950 671 2995 ter
698 2940 826 2994 illud
860 2940 1083 3010 lignum,
1125 2938 1269 3007 quod
1313 2945 1397 2990 est
1439 2941 1563 2997 πᾶν,
1596 2935 1665 2987 ad
1701 2934 1935 2991 divinam
1965 2933 2172 3002 planta-

584 3033 786 3085 tionem
827 3031 1096 3099 pertinuere
1126 3037 1381 3092 testatur,
1415 3027 1599 3107 dicens
1627 3043 1638 3077 :
1678 3024 2034 3094 Produxitque
2067 3024 2172 3077 Do-

584 3119 758 3172 minus
792 3118 930 3170 Deus
965 3118 1028 3169 de
1068 3119 1224 3168 Immo
1284 3114 1306 3145 ⁸
1341 3130 1494 3167 autne
1522 3113 1721 3183 lignum
1759 3112 2033 3181 pulchrum
2060 3113 2171 3165 uisu

584 3216 634 3261 et
668 3209 738 3260 ad
778 3207 1082 3261 vescendum
1118 3221 1321 3268 suave;
1358 3220 1421 3257 ac
1449 3204 1610 3258 veluti
1645 3203 1813 3270 ipsius
1839 3202 1986 3270 ligni,
2029 3202 2171 3270 quod

584 3308 671 3354 est
713 3315 882 3363 omne,
927 3297 1240 3367 qualitatem
1264 3294 1597 3364 explanatis:
1629 3293 1825 3362 lignum
1856 3294 2009 3346 etiam
2038 3294 2171 3347 vitae

581 3390 641 3445 in
674 3391 845 3442 medio
869 3388 1126 3458 paradisi.
1168 3388 1248 3441 Ac
1274 3388 1315 3441 si
1347 3397 1529 3455 aperte
1556 3387 1778 3448 diceret,
1812 3385 1938 3437 illud
1967 3385 2168 3453 lignum

584 3492 693 3531 non
722 3478 895 3530 solum
920 3491 1080 3529 omne
1110 3477 1304 3529 bonum
1331 3485 1414 3528 est
1463 3475 1483 3506 ⁸
1513 3484 1565 3528 et
1599 3488 1760 3526 omne
1784 3473 2089 3540 pulchrum,
2115 3482 2168 3528 et

584 3567 765 3619 omnis
786 3579 909 3618 esca
940 3564 1121 3618 suavis
1143 3579 1206 3617 ac
1228 3563 1544 3631 spiritualis,
1569 3578 1754 3615 verum
1776 3562 1939 3615 etiam
1968 3563 2167 3629 lignum

590 3652 739 3706 vitae
767 3651 807 3715 ⁸,
843 3667 949 3720 quo
995 3652 1128 3704 vivit
1167 3651 1446 3719 paradisus
1495 3651 1599 3711 ille,
1644 3651 1873 3702 lnnnana
1922 3651 2169 3704 videlicet

584 3752 802 3805 natura,
827 3742 878 3794 in
910 3740 1064 3809 cujus
1092 3742 1268 3795 medio
1297 3742 1644 3795 constitutum
1673 3749 1774 3793 est.
1799 3741 1948 3807 Quod
1985 3751 2165 3795 autem

584 3832 831 3902 sequitur
874 3848 887 3885 :
936 3831 1238 3903 lignumque
1283 3833 1532 3885 scientiae
1583 3830 1702 3885 boui
1757 3842 1801 3884 et
1852 3832 2008 3894 muli,
2060 3848 2164 3885 non

583 3926 717 3980 satis
757 3925 954 3989 elucet,
1009 3936 1186 3979 utrum
1228 3941 1256 3978 a
1289 3925 1655 3994 Superioribus
1681 3925 1974 3995 suppletur,
2007 3934 2064 3978 ut
2093 3926 2163 3979 ita

583 4013 816 4084 legatur,
861 4015 1221 4084 produxitque
1269 4014 1471 4084 lignum
1516 4015 1775 4068 scientiae
1799 4015 1921 4068 boni
1946 4024 2001 4068 et
2035 4013 2163 4067 mali

583 4106 636 4159 ln
661 4105 838 4158 medio
877 4105 1134 4173 paradisi,
1181 4106 1632 4173 quemadmodum
1666 4105 1864 4174 lignum
1892 4107 2053 4168 vitae,
2094 4121 2161 4159 an

580 4194 746 4250 etiam
772 4195 843 4248 ita
867 4194 1229 4250 introductum
1252 4204 1335 4249 est
1356 4196 1598 4249 absolute
1624 4212 1636 4248 :
1667 4194 1967 4266 lignumque
1997 4198 2166 4250 scien-

581 4284 686 4339 tiae
720 4284 841 4337 boni
867 4295 917 4338 et
943 4284 1091 4350 muli,
1136 4294 1195 4339 ut
1243 4301 1346 4340 non
1378 4303 1407 4339 a
1441 4289 1548 4342 Deo
1579 4287 1941 4356 intelligamus
1969 4292 2164 4357 produ-

580 4383 727 4429 Ctum
779 4375 823 4439 ",
863 4374 955 4428 sed
995 4375 1332 4429 solummodo
1382 4378 1645 4446 superiori
1697 4377 1839 4447 ligno
1890 4377 2160 4431 contraria

579 4464 842 4530 qualitate
871 4465 1193 4532 oppositum,
1220 4475 1279 4518 ut
1304 4467 1754 4535 quemadmodum
1792 4468 1920 4520 illud
1950 4483 2113 4522 omne
2135 4467 2158 4499 "

577 4550 779 4605 bonum
808 4558 865 4602 et
889 4551 997 4603 vita
1024 4567 1294 4620 causaque
1327 4554 1641 4620 viventium,
1669 4556 1741 4608 ita
1767 4565 1822 4610 et
1848 4556 1974 4609 illud
1998 4572 2158 4612 omne

580 4638 782 4691 malum
803 4647 856 4691 et
880 4653 1025 4692 mors
1065 4656 1334 4709 causaque
1381 4646 1745 4698 morientium.
1786 4644 1866 4698 An
1898 4645 2036 4701 forte
2066 4649 2157 4701 de-

580 4726 777 4780 bemus
810 4727 1124 4797 intelligere,
1166 4731 1417 4798 quouiam
1475 4736 1732 4789 scientiae
1779 4738 1902 4790 boni
1944 4749 1999 4793 et
2032 4740 2154 4794 mali

582 4823 668 4869 est
695 4815 915 4886 lignum,
946 4817 999 4870 iu
1029 4828 1290 4886 quantum
1322 4819 1491 4874 forma
1520 4824 1644 4876 boni
1675 4826 1932 4890 ambitur,
1957 4843 2021 4881 ex
2046 4829 2155 4884 Deo

580 4918 721 4971 esse,
752 4906 1002 4974 quoniam
1031 4908 1144 4976 ipse
1171 4918 1254 4962 est
1287 4909 1448 4964 totius
1477 4910 1685 4965 formae
1720 4924 1776 4966 et
1803 4915 2157 4982 pulchritudi-

581 4996 666 5048 nis
690 5008 877 5061 causa,
921 4997 1033 5050 sive
1065 4997 1178 5068 ipsa
1217 4996 1389 5052 forma
1431 5009 1486 5055 et
1527 5002 1865 5072 pulchritudo
1894 5006 1947 5061 in
1977 5009 2155 5079 aliqua

578 5085 877 5139 substantia
920 5086 1248 5158 intelligatur
1277 5088 1360 5144 vel
1391 5094 1679 5159 sentiatur,
1710 5096 1822 5151 sive
1851 5097 1904 5152 in
1927 5101 2161 5169 phanta-

578 5176 675 5231 siis
717 5179 989 5234 sensibilis
1032 5181 1312 5248 materiae,
1355 5199 1584 5252 quarum
1623 5189 1839 5257 propria
1881 5192 2037 5247 sedes
2073 5203 2156 5247 est

577 5283 769 5325 sensus
815 5285 1129 5341 corporeus,
1178 5275 1303 5343 quia
1349 5292 1443 5346 per
1470 5277 1643 5348 ipsum
1701 5281 1942 5336 interiori
1974 5284 2155 5339 sensui

2281 1859 2411 1922 lum,
2445 1858 2586 1926 quod
2634 1873 2731 1927 per
2781 1858 3016 1928 seipsum
3064 1872 3325 1927 apparere
3355 1874 3459 1912 non
3489 1868 3684 1928 potest,
3724 1876 3852 1928 quo-

2279 1950 2424 2002 niam
2466 1947 2698 2002 inl‘orme
2747 1957 2801 2002 et
2844 1948 3084 2003 deforme
3113 1957 3168 2002 et
3195 1959 3347 2018 turpe
3378 1960 3539 2005 estet
3566 1952 3848 2017 ineausale,

2279 2038 2398 2106 quis
2412 2049 2567 2092 acute
2586 2039 2879 2107 inspexerit
2902 2040 2965 2101 ”,
2987 2040 3153 2106 ipsam
3178 2039 3416 2107 profecto
3430 2041 3851 2098 omniuobonam

2278 2130 2529 2199 reperiet.
2555 2129 2708 2196 Quod
2742 2130 2832 2184 tali
2864 2141 3182 2200 argumento
3207 2132 3639 2187 manifestissime
3659 2149 3850 2203 possu-

2277 2237 2398 2274 mus
2435 2222 2752 2290 approbare.
2809 2219 3078 2275 Ponamus
3121 2222 3160 2262 ι·
3220 2222 3354 2277 duos
3399 2223 3658 2287 homines,
3682 2239 3849 2278 unum

2277 2310 2491 2378 quidem
2528 2311 2850 2378 sapientem,
2874 2319 2929 2362 et
2958 2310 3102 2364 nullo
3138 2312 3296 2366 modo
3324 2313 3580 2365 avaritiae
3622 2313 3850 2370 stimulis

2277 2398 2550 2453 titillatum
2597 2415 2691 2453 seu
2732 2409 3148 2467 compunctum;
3181 2401 3407 2456 alterum
3444 2418 3573 2458 vero
3608 2404 3848 2471 stultum,

2277 2506 2522 2555 avarum,
2568 2490 2788 2545 omnino
2829 2506 3121 2559 perversae
3159 2493 3472 2561 cupiditatis
3501 2493 3704 2550 aculeis
3729 2510 3851 2549 eon-

2277 2581 2441 2634 fixum
2470 2596 2535 2635 ac
2560 2581 2876 2635 laceratum.
2909 2580 3003 2636 llis
3030 2582 3238 2638 duobus
3264 2600 3370 2639 uno
3399 2585 3518 2639 loco
3542 2586 3844 2640 constitutis

2277 2670 2536 2724 alleratur
2561 2686 2656 2724 vas
2686 2669 2899 2739 aliquod
2928 2672 3118 2726 obrizo
3150 2686 3282 2727 auro
3319 2672 3545 2738 factum,
3577 2675 3845 2742 pretiosis-

2275 2761 2430 2816 simis
2476 2761 2705 2831 gemmis
2748 2761 3083 2828 decoratum,
3111 2763 3282 2817 forma
3308 2765 3669 2834 pulcherrima
3702 2780 3845 2821 eom-

2275 2853 2532 2921 positum,
2572 2851 2738 2922 regali
2789 2868 2890 2906 usu
2938 2853 3179 2922 dignum.
3213 2854 3387 2909 Ambo
3414 2854 3541 2909 illud
3567 2856 3847 2925 aspiciunt,

2275 2942 2493 3011 sapiens
2521 2942 2773 2996 videlicet
2801 2950 2857 2994 et
2880 2957 3096 3006 avarus,
3124 2944 3285 2998 ambo
3320 2944 3488 3013 ipsius
3515 2945 3656 3000 vasis
3680 2946 3847 3013 phan-

2278 3032 2472 3084 tasiam
2514 3046 2614 3085 suo
2655 3045 2915 3100 corporeo
2946 3046 3105 3086 sensu
3138 3032 3423 3098 recipiunt,
3456 3035 3743 3089 memoriae
3768 3035 3847 3088 in-

2201 3090 2248 3156 c
2280 3121 2473 3192 figunt,
2504 3090 2832 3191 cogitatione
2865 3131 3114 3177 tractant.
3151 3123 3215 3176 Et
3243 3125 3459 3193 sapiens
3484 3126 3701 3195 quidem
3725 3127 3846 3179 sim-

2271 3211 2485 3281 pliciter
2524 3213 2592 3265 ad
2636 3211 2847 3266 laudem
2889 3211 3164 3266 Creatoris
3195 3223 3511 3268 naturarum
3559 3214 3847 3283 pulchritu-

2271 3300 2453 3355 dinem
2504 3301 2649 3355 illius
2687 3302 2853 3366 vasis,
2901 3302 3055 3372 cujus
3095 3304 3436 3372 phantasiam
3471 3305 3613 3359 intra
3653 3315 3843 3360 semet-

2270 3392 2446 3461 ipsum
2471 3394 2800 3458 considerat,
2830 3395 3054 3448 omnino
3081 3394 3267 3449 refert.
3292 3393 3446 3449 Nulla
3470 3396 3517 3450 ei
3546 3396 3846 3466 cupiditatis

2270 3482 2521 3538 illecebra
2565 3487 2830 3555 subrepit,
2879 3486 3082 3541 nullum
3128 3486 3562 3558 pbilargyriae"
3586 3504 3840 3543 venenum

2269 3574 2618 3629 intentionem
2657 3592 2825 3647 purae
2856 3578 3021 3647 ipsius
3049 3578 3246 3633 mentis
3275 3579 3464 3644 inlicit,
3502 3579 3649 3633 nulla
3687 3580 3843 3635 libido

2267 3667 2623 3719 contaminat.
2666 3666 2878 3722 Avarus
2930 3683 3057 3722 vero
3104 3670 3320 3737 penitus
3358 3683 3390 3722 e
3425 3671 3719 3726 contrario.
3758 3670 3843 3724 Ille

2268 3766 2500 3821 namque
2539 3769 2680 3818 mox,
2730 3764 2788 3809 ut
2834 3756 3173 3823 phantasiam
3205 3757 3349 3812 vasis
3376 3757 3669 3824 imbiberit,
3699 3759 3843 3829 cupi-

2264 3842 2458 3895 ditatis
2486 3840 2701 3898 ﬂamma
2741 3846 2997 3912 ardescit,
3036 3848 3395 3913 consumitur,
3427 3853 3838 3917 contaminatur,

2269 3932 2517 3995 moritur,
2557 3933 3010 4000 pulchritudinem
3051 3945 3276 3992 naturae
3309 3937 3585 4009 ipsiusque
3610 3941 3835 4009 phanta-

2266 4024 2471 4077 siarum
2523 4039 2629 4078 non
2667 4025 2734 4079 ad
2774 4026 2985 4080 laudem
3021 4027 3207 4098 ipsius,
3238 4030 3330 4100 qui
3353 4030 3522 4085 dixit:
3557 4031 3733 4086 Meum
3767 4042 3839 4086 est

2265 4129 2481 4179 aurum,
2520 4130 2693 4168 meum
2728 4125 2804 4169 est
2852 4126 3150 4186 argentum,
3183 4119 3447 4187 referens,
3483 4122 3576 4176 sed
3604 4122 3835 4192 seipsum

2267 4205 2319 4257 in
2346 4203 2758 4260 foetidissimam
2781 4207 3092 4276 cupiditatis
3135 4209 3380 4279 paludem
3423 4213 3750 4284 immergens
3785 4222 3838 4268 et

2266 4295 2623 4367 ingurgitans.
2652 4296 2884 4353 Videsne
2903 4301 3064 4355 unius
3089 4302 3234 4355 vasis
3261 4301 3594 4371 phantasiam
3625 4307 3678 4360 in
3702 4314 3837 4361 ntro-

2264 4401 2370 4455 que
2398 4388 2593 4442 bonam
2618 4399 2675 4442 et
2694 4390 3015 4458 pulchram?
3049 4392 3157 4447 Sed
3186 4393 3239 4447 in
3270 4396 3499 4464 sapienti
3526 4411 3687 4453 sensu
3713 4400 3839 4454 sim-

2265 4477 2387 4545 plex
2412 4487 2496 4533 est
2532 4487 2587 4532 et
2616 4480 2899 4544 naturalis,
2940 4482 3196 4553 nullaque
3228 4483 3276 4537 ei
3313 4485 3358 4515 ¹³
3385 4487 3586 4541 malitia
3627 4490 3831 4555 subest;

2266 4568 2319 4622 in
2352 4583 2516 4622 avaro
2537 4579 2718 4625 autem
2745 4571 2939 4641 duplex
2961 4582 3015 4627 et
3043 4574 3211 4627 mixta
3244 4591 3312 4630 ex
3330 4575 3375 4618 ι*
3403 4578 3677 4633 contrario
3698 4579 3835 4634 malo

2263 4660 2594 4728 cupiditatis,
2637 4677 2776 4731 quae
2814 4667 2863 4720 ei
2901 4668 3181 4735 miscetur,
3213 4680 3269 4725 et
3307 4676 3375 4727 ab
3402 4689 3465 4728 ea
3492 4674 3756 4731 formatur
3780 4686 3835 4733 et

2263 4750 2554 4817 coloratur,
2595 4761 2655 4806 ut
2685 4753 2932 4808 videatur
2963 4772 3083 4812 esse
3112 4760 3334 4826 bonum,
3364 4764 3484 4818 dum
3512 4764 3581 4818 sit
3604 4780 3835 4819 veneno-

2262 4839 2534 4893 sissimum
2566 4842 2786 4897 malum.
2818 4842 2932 4898 Non
2966 4862 3095 4918 ergo
3127 4849 3179 4903 in
3212 4860 3398 4905 natura
3423 4852 3653 4905 humana
3678 4853 3834 4921 plan-

2264 4938 2432 4983 tatum
2477 4940 2559 4986 est
2607 4934 2829 5000 malum,
2869 4940 2964 4992 sed
3006 4938 3059 4992 in
3088 4955 3339 5009 perverso
3380 4953 3435 4996 et
3471 4942 3833 5000 irrationabili

2259 5028 2407 5075 motu
2447 5023 2780 5081 rationabilis
2816 5027 3124 5099 liberaeque
3156 5032 3443 5088 voluntatis
3469 5043 3553 5089 est
3577 5037 3832 5090 constitu—

2261 5120 2392 5164 tum.
2426 5114 2524 5180 Qui
2552 5126 2729 5170 motus
2754 5133 2858 5172 non
2886 5119 3025 5173 intra
3057 5131 3331 5188 naturam,
3366 5125 3457 5179 sed
3488 5134 3661 5187 extra,
3692 5134 3740 5180 et
3764 5141 3826 5181 ex

2258 5203 2470 5256 bestiali
2521 5204 2933 5275 intemperantia
2967 5220 3217 5280 sumptus
3248 5214 3594 5283 perspicitur,
3634 5216 3825 5271 misce-

2258 5299 2349 5343 tur
2369 5303 2545 5347 tamen
2577 5294 2622 5333 ι’
2660 5296 2800 5350 bono
2830 5312 2894 5353 ac
2920 5299 3144 5370 tingitur
3167 5302 3375 5372 antiqui
3407 5304 3576 5360 hostis
3608 5303 3828 5360 consilio

1872 5373 1958 5428 VA
1967 5376 2124 5433 RIAE
2164 5380 2555 5437 LECTIONES.

650 5452 666 5481 ¹
695 5451 783 5504 Sic
804 5451 922 5519 CF;
953 5455 992 5507 A
1012 5466 1231 5510 naturae
1258 5459 1538 5512 Immanae.

579 5518 601 5551 ⁸
624 5521 756 5575 vitae
793 5518 987 5577 0In.A.

580 5590 621 5642 A
648 5601 744 5643 est.

1613 5462 1633 5491 ¹
1660 5471 1822 5514 murta
1842 5477 1951 5517 om.
1979 5466 2083 5521 CF.

822 5592 863 5625 ¹⁰
903 5592 994 5665 Sic
1113 5611 1127 5658 ;
1213 5600 1556 5665 perspexerit.

951 5660 995 5691 "
1026 5661 1115 5714 Sic
1141 5660 1256 5727 CF;
1287 5660 1618 5721 A'tniscetur
1643 5684 1779 5722 cmu.

1154 5474 1231 5536 rae
1254 5469 1538 5543 antiquae.
1613 5469 1633 5491 '
1660 5471 1822 5543 murta
1842 5477 1951 5517 om.
1979 5469 2105 5543 CF._
2159 5469 2180 5500 ³
2205 5470 2432 5543 _Sic_CF;
2460 5474 2499 5526 Α
2520 5488 2615 5541 per
2637 5490 2789 5543 quae.

1062 5526 1201 5598 '_'_Si_e
1251 5527 1367 5591 CF;
1392 5528 1438 5581 Α
1459 5537 1516 5581 ut
1539 5546 1642 5582 non
1666 5531 1975 5598 productum
2004 5554 2035 5589 α
2065 5537 2172 5591 Deo
2198 5526 2566 5598 iutelliaa'mus.

1634 5558 1642 5582 ι
1666 5558 1717 5598 pr
1731 5558 1975 5586 uuuuum
2004 5558 2035 5589 α
2065 5558 2172 5591 ueo
2198 5558 2393 5610 ιηιειιιθ

1634 5599 1674 5629 ³⁸
1704 5601 1749 5652 Α
1777 5598 2043 5661 Ponamus
2092 5609 2249 5663 enim.
2348 5612 2389 5641 ”

3456 5483 3824 5585 “esteem.

3573 5553 3664 5609 Sic
3707 5552 3824 5618 CF;

3568 5624 3613 5655 ”
3655 5623 3698 5679 Δ
3753 5633 3827 5678 est

2866 5476 2888 5509 ⁸
2909 5478 2972 5532 de
2997 5479 3154 5534 Immo
3174 5495 3282 5535 om.
3313 5482 3378 5536 Α.

2704 5547 2725 5576 ⁸
2753 5545 2844 5601 Sic
2865 5547 2951 5603 CF
2974 5566 2989 5614 ;
3042 5550 3086 5603 Α
3112 5566 3262 5604 omne
3285 5551 3437 5606 illud.

2348 5612 2389 5641 ”
2422 5610 2506 5666 CF
2553 5612 2864 5685 philargiae.
2976 5610 3137 5694 i’_Sic
3178 5619 3293 5691 CF;
3325 5623 3370 5676 A
3393 5638 3490 5680 ret.
