4212 6272
576 313 677 369 831

1943 295 2222 354 JOANNIS
2260 295 2454 352 SCOTI

3725 284 3827 347 832

576 422 640 474 de
668 434 778 482 ore,
824 414 1025 470 videtur
1070 413 1180 467 sine
1226 412 1383 465 dubio
1430 422 1573 465 tanto
1622 421 1836 466 auclore
1879 411 2150 488 indignum
2178 420 2225 476 Α
2253 410 2343 463 sed
2401 410 2583 473 etiam,
2609 424 2725 460 cum
2754 405 3038 461 excoluerit
3073 403 3137 470 ι’,
3164 405 3444 459 custodire.
3488 402 3698 459 Bestiae
3732 421 3827 458 au-

574 515 920 577 praeceptum,
945 503 1044 556 nisi
1067 503 1201 554 hunc
1229 502 1400 553 cibum
1431 501 1498 552 ad
1528 499 1673 552 illum
1704 499 1985 569 perfectum
2032 499 2047 528 ί
2075 516 2154 551 re-

576 599 737 667 feras,
781 610 929 665 quem
976 594 996 621 ²
1022 609 1116 662 pro
1161 608 1349 661 magno
1389 592 1621 660 praemio
1677 589 1817 643 Deus
1865 591 1927 643 de
1961 590 2153 643 sanctis

576 688 845 758 pollicetur
890 683 999 735 suis
1050 698 1065 734 :
1120 679 1254 734 Ecce
1309 680 1396 749 qui
1442 680 1668 732 serviunt
1714 679 1876 743 mihi,
1928 679 2153 731 mandu-

576 777 802 834 cabunt,
861 787 946 823 vos
1000 779 1172 821 autem
1219 768 1476 819 esurietis.
1514 766 1614 817 llic
1657 776 1729 818 est
1757 765 1778 795 ⁸
1810 768 1945 818 enim
1988 766 2153 830 cibus,

576 865 632 917 in
679 879 779 933 quo
837 862 939 914 vita
985 860 1234 927 deﬁnitur
1281 868 1516 919 aeterna,
1568 873 1668 926 quo
1716 856 1948 928 quisquis
2000 856 2156 924 fuerit

576 954 962 1021 defraudatus,
1046 960 1209 1002 morte
1282 950 1573 1012 morietur;
1656 948 2072 1016 quandoquidem
2135 946 2156 976 ‘

576 1044 726 1113 panis
784 1044 925 1094 vivus
980 1051 1134 1109 atque
1189 1039 1421 1090 caelestis
1468 1034 1574 1105 ipse
1624 1036 1874 1089 Dominus
1927 1047 2019 1100 est,
2070 1038 2159 1105 qui

578 1136 733 1187 vitam
782 1134 871 1186 dat
926 1134 1048 1185 huic
1100 1130 1311 1182 mundo.
1368 1127 1516 1181 Unde
1572 1138 1620 1180 et
1679 1128 1786 1196 ipse
1838 1128 1907 1179 ait
1969 1140 1987 1178 :
2040 1126 2159 1179 Nisi

578 1222 1020 1275 manducaveritis
1059 1235 1266 1271 carnem
1302 1233 1490 1279 meam,
1522 1227 1567 1269 et
1600 1217 1827 1268 biberitis
1855 1218 2159 1283 sanguinem

579 1330 789 1375 meum,
843 1329 945 1364 non
992 1308 1243 1362 habebitis
1298 1309 1454 1361 vitam
1501 1318 1783 1360 aeternant.
1853 1305 1982 1358 Erat
2040 1321 2160 1374 ergo

579 1402 729 1469 panis
764 1400 976 1467 aliquis,
999 1399 1061 1450 de
1099 1414 1200 1467 quo
1238 1406 1565 1465 praeceperat
1593 1396 1732 1447 Deus
1771 1395 2028 1447 edendum
2064 1412 2160 1462 pa-

582 1493 746 1545 radisi
791 1492 994 1545 incolis.
1043 1491 1173 1555 Quis
1216 1489 1346 1542 ille?
1371 1478 1555 1558 Accipe
1597 1506 1747 1559 quem
1788 1489 1928 1541 dicat
1982 1504 2003 1542 :
2055 1486 2162 1540 Pa-

583 1597 737 1645 nem,
803 1581 1016 1646 inquit,
1076 1577 1378 1647 angelorum
1444 1578 1774 1630 ntanducavit
1836 1578 2008 1629 homo.
2070 1577 2161 1630 Est

579 1673 736 1720 etiam
802 1668 822 1698 ⁸
860 1669 1021 1720 bonus
1077 1668 1247 1735 panis,
1293 1667 1338 1718 si
1371 1665 1536 1733 facias
1577 1666 1890 1719 voluntatem
1922 1666 2037 1719 Dei.
2074 1664 2164 1721 Vis

2258 510 2359 552 tem
2385 504 2521 568 agri,
2550 507 2598 550 et
2626 496 2855 550 volatilia
2895 494 3046 557 caeli,
3071 510 3204 562 quae
3231 494 3500 546 ducuntur
3528 494 3599 546 ad
3635 492 3825 556 Adam,

2259 590 2422 642 nostri
2462 585 2847 639 irrationabiles
2879 598 3046 637 mo‘us
3071 593 3212 646 sunt,
3248 599 3306 636 eo
3331 583 3471 648 quod
3504 582 3696 635 bestiae
3719 592 3767 635 et
3785 583 3828 614 “

2256 693 2465 746 pecora,
2485 676 2740 745 quaedam
2763 675 2998 727 diversae
3025 676 3123 726 sint
3152 687 3427 740 corporeae
3444 673 3734 741 passiones,
3756 672 3829 725 vel

2258 768 2677 829 turbulentiores,
2702 765 2777 818 rel
2800 767 2955 817 etiam
2980 763 3355 833 languidiores.
3382 760 3632 814 Volatilia
3653 772 3827 814 autem

2259 858 2387 912 caeli
2411 857 2535 926 quid
2582 857 2728 909 aliud
2756 857 3113 917 aestimamus,
3137 855 3237 907 nisi
3260 856 3439 906 inanes
3469 854 3825 921 cogitationes,

2259 965 2390 1019 quae
2416 946 2705 1001 volatilium
2735 961 2876 998 more
2904 956 3133 996 nostram
3165 941 3539 995 circumvolant
3576 942 3826 1005 animam,

2260 1046 2305 1089 et
2356 1037 2456 1088 huc
2513 1044 2668 1103 atque
2707 1032 2836 1085 illuc
2880 1033 3023 1084 vario
3062 1042 3204 1082 motu
3257 1047 3412 1098 saepe
3462 1031 3824 1082 transducunt.

2267 1126 2543 1193 Propterea
2576 1124 2749 1177 nullus
2780 1125 3014 1176 inventus
3027 1122 3069 1153 ⁸⁷
3094 1123 3252 1174 menti
3274 1129 3482 1173 nostrae
3511 1120 3699 1173 similis
3737 1120 3831 1173 ad-

2252 1216 2421 1284 jutor,
2461 1215 2559 1266 nisi
2605 1229 2806 1275 sensus,
2852 1214 2947 1264 hoc
2976 1222 3047 1264 est
3090 1210 3345 1273 σιῖσθςσις,
3369 1225 3520 1279 quem
3547 1209 3591 1240 “
3609 1208 3827 1262 similent

2260 1305 2359 1357 sibi
2386 1301 2553 1356 solum
2586 1311 2705 1362 νοῦς
2736 1311 2915 1355 noster
2953 1301 3121 1369 potuit
3162 1300 3409 1353 invenire.
3438 1298 3545 1353 Sed
3591 1298 3726 1366 forte
3753 1314 3828 1352 re-

2262 1391 2573 1461 darguas,"
2596 1394 2720 1463 quia
2771 1392 2897 1444 haec
2934 1406 3136 1460 quoque
3169 1389 3312 1442 Deus
3353 1390 3409 1440 in
3450 1386 3545 1440 tali
3583 1387 3828 1456 paradiso

2265 1483 2475 1546 locavit,
2499 1484 2594 1536 hoc
2615 1493 2713 1545 est,
2728 1483 2992 1551 passiones
3013 1482 3265 1551 corporis,
3293 1490 3341 1533 et
3362 1481 3640 1534 vanitatem
3668 1497 3831 1549 quan-

2262 1574 2383 1627 dam
2415 1574 2778 1642 fluctuantium
2818 1572 2890 1625 vel
2907 1571 3197 1625 “inanium
3219 1572 3614 1640 cogitationum,
3634 1571 3827 1639 quod“

2262 1665 2371 1735 ipse
2412 1668 2571 1717 nostri
2612 1663 2768 1732 fuerit
2801 1675 2985 1717 auctor
3004 1666 3218 1717 erroris.
3254 1662 3543 1717 Considera
3589 1664 3715 1733 quid
3752 1664 3827 1715 di-

581 1757 738 1819 scire,
776 1770 932 1824 quam
964 1753 983 1783 ⁸
1026 1754 1187 1806 bonus
1236 1753 1431 1822 panis?
1486 1751 1605 1821 Ipse
1654 1751 1830 1805 Filius
1882 1754 2163 1806 manducat
2194 1756 2236 1812 Β
2264 1766 2367 1809 cat.
2407 1753 2637 1819 Habete,
2691 1754 2891 1825 inquit,
2957 1764 3258 1823 potestatem
3306 1754 3527 1822 piscium
3575 1755 3733 1806 maris
3782 1763 3832 1807 et

579 1844 715 1896 hunc
738 1860 947 1912 panem,
983 1843 1046 1896 de
1092 1859 1194 1912 quo
1225 1844 1298 1895 ait
1327 1854 1346 1892 :
1395 1840 1544 1894 Meus
1574 1842 1715 1895 cibus
1750 1852 1852 1906 est,
1880 1851 1933 1894 ut
1966 1841 2159 1910 faciam

580 1934 895 1988 uoluntatem
944 1933 1121 1987 Patris
1174 1934 1293 1998 mei,
1330 1934 1419 2003 qui
1460 1934 1514 1986 in
1562 1932 1718 1986 caelis
1762 1942 1856 1985 est.
1920 1932 2160 2007 Intende,

581 2025 798 2093 qualem
828 2025 1007 2079 cibum
1059 2039 1300 2078 summus
1346 2023 1606 2092 magister
1634 2025 1842 2086 edocet,
1872 2038 2030 2091 quem
2066 2038 2159 2091 pa-

588 2116 751 2169 radisi
782 2115 970 2169 incolis
993 2115 1256 2169 edendum
1285 2114 1542 2167 Dominus
1578 2114 1876 2183 praecepit,
1910 2128 2015 2167 non
2045 2127 2161 2166 cor-

591 2204 827 2276 poralem
881 2216 936 2258 et
985 2204 1422 2274 corruptibilem,
1491 2204 1583 2257 sed
1647 2203 2019 2272 spiritualem,
2068 2202 2166 2256 Dei

582 2295 819 2349 Verbum
848 2294 1094 2348 videlicet
1111 2292 1335 2363 ejusque
1354 2292 1705 2347 voluntatem.
1739 2292 1886 2345 DISC.
1908 2292 2169 2346 Animad-

582 2398 757 2451 verto,
793 2389 1054 2459 valdeque
1098 2389 1354 2451 admiror,
1389 2397 1648 2456 quantum
1689 2386 1987 2441 intellectui
2021 2384 2159 2440 Gre-

591 2479 726 2549 gorii
755 2478 1008 2547 Theologi
1032 2479 1302 2545 congruit,
1331 2478 1422 2546 qui
1462 2485 1517 2530 et
1556 2477 1691 2545 ipse,
1723 2484 1781 2529 ut
1809 2476 2054 2544 superius
2084 2481 2170 2529 est.

586 2567 788 2620 dictum
829 2566 875 2627 ⁷,
927 2567 1097 2619 cibum
1145 2566 1473 2635 fructumque
1518 2575 1795 2634 petuntque
1843 2563 2166 2634 spiritualem

586 2667 741 2726 atque
762 2654 1161 2709 intellectualem
1184 2655 1419 2725 paradisi
1443 2670 1552 2707 esse
1573 2654 1932 2707 incunctanter
1953 2655 2163 2708 asserit.

587 2736 773 2808 Porro,
804 2746 848 2798 si
874 2745 1024 2799 cibus
1046 2743 1282 2813 paradisi
1306 2743 1600 2811 spiritualis
1619 2752 1672 2797 et
1694 2742 2042 2812 intelligibilis
2057 2751 2160 2808 est,

588 2837 896 2891 necessario
927 2837 1190 2905 sequitur,
1223 2844 1282 2888 ut
1322 2843 1376 2888 et
1400 2834 1527 2888 illud
1562 2848 1720 2886 oumc
1750 2832 1972 2902 lignum,
2015 2832 2167 2901 cujus

592 2925 803 2981 fructus
830 2926 983 2980 cibus
1009 2925 1097 2979 ille
1119 2934 1223 2989 est,
1248 2923 1606 2979 iutellectuale
1629 2933 1683 2978 et
1711 2924 1987 2991 spirituale
2011 2923 2168 2977 intel-

592 3018 812 3088 ligatur.
852 3016 966 3072 Non
995 3018 1137 3072 enim
1169 3020 1235 3072 de
1259 3032 1517 3086 corporeo
1543 3014 1888 3082 sensibilique
1913 3015 2055 3085 ligno
2086 3015 2166 3068 in-

594 3084 887 3176 corporeus
918 3084 1372 3178 intelligibilisque
1401 3106 1605 3161 fructus
1634 3105 1780 3160 nasci
1812 3084 2065 3160 credibile
2086 3113 2169 3159 est
2195 3084 2239 3146 Ο

592 3208 651 3253 et
679 3199 870 3252 rationi
900 3212 1079 3252 rerum
1103 3210 1447 3251 conveniens.
1490 3195 1677 3261 Porro,
1723 3195 1767 3249 si
1793 3203 1847 3248 et
1878 3194 2085 3249 fructus
2114 3203 2168 3248 et

592 3287 737 3356 ligna
766 3287 1065 3355 spiritualia
1092 3295 1238 3349 sunt,
1292 3300 1469 3339 nonne
1499 3299 1833 3353 consequens
1878 3294 1984 3348 est,
2024 3292 2084 3336 ut
2114 3292 2170 3337 et

594 3376 745 3429 locus
773 3375 880 3439 ille,
906 3376 1087 3444 inquo
1113 3374 1429 3437 subsistunt,
1457 3389 1560 3427 non
1583 3374 1904 3442 corporalis,
1929 3374 2022 3427 sed
2047 3387 2168 3442 pro-

595 3462 739 3517 fecto
765 3462 1060 3530 spiritualis
1096 3471 1150 3515 et
1197 3462 1447 3515 credatur
1490 3470 1546 3514 et
1597 3461 2162 3532 cognoscaturHlAc.

602 3551 951 3617 Consequens
983 3550 1220 3618 quidem,
1249 3558 1304 3602 et
1346 3549 1571 3604 rationis
1595 3550 1831 3618 plenum,
1868 3559 1922 3605 et
1953 3551 2167 3605 veritati

603 3640 958 3694 simillimum.
1010 3638 1114 3692 Sed
1164 3647 1218 3691 ut
1258 3640 1360 3694 hoc
1396 3639 1621 3710 praefati
1661 3641 1862 3709 patris,
1899 3641 2168 3696 Ambrosii

602 3730 747 3793 dico,
776 3728 1094 3782 inconcusso
1118 3729 1422 3784 testimonio
1455 3729 1754 3795 roborctur,
1786 3732 1913 3800 quid
1947 3734 2059 3801 ipse
2101 3733 2167 3785 do

600 3819 718 3873 loco
745 3817 997 3888 paradisi,
1023 3819 1193 3886 deque
1218 3816 1329 3873 fere
1357 3819 1625 3881 omnibus,
1658 3836 1797 3889 quae
1823 3822 1873 3874 in
1906 3823 2022 3891 ipso
2047 3834 2169 3876 esse

598 3909 782 3964 divina
805 3920 988 3964 narrat
1012 3911 1259 3974 historia,
1287 3910 1338 3964 in
1374 3909 1615 3979 praefato
1643 3926 1741 3964 suo
1769 3911 1789 3941 ⁸
1827 3928 1992 3980 opere
2034 3912 2170 3965 scri-

598 4003 786 4073 pserit,
820 4002 1072 4057 intentius
1114 4003 1433 4058 intueamur.
1474 3999 1783 4073 Plerosque,
1822 4004 2010 4073 inquit,
2058 4019 2170 4057 mo-

598 4103 697 4158 vet,
751 4094 839 4164 qui
873 4094 1170 4163 diligentius
1218 4094 1505 4157 intuentur,
1554 4093 1835 4163 quomodo,
1872 4096 1916 4145 si
1947 4094 2115 4163 primo
2146 4094 2167 4126 ⁹

576 4252 577 4255 η
600 4198 843 4253 magnum
868 4200 1052 4237 munus
1078 4182 1172 4236 Dei
1201 4182 1297 4251 fuit
1328 4185 1467 4236 circa
1486 4183 1739 4247 homines,
1765 4194 1817 4237 ut
1842 4185 1895 4236 in
1921 4182 2169 4251 paradiso

601 4272 995 4336 collocarentur,
1016 4272 1093 4326 vel
1112 4282 1286 4342 postea
1307 4264 1615 4342 magnoruni
1634 4274 1979 4326 remuneratio
1999 4274 2038 4303 ¹⁰
2060 4288 2170 4327 esse

600 4362 836 4415 rideatur
861 4366 1184 4427 meritorum,
1213 4374 1267 4415 ut
1309 4365 1363 4416 in
1388 4363 1428 4393 ”
1459 4364 1764 4430 paradisum
1796 4364 1977 4433 justus
2006 4380 2170 4417 unus-

597 4453 814 4520 quisque
845 4453 1101 4519 rapiatur.
1145 4453 1400 4505 Dicuntur
1434 4454 1590 4506 etiam
1638 4454 1853 4517 bestiae,
1899 4464 1945 4507 et
1978 4471 2166 4525 pecora

602 4541 736 4606 agri,
768 4547 814 4589 et
837 4539 1066 4589 volatilia
1090 4540 1219 4591 caeli
1247 4541 1297 4591 in
1331 4541 1578 4606 paradiso
1603 4542 1781 4606 fuisse.
1815 4539 1965 4594 Unde
2009 4542 2169 4611 pleri-

601 4641 698 4692 que
739 4625 1043 4692 paradisum
1080 4628 1308 4677 animam
1343 4628 1565 4682 hominis
1592 4630 1632 4660 "
1655 4647 1763 4683 esse
1793 4630 2081 4698 voluerunt,
2113 4634 2167 4687 in

602 4729 705 4782 qua
751 4712 997 4764 virtutum
1031 4713 1282 4781 quaedam
1317 4720 1546 4782 germina
1575 4719 1965 4785 pullularerint,
2003 4723 2169 4775 homi—

606 4817 717 4853 nem
750 4812 923 4852 autem
953 4811 998 4853 et
1030 4802 1073 4830 ¹³
1104 4801 1171 4851 ad
1198 4804 1514 4871 operandam
1549 4817 1593 4857 et
1634 4809 2026 4861 custodiendum
2070 4828 2168 4877 pa-

602 4890 836 4943 radisum
864 4905 970 4941 esse
994 4891 1237 4959 positum,
1269 4890 1363 4942 hoc
1386 4901 1480 4955 est,
1510 4905 1722 4946 mentem
1747 4896 1991 4960 hominis,
2020 4901 2169 4965 cuius

599 4980 763 5033 virtus
794 4979 1021 5031 animam
1051 4980 1253 5034 videtur
1275 4980 1525 5048 excolere,
1556 4999 1646 5035 nec
1666 4982 1709 5014 “’
1726 4985 1892 5038 solum
1915 4989 2171 5057 excolere,

2259 1845 2548 1900 volatilium
2571 1846 2721 1911 caeli,
2767 1857 2815 1899 et
2845 1847 3077 1899 omnium
3109 1847 3394 1916 repentium
3418 1846 3631 1916 ",quae
3653 1855 3829 1915 repunt

2260 1955 2413 2008 super
2440 1949 2652 1992 terram.
2708 1935 2884 2002 Vides,
2919 1938 3060 2008 quod
3092 1937 3179 1990 ille
3213 1937 3307 1991 tibi
3330 1937 3566 1990 tribuerit
3601 1946 3827 2005 potesta-

2262 2039 2382 2093 tem,
2412 2039 2467 2081 ut
2493 2029 2558 2082 de
2581 2030 2817 2083 omnibus
2843 2043 2899 2082 tu
2922 2030 2970 2059 ”
2998 2028 3243 2098 judicare
3269 2029 3475 2093 debeas,
3503 2028 3828 2099 singulorum

2262 2134 2449 2188 genera
2472 2118 2667 2187 judicii
2692 2119 2769 2171 tui
2804 2119 2980 2172 sobria
3003 2118 3305 2187 deﬁnitione
3328 2118 3615 2172 discernere
3636 2134 3657 2171 .'
3676 2134 3831 2172 voca-

2263 2207 2333 2259 vit
2363 2207 2431 2259 ad
2458 2216 2507 2259 te
2545 2206 2722 2259 omnia
2765 2206 2927 2270 Deus,
2970 2214 3023 2258 ut
3054 2221 3216 2274 supra
3237 2206 3409 2258 omnia
3437 2221 3648 2258 mentem
3676 2214 3825 2256 tuam

2263 2310 2371 2347 esse
2391 2309 2739 2363 coquosceres.
2766 2291 2877 2349 Cur
2904 2309 3038 2363 quae
3073 2293 3166 2345 tibi
3200 2292 3475 2346 dissimilia
3493 2292 3540 2322 “
3572 2291 3828 2361 reperisti,

2270 2387 2524 2438 asciscere
2545 2386 2638 2437 tibi
2665 2395 2712 2438 et
2734 2384 2979 2451 copulare
2998 2382 3247 2438 voluisti?
3272 2382 3422 2437 Dedit
3447 2383 3536 2436 tibi
3562 2392 3758 2436 certum
3785 2381 3832 2413 "

2265 2489 2496 2539 sensum,
2541 2490 2642 2545 quo
2675 2475 2913 2527 universa
2946 2489 3298 2543 cognosceres,
3330 2483 3377 2529 et
3404 2475 3468 2527 de
3497 2475 3833 2544 cogitationi-

2266 2564 2360 2617 bus
2407 2564 2703 2633 judicares.
2761 2563 3054 2634 Meritoque
3097 2565 3162 2618 de
3204 2564 3294 2617 illo
3341 2566 3564 2635 fecundo
3603 2567 3833 2637 paradisi

2267 2672 2392 2723 agro
2419 2655 2611 2724 ejectus
2636 2672 2712 2720 es,
2734 2656 2859 2725 quia
2890 2671 2994 2708 non
3025 2655 3243 2724 potuisti
3270 2673 3477 2711 servare
3505 2659 3829 2711 mandatum.

2268 2744 2477 2799 Sciebat
2510 2746 2644 2798 enim
2671 2745 2835 2810 Deus,
2865 2762 2975 2799 esse
3004 2756 3052 2800 te
3081 2746 3349 2816 fragilem,
3372 2749 3564 2802 sciebat
3590 2750 3831 2817 judicare

2269 2850 2371 2886 non
2410 2850 2604 2904 posse;
2656 2824 2771 2887 ideo
2823 2835 2957 2887 dixit
3022 2836 3171 2905 quasi
3216 2835 3575 2906 fragilioribus
3608 2853 3626 2890 :
3661 2836 3834 2890 Nolite

2259 2924 2526 2993 judicare,
2575 2933 2629 2976 ut
2679 2940 2781 2977 non
2801 2923 3135 2993 judicemini.
3201 2924 3342 2995 Ergo
3382 2929 3508 2998 quia
3560 2928 3726 2990 scivit,
3757 2928 3838 2978 in-

2270 3014 2483 3081 firmant
2515 3022 2564 3067 te
2601 3030 2711 3067 esse
2736 3016 2803 3066 ad
2836 3014 3212 3083 judicandum,
3259 3016 3418 3070 voluit
3443 3028 3491 3070 te
3517 3017 3836 3070 obedientem

2270 3118 2377 3156 esse
2410 3104 2677 3168 mandato,
2721 3104 2836 3157 ideo
2861 3116 3191 3174 praeceptum
3220 3108 3411 3176 posuit.
3451 3108 3603 3172 Quod
3626 3108 3671 3160 si
3702 3106 3832 3160 illud

2271 3210 2372 3247 non
2401 3196 2787 3263 praevaricatus
2808 3211 2961 3257 esses,
2992 3196 3279 3264 periculum
3309 3198 3491 3251 incerti
3526 3197 3719 3265 judicii
3750 3198 3828 3251 in-

2270 3286 2439 3339 cidere
2469 3286 2799 3355 nequivisses.
2837 3284 3098 3351 Quoniam
3131 3304 3246 3342 vero
3279 3288 3526 3357 judicare
3556 3289 3761 3342 voluisti
3787 3298 3837 3342 et

2272 3393 2431 3430 ausus
2468 3394 2519 3429 es
2541 3376 2610 3442 ³⁸,
2658 3378 2773 3430 ideo
2824 3379 3028 3431 addidit
3063 3392 3082 3430 :
3114 3378 3246 3433 Ecce
3277 3382 3320 3412 ³⁷
3344 3380 3515 3433 Adam
3551 3380 3723 3449 factus
3762 3390 3834 3433 est

2270 3475 2519 3535 tanquam
2569 3482 2703 3519 unus
2750 3483 2813 3520 ex
2855 3469 3020 3532 nobis,
3074 3479 3126 3522 ut
3162 3470 3292 3523 sciat
3324 3471 3513 3523 bonum
3540 3481 3588 3523 et
3620 3469 3834 3523 malum.

2284 3555 2502 3609 Voluisti
2528 3557 2622 3610 tibi
2654 3574 2904 3628 arrogare
2925 3559 3193 3628 judicium
3220 3578 3240 3615 :
3268 3578 3489 3632 poenam
3520 3562 3668 3632 pravi
3687 3561 3835 3632 judi-

2271 3638 2339 3691 cii
2374 3638 2600 3707 refutare
2631 3656 2732 3693 non
2764 3641 2935 3694 debes.
2968 3639 3153 3694 Posuit
3181 3655 3229 3696 te
3255 3654 3428 3696 tamen
3459 3653 3641 3697 contra
3675 3660 3830 3712 para-

2269 3728 2439 3781 disum
2465 3769 2479 3794 ,
2528 3745 2590 3782 ne
2637 3732 2942 3783 memoriam
2989 3730 3102 3799 ejus
3136 3732 3303 3799 possis
3338 3730 3562 3785 abolere.
3606 3730 3834 3801 Denique

2259 3823 2394 3890 justi
2424 3823 2477 3875 in
2509 3825 2816 3892 paradisum
2846 3841 2998 3893 saepe
3027 3825 3323 3893 rapiuntur,
3353 3825 3484 3877 sicut
3517 3823 3716 3877 Paulus
3751 3841 3836 3877 ra-

2269 3924 2385 3982 ptus
2409 3922 2485 3965 est
2516 3915 2569 3966 in
2605 3914 2912 3982 paradisum
2944 3923 2991 3966 et
3019 3913 3217 3968 audivit
3252 3913 3401 3967 verba
3428 3912 3735 3981 ineffabilia.
3767 3911 3833 3964 Et

2269 4014 2346 4065 tu,
2374 4006 2417 4057 si
2460 4021 2491 4057 a
2535 4007 2703 4074 primo
2756 4004 2898 4057 caelo
2932 4004 2999 4056 ad
3026 4003 3311 4056 secundum
3343 4001 3568 4065 caelum,
3596 4012 3644 4055 et
3684 4019 3715 4055 a
3752 4017 3833 4055 se-

2270 4097 2440 4148 cundo
2473 4098 2541 4148 ad
2583 4097 2793 4149 tertium
2840 4096 3025 4149 mentis
3068 4106 3191 4148 tuae
3238 4096 3408 4164 vigore
3450 4093 3696 4164 rapiaris,
3739 4094 3832 4148 hoc

2269 4193 2343 4237 est
2371 4185 2436 4248 ’⁸,
2479 4185 2602 4253 quia
2628 4186 2851 4253 primum
2875 4185 3225 4255 unusquisque
3254 4185 3407 4237 homo
3432 4193 3505 4237 est
3530 4182 3831 4252 corporalis,

2268 4274 2495 4327 secundo
2528 4273 2794 4338 animalis,
2840 4277 2990 4329 tertio
3016 4274 3323 4344 spiritualis,
3354 4277 3426 4327 ita
3460 4276 3675 4344 rapieris
3702 4273 3745 4304 ²⁹
3767 4273 3832 4326 ad

2273 4365 2481 4417 tertium
2506 4364 2729 4429 caelum,
2750 4375 2804 4418 ut
2830 4367 3001 4420 videas
3022 4365 3275 4437 fulgorem
3294 4367 3495 4436 gratiae
3512 4366 3833 4436 spiritualis;

2271 4455 2515 4506 animalis
2541 4455 2677 4507 enim
2706 4456 2858 4508 homo
2880 4495 2895 4520 ,
2933 4473 3066 4524 quae
3093 4465 3211 4508 sunt
3240 4453 3471 4524 Spiritus
3499 4456 3615 4519 Dei,
3657 4455 3832 4509 nescit.

2268 4542 2334 4596 Et
2378 4546 2492 4598 ideo
2531 4548 2667 4599 tertii
2717 4546 2849 4600 caeli
2883 4548 3118 4601 ascensio
3168 4549 3261 4600 tibi
3298 4557 3372 4601 est
3423 4551 3737 4613 necessaria,
3780 4554 3835 4601 ut

2269 4634 2493 4704 rapiaris
2523 4634 2577 4687 in
2604 4636 2907 4702 paradisum
2934 4649 2955 4688 :
2983 4636 3203 4705 rapiaris
3224 4636 3331 4703 iam
3374 4637 3483 4691 sine
3502 4636 3752 4707 periculo,
3782 4643 3839 4687 ut

2270 4726 2434 4795 possis
2477 4724 2773 4792 dijudicare
2823 4728 3029 4790 omnia,
3076 4729 3199 4797 quia
3244 4727 3535 4795 spiritualis
3576 4726 3838 4793 dijudicat

2273 4817 2467 4875 omnia,
2488 4815 2592 4881 ipse
2611 4829 2728 4866 vero
2751 4830 2781 4866 a
2804 4815 3005 4867 nemine
3016 4816 3296 4883 judicatur
3312 4816 3373 4870 ³ο.
3393 4816 3619 4879 Intuere,
3645 4828 3838 4883 quem-

2272 4902 2559 4953 admodum
2607 4901 2925 4955 Ambrosius
2980 4918 3200 4957 sensum
3260 4903 3502 4974 Origcnis
3546 4890 3835 4971 approbat,

2273 4991 2558 5061 Epiphauii
2605 5002 2781 5045 autem
2812 4992 3068 5046 inﬁrmat.
3094 4992 3342 5065 Origeuis
3367 4993 3628 5064 siquidem
3673 5009 3839 5066 para-

1879 5124 2134 5186 mmse
2172 5097 2586 5189 LECTlONES.

676 5230 820 5314 :_Sic
872 5230 990 5296 CF;
1068 5234 1112 5286 Α
1168 5234 1303 5314 illud
1358 5233 1737 5336 propheticum.
1844 5238 1864 5267 ³
1930 5241 1973 5293 Α

676 5316 749 5336 ..η
800 5300 922 5336 np.
963 5303 991 5336 Α
1058 5303 1148 5336 ιτα.
1199 5321 1328 5336 .......
1504 5306 1734 5336 eam.
1793 5307 1818 5336 Α
1885 5314 1967 5336 .....-

600 5299 621 5379 ξ
909 5318 922 5365 ;
949 5303 996 5379 ,Α
1039 5303 1156 5379 _Est_
1197 5298 1368 5379 enim.-
1452 5298 1735 5379 {Su-.311";
1783 5307 1829 5361 Α
1880 5314 2017 5379 quis.

599 5366 900 5442 3.3.9301“;
933 5373 972 5424 A
1009 5373 1052 5427 si
1078 5374 1153 5432 vel
1175 5375 1362 5442 primo.
1467 5375 1509 5405 ³ο
1547 5374 1630 5427 CF
1676 5366 2052 5432 remunei-ator.

602 5434 763 5516 ξξηριεζ
794 5453 896 5492 non
925 5442 1127 5516 solum_._
1175 5434 1185 5442 ⁷
1213 5443 1257 5516 ξ’
1291 5444 1373 5496 CF
1399 5444 1644 5516 coluerit.

600 5502 1014 5589 ςξΞξΑΔαρξρᾳαξ.
1154 5511 1232 5589 vel
1257 5528 1362 5589 om.
1388 5512 1533 5589 CF.__
1570 5513 1858 5589 '_‘_Sig_(_2F;
1879 5518 1919 5566 A
1947 5502 2120 5583 quasi.

758 5573 801 5625 A
825 5571 918 5630 tibi
941 5578 1129 5631 similia
1156 5582 1386 5633 minime.
1487 5583 1533 5612 "
1573 5583 1660 5635 Sic
1690 5583 1803 5643 CF;
1834 5571 1874 5635 Ᾱ
1904 5571 2059 5637 certe.

599 5639 706 5692 CF.
796 5644 838 5676 "
881 5650 919 5698 Α
944 5649 988 5698 si
1018 5648 1085 5698 ita
1118 5651 1357 5715 rapiaris.

2040 5242 2201 5311 quod.

2115 5312 2134 5342 ⁷
2188 5312 2279 5365 Sic
2330 5312 2446 5376 Cl“;
2498 5313 2540 5364 A
2571 5314 2765 5364 dictum
2814 5320 2909 5364 est.

1756 5390 2052 5432 nunerator.
2146 5382 2187 5413 “
2231 5381 2322 5435 Sic
2347 5379 2456 5442 CF;
2488 5382 2531 5433 A
2567 5389 2655 5433 ad.

1756 5446 1798 5475 η
1838 5448 1925 5475 ρει.
1955 5448 2067 5475 t‘n‘.
2119 5448 2143 5475 Α
2186 5450 2263 5475 ..-Ι
2361 5451 2401 5475 ιτ
2447 5450 2534 5475 an.
2566 5449 2649 5475 [νη

1838 5448 1927 5501 Sic
1955 5448 2069 5512 CF;
2110 5448 2155 5500 A
2186 5450 2283 5502 vel.
2361 5451 2401 5480 "
2447 5450 2534 5503 Sic
2566 5449 2680 5513 CF;
2716 5450 2756 5502 A
2785 5450 2919 5503 inver

1845 5518 1919 5591 ;A
1947 5518 2120 5583 quasi.
2142 5520 2240 5591 _“
2266 5518 2355 5573 Sic
2377 5518 2493 5582 CF;
2521 5521 2565 5571 Λ
2589 5519 2919 5591 reptibilium.

2135 5587 2183 5616 “
2221 5597 2267 5640 et
2292 5605 2449 5642 ausus
2485 5604 2537 5641 es
2567 5603 2674 5641 om.
2705 5587 2768 5640 Α.

1436 5651 1478 5681 ³⁰
1522 5653 1612 5705 Sic
1640 5652 1757 5718 CF;
1788 5654 1831 5706 Α
1879 5654 2226 5721 dijudicatur.

2330 5242 2465 5329 ξηςεε
2510 5241 2799 5329 enm-.0?-
2962 5240 3045 5329 Clz"
3080 5241 3349 5329 ηρειειηάο-
3420 5241 3651 5329 [τιμιίάεπξ
3702 5245 3836 5317 σπι]

2758 5329 2765 5361 ι
2814 5320 2909 5364 est.
3019 5311 3041 5342 ³
3078 5312 3161 5365 CF
3188 5314 3242 5365 in
3277 5311 3519 5434 praefato
3557 5317 3641 5367 sui
3668 5311 3838 5383 opere;

2758 5382 2799 5412 “
2837 5380 3059 5435 hominis
3084 5396 3201 5434 om.
3232 5380 3272 5434 C
3323 5422 3338 5435 .
3418 5383 3461 5415 ⁸³
3499 5393 3547 5436 et
3585 5398 3693 5438 om.
3732 5381 3839 5438 CF.

2361 5451 2401 5480 "
2447 5450 2534 5503 Sic
2566 5449 2680 5513 CF;
2716 5450 2756 5502 A
2785 5450 3060 5503 invenitur.
3134 5451 3177 5480 ¹⁸
3206 5467 3355 5513 quem
3381 5468 3490 5506 om.
3523 5453 3586 5505 A.
3667 5452 3708 5483 "
3749 5451 3843 5508 Sic

2994 5521 3041 5551 ’³
3063 5519 3153 5575 Sic
3175 5517 3258 5573 CF
3277 5536 3301 5589 ;Δ
3320 5532 3377 5573 tu
3404 5537 3513 5575 om.
3544 5523 3609 5574 Α.
3677 5521 3725 5551 ⁸⁸
3750 5522 3841 5575 Sic

2875 5591 2920 5620 ³⁷
2958 5590 3092 5645 Ecce
3115 5605 3223 5644 om.
3253 5590 3358 5645 CF.
3437 5591 3484 5623 "
3518 5592 3614 5644 hoc
3635 5600 3708 5645 est
3731 5604 3841 5647 om.
