4212 6272
427 431 532 488 853

1249 421 1711 478 DEDIVISIONE
1749 422 2100 480 NA'l‘URAE.
2134 452 2206 463 --
2240 421 2441 477 LIBER
2480 419 2841 488 QUARTUS.
2932 404 2939 414 '

3594 428 3701 487 εει

428 548 627 608 disum,
653 542 706 598 in
735 539 893 599 tertio
922 538 1095 602 caelo,
1122 538 1263 609 quod
1286 547 1370 595 est
1394 538 1778 606 inlellectuale,
1808 539 1911 594 hoc
1930 546 2014 594 est
2040 542 2087 607 Α
2117 536 2410 611 plicitatem
2441 539 2461 571 θ
2498 544 2726 591 naturae
2778 540 2904 590 ante
2940 533 3193 593 delictum
3230 537 3578 611 singulariter
3610 556 3699 597 ex-

428 640 487 694 in
519 639 637 708 ipso
682 634 921 698 homine,
960 640 1223 702 quantum
1268 631 1579 687 intellectus
1608 639 1710 697 est,
1762 631 1780 662 ι
1815 632 2010 687 asserit
2111 631 2343 704 pressit,
2385 630 2456 685 ad
2484 629 2768 700 imaginem
2806 627 2906 683 Dei
2931 631 3123 683 creavit
3158 628 3309 684 illam
3335 649 3354 686 ε
3381 632 3705 689 divisionem
3755 659 3761 665 -

430 726 931 797 essezEpiphanius
951 740 1102 791 vero,
1126 733 1191 789 ut
1209 723 1601 795 praediximus,
1626 722 1852 779 nimium
1874 722 2010 778 sim-

437 822 649 896 pliciter
693 816 957 884 seruiens,
998 825 1277 873 terrenum
1317 819 1588 887 quendam
1636 814 1815 872 locum
1852 827 2014 885 para-

431 914 605 969 disum
645 912 921 975 aestimat,
950 918 1273 979 terrenaque
1311 908 1456 979 ligna
1498 906 1785 978 fontesque
1837 906 2010 962 sensi-

426 1008 588 1075 biles,
638 1007 784 1078 quod
824 1019 954 1061 vera
1003 1003 1215 1061 deridet
1259 1001 1422 1056 ratio.
1469 999 1586 1056 Non
1628 1002 1774 1056 enim
1831 999 2013 1055 credi-

426 1099 536 1155 bile
563 1108 649 1155 est
685 1097 752 1153 de
790 1093 1053 1166 Apostolo
1089 1092 1378 1150 aestimare
1424 1094 1468 1163 ἓ,
1518 1091 1772 1167 ἰηειίιιιη
1800 1091 2015 1162 paradi-

431 1207 550 1247 sum
582 1200 798 1262 raptum
845 1189 1051 1255 fuisse,
1085 1188 1193 1244 nisi
1237 1188 1292 1243 in
1333 1188 1543 1258 ipsum,
1584 1187 1641 1242 in
1670 1202 1777 1257 quo
1811 1187 2027 1259 primus

434 1285 598 1339 homo
627 1284 694 1340 ad
726 1282 1012 1357 imaginem
1040 1281 1137 1336 Dei
1159 1280 1333 1336 factus
1360 1289 1473 1347 est,
1507 1289 1563 1337 et
1589 1281 1656 1336 de
1686 1297 1796 1353 quo
1824 1281 2025 1341 merita.

434 1374 833 1431 inobsdientiae
859 1374 1129 1429 detrusus.
1159 1369 1335 1427 Unum
1358 1387 1592 1443 namque
1615 1372 1921 1442 paradisum
1946 1373 2022 1427 di-

433 1465 561 1522 vina
589 1473 777 1521 narrat
796 1463 1045 1529 historia,
1065 1471 1122 1518 et
1143 1476 1310 1519 unum
1335 1463 1608 1519 hominem
1639 1462 1692 1518 in
1725 1463 1839 1533 ipso
1864 1476 2020 1519 crea-

436 1567 548 1613 tum
569 1597 587 1625 ,
613 1559 667 1612 in
694 1573 801 1631 quo
830 1556 1083 1612 videlicet
1106 1555 1325 1613 homine
1352 1556 1437 1617 vir
1460 1569 1517 1612 et
1544 1556 1737 1613 mulier
1765 1552 2018 1628 intelligi-

435 1659 522 1705 tur
544 1665 686 1716 esse,
716 1651 762 1707 si
790 1649 955 1706 verba
982 1658 1294 1707 sanctormn
1316 1647 1540 1703 Patrum
1570 1649 1845 1719 sequenda
1872 1659 2019 1707 sunt.

429 1740 669 1797 Naturae
692 1741 961 1812 siquidem
983 1741 1257 1809 humanae
1288 1740 1372 1795 vir
1400 1748 1487 1796 est
1515 1739 1840 1805 intellectus,
1869 1742 1961 1810 qui
1987 1756 2020 1797 a

429 1831 651 1888 Graecis
686 1840 916 1888 vocatur
951 1838 1104 1895 nec;
1143 1830 1335 1886 mulier
1363 1845 1586 1897 sensus,
1628 1831 1718 1901 qui
1760 1830 2021 1887 feminino

2117 738 2245 778 vero
2279 721 2397 791 ejus
2439 728 2658 792 propter
2687 720 2942 777 delictum
2974 719 3287 790 pluraliter,
3318 720 3613 778 masculum
3656 733 3705 779 et

2114 812 2365 882 feminam
2396 811 2587 867 creavit
2611 827 2718 866 eos.
2745 808 2916 879 Quam
2945 809 3265 867 divisionem
3304 812 3598 868 similitudo
3627 815 3709 867 iu-

2115 903 2428 973 sipientium
2468 903 2782 959 animalium
2824 911 3054 973 sequuta
3095 911 3215 970 est;
3267 900 3458 973 factus,
3513 903 3706 975 inquit,

2115 994 2269 1049 homo
2310 994 2369 1049 in
2416 994 2653 1048 animam
2699 993 2966 1049 viventem.
3011 991 3128 1050 Non
3167 994 3335 1060 dixit,
3374 993 3428 1050 in
3460 995 3709 1066 spiritum

2116 1084 2505 1141 viviﬁcantem.
2549 1082 2764 1139 Primus
2804 1084 2945 1139 enim
2983 1085 3137 1139 hante
3180 1084 3244 1139 de
3283 1095 3420 1139 terra
3453 1096 3711 1148 terrenus,

2118 1179 2197 1234 ait
2233 1177 2554 1248 Apostolus,
2600 1178 2860 1232 secundus
2901 1177 3088 1243 homo,
3134 1176 3189 1232 in
3222 1192 3329 1247 quo
3368 1186 3477 1233 tota
3515 1162 3711 1234 natura

2120 1269 2357 1329 humana
2403 1276 2707 1326 restaurata
2747 1276 2859 1339 est,
2892 1269 2956 1323 de
3004 1268 3148 1325 caelo
3197 1268 3453 1325 caelestis.
3495 1269 3563 1324 Et
3610 1288 3714 1326 non

2120 1362 2288 1432 prius,
2320 1360 2517 1432 inquit,
2545 1361 2651 1416 hoc
2670 1368 2776 1427 est,
2832 1361 2885 1415 in
2934 1360 3111 1432 primo
3167 1361 3388 1417 homine
3440 1362 3714 1432 praevari-

2123 1463 2304 1520 cante,
2335 1440 2476 1524 quod
2498 1453 2907 1526 spiritualersed
2929 1452 3069 1525 quod
3093 1453 3320 1510 animale
3346 1469 3362 1506 :
3384 1454 3593 1522 deinde,
3612 1455 3717 1509 hoc

2123 1553 2228 1612 est,
2282 1544 2620 1601 in~~secundo
2663 1553 3024 1610 restaurante,
3074 1546 3214 1616 quod
3259 1545 3552 1616 spirituale.
3604 1544 3720 1600 Iloc

2123 1635 2289 1692 etiam
2322 1644 2501 1692 textus
2530 1637 2745 1692 divinae
2789 1634 3051 1692 historiae
3091 1636 3498 1693 evidentissima
3541 1636 3722 1693 decla-
3764 1666 3767 1679 ι

2123 1735 2231 1784 rat.
2271 1726 2410 1782 Nam
2452 1736 2740 1799 postquam
2783 1729 3077 1783 secundam
3114 1728 3476 1783 conditionem
3517 1730 3721 1784 terreni

2123 1820 2363 1876 hominis
2393 1820 2461 1875 de
2489 1819 2620 1876 limo
2653 1827 2853 1886 terrae,
2884 1827 3191 1875 ceterorum
3220 1804 3533 1874 animalium
3564 1819 3718 1874 simi-

429 1938 628 1995 gemm
650 1923 883 1986 αέὼθησκ
911 1922 1266 1994 “primum;
1300 1937 1530 1993 quorum
1562 1899 1790 1994 ηιίειίοο
1828 1921 2019 1990 conj“-
2048 1899 2098 1959 B
2125 1909 2383 1976 litudine,
2415 1909 2469 1964 in
2512 1909 2748 1965 animam
2777 1910 3050 1965 viventem
3079 1909 3381 1966 introduxit
3409 1908 3484 1977 “,
3518 1925 3586 1965 ne
3610 1911 3726 1982 pri-

429 2013 519 2084 gio
548 2012 748 2069 Christi
789 2023 846 2070 et
884 2012 1159 2070 Ecclesiae
1190 2012 1369 2067 futura
1417 2012 1608 2082 copula
1656 2010 2021 2085 praefigurata

429 2113 533 2160 cst.
563 2104 675 2159 Cu's
692 2104 810 2163 viro
836 2114 996 2175 atque
1020 2103 1258 2168 mulieri,
1285 2103 1582 2163 intellectui
1612 2103 1863 2160 videlicet
1890 2119 2016 2160 sen-

429 2196 640 2266 suique,
669 2198 854 2253 divina
881 2198 966 2254 lex
992 2212 1102 2253 non
1124 2196 1298 2253 solum
1327 2197 1617 2261 concessit,
1642 2211 1830 2253 verum
1857 2198 2023 2255 etiam

432 2297 705 2357 praecepit
728 2288 795 2344 de
821 2288 970 2358 ligno
992 2289 1137 2343 vitae
1159 2289 1465 2354 comedere,
1498 2290 1566 2344 de
1595 2291 1859 2360 sapientia
1888 2305 2021 2361 pro-

435 2377 577 2434 fecto
602 2377 780 2433 Patris
808 2387 864 2434 et
885 2380 1085 2444 Verbo,
1111 2382 1255 2449 quod
1283 2389 1370 2437 est
1392 2380 1653 2437 Dominus
1679 2380 1837 2438 Iesus
1863 2380 2024 2438 (Ἀπί-ε

436 2476 576 2534 stus,
602 2468 692 2538 qui
722 2468 778 2523 in
802 2469 979 2524 medio
1002 2469 1271 2525 humanae
1298 2478 1523 2526 naturae
1551 2471 1787 2541 paradisi
1816 2471 2025 2542 planta-

439 2570 524 2616 tus
551 2569 658 2628 est,
685 2561 780 2631 qui
804 2568 893 2619 est
912 2561 1208 2632 spiritualis
1233 2564 1411 2633 panis,
1437 2579 1546 2634 quo
1571 2566 1749 2634 angeli
1774 2564 2028 2636 perfecti-

436 2667 539 2722 que
587 2652 872 2721 homines,
922 2668 1151 2723 quorum
1200 2655 1544 2713 conversatio
1591 2656 1647 2712 in
1698 2657 1865 2712 caelis
1912 2666 2023 2725 est,

433 2753 746 2801 vescuntur.
777 2743 1146 2801 Prohibentur
1173 2756 1354 2803 autem
1392 2762 1424 2802 a
1461 2763 1571 2804 non
1601 2747 1839 2806 discreto
1866 2760 2026 2821 atque

437 2832 730 2890 commixto
756 2833 887 2890 boni
910 2844 966 2891 et
992 2836 1116 2891 mali
1147 2839 1410 2909 appetitu,
1443 2839 1536 2909 qui
1576 2854 1644 2894 ex
1673 2839 2026 2898 delectatione

438 2927 796 2983 materialium
819 2943 1001 2984 rerum
1023 2928 1441 3000 pulchritudinis
1461 2932 1793 3003 imperfectis
1818 2936 2026 2991 anima-

439 3019 541 3074 bus
588 3018 828 3091 infigitur
860 3037 874 3074 :
912 3035 948 3074 a
986 3035 1093 3090 quo
1137 3022 1411 3077 abstinere
1447 3022 1698 3079 meritum
1736 3024 1880 3079 vitae
1928 3039 2023 3081 ae-

443 3117 632 3166 ternae
659 3119 767 3176 est,
791 3126 857 3166 eo
885 3112 1031 3167 abuti
1060 3114 1266 3168 aeterni
1292 3114 1545 3170 interitus
1565 3116 1801 3184 occasio.
1832 3114 2023 3173 Cetera

442 3217 595 3270 vero,
622 3219 763 3275 quae
787 3219 820 3259 a
842 3219 995 3261 sacra
1028 3205 1307 3275 Scriptura
1338 3206 1407 3265 de
1430 3207 1685 3276 paradiso
1711 3210 2020 3277 traduntur,

438 3295 686 3366 quamvis
725 3310 825 3365 per
855 3296 1297 3366 anticipationem
1333 3296 1476 3353 dicta
1527 3300 1638 3354 sint
1683 3299 1728 3365 ³,
1771 3315 1837 3357 ac
1863 3299 2027 3356 veluti

438 3386 493 3441 in
519 3386 772 3454 paradiso
800 3385 976 3453 facta,
1014 3387 1133 3458 plus
1162 3396 1345 3444 tamen
1379 3396 1435 3444 et
1462 3389 1859 3459 rationabilius,
1888 3408 2024 3463 quo-

439 3477 585 3534 niam
612 3478 804 3534 merito
828 3481 1037 3550 peccati
1070 3481 1423 3555 superaddita
1441 3492 1589 3551 sunt,
1620 3493 1676 3540 ct
1703 3487 1769 3541 ad
1789 3486 2029 3542 exterit»-

442 3582 554 3625 rem
603 3569 875 3626 hominem
913 3571 1218 3643 pertinent,
1269 3582 1428 3630 extra
1477 3575 1793 3645 paradisum
1845 3586 1971 3649 post
2005 3578 2027 3610 ⁸

441 3670 721 3732 peccatum
749 3662 917 3721 fuisse
942 3665 1311 3737 intelligenda.

515 3754 602 3809 l9.
641 3754 803 3811 Verbi
823 3755 992 3825 gratia
1019 3774 1033 3810 :
1063 3755 1335 3815 Formasit
1378 3756 1540 3831 igitur
1558 3760 1818 3819 Dominus
1841 3762 1863 3795 ⁸
1892 3762 2030 3819 Deus

446 3842 705 3899 hominem
737 3846 801 3900 de
831 3845 955 3901 limo
989 3854 1194 3917 terrae,
1224 3859 1273 3904 et
1306 3849 1578 3921 inspiravit
1604 3854 1661 3908 in
1694 3853 1885 3923 faciem
1914 3855 2031 3925 ejus

445 3935 764 4005 spiraculum
807 3938 977 4015 vitae,
1007 3948 1057 3992 et
1096 3940 1269 4009 [actus
1295 3949 1372 3996 est
1418 3943 1572 4000 homo
1615 3942 1670 3998 in
1702 3944 1935 4000 animam
1958 3945 2032 4000 ui-

446 4036 662 4081 ventem.
700 4026 978 4095 Quomodo
1015 4031 1082 4090 de
1114 4030 1245 4088 limo
1272 4040 1451 4089 terrae
1489 4043 1575 4091 est
1610 4032 1901 4104 formatus,
1936 4037 2032 4108 qui

444 4116 515 4171 ad
542 4117 832 4189 imaginem
854 4129 908 4176 et
934 4121 1341 4180 similitudinem
1364 4125 1461 4181 Dei
1483 4125 1658 4185 factus
1676 4126 1737 4181 ‘i
1761 4129 1872 4182 Aut
1897 4143 2032 4199 quo-

436 4208 603 4265 modo
630 4209 697 4265 de
721 4225 788 4265 eo
816 4211 1126 4269 diceretur:
1155 4211 1355 4271 Factus
1385 4216 1502 4271 est"
1527 4217 1682 4270 homo
1716 4218 1772 4272 in
1799 4220 2033 4276 animam

443 4298 713 4367 uiuentem,
738 4304 882 4372 quod
905 4305 974 4361 de
992 4306 1196 4362 ceteris
1222 4306 1412 4363 bestiis
1437 4307 1503 4363 de
1531 4317 1677 4381 terra
1706 4310 1933 4379 prolatis
1959 4310 2049 4367 si-

445 4388 650 4447 militer
683 4394 884 4455 dictum
924 4406 1008 4453 est
1054 4414 1072 4456 :
1113 4396 1385 4454 Producat
1417 4411 1556 4455 terra
1597 4402 1831 4458 animam
1866 4405 2036 4460 uiuen-

444 4483 590 4537 tem?
630 4481 818 4542 Nonne
854 4488 876 4519 ⁸
915 4503 1046 4559 ergo
1086 4490 1329 4551 duarum
1385 4486 1620 4555 hominis
1667 4492 2030 4550 conditionum

444 4574 585 4630 ratio
617 4576 780 4635 datur
820 4579 1083 4651 intelligi?
1114 4579 1296 4638 Primo
1335 4583 1552 4653 quidem
1588 4584 1853 4654 scriptum
1891 4594 1977 4647 εει
2013 4602 2028 4640 :

444 4665 513 4720 Et
541 4671 732 4726 creavit
754 4670 898 4728 Deus
922 4672 1186 4727 hominem
1212 4674 1281 4731 ad
1304 4675 1582 4747 imaginem
1601 4692 1772 4743 suam,
1798 4677 1868 4732 ad
1899 4677 2032 4732 ima-

444 4762 617 4830 ginem
638 4760 738 4816 Dei
762 4766 957 4827 creasit
980 4765 1153 4819 illum.
1179 4765 1318 4822 Ecce
1341 4767 1515 4838 prima
1544 4769 1807 4836 conditio,
1839 4769 1892 4825 in
1924 4784 2033 4840 qua

447 4851 591 4907 nulla
624 4853 825 4911 terreni
870 4855 986 4910 limi
1028 4856 1651 4915 commemoratiofacta
1689 4868 1802 4924 est,
1853 4874 2032 4933 neque

450 4939 662 4996 animae
688 4943 940 5002 viventis.
975 4944 1234 5018 Sequitur
1272 4958 1453 5011 autem
1488 4952 1757 5017 secunda,
1790 4967 1929 5022 quae
1960 4967 2031 5011 ex

449 5026 715 5089 divisione
738 5042 965 5091 naturae
997 5037 1054 5093 in
1085 5038 1352 5108 duplicem
1378 5054 1568 5096 sexum
1598 5055 1770 5111 poena
1803 5058 2032 5113 praeva-

450 5119 732 5181 ricationis
753 5129 1099 5196 superaddita
1125 5132 1405 5189 exordium
1432 5134 1684 5204 sumpsit,
1712 5133 2031 5204 Herculum,

448 5210 662 5284 inquit,
687 5225 737 5273 et
772 5218 1027 5289 feminam
1047 5225 1240 5283 creauit
1278 5241 1387 5281 sos.
1414 5224 1575 5283 Prius
1600 5226 1872 5297 siquidem
1898 5228 2032 5289 situ-

2126 2017 2279 2061 mam
2325 2000 2693 2058 conditionem
2744 2004 2810 2059 ad
2866 1995 3157 2076 imaginem
3208 2003 3305 2058 Dei
3356 2002 3725 2060 introductam

2127 2095 2468 2160 aestimares,
2499 2095 2668 2166 ipsam
2696 2094 2927 2165 primam
2955 2095 3180 2150 seorsim
3207 2093 3414 2149 addidit
3438 2094 3621 2151 dicens
3641 2096 3723 2151 ἰε

2129 2187 2468 2251 Plantaverat
2499 2199 2675 2244 autem
2697 2187 2959 2244 Dominus
2979 2188 3125 2245 Deus
3147 2189 3454 2261 paradisum
3484 2190 3724 2261 uolupta-

2127 2282 2194 2336 tis
2225 2298 2258 2335 a
2276 2278 2321 2312 ¹²
2339 2279 2618 2351 principio,
2649 2279 2752 2335 hoc
2777 2288 2880 2347 est,
2906 2295 2936 2335 a
2960 2281 3136 2351 prima
3165 2280 3550 2355 conditione“.
3575 2284 3655 2337 Ac
3678 2283 3728 2338 si

2128 2372 2333 2429 diceret
2362 2388 2374 2425 :
2405 2369 2525 2426 Noli
2550 2370 2782 2441 primam
2810 2371 3176 2428 conditionem
3206 2371 3262 2427 in
3296 2387 3386 2440 eo,
3413 2373 3555 2443 quod
3581 2373 3722 2429 scri-

2125 2473 2278 2537 ptum
2304 2471 2416 2527 est:
2444 2473 2491 2520 et
2514 2463 2686 2533 factus
2714 2469 2789 2519 est
2815 2463 2971 2519 homo
2993 2464 3051 2518 in
3081 2465 3313 2519 animam
3336 2466 3606 2533 viventem,
3635 2464 3723 2520 in-

2128 2552 2407 2629 telligere,
2442 2555 2537 2612 sed
2567 2556 2880 2612 secundam.
2918 2553 3158 2610 Primam
3201 2565 3383 2611 autem
3421 2557 3479 2613 in
3513 2556 3727 2628 planta-

2129 2648 2276 2705 tioue
2323 2645 2564 2719 paradisi
2616 2644 2888 2717 intellige;
2942 2645 3209 2716 plantavit
3252 2647 3522 2718 siquidem
3578 2651 3724 2704 Deus

2126 2732 2439 2809 paradisum
2459 2735 2776 2807 voluptatis,
2799 2735 2903 2791 hoc
2932 2744 3035 2800 est,
3065 2738 3355 2792 humanam
3384 2744 3635 2792 naturam
3666 2737 3726 2792 iu

2127 2830 2279 2888 Eden
2311 2830 2377 2897 ιδ,
2408 2831 2463 2886 in
2494 2828 2701 2886 deliciis
2735 2838 2989 2885 aeternae
3020 2827 3316 2885 felicitatis.
3347 2830 3415 2885 Et
3451 2830 3543 2885 ubi
3572 2829 3730 2911 plan-

2131 2925 2377 2982 taverat?
2397 2924 2454 2980 In
2475 2924 2761 2996 principio,
2780 2921 2965 2981 .Verbo
3001 2922 3047 2955 ¹⁵
3092 2923 3360 2991 videlicet,
3392 2922 3446 2979 in
3471 2938 3580 2994 quo
3602 2922 3730 2981 fecit

2130 3016 2272 3072 Deus
2317 3014 2523 3071 caelum
2572 3025 2628 3073 et
2671 3023 2892 3070 terram.
2929 3014 3143 3070 Intuere
3180 3016 3290 3069 vim
3330 3006 3638 3071 verborum.
3666 3014 3728 3071 in

2129 3112 2365 3167 secunda
2391 3113 2702 3169 conditione
2722 3112 2890 3170 verbo
2910 3111 3194 3184 praeteriti
3213 3111 3437 3183 perfecti
3465 3114 3728 3183 propheta

2132 3217 2262 3257 usus
2291 3210 2377 3258 est
2403 3222 2416 3258 :
2450 3201 2651 3259 Factus
2675 3212 2773 3271 est,
2804 3203 2997 3275 inquit,
3031 3203 3183 3258 homo
3206 3203 3262 3257 in
3294 3205 3526 3258 animam
3554 3203 3730 3257 viven-

2055 3261 2100 3326 (ἶ
2131 3303 2271 3361 tem;
2301 3296 2361 3350 in
2390 3297 2569 3368 prima
2610 3312 2743 3354 vero
2778 3261 2947 3354 verbo
2985 3296 3263 3366 praeteriti
3289 3295 3573 3368 plusquam
3603 3311 3730 3367 per-

2126 3386 2259 3469 ‘fecti
2298 3406 2311 3443 :
2344 3386 2687 3446 Plantaoerat
2714 3388 2972 3445 Dominus
3011 3387 3154 3443 Deus
3189 3388 3520 3459 paradisum,
3547 3395 3609 3443 ut
3636 3402 3730 3444 εο-

2128 3498 2440 3555 gnosceres,
2471 3483 2705 3554 primam
2762 3483 3024 3556 dignitate
3073 3491 3131 3538 et
3185 3482 3523 3539 beatitudine
3549 3523 3564 3549 ,
3619 3498 3731 3539 non

2131 3582 2312 3631 autem
2344 3583 2588 3646 tempore
2610 3576 2941 3646 praecedere
2965 3575 3286 3632 secundam.
3314 3573 3374 3631 In
3403 3590 3511 3646 qua
3548 3568 3730 3645 prima

2134 3675 2319 3723 tantae
2356 3666 2755 3753 spiritualitatis
2784 3667 2949 3724 homo
2984 3665 3195 3735 fuerat,
3232 3674 3293 3721 ut
3334 3666 3498 3722 nullis
3541 3669 3733 3723 usibus

2131 3758 2492 3829 corporalium
2525 3775 2782 3816 sensuum
2818 3760 3118 3831 indigeret,
3161 3757 3255 3815 sed
3291 3759 3337 3791 “
3373 3759 3490 3815 solo
3539 3758 3717 3815 intelli

2132 3851 2347 3921 gentiae
2371 3848 2546 3906 oﬂicio
2566 3849 2858 3907 frueretur.
2884 3850 3038 3918 Quod
3063 3852 3230 3907 etiam
3257 3860 3479 3907 sanctus
3502 3849 3732 3907 Ambro-

2134 3944 2247 3999 sius
2277 3950 2529 4010 testatur,
2562 3944 2749 4001 dicens
2775 3962 2787 3998 :
2815 3943 2885 3999 Et
2913 3945 3079 4016 aperti
3106 3952 3229 3998 sunt
3259 3941 3304 3975 "'
3332 3942 3470 3997 oculi
3519 3960 3724 4010 eorum,

2112 4042 2181 4101 tet
2217 4043 2590 4104 cognoverunt,
2621 4035 2760 4104 quod
2802 4033 2933 4088 nudi
2984 4041 3176 4088 essent.
3211 4029 3281 4085 Et
3327 4042 3449 4087 ante
3493 4033 3728 4102 quidem,

2134 4121 2306 4193 inquit
2335 4121 2402 4188 “‘,
2440 4121 2572 4175 nudi
2595 4130 2765 4186 erant,
2794 4121 2887 4176 sed
2922 4137 3028 4175 non
3047 4121 3160 4174 sine
3184 4120 3433 4175 uirtutum
3463 4128 3735 4190 tegumen-

2137 4214 2203 4269 tis
2227 4212 2297 4279 ¹⁹;
2317 4211 2443 4267 nudi
2466 4222 2613 4268 erant
2633 4220 2845 4282 propter
2864 4226 3071 4266 morum
3095 4209 3505 4281 simplicitatem,
3523 4210 3734 4281 etquod

2137 4291 2387 4361 amictum
2416 4305 2622 4375 fraudis
2663 4313 2859 4358 natura
2885 4303 3127 4358 nesciret.
3160 4300 3320 4356 Nunc
3348 4310 3524 4356 autem
3549 4301 3733 4357 multis

2136 4396 2533 4453 simulationum
2563 4395 2848 4451 involucris
2885 4410 3030 4450 mens
3056 4395 3290 4448 humana
3330 4391 3555 4447 uelatur.
3584 4391 3730 4464 Ergo

2134 4499 2472 4561 posteaquam
2485 4488 2779 4558 spoliantur
2802 4484 2897 4541 illa
2922 4484 3225 4541 sinceritate
3247 4501 3308 4539 ac
3328 4482 3734 4554 simplicitate“
3780 4542 3790 4555 α

2137 4581 2369 4651 integrae
2391 4581 2825 4650 inccrruptaeque
2846 4587 3088 4645 naturae,
3110 4592 3360 4648 quaerere
3383 4575 3656 4631 mundana
3681 4581 3732 4630 et

2137 4670 2445 4741 manufacta
2472 4678 2774 4739 coeperunt,
2799 4669 2987 4740 quibus
3014 4668 3159 4723 nuda
3184 4685 3311 4723 suae
3339 4668 3527 4722 mentis
3557 4666 3733 4739 operi-

2135 4772 2248 4819 rent
2275 4762 2703 4818 delectationibus
2733 4762 2778 4797 ¹ί
2795 4802 2811 4829 ,
2841 4770 2888 4816 ει
2924 4761 3292 4816 obumbrarent
3320 4760 3366 4792 “
3392 4758 3616 4831 genitale
3644 4775 3728 4815 se-

2134 4865 2354 4913 cretum.
2387 4854 2532 4912 Nam
2559 4855 2820 4927 quomodo
2847 4872 2973 4909 usus
2996 4853 3045 4886 ’⁸
3067 4854 3299 4925 corporis
3324 4852 3506 4907 habuit
3530 4852 3730 4919 Atiam,

2135 4951 2224 5022 qui
2258 4948 2435 5005 omnia
2470 4947 2762 5004 animantia
2790 4947 2940 5013 uidit,
2967 4955 3024 5005 ,ει
3053 4944 3134 5000 his
3158 4944 3207 4976 "
3227 4960 3414 5001 nomen
3444 4941 3737 5013 imposuit?

2139 5039 2412 5106 Quomodo
2434 5037 2822 5110 cognouerunt?
2866 5034 3126 5091 Interiare
3167 5035 3403 5090 uidelicet
3448 5042 3497 5088 et
3547 5031 3737 5113 altiore

2141 5131 2383 5198 scientia,
2412 5145 2519 5185 non
2546 5130 2753 5184 tunicas
2775 5126 2824 5160 “
2850 5127 2969 5195 sibi,
2992 5123 3085 5180 sed
3112 5119 3362 5179 uirtutum
3388 5122 3564 5177 deesse
3588 5120 3734 5175 vela-

2142 5226 2309 5289 mina.
2339 5226 2545 5285 Eodem
2563 5226 2731 5297 igitur
2755 5223 2940 5290 modo,
2961 5234 3070 5295 quo
3092 5217 3276 5279 omnia
3301 5214 3557 5274 animalia
3577 5213 3736 5279 vidit,

1733 5359 1991 5419 VARIAE
2028 5360 2434 5420 LECTlONES.

521 5470 835 5530 ‘estom.A.
912 5472 1039 5531 ’Sic
1057 5468 1164 5542 CF;
1187 5473 1234 5530 A
1266 5475 1553 5531 aestimari.
1630 5474 1653 5506 ³
1675 5472 1767 5530 Sic
1784 5473 1903 5542 CF;
1932 5474 1977 5531 A
2001 5483 2145 5530 sunt.
2221 5473 2247 5507 ⁸
2266 5472 2315 5529 Α
2338 5478 2527 5542 etpost

642 5545 665 5577 7
702 5553 775 5578 an!
802 5559 889 5578 nm
937 5544 1022 5578 ΓΕ*
1118 5547 1141 5578 8
1171 5545 1255 5578 ΓΠ
1295 5545 1407 5578 Νηνι
1526 5549 1549 5578 9
1574 5545 1600 5578 Α
1642 5545 1969 5578 οἱωηΙὲι-ἱηηιι
2104 5546 2149 5578 10
2189 5544 2217 5578 Δ
2263 5543 2527 5578 εφη-θυι..ρὸ

2104 5546 2149 5578 ¹⁰
2180 5544 2229 5600 Α
2263 5544 2568 5598 introducit.

2090 5617 2134 5648 ¹⁸
2170 5614 2333 5677 Verbo
2360 5629 2470 5669 om.
2502 5613 2569 5665 Δ.

446 5687 636 5767 inquit,
659 5685 823 5741 oculi.
903 5687 947 5719 ³⁸
971 5687 1136 5756 inquit
1164 5703 1275 5771 om.
1446 5687 1490 5719 ¹⁹
1522 5688 1613 5743 Sic
1643 5686 1725 5743 CF
1745 5704 1760 5753 ;
1803 5687 1849 5742 A
1894 5686 2281 5812 integumentis.
2354 5685 2402 5716 ’°
2444 5685 2537 5738 Sic
2562 5685 2647 5753 CF
2668 5685 2764 5762 ;.A
2789 5697 2803 5768 ε

450 5767 691 5813 integrae
726 5764 831 5811 cet.
928 5757 974 5790 ἰ
1004 5757 1433 5813 ἀειεειαιιοηιῡιιε
1462 5774 1572 5813 om.
1599 5760 1667 5813 A.
1741 5759 1809 5813 ιη
1845 5757 2000 5813 obum
2039 5766 2215 5813 rarent
2243 5770 2353 5812 om.
2382 5753 2487 5810 CF.
2562 5752 2612 5786 ³³
2652 5750 2803 5808 Sict.

445 5553 541 5599 est.
642 5545 665 5577 ⁷
700 5553 775 5599 εει
802 5559 912 5599 om.
937 5544 1043 5601 CF.
1118 5547 1141 5579 ⁸
1171 5545 1255 5602 CF
1284 5545 1429 5603 Non.

1526 5549 1549 5581 ⁸
1566 5545 1610 5600 A
1638 5545 1990 5616 simplicitate.

445 5625 519 5670 est
554 5633 588 5671 a
616 5615 788 5685 prima
816 5616 1118 5673 conditione
1157 5632 1266 5673 om.
1301 5617 1367 5672 A.

1448 5616 1493 5649 “
1524 5619 1580 5672 in
1619 5616 1769 5672 Eden
1798 5632 1906 5675 om.
1937 5617 2002 5671 A.

450 5757 691 5839 integrae
882 5757 974 5839 m“
999 5757 1433 5839 delectationibus
1462 5774 1572 5815 om.
1599 5760 1667 5816 A.
1741 5759 1809 5831 ιη
1845 5757 2000 5814 obum

451 5827 495 5856 at
526 5824 721 5882 Aquis,
799 5827 848 5859 ³⁸
882 5824 976 5882 Sic
995 5825 1113 5895 CF;
1141 5828 1183 5881 Α
1215 5829 1465 5883 (unicam.

774 5920 1053 5979 PATuOL.
1116 5917 1350 5982 CXXI!
1365 5966 1380 5982 .

2512 5478 2553 5527 t.
2629 5464 2921 5524 'Dominus
2941 5478 3051 5523 om.
3081 5465 3147 5520 A.
3224 5459 3468 5531 'SlcCF;
3491 5464 3538 5520 Α
3562 5462 3738 5519 factus

2410 5485 2553 5542 pOSt.
2629 5485 2921 5524 'uommus
2941 5485 3051 5523 om.
3081 5485 3147 5520 Α.
3225 5485 3468 5531 "meum;
3491 5485 3538 5520 Α
3562 5485 3737 5519 laetus

2410 5543 2568 5594 ducit.
2672 5541 2716 5575 ιι
2749 5539 2925 5594 dicens
2946 5552 3057 5592 om.
3079 5535 3146 5591 Α.
3245 5537 3292 5572 ι’
3326 5536 3466 5590 Ain.
3570 5534 3615 5566 ¹³
3638 5535 3737 5588 hoc

2647 5610 2691 5643 “
2715 5608 2800 5665 CF
2829 5609 2875 5662 si
2916 5606 3055 5677 solo.
3130 5606 3175 5640 ¹⁷
3200 5604 3247 5661 Α
3286 5604 3354 5661 Et
3390 5604 3563 5677 aperti
3589 5613 3739 5670 sunt,

2354 5683 2402 5716 ’°
2444 5682 2537 5738 Sic
2562 5679 2684 5747 CF;
2720 5680 2764 5734 A
2790 5676 3038 5747 spoliatos
3066 5694 3121 5734 se
3156 5678 3195 5734 i.
3221 5692 3271 5733 ε.
3308 5690 3361 5747 a.
3399 5675 3446 5731 ε’.
3477 5675 3738 5747 uiderunt,

2808 5698 2814 5731 ι
2852 5695 3038 5733 atratos
3066 5695 3121 5734 se
3156 5695 3195 5734 ι.
3221 5695 3271 5733 8.
3308 5695 3361 5731 ιι.
3399 5695 3446 5731 s.
3477 5695 3738 5740 umerum,

2808 5695 2880 5817 lg;
2912 5765 3009 5823 pro
3037 5764 3164 5806 usus
3191 5748 3238 5804 A
3286 5746 3492 5805 clausos
3539 5745 3739 5805 oculos.

3247 5913 3329 5975 27
