4212 6272
441 403 546 462 857

431 791 814 860 praediximus,
845 811 984 866 quae
1010 809 1134 868 post
1157 816 1409 872 soporem
1441 806 1742 864 immissum
1767 791 1822 866 in
1841 812 2018 872 Adam

429 880 610 938 divina
667 897 858 942 narrat
921 887 1204 962 Scriptura
1257 897 1300 962 ³,
1355 901 1602 967 quamvis
1647 903 1702 958 in
1765 906 2016 974 paradiso

429 971 588 1030 veluti
623 971 768 1032 facta
809 976 1080 1050 legantur,
1115 984 1488 1044 rationabilius
1529 999 1729 1060 tamen,
1767 971 1838 1050 vet
1867 998 2010 1052 veri-

424 1063 524 1122 tati
549 1069 964 1136 congruentius,
1013 1084 1136 1142 post
1187 1088 1490 1146 peccatum,
1517 1098 1580 1138 ac
1608 1099 1707 1154 per
1727 1085 1831 1142 hoc
1855 1101 2012 1144 extra

417 1155 736 1228 paradisum
784 1158 1058 1218 humanae
1100 1173 1331 1224 naturae
1379 1173 1574 1228 merito
1619 1175 2013 1235 inobedientiae

419 1248 774 1316 superaddita
814 1252 1082 1312 credenda
1139 1268 1190 1314 et
1225 1261 1572 1334 intelligenda
1601 1280 1744 1330 sunt.
1780 1268 1838 1326 Si
1867 1274 2012 1328 enim

419 1333 684 1404 piantutio
708 1337 806 1394 Dei
833 1351 913 1398 est
946 1344 967 1374 ³
996 1357 1051 1402 et
1091 1351 1379 1416 paradisus
1407 1333 1463 1408 in
1497 1355 1705 1414 deliciis
1729 1359 1748 1389 ³
1775 1361 2012 1418 humana

417 1433 614 1484 natura
654 1428 721 1482 ad
745 1427 1035 1502 imaginem
1063 1436 1158 1492 Dei
1179 1437 1349 1508 facta,
1388 1443 1642 1518 nullaque
1669 1453 2010 1518 praevarica-

418 1515 584 1574 tionis
632 1521 956 1592 contagione
989 1525 1314 1596 deformata,
1345 1515 1604 1606 quicquid
1651 1515 1804 1610 extra
1839 1544 2008 1614 digiti-

419 1611 588 1666 tatem
633 1618 861 1668 naturae
883 1628 1158 1688 causaque
1197 1625 1410 1692 peccati
1445 1624 1648 1682 factum
1673 1611 2006 1702 intelligiinr,

409 1712 510 1752 cur
537 1715 646 1756 non
690 1704 856 1766 etiam
885 1715 1038 1770 extra
1063 1715 1378 1780 paradisum
1407 1718 1576 1776 fuisse
1605 1737 1708 1778 non
1743 1725 2009 1798 intellige-

407 1795 577 1856 retur,
608 1790 818 1861 ignem.
849 1794 970 1854 Non
1025 1800 1218 1872 ignoro
1246 1816 1426 1862 autem
1479 1811 1890 1876 usitatissimum
1925 1817 2008 1872 di-

404 1879 565 1938 vinae
611 1881 930 1960 Scripturae
995 1899 1236 1966 tropum,
1293 1901 1388 1970 qui
1431 1916 1466 1958 a
1507 1902 1730 1964 Graecis
1787 1908 2004 1986 ὕστερον
2034 1930 2080 1990 Β

401 1973 674 2052 πρότερον,
703 1993 734 2032 a
763 1979 978 2046 Latinis
1006 2000 1135 2042 vero
1161 2002 1575 2060 praeposterum
1611 2013 1704 2052 seu
1731 1973 2000 2072 anticipa-

403 2061 496 2128 tio,
550 2079 712 2134 quam
759 2068 954 2132 Graeci
1006 2073 1028 2105 ⁸
1067 2079 1318 2153 πρόληψιν
1340 2082 1548 2152 dicunt,
1596 2061 2000 2164 vocatur-{quo

398 2150 699 2214 Mattltaeus
715 2163 1044 2236 evangelista
1065 2165 1090 2199 ⁵
1105 2150 1248 2225 usus
1269 2182 1370 2240 est,
1397 2177 1704 2244 passionem
1727 2189 1782 2236 et
1809 2196 1997 2240 resur-

399 2247 694 2306 rectionem
719 2251 934 2312 Domini
961 2273 1215 2318 narrans.
1245 2264 1322 2320 Ea
1344 2266 1635 2340 siquidem,
1653 2288 1793 2342 quae
1807 2289 1995 2340 resur-

397 2341 662 2397 rectionis
693 2346 925 2406 articulo
953 2348 1096 2406 iacta
1119 2365 1266 2424 sunt,
1297 2359 1566 2428 passionis
1587 2341 1722 2420 hora
1750 2370 1998 2434 evenisse

395 2431 590 2486 scribit
615 2448 632 2504 ε
662 2433 738 2496 ait
775 2438 922 2496 enim
953 2457 968 2496 :
1011 2442 1168 2500 Iesus
1192 2457 1365 2502 autem
1408 2451 1598 2508 iterum
1619 2455 1856 2520 clamans
1877 2477 1996 2526 uoce

393 2536 592 2592 magna
619 2525 790 2582 emisit
815 2530 1082 2602 spiritum,
1113 2546 1162 2594 et
1209 2555 1324 2596 ecce
1349 2541 1518 2600 velum
1549 2547 1728 2618 templi
1773 2525 1995 2616 scissum

391 2620 468 2676 est
499 2613 554 2666 in
603 2614 739 2678 duas
763 2629 944 2688 partes
973 2640 1007 2680 α
1044 2641 1250 2690 summa
1281 2646 1442 2702 usque
1479 2613 1748 2704 deorsum,
1771 2650 1820 2696 et
1852 2613 1994 2700 terra

391 2711 534 2754 mota
557 2715 655 2772 est,
687 2717 736 2762 et
759 2719 944 2782 petrae
963 2713 1162 2772 scissae
1187 2730 1334 2788 sunt,
1363 2731 1410 2784 et
1435 2739 1770 2788 monumenta
1809 2745 1991 2800 aperta

389 2801 530 2860 sunt,
561 2803 608 2846 et
641 2796 808 2852 multa
855 2817 1079 2872 corpora
1127 2819 1452 2880 sanctorum,
1497 2817 1590 2884 qui
1643 2796 1986 2888 dormio-rant,

387 2897 752 2958 snt-retrerunt,
783 2899 832 2944 et
879 2906 1127 2952 exeuntes
1175 2900 1239 2954 de
1265 2908 1615 2960 monumentis
1651 2921 1768 2982 post
1807 2929 1986 2968 resur-

389 2977 669 3034 rectionem
703 2982 819 3054 ejus
865 3000 1112 3044 venerunt
1140 2991 1197 3046 in
1229 3007 1464 3052 sanctam
1505 3000 1770 3058 civitatem
1818 3015 1868 3060 et
1893 3023 1987 3078 ap-

381 3082 678 3136 paruerunt
705 3074 906 3140 multis.
935 3077 1082 3135 Haec
1117 3084 1300 3140 omnia
1321 3085 1478 3156 juxta
1505 3106 1686 3146 rerum
1717 3074 1982 3158 factarum

377 3253 662 3320 Pmediclo
709 3261 1040 3320 narrationis
1075 3273 1230 3338 tropo
1273 3280 1398 3342 post
1439 3277 1749 3344 passionem
1803 3281 1972 3342 fuisse
1999 3306 2046 3370 ο

378 3345 705 3370 Δανα-ιηΛΙζηι..
751 3351 910 3370 “illus.
1281 3359 1322 3370 ι-
1520 3367 1530 3370 -

377 3345 710 3416 evangelista
751 3351 916 3406 voluit
961 3371 1209 3414 narrare.
1277 3359 1394 3418 Non
1445 3367 1588 3426 enim
1641 3372 1972 3430 credendum

376 3442 480 3500 est,
517 3435 751 3492 aliorum
791 3457 1142 3506 monumenta
1191 3461 1380 3522 aperta
1417 3455 1608 3526 fuisse,
1651 3464 1972 3536 priusquam

375 3525 492 3596 ipse
528 3545 688 3586 suum
719 3537 960 3604 aperiret
991 3556 1426 3616 monumentum,
1471 3562 1568 3608 aut
1591 3570 1750 3614 verae
1787 3575 1972 3616 resur-

375 3617 634 3675 rectionis
665 3631 832 3682 testes
853 3632 1244 3701 resurrexisse,
1284 3639 1602 3710 priusquam
1659 3647 1792 3716 ipse,
1818 3649 1970 3718 cujus

371 3713 792 3772 resurrectionis
837 3725 1002 3778 testes
1051 3735 1182 3782 sunt
1231 3727 1272 3794 °,
1323 3744 1636 3804 resurgeret
1680 3713 1731 3794 λι.
1795 3713 1970 3812 Sopor

373 3794 564 3868 itaque
585 3803 782 3871 Adam,
826 3825 1164 3884 sequensque
1195 3794 1522 3891 'dorttiitus,
1561 3835 1616 3882 et
1655 3830 1854 3888 ablatio
1873 3794 1970 3890 Ico-

375 3897 520 3958 stac,
551 3901 607 3948 et
632 3894 824 3956 divisio
843 3900 1104 3974 simplicis
1127 3919 1356 3967 naturae
1381 3914 1432 3970 in
1459 3917 1725 3987 duplicem
1749 3937 1962 3992 sexum,

371 3992 430 4042 et
443 3989 674 4057 mystica
711 3995 898 4054 uxoris
915 3999 1120 4069 agnitio
1143 4003 1184 4070 ⁸,
1213 4015 1522 4079 ceteraque,
1567 4027 1708 4082 quae
1751 4016 1803 4070 in
1835 3989 1968 4088 liga-'-

371 4089 434 4130 ra
462 4075 666 4136 Christi
713 4093 770 4138 et
793 4084 1072 4144 Ecclesiae
1119 4075 1488 4167 praeﬁgurata
1509 4075 1672 4169 sunt,
1729 4075 1968 4176 cognitio

365 4181 586 4238 quoque
649 4174 912 4238 uuditatis
935 4219 952 4246 ,
981 4180 1087 4238 hoc
1129 4193 1214 4242 est
1263 4199 1497 4244 naturae
1537 4174 1872 4252 sinceritatis
1895 4227 1966 4236 ——

369 4267 532 4328 alque
561 4263 683 4328 ideo
713 4283 820 4328 non
865 4271 934 4327 de
955 4273 1072 4343 ipsa
1113 4279 1538 4348 erubescebant,
1569 4286 1827 4353 quoniam
1853 4287 1966 4342 vir-

369 4355 548 4406 tutum
607 4358 848 4426 tegmina
895 4362 1282 4436 induebantur,
1325 4371 1780 4440 delectationibus
1835 4393 1964 4434 vero

369 4440 828 4508 irrationabilium
868 4465 1114 4514 motuum
1141 4463 1364 4520 omnino
1412 4466 1659 4540 absoluta
1687 4499 1757 4510 —-
1799 4487 1961 4542 quam

363 4539 643 4604 peccando
695 4547 1050 4613 perdiderant
1087 4563 1141 4608 et
1187 4557 1465 4624 perdendo
1501 4539 1960 4634 recognoverant,

1299 415 1388 471 DE
1429 415 1766 478 DIVISIONE
1803 423 2150 488 NATURAE.
2191 462 2258 474 —
2293 432 2500 490 LIBER"
2535 437 2885 504 QUARTUS.
3609 465 3718 522 858

439 515 654 574 tunicas
683 517 948 590 spoliatur
976 521 1248 594 pelliceas,
1275 531 1424 588 omni
1472 531 1844 594 imbecillitate
1879 556 2028 596 mor-

437 607 630 664 talium
669 625 958 682 corporum
988 625 1289 688 perempta,
1321 629 1377 676 et
1415 625 1683 694 nuditate,
1709 628 1760 682 id
1779 638 1864 684 est
1893 631 2021 694 sim-

433 695 676 770 plicitate
700 702 964 772 pristinae
1009 715 1259 777 naturae,
1293 723 1534 784 recepta.
1571 716 1717 780 Haec
1741 721 1928 792 igitur,
1961 732 2022 778 ut

2056 549 2108 616 Α
2137 553 2318 601 autem
2348 549 2571 606 seducta
2595 559 2712 619 est;
2739 567 2844 610 non
2869 555 3016 610 enim
3049 559 3250 624 inscius
3273 571 3535 636 peccavit,
3571 575 3720 630 ideo-

2127 655 2233 710 que
2261 641 2450 696 durius
2477 645 2658 713 puniri
2689 649 2890 702 meruit
2915 679 2982 690 -
3009 657 3218 723 apertio
3248 661 3375 716 item
3408 667 3714 738 oculorum,

2125 745 2232 801 qua
2271 748 2427 790 suam
2457 737 2762 794 nuditatem
2791 755 3180 813 cognoverant,
3211 737 3716 831 perizomatumque

2122 826 2192 899 de
2215 825 2378 884 foliis-
2405 829 2492 886 lici
2519 838 2787 904 consutio,
2823 840 2970 896 vocis
3015 842 3146 898 item
3181 846 3578 912 deambulantis
3608 825 3716 914 Do-

2119 918 2252 972 mini
2281 919 2375 976 Dei
2427 922 2480 976 in
2525 927 2778 992 paradiso
2807 933 3044 1000 auditus,
3093 938 3508 1014 amborumque,
3537 949 3710 1006 Adam

2117 1007 2367 1066 videlicet
2397 1022 2453 1068 et
2481 1017 2668 1072 llKDl‘iS
2695 1017 2832 1087 ejus,
2873 1037 2904 1076 a
2935 1023 3076 1080 facie
3133 1027 3345 1086 Domini
3377 1007 3470 1092 Dei
3496 1007 3626 1112 luga
3656 1053 3712 1098 et

2117 1102 2172 1156 in
2199 1105 2377 1164 medio
2403 1107 2534 1179 ligni
2576 1113 2884 1180 absconsio,
2916 1127 2972 1172 et
2999 1128 3180 1176 cetera
3205 1139 3376 1195 usque
3403 1133 3470 1186 ad
3521 1102 3710 1204 e;pul-

2116 1195 2324 1252 sionem
2363 1199 2602 1258 hominis
2647 1205 2716 1260 de
2753 1209 3006 1275 paradiso
3039 1213 3215 1270 :haec
3243 1221 3426 1280 omnia
3461 1224 3516 1280 in
3539 1241 3702 1295 para-

2114 1287 2234 1344 diso
2259 1304 2356 1358 per
2387 1294 2826 1364 anticipationem
2856 1295 3216 1374 praepostere.
3239 1309 3382 1368 facta
3423 1287 3703 1378 esse-divi-

2115 1396 2184 1434 na
2211 1394 2398 1440 narrat
2417 1384 2722 1456 Scriptura,
2751 1391 2876 1448 dum
2900 1395 3010 1452 sint
3035 1412 3320 1468 peccatum
3345 1421 3700 1481 consequuta.

2115 1470 2172 1527 Si
2197 1476 2340 1529 enim
2389 1480 2672 1547 paradisus
2715 1493 2797 1539 est
2847 1487 3084 1546 humana
3119 1505 3336 1565 natura,
3385 1503 3452 1558 ad
3502 1470 3699 1580 imagi-

2111 1579 2237 1620 nem
2263 1565 2358 1622 Dei
2391 1571 2634 1639 condita,
2657 1584 2714 1630 et
2741 1577 2794 1630 iu
2821 1582 3098 1652 angelicae
3123 1588 3478 1652 beatitudinis
3499 1565 3700 1671 aequia-

2111 1655 2264 1712 litate
2293 1661 2606 1732 constituta,
2654 1681 2776 1722 mox
2807 1673 3072 1742 profecto,
3103 1689 3163 1734 ut
3187 1679 3500 1744 Creatorem

2111 1751 2364 1808 deserere
2393 1755 2582 1822 voluit,
2612 1774 2678 1814 ex
2705 1761 2971 1832 dignitate
2997 1783 3130 1827 suae
3153 1785 3382 1834 naturae
3411 1779 3560 1851 lapsa
3587 1796 3704 1842 est.

2109 1840 2244 1898 Nam
2271 1853 2328 1899 et
2349 1847 2666 1918 priusquam
2690 1857 2846 1910 uxori
2871 1873 3002 1916 suae
3019 1868 3372 1935 consentiret,
3407 1840 3691 1942 superbire

2107 1934 2400 1993 inchoavit.
2441 1940 2612 1998 Porro
2657 1945 2704 2000 si
2735 1948 2938 2006 nullum
2967 1956 3203 2023 spatium
3259 1934 3520 2033 temporis
3553 1967 3694 2024 inter

2103 2026 2467 2086 conditionem
2509 2033 2679 2104 ipsius
2703 2047 2758 2092 et
2795 2039 3006 2110 lapsum
3031 2045 3219 2104 divi-na
3251 2026 3412 2108 tradit
3449 2056 3492 2098 ιο
3515 2059 3688 2115 histo-

2101 2122 2204 2190 ria,
2237 2126 2367 2194 quid
2423 2128 2567 2186 aliud
2617 2133 2776 2188 datur
2812 2136 3034 2210 intelligi
3093 2142 3410 2216 Scripturae
3451 2151 3685 2221 silentio,

2099 2215 2206 2270 nisi
2235 2217 2508 2274 hominem
2535 2237 2681 2290 mox,
2711 2235 2771 2282 ut
2807 2231 3060 2288 conditus
3093 2243 3586 2311 est,superbiisse,
3623 2263 3690 2304 ac

2097 2323 2194 2378 per
2225 2310 2326 2365 hoc
2349 2315 2659 2372 corruisse?
2677 2319 2842 2390 Cujus
2859 2323 2902 2358 ³³
2925 2325 3002 2380 rei
3027 2330 3264 2384 maxima
3287 2339 3686 2404 argumentatio

2093 2411 2182 2456 est
2208 2403 2561 2462 homicidium
2585 2409 2806 2480 diaboli,
2853 2417 2946 2485 qui
2990 2419 3254 2476 homicida
3277 2403 3391 2478 erat
3417 2429 3482 2480 ab
3505 2429 3679 2497 initio,

2095 2491 2211 2544 etin
2248 2494 2461 2550 ueritate
2483 2513 2587 2552 non
2605 2502 2748 2554 stetit
2771 2516 2790 2553 :
2813 2507 2906 2574 qui
2927 2515 2985 2561 et
3015 2507 3130 2576 ipse
3151 2512 3296 2566 nulla
3335 2531 3484 2572 mora
3509 2491 3680 2576 inter;

2093 2593 2292 2652 stante,
2331 2577 2488 2658 mox,
2543 2603 2602 2648 ut
2641 2607 3004 2668 creatusest,
3063 2604 3246 2674 lapsus
3297 2614 3678 2683 superbiendo,

2093 2693 2594 2758 consequenterque
2622 2690 2828 2746 homini
2859 2709 2982 2750 cum
3011 2708 3198 2756 creato
3233 2703 3334 2758 sibi
3367 2707 3675 2776 invidendo,

2089 2786 2324 2844 eumque
2367 2781 2597 2836 astutiae
2649 2797 2860 2841 veneno
2903 2787 3287 2848 interimendo.
3319 2795 3395 2851 De
3419 2801 3676 2868 paradiso

2087 2865 2418 2924 suﬂicienter
2447 2871 2634 2940 habes,
2667 2883 2730 2930 ut
2775 2878 3028 2934 arbitror.
3065 2883 3208 2938 DlSG.
3244 2865 3526 2944 Suﬂiceret
3558 2891 3673 2946 for-

2088 2959 2247 3022 sitan,
2278 2961 2322 3014 si
2351 2961 2593 3018 breviter
2621 2968 2688 3021 de
2723 2967 2825 3021 licu
2859 2969 2967 3036 illa,
2999 2972 3154 3042 cujus
3195 2976 3341 3032 foliis
3366 2981 3674 3039 succincto-

2086 3049 2168 3104 ria
2199 3062 2426 3108 consula
2451 3065 2594 3120 sunt,
2651 3059 2824 3129 deque
2853 3061 3068 3118 Domini
3113 3051 3208 3122 Dei
3240 3070 3672 3132 deambulatione

2085 3140 2137 3192 in
2163 3143 2414 3210 paradiso
2445 3147 2705 3216 aperires,
2735 3152 2865 3220 quid
2899 3155 3122 3210 sentias.
3167 3156 3302 3213 Nam
3335 3161 3402 3220 de
3429 3163 3672 3232 pelliceis

2085 3233 2284 3288 tunicis
2309 3237 2647 3304 praedictum
2677 3253 2784 3298 est.

2141 3345 2228 3400 21.
2251 3347 2389 3404 MAG.
2415 3351 2576 3408 Ficus
2597 3355 2684 3408 illa
2709 3357 2948 3414 divinum
2973 3359 3105 3432 legis
3135 3366 3448 3422 mandatum
3477 3372 3669 3442 primis

2075 3438 2385 3496 hominibus
2417 3444 2466 3496 in
2495 3446 2744 3516 paradiso
2771 3453 3026 3508 traditum
3055 3471 3159 3510 nou
3189 3457 3487 3532 incongrue
3515 3467 3661 3521 acci-

2071 3533 2236 3604 pitur.
2269 3535 2399 3592 Erat
2447 3548 2627 3594 autem
2672 3541 2799 3598 illud
2829 3549 3140 3604 mandatum
3173 3569 3186 3605 :
3236 3553 3314 3608 De
3354 3557 3495 3610 omni
3523 3559 3665 3630 ligno

2069 3626 2308 3696 paradisi
2357 3631 2630 3697 concedite,
2681 3633 2745 3688 de
2790 3633 2932 3706 ligno
2967 3650 3141 3694 autem
3171 3643 3419 3699 scientiae
3447 3626 3582 3702 boni—
3615 3661 3664 3704 et

2073 3715 2199 3770 mali
2253 3721 2522 3776 comedere
2574 3723 2752 3778 nolite.
2784 3725 2850 3781 Et
2891 3739 2949 3784 ut
2975 3735 3187 3788 cautius
3219 3740 3532 3796 mandatum
3569 3757 3662 3796 cu-

2071 3809 2359 3876 stodirent,
2409 3817 2891 3882 praevaricationis
2943 3826 3244 3894 periculum
3291 3847 3396 3886 non
3457 3847 3540 3888 est
3591 3837 3660 3892 ab

2071 3901 2149 3954 cis
2174 3903 2522 3959 occultatum.
2552 3905 2619 3960 In
2640 3926 2949 3982 quacunque
2974 3919 3113 3970 enim
3136 3919 3240 3986 die,
3265 3921 3458 3992 inquit,
3487 3943 3658 3980 come-

2069 3993 2250 4046 derilis
2274 4011 2337 4048 ea:
2383 4013 2466 4064 eo,
2505 4013 2671 4056 morte
2703 4007 3014 4061 moriemini.
3043 4009 3150 4065 Lex
3175 4029 3302 4084 ergo
3326 4019 3517 4086 primis
3557 4023 3655 4078 lto-

2071 4085 2305 4142 minihus
2335 4090 2387 4144 in
2427 4094 2686 4160 paradiso
2727 4098 2851 4152 data
2895 4109 2999 4167 est,
3029 4105 3182 4174 cujus
3207 4110 3368 4162 verba
3397 4114 3655 4167 memori-

2072 4188 2153 4232 ter
2181 4181 2456 4250 teuebant,
2500 4188 2644 4254 quod
2686 4203 2948 4260 responso
3005 4197 3247 4255 mulieris
3277 4206 3513 4274 serpenti
3561 4207 3630 4263 de

2067 4269 2327 4326 claratur.
2361 4274 2657 4346 Respondit
2679 4282 2822 4335 enim
2857 4301 2870 4336 :
2905 4285 2979 4339 De
3003 4287 3182 4356 fructu
3206 4269 3487 4362 lignorum,
3519 4314 3654 4367 quae

2065 4373 2184 4416 sunt
2235 4365 2290 4418 in
2315 4367 2584 4436 paradiso,
2610 4374 2885 4442 rescimur,
2915 4377 2978 4431 de
3001 4378 3178 4448 fructu
3201 4399 3317 4438 vero
3342 4385 3491 4456 ligni,
3515 4389 3657 4460 quod

2066 4465 2140 4509 est
2171 4457 2224 4510 in
2247 4459 2418 4514 medio
2448 4464 2708 4532 paradisi,
2738 4472 3000 4540 praecepit
3032 4473 3178 4528 nobis
3209 4475 3370 4544 Deus,
3395 4497 3458 4534 ne
3483 4498 3651 4540 come--

2065 4545 2325 4613 deremus,
2373 4559 2419 4603 et
2451 4568 2514 4604 ne
2539 4563 2868 4626 tanget-emas
2913 4559 3070 4635 illud,
3095 4579 3157 4616 ne
3181 4563 3314 4634 forte
3341 4573 3651 4628 moriamur.

367 4624 528 4686 [anu
555 4633 686 4690 item
713 4639 737 4670 ι
763 4641 948 4698 suasio
999 4649 1288 4715 “meum,
1319 4661 1374 4706 et
1403 4624 1957 4720 subdola:lnuﬁel.is_'
1988 4664 2038 4724 Β
2065 4635 2230 4706 Cujus
2287 4639 2419 4709 legis
2468 4645 2630 4698 verba
2694 4646 2834 4702 male
2897 4649 3286 4724 interpretatus
3358 4669 3439 4715 est
3501 4663 3648 4719 colu-

362 4733 470 4786 que
491 4738 618 4778 cum
662 4741 916 4799 serpente
961 4734 1258 4805 disputatio
1295 4751 1460 4812 atque
1503 4747 1765 4814 seductio,
1797 4765 1862 4804 ac
1885 4752 1953 4806 de

361 4809 544 4870 fructu
586 4820 740 4876 vetiti
771 4823 904 4893 ligni
936 4825 1132 4884 .illicita
1177 4809 1496 4904 assumptio,
1549 4809 1836 4910 letilerque'
1855 4858 1953 4912 gu-

361 4911 504 4968 stus,
526 4909 628 4964 viri
653 4927 868 4986 quoque
897 4933 1198 4982 consensus
1225 4933 1279 4978 et
1317 4941 1476 4984 casus
1501 4943 1608 4986 non
1631 4909 1948 5000 ignei-auiis,

359 4996 462 5049 sed
509 4996 626 5054 leve
665 5017 948 5072 peccatum
979 5014 1350 5074 existimantis
1389 5020 1580 5076 unicae
1619 5035 1749 5078 suae
1795 5026 1950 5084 uxori

355 5088 674 5152 consentire
691 5121 756 5136 --
795 5096 970 5162 Adam
1013 5105 1162 5164 enim
1187 5121 1297 5166 non
1331 5118 1416 5168 est
1445 5112 1724 5180 seductus,
1753 5116 1950 5174 mulier

2063 4733 2182 4800 ber,
2221 4744 2278 4790 ut
2303 4737 2478 4808 primo
2503 4741 2806 4811 mulierem,
2836 4745 2890 4802 id
2913 4757 2996 4804 est
3024 4765 3240 4809 sensum
3277 4757 3556 4815 seducet-et
3585 4761 3649 4830 ι’,

2063 4839 2118 4884 ut
2165 4847 2263 4902 per
2299 4849 2422 4894 eum
2449 4837 2516 4892 ad
2558 4839 2757 4906 virum,
2783 4841 2850 4900 ad
2893 4846 3132 4901 animum
3171 4851 3440 4920 videlicet,
3477 4855 3646 4911 habe-

2062 4932 2145 4978 ret
2183 4940 2484 4984 accessum.
2543 4930 2740 4990 Veram
2783 4945 2962 4994 autem
3002 4949 3057 4994 et
3097 4941 3430 5000 salutiferam
3478 4949 3648 5002 divini

2061 5021 2302 5076 mandati
2329 5021 2694 5082 dissimulavit
2734 5030 3012 5086 virtutem.
3056 5032 3228 5098 Quam
3259 5037 3304 5092 si
3335 5039 3529 5094 mulier
3556 5041 3647 5096 illa
3685 5115 3700 5132 ν

2059 5123 2427 5184 cognosceret,
2451 5117 2731 5192 deligeret,
2755 5134 3057 5193 vereretur,
3079 5125 3455 5197 nonIfortassis
3476 5147 3508 5188 a
3530 5149 3647 5188 ser-

1639 5251 1898 5310 VARIAE
1934 5255 2339 5317 LEC'I'IONES.

427 5347 445 5378 ¹
476 5345 570 5403 Sic
599 5345 727 5422 CF;
755 5352 802 5406 A
848 5355 1088 5414 historia.
1185 5363 1206 5395 '
1230 5373 1306 5420 est
1342 5381 1450 5422 om.
1485 5368 1550 5421 A.

1647 5367 1668 5401 ³
1692 5369 1736 5423 Α
1783 5371 1837 5424 in
1872 5372 2078 5429 deliciis
2126 5377 2212 5430 sit.
2273 5377 2384 5454 _‘_A
2415 5375 2630 5454 Graece.
2695 5381 2732 5454 _'
2757 5380 2844 5437 CF
2871 5380 3248 5454 Euangelistes.

3337 5387 3358 5418 °
3399 5387 3492 5444 Sic
3519 5389 3603 5446 CF
3627 5435 3644 5461 ,

1692 5417 1736 5423 -_
1783 5417 1837 5424 ---
1874 5417 2078 5429 και-,νην
2126 5417 2212 5430 ...η
2339 5417 2384 5430 .-
2416 5417 2630 5433 υ-υινυο.
2758 5417 2833 5437 ul;
2871 5417 3024 5438 uuuu
3057 5417 3248 5439 ususca-
3399 5417 3492 5444 DIU
3519 5417 3591 5446 ιιι*

351 5417 396 5472 Δ
423 5427 515 5474 aut
531 5421 804 5541 .atmilillos
829 5441 994 5484 verae
1019 5433 1108 5502 qui
1129 5417 1529 5494 testiﬁcanti;
1538 5417 1719 5496 testes
1745 5452 1890 5508 sunt,
1915 5456 2247 5528 resurgeret.
2273 5447 2509 5528 Thomas
2534 5449 2664 5506 Gale
2683 5450 2870 5534 locum
2897 5453 2976 5534 sic
2999 5417 3256 5525 raperere
3277 5469 3505 5541 conatus
3529 5435 3644 5519 est:

351 5497 442 5541 at“
477 5499 596 5541 αηεε
619 5493 636 5541 ί
679 5510 758 5541 08-
791 5499 884 5541 mu'
919 5516 1070 5541 mn)
1095 5509 1490 5541 νοουιηωρθὸιηιί.
1543 5521 1694 5541 lania.
1743 5523 1858 5541 ...υ-ι
1928 5531 2275 5541 ----.....-..----
2337 5535 2634 5541 ___.---_----_--
2741 5540 2750 5541 κ
2773 5539 2782 5541 Α
2877 5539 2907 5541 _,

1693 5491 1715 5496 η
1745 5491 1890 5508 _..---,
1921 5491 2066 5500 --.η--
2113 5491 2160 5502 -ι
2176 5491 2247 5504 νιν-
2281 5491 2509 5504 annuus-ua
2536 5491 2664 5506 νυιιν
2693 5491 2870 5508 ινυιιιιι
2897 5491 2976 5510 σιν
2999 5491 3060 5508 ιν
3099 5491 3256 5510 una“;
3277 5491 3505 5516 “suasua
3529 5491 3644 5519 τδι.

347 5497 442 5542 ακε
477 5499 596 5556 “ille
619 5491 759 5559 ἔασε.
791 5491 1694 5594 φαὶ,υξτάιηςςιαννεσιίοηίἷίἆῖὲε
1740 5523 1881 5580 sunt,
1927 5491 2296 5594 resurzexisse,
2333 5521 2638 5594 priusquam
2673 5523 2814 5594 ipse,
2863 5523 3016 5594 cujus
3061 5491 3438 5590 Ιἷτκιιιτριὶοηὰς
3491 5543 3646 5588 resres

349 5569 467 5594 nun!
513 5576 806 5594 anna-antu.-.
992 5572 1036 5594 ε-
1127 5590 1134 5594 .
1218 5577 1234 5594 Α
1424 5593 1428 5594 ,
1813 5585 1825 5594 .

343 5569 490 5652 tam,
513 5576 825 5652 resurgeret.
867 5569 1176 5652 :_Sie_CE;
1205 5577 1252 5652 ᾼ
1277 5593 1620 5652 sequensque
1641 5599 1762 5640 eum
1791 5569 2077 5643 dormitus.

349 5627 390 5665 ³¹
422 5630 462 5684 Δ
489 5635 597 5689 cui.
665 5627 722 5668 ³³
745 5635 841 5694 Sic
861 5638 950 5698 CF
975 5660 992 5712 ;
1018 5627 1391 5718 AwdeW;

2164 5588 2185 5620 ⁸
2215 5587 2310 5648 Sic
2333 5587 2418 5648 CF
2441 5608 2458 5657 ;
2487 5587 2531 5646 Α
2555 5587 2806 5662 cognitio.
2869 5595 2890 5627 '
2911 5587 2960 5650 Ᾰ
2988 5603 3188 5654 autem.
3255 5587 3307 5632 1°
3331 5601 3378 5664 ᾼ
3400 5587 3643 5658 tradidit.

1839 5725 2091 5786 NOTAE.

421 5827 446 5854 ιι
477 5817 915 5902 Εηὴθκ-θωριψη,
945 5825 1114 5902 quam
1161 5833 1466 5902 petulanter
1515 5835 1562 5891 Ι.
1618 5839 1814 5898 Scotus
1853 5858 1940 5898 sa-

345 5900 501 5942 cram
541 5887 882 5959 Scriptorum
905 5887 996 5956 ad
1029 5887 1184 5959 suam
1207 5887 1562 5964 sententiam
1599 5887 1935 5986 deleri-lueet.

2049 5845 2198 5903 Alios
2222 5847 2372 5930 locos
2397 5851 2630 5922 scriptor
2654 5858 3127 5918 commentationis
3161 5860 3226 5918 de
3243 5863 3449 5922 Joanne
3479 5865 3644 5928 Secta

2051 5932 2338 5990 congessnt.
