4212 6272
646 417 753 474 839

2028 412 2308 470 JOANNIS
2346 412 2543 473 SCOTl

3839 425 3953 483 840

642 542 803 603 pente
825 532 1203 596 seduceretur,
1236 542 1336 585 nec
1360 529 1539 585 virum
1598 544 1757 586 suum
1807 530 2129 597 attraheret,
2179 539 2238 586 ut
2263 535 2317 595 Α
2340 530 2635 602 quentpiam
2663 544 3026 601 persuasorem
3050 531 3225 602 prodit
3248 531 3463 588 erroris.
3503 531 3574 589 Et
3604 534 3670 591 de
3708 533 3757 572 ⁸⁸
3801 538 3951 596 Scri-

641 627 979 697 perderetur,
1017 637 1116 678 nec
1153 623 1221 677 de
1250 621 1394 677 foliis
1416 622 1529 688 fici,
1560 623 1664 678 hoc
1692 631 1797 691 est,
1826 624 1892 678 de
1929 623 2112 678 verbis
2157 637 2242 678 so-

642 715 918 770 lummodo
944 713 1183 769 mandati
1210 713 1570 768 succinctoria
1601 713 1701 768 sibi
1733 720 2081 779 consuerent,
2106 727 2235 768 con-

639 823 805 879 gruos
816 806 1069 862 videlicet
1089 811 1107 841 ι
1132 804 1419 860 desideriis
1441 804 1624 860 carnis
1645 804 2048 876 mortiferisque
2072 806 2239 875 turpi-

638 900 916 955 tudinibus
945 899 1057 953 suis
1082 912 1233 961 usus,
1261 897 1354 951 sed
1384 896 1449 950 de
1481 895 1661 950 fructu
1694 896 1837 952 illius
1859 937 1874 962 ,
1903 896 2007 953 hoc
2031 904 2145 962 est,
2171 898 2238 951 de

635 1007 764 1047 vera
789 990 1048 1061 vitalique
1077 988 1292 1044 divinae
1315 987 1449 1058 legis
1473 986 1675 1042 virtute
1698 996 1859 1058 atque
1884 987 2238 1059 intelligentia

637 1094 936 1151 sumerent,
960 1084 1334 1148 comederent,
1360 1090 1414 1137 et
1437 1081 1490 1136 in
1520 1091 1741 1136 aeterna
1773 1080 2036 1137 felicitate
2082 1081 2237 1136 vive-

633 1190 777 1238 rent.
814 1181 929 1235 Lex
977 1181 1160 1249 itaque
1207 1177 1390 1232 divina
1444 1186 1703 1245 perverse
1746 1171 2127 1242 interpretata,
2184 1181 2239 1226 et

608 1273 935 1330 secundum
962 1266 1130 1326 solam
1176 1267 1412 1322 litteram
1462 1262 1827 1327 considerata,
1874 1261 2236 1331 humanisque

632 1383 732 1422 seu
765 1364 1048 1421 diabolicis
1073 1357 1555 1432 superstitionibus
1596 1362 1874 1423 corrupta,
1922 1352 2234 1408 carnalibus

633 1453 1094 1527 concupiscentiis
1138 1459 1222 1506 est
1255 1462 1516 1519 congrua,
1541 1454 1597 1500 et
1631 1443 2096 1500 irrationabilibus
2126 1457 2238 1498 mo-

632 1549 777 1602 tibus
808 1545 1163 1615 perizomata,
1192 1540 1356 1595 veluti
1400 1535 1725 1608 quibusdam
1775 1533 1916 1590 foliis
1960 1533 2231 1599 inanibus,

631 1642 891 1711 omnique
927 1639 1126 1693 virtute
1162 1649 1227 1690 ac
1254 1649 1384 1690 vero
1414 1631 1693 1687 intellectu
1718 1630 1904 1686 vacuis
1940 1631 1962 1662 ²
1992 1634 2235 1698 praestat

629 1741 884 1798 consula,
906 1733 1047 1788 bene
1082 1744 1214 1785 vero
1241 1737 1297 1783 et
1326 1724 1682 1797 spiritualiter
1722 1723 2021 1788 intellecta,
2051 1720 2230 1776 omni—

633 1840 742 1895 que
759 1822 962 1880 carnali
992 1836 1154 1877 sensu
1185 1836 1250 1875 ac
1280 1817 1670 1889 superstitione
1707 1824 1955 1887 purgata,
1985 1811 2234 1870 salutife-

2341 623 2510 693 pturis
2531 622 2723 677 divinis
2745 622 3044 693 frequenter
3064 621 3254 693 promit
3281 623 3541 697 exempla,
3563 627 3755 697 quibus
3769 629 3950 700 justas

2347 712 2395 745 ί*
2421 715 2477 769 in
2498 712 2708 784 culpam
2725 713 2957 784 perhibet
2987 714 3254 781 incidisse,
3287 715 3488 783 dicens,
3515 719 3563 771 si
3585 718 3722 787 forte
3754 721 3813 775 in
3834 732 3949 778 stu-

2340 806 2450 875 pris
2478 805 2596 876 quis
2624 804 2670 837 ¹⁸
2702 804 2862 875 fuerit
2887 805 3258 875 deprehensus,
3291 816 3338 860 et
3379 806 3650 863 Abraham
3684 826 3805 867 cum
3844 830 3947 869 an-

2340 895 2465 952 cilla
2491 898 2800 969 procubuit,
2838 907 2887 952 et
2929 896 3101 953 David
3150 898 3381 953 alienam
3430 901 3701 957 adamavit
3747 916 3799 959 et
3843 908 3947 962 sibi

2324 989 2521 1044 ascivit
2564 1006 2802 1045 uxorem.
2831 990 3011 1045 Assuit
3054 990 3193 1045 enim
3224 992 3483 1063 quaedam
3515 994 3649 1063 folia
3681 996 3745 1062 “,
3783 1014 3945 1069 quae-

2338 1084 2460 1137 dam
2490 1084 2727 1155 exempla
2758 1090 2823 1139 de
2862 1085 3284 1155 propheticarum
3330 1089 3465 1142 serie
3515 1087 3937 1161 Scripturarum,

2339 1174 2567 1244 fructum
2593 1192 2775 1230 earum
2799 1190 2903 1229 non
2921 1184 3069 1245 putat
3103 1178 3145 1209 "
3181 1177 3569 1248 requirendum.
3612 1179 3805 1237 Nonne
3843 1185 3940 1239 tibi

2337 1273 2579 1328 uidentur
2599 1275 2755 1328 etiam
2783 1274 2978 1329 Judaei
3008 1273 3138 1344 folia
3181 1290 3413 1341 assuere,
3443 1275 3571 1330 dum
3616 1277 3744 1348 legis
3787 1280 3935 1349 spiri-

2338 1363 2497 1418 tualis
2531 1364 2686 1418 verba
2711 1364 3055 1434 corporaliter
3080 1360 3536 1435 interpretantur?
3579 1364 3821 1433 Quorum
3853 1371 3933 1425 in-

2337 1454 2635 1522 terpretatio
2658 1452 2890 1521 fructum
2911 1470 3115 1509 omnem
3138 1454 3420 1511 uiriditatis
3443 1456 3656 1523 amittit,
3681 1459 3932 1516 damnata

2335 1542 2617 1597 maledicto
2642 1543 2905 1598 ariditatis
2939 1554 3204 1600 aeternae.
3236 1545 3389 1601 Bona
3416 1547 3580 1617 igitur
3620 1551 3929 1622 interpreta-

2335 1631 2551 1697 tio,hoc
2575 1641 2671 1699 est,
2714 1633 3007 1703 spiritualis
3043 1634 3177 1703 ﬁcus
3216 1646 3291 1689 est
3334 1636 3630 1706 fructuosa,
3678 1641 3774 1694 sub
3827 1660 3930 1713 qua

2325 1724 2466 1795 justi
2493 1724 2764 1794 sanctique
2785 1725 3144 1795 requiescunt,
3182 1742 3342 1797 quam
3386 1728 3476 1797 qui
3520 1727 3829 1798 plantaverit
3877 1734 3929 1787 in

2332 1816 2522 1871 animis
2555 1817 2916 1888 singulorum,
2946 1830 3079 1873 sicut
3110 1816 3314 1875 Paulus
3358 1822 3477 1877 ait:
3519 1822 3635 1895 Ego
3674 1826 3924 1896 plantam“,

628 1934 751 1973 rum
778 1918 1116 1986 vitalemque
1141 1912 1573 1977 comedentibus,
1598 1912 1701 1966 hoc
1725 1919 1830 1975 cst,
1859 1918 2007 1965 recte
2032 1923 2226 1964 secun—
2254 1917 2301 1978 B
2334 1908 2517 1979 Apollo
2577 1911 2799 1979 rigavit,
2845 1911 3185 1966 manducabit
3246 1929 3312 1967 ea:
3362 1930 3425 1969 ea
3476 1915 3730 1984 fructum.
3782 1918 3926 1974 Mala

629 2012 759 2064 dum
788 2008 1039 2080 spiritum
1076 2004 1498 2072 iutelligentibus
1538 2018 1656 2057 eam
1711 2000 2006 2056 fructiﬁcat
2045 2015 2222 2056 esum.

629 2100 709 2157 De
747 2113 855 2167 quo
884 2096 1045 2168 primi
1102 2095 1351 2149 homines
1400 2092 1684 2148 comedere
1731 2090 1993 2157 nolentes,
2034 2090 2155 2161 plus
2202 2089 2223 2120 ³

628 2189 906 2260 falsiloqui
933 2185 1204 2256 serpentis
1255 2181 1693 2253 interpretationi
1755 2182 2061 2246 credentes,
2114 2193 2222 2235 non

623 2280 862 2337 fructum
890 2278 1077 2349 legalis
1110 2274 1197 2330 ﬁci
1228 2275 1282 2329 in
1313 2288 1470 2329 usum
1498 2273 1720 2344 spiritus
1752 2278 2103 2342 acceperunt,
2127 2269 2225 2327 sed

625 2359 759 2428 folia
785 2370 968 2426 inania
992 2367 1309 2441 fraudisque
1346 2365 1526 2437 plena,
1554 2363 1667 2420 sola
1710 2362 1961 2417 videlicet
2013 2363 2179 2418 verba
2203 2401 2220 2426 ,

626 2463 893 2520 diabolica
916 2460 1117 2517 astutia
1148 2473 1414 2523 connexa,
1439 2455 1638 2526 quibus
1680 2469 1901 2508 suarum
1940 2452 2219 2508 libidinum

625 2554 987 2626 turpitudines
1012 2550 1295 2625 cooperire
1316 2548 1578 2606 valerent.
1605 2546 1717 2602 Hoc
1747 2555 1928 2602 autem
1958 2545 2215 2611 dicimus,

623 2655 870 2703 sanctum
895 2643 1244 2700 Ambrosium
1270 2648 1577 2711 sequentes,
1608 2639 1700 2710 qui
1728 2638 2028 2709 praefatam
2057 2638 2218 2693 ficum

624 2738 683 2793 in
735 2735 873 2812 libro
921 2735 987 2790 de
1028 2731 1289 2789 Paradiso
1338 2732 1559 2801 exponit
1617 2731 1803 2786 dicens
1855 2729 2218 2794 :Assuerunt,

620 2829 799 2899 inquit
835 2828 882 2895 ⁸,
918 2827 1049 2897 folia
1100 2827 1253 2896 ﬁcus,
1301 2836 1350 2881 et
1413 2824 1643 2895 fecerunt
1698 2824 1798 2879 sibi
1847 2823 2219 2879 succinctoria.

622 2920 815 2974 Ficum
835 2919 936 2973 hoc
965 2918 1078 2973 loco
1104 2933 1198 2988 pro
1227 2934 1333 2988 qua
1353 2919 1521 2988 specie
1545 2916 1789 2972 debemus
1815 2915 2067 2984 accipere,
2092 2913 2221 2968 divi-

619 3026 813 3064 narum
834 3024 929 3064 nos
962 3002 1111 3062 docei
1138 3007 1297 3062 series
1323 3007 1625 3071 lectionum,
1653 3004 2076 3076 quandoquidem
2107 3000 2220 3055 sal-

620 3119 711 3159 vos
740 3100 977 3172 esse,qui
997 3098 1092 3155 sub
1118 3100 1221 3153 uite
1242 3106 1290 3154 et
1310 3098 1419 3167 ﬁcu
1442 3084 1788 3169 requiescunt,
1813 3093 2092 3166 Scriptura
2113 3108 2219 3147 nte-

619 3194 925 3260 moraverit,
949 3202 996 3247 et
1034 3190 1293 3248 Salomon
1335 3189 1577 3244 dixerit:
1615 3186 1747 3254 Quis
1792 3186 1995 3257 plantat
2036 3185 2214 3253 ﬁcum,

2330 2010 2502 2054 autent
2531 2001 2890 2071 interpretatio
2921 2001 3155 2071 fructum
3184 2001 3345 2072 ferre,
3373 2006 3803 2076 viriditatemque
3822 2025 3926 2063 ser-

2326 2109 2448 2147 uare
2474 2109 2577 2147 non
2596 2094 2806 2164 poterit.
2836 2093 2990 2159 Quod
3012 2096 3176 2165 igitur
3196 2090 3408 2166 gravius
3436 2109 3530 2166 est,
3558 2101 3659 2155 hac
3677 2119 3735 2157 se
3751 2101 3924 2156 Adam

2326 2182 2757 2255 interpretatione
2803 2186 3061 2240 succinxit
3102 2203 3162 2241 eo
3217 2185 3351 2255 loco,
3396 2190 3484 2244 ubi
3528 2188 3706 2261 fructu
3753 2196 3925 2265 magis

2327 2275 2579 2330 castitatis
2610 2293 2664 2330 se
2691 2276 2992 2347 succingere
3017 2278 3192 2331 debuit
3222 2276 3287 2332 ⁸⁸.
3316 2279 3524 2336 Audisti
3572 2283 3919 2340 Ambrosium

2326 2366 2391 2422 dc
2412 2368 2517 2422 flcu
2543 2382 2558 2421 :
2583 2367 2707 2422 audi
2731 2369 2895 2424 etiam
2923 2369 2964 2400 "
2979 2369 3209 2425 eundem
3230 2370 3297 2426 dc
3317 2369 3530 2428 Domini
3548 2374 3647 2430 Dei
3669 2376 3919 2433 deambu-

2323 2456 2526 2513 latione
2552 2457 2604 2513 in
2650 2458 2921 2526 paradiso,
2954 2459 3187 2515 humana
3220 2461 3470 2518 videlicet
3513 2473 3729 2534 natura,
3760 2482 3912 2538 quam

2326 2548 2393 2603 ad
2424 2548 2716 2619 imaginem
2757 2563 2910 2604 suam
2939 2550 3213 2618 condidit,
3245 2567 3411 2623 quam
3439 2570 3714 2625 nunquam
3762 2557 3913 2614 desc-

2326 2641 2457 2706 ruit,
2484 2656 2658 2711 neque
2683 2642 2865 2713 perire
2891 2643 3169 2713 permisit,
3201 2644 3255 2699 in
3286 2660 3392 2717 qua
3420 2661 3638 2719 semper
3661 2650 3915 2709 deambu-

2321 2734 2469 2789 labat
2493 2736 2537 2767 ²⁰
2562 2735 2773 2792 occulte
2801 2751 2865 2791 ac
2890 2737 3264 2807 spiritualitcr,
3290 2750 3545 2798 scrutans
3589 2744 3750 2798 corda
3794 2745 3910 2800 sin-

2321 2826 2567 2898 gulorum
2596 2836 2652 2882 et
2680 2841 2859 2895 renes,
2894 2827 3329 2900 intelligibiliquc
3358 2846 3491 2887 voce
3517 2847 3706 2888 causas
3751 2848 3907 2904 prae-

2319 2916 2667 2973 varicationis
2710 2917 3158 2988 interrogans,ct
3194 2920 3315 2991 plus
3366 2922 3790 2979 misericorditer
3833 2924 3908 2979 iu-

2319 3022 2552 3079 crepans
2584 3016 2639 3063 et
2666 3008 2970 3079 corrigens,
3000 3024 3162 3079 quam
3181 3008 3327 3079 juste
3352 3011 3637 3069 ulciscens.
3666 3014 3756 3068 Ait
3784 3029 3907 3086 ergo

2318 3097 2595 3171 praefatus
2647 3098 2911 3169 magister
2959 3119 2972 3155 :
3027 3101 3097 3155 Et
3151 3103 3433 3158 audierunt
3483 3120 3657 3161 vocem
3701 3105 3906 3161 Domini

2318 3191 2702 3246 deambulantis
2732 3192 2801 3247 ad
2829 3209 3114 3264 vesperam.
3163 3195 3304 3262 Quid
3353 3198 3399 3229 “
3426 3206 3501 3252 est
3559 3199 3902 3253 deambulatio

619 3296 667 3341 ει
711 3285 776 3339 de
830 3284 1007 3353 fructu
1062 3281 1176 3351 ejus
1215 3296 1321 3334 non
1345 3278 1627 3333 manducat
1672 3278 1717 3342 ⁵,
1760 3284 1807 3329 ει
1857 3274 2112 3329 Dominus
2143 3272 2212 3327 ad
2240 3285 2286 3349 C
2317 3281 2462 3336 illius
2487 3282 2552 3346 “,
2567 3283 2657 3353 qui
2680 3281 2873 3354 ubique
2891 3300 3091 3356 semper
3117 3295 3191 3340 est
3210 3286 3235 3340 ?
3257 3284 3361 3342 Sed
3380 3289 3906 3358 puto,deambulatio-

619 3378 780 3447 ﬁcum
803 3364 1017 3436 venerit,
1047 3372 1136 3427 sed
1155 3371 1274 3424 ideo
1302 3371 1366 3424 sit
1392 3369 1413 3400 ⁸
1444 3369 1695 3438 o/fensus,
1733 3367 1857 3436 quia
1889 3382 1993 3419 non
2018 3365 2222 3419 itwene-

618 3470 689 3522 rit
718 3467 973 3534 fructum,
999 3464 1089 3517 sed
1123 3460 1251 3529 {alia
1275 3469 1500 3514 tantum.
1532 3458 1691 3513 Docet
1739 3474 1819 3512 me
1855 3474 1976 3528 ergo
2025 3456 2218 3522 Adam,

618 3574 753 3630 quae
780 3557 883 3610 sint
911 3555 931 3585 "
962 3553 1115 3623 folia,
1157 3552 1272 3621 qui,
1306 3560 1644 3621 posteaquam
1676 3550 1921 3619 peccavit,
1966 3547 2030 3601 de
2076 3547 2218 3616 foliis

618 3650 706 3720 ﬁci
744 3647 864 3716 fecit
898 3646 1000 3701 sibi
1055 3645 1076 3675 ⁸
1115 3643 1495 3710 succincloria,
1541 3643 1632 3712 qui
1684 3641 1748 3695 de
1803 3641 2058 3711 fructibus
2104 3639 2217 3709 ejus

618 3742 787 3809 magis
811 3748 1022 3811 gustare
1060 3736 1315 3792 debuerit.
1359 3736 1546 3791 Justus
1591 3735 1822 3805 fructum
1864 3734 2041 3805 eligit,
2088 3733 2218 3804 folia

619 3841 881 3903 peccator.
946 3829 1087 3897 Quid
1141 3837 1217 3883 est
1265 3826 1530 3895 Fructus,
1582 3827 1785 3899 fructus
1850 3827 2017 3898 inquit
2074 3826 2216 3897 Apo-

617 3924 786 3981 stolus
816 3933 864 3990 ο,
899 3924 1118 3994 spiritus
1171 3930 1246 3977 est
1304 3922 1523 3988 caritas,
1562 3922 1836 3993 gaudium,
1864 3937 1989 3992 pax,
2015 3922 2219 3991 patien-

616 4025 710 4077 tta.
767 4015 1083 4085 benignitas,
1126 4011 1406 4076 modestia,
1464 4012 1805 4078 continentia,
1838 4010 2069 4065 dilectio.
2097 4010 2214 4065 Non

615 4108 837 4163 habebat
868 4108 1100 4178 fructum
1119 4146 1134 4173 ,
1164 4108 1253 4178 qui
1281 4105 1534 4178 gaudium
1559 4122 1662 4159 non
1682 4102 1940 4168 habebat;
1983 4119 2087 4157 non
2126 4102 2217 4156 ha-

615 4201 765 4256 bebat
792 4201 974 4267 ﬁdem,
1000 4201 1090 4271 qui
1120 4200 1581 4271 praevaricatum“
1606 4206 1716 4251 erat
1745 4196 2058 4249 mandatum
2082 4192 2213 4259 Dei;

618 4312 721 4349 non
761 4294 984 4349 habebat
1014 4294 1407 4355 continentiam,
1432 4292 1522 4361 qui
1551 4289 1828 4345 interdicto
1849 4288 1948 4342 sibi
1977 4274 2217 4358 gustare-

617 4388 885 4459 ratligno.
939 4386 1079 4457 Ergo
1119 4387 1415 4456 quicunque
1459 4382 1855 4453 praeuaricatur
1903 4381 2213 4436 mandatum

615 4479 738 4544 Dei,
762 4478 1021 4547 spoliatur
1042 4486 1198 4546 atque
1228 4476 1494 4542 nudatur,
1526 4485 1574 4528 et
1615 4472 1675 4541 ﬁt
1726 4472 1834 4542 ipse
1877 4471 1976 4524 sibi
2020 4471 2208 4541 turpis,

612 4569 724 4623 uult
754 4584 809 4622 se
839 4566 1040 4636 operire
1066 4566 1379 4636 quibusdam
1402 4565 1542 4634 {aliis
1563 4564 1720 4633 ﬁcus,
1742 4563 1967 4633 fortasse
1990 4563 2206 4635 quibus~

2324 3393 2439 3430 nem
2465 3377 2733 3448 quandam
2762 3394 2873 3432 esse
2898 3377 2994 3433 Dei
3021 3396 3113 3449 per
3140 3379 3438 3435 divinarum
3465 3383 3652 3437 seriem
3675 3381 3905 3455 Scriptu-

2324 3481 2541 3533 rarum,
2562 3466 2615 3520 in
2637 3466 2825 3537 quibus
2853 3468 3115 3537 quaedam
3168 3468 3267 3523 Dei
3309 3480 3547 3525 versatur
3589 3473 3905 3543 praesentia,

2321 3572 2437 3612 cum
2473 3558 2740 3623 audimus,
2763 3560 2888 3628 quia
2909 3559 3019 3629 ipse
3038 3560 3221 3631 aspicit
3249 3562 3446 3629 omnia,
3470 3572 3517 3617 et
3538 3563 3678 3618 oculi
3702 3563 3906 3618 Domini

2320 3655 2443 3702 sunt
2470 3646 2515 3679 ³³
2538 3663 2696 3716 super
2707 3647 2908 3717 justas,
2932 3663 3051 3702 cum
3076 3648 3315 3720 legimus,
3347 3652 3472 3721 quia
3517 3649 3675 3707 Iesus
3718 3651 3906 3705 sciebat

2320 3738 2659 3807 cogitationes
2709 3751 2888 3791 eorum
2916 3777 2931 3803 ,
2990 3754 3109 3792 cum
3162 3738 3381 3811 legimus
3414 3759 3434 3798 :
3482 3739 3622 3808 Quid
3667 3742 3907 3812 cogitatis

2320 3829 2463 3884 mala
2479 3828 2528 3862 “
2554 3830 2607 3883 in
2638 3829 2882 3883 cordibus
2919 3830 3308 3903 vestrisI’Ergo
3348 3833 3474 3888 dum
3515 3834 3644 3889 haec
3681 3849 3907 3889 recense-

2319 3935 2458 3984 mus,
2477 3919 2630 3989 quasi
2651 3917 3041 3973 deambulanti:
3069 3924 3426 3993 cognoscimus
3457 3923 3677 3980 Domini
3714 3940 3899 3980 vocem.

2321 4007 2557 4079 Fugerat
2599 4024 2720 4081 ergo
2748 4008 2797 4061 9⁵
2823 4021 3085 4080 peccator,
3130 4029 3234 4068 non
3262 4031 3363 4086 quo
3401 4014 3503 4070 Dei
3535 4026 3708 4087 posset
3748 4017 3906 4072 latere

2319 4113 2668 4173 conspectum,
2689 4104 2780 4157 sed
2816 4104 2957 4158 intra
2978 4104 3348 4159 conscientiam
3368 4122 3521 4160 suam
3549 4106 3710 4162 latere
3736 4110 3906 4179 cupisb

2319 4193 2429 4259 bat,
2459 4210 2614 4264 opera
2632 4209 2739 4248 'sua
2765 4193 2938 4249 lucere
2971 4193 3197 4250 nolebat.
3225 4193 3257 4249 ,Ι
3266 4196 3370 4250 usti
3399 4196 3537 4249 enim
3571 4208 3650 4251 est
3676 4197 3812 4267 facie
3837 4196 3905 4251 ad

2318 4284 2507 4353 faciem
2532 4284 2730 4352 videre,
2775 4287 2900 4356 quia
2936 4285 3074 4356 justi
3118 4302 3264 4341 mens
3302 4285 3350 4321 ⁸⁸
3381 4303 3486 4343 non
3513 4288 3683 4343 solum
3729 4288 3835 4343 Deo
3859 4289 3904 4320 "

2315 4392 2559 4446 praesens
2605 4388 2701 4444 est,
2751 4378 2843 4433 sed
2903 4379 3062 4433 etiam
3123 4395 3241 4433 cum
3307 4378 3417 4434 Deo
3480 4381 3736 4452 disputat,
3774 4382 3903 4436 sicut

2315 4465 2573 4536 scriptum
2620 4477 2694 4522 est
2742 4484 2761 4521 :
2826 4467 3075 4523 ludicate
3121 4468 3354 4540 pupillo,
3402 4479 3450 4525 et
3491 4472 3783 4542 justi/irate
3827 4472 3901 4525 vi-

2314 4560 2497 4625 duam,
2538 4568 2587 4614 et
2640 4548 2806 4615 venite
2860 4571 2908 4615 et
2951 4561 2999 4593 ⁸⁸
3055 4562 3401 4632 disputemus,
3447 4562 3574 4618 dicit
3630 4564 3899 4619 Dominus.

613 4661 740 4713 dam
774 4656 1018 4711 inanibus
1044 4655 1119 4711 vel
1148 4655 1514 4710 umbratilibus
1540 4654 1886 4722 sermonibus,
1906 4671 2035 4725 quos
2065 4670 2204 4709 com-
2234 4660 2284 4720 1)
2311 4650 2454 4721 Ergo
2526 4667 2644 4705 cum
2715 4653 2837 4724 legit
2893 4663 3137 4723 peccator
3202 4653 3507 4727 Scripturas
3567 4658 3773 4713 divinas
3824 4659 3900 4724 ”,

569 4790 575 4803 ε
613 4751 798 4822 positis
825 4748 1089 4803 mandatis
1115 4764 1362 4815 assuens,
1394 4757 1441 4802 et
1470 4747 1679 4802 verbum
1709 4748 1773 4803 de
1799 4748 1950 4803 verbo
1976 4756 2203 4813 struens,

560 4914 563 4920 ι
612 4844 683 4900 ad
706 4841 1039 4914 operiendam
1058 4842 1402 4896 conscientiae
1428 4840 1610 4896 “suae
1630 4841 1816 4897 mentis
1838 4839 2068 4910 factique
2091 4849 2208 4893 tur-

560 4976 561 4979 η
611 4936 904 5007 pitudinent
939 4933 1169 4991 uelamen
1205 4944 1447 5006 peccator
1483 4935 1692 5002 intexit,
1720 4927 1775 4987 ut
1814 4932 2060 5002 pudenda
2105 4947 2203 4983 sua

548 5051 571 5075 ο
614 5037 870 5098 contegat.
897 5026 986 5082 Ita
1008 5027 1145 5082 enim
1167 5044 1329 5097 supra
1354 5043 1407 5081 se
1431 5024 1560 5097 folia
1589 5025 1814 5089 consuit,
1854 5023 1944 5093 qui
1995 5021 2203 5092 culpam

614 5117 788 5173 uelare
804 5118 1064 5174 desiderat
1082 5119 1146 5185 “,
1164 5127 1255 5172 aut
1271 5107 1540 5173 diabolum
1554 5115 1729 5171 delicti
1750 5122 2001 5168 memorat
2023 5123 2203 5167 aucto-

608 5225 742 5277 rem,
775 5220 869 5267 aut
911 5211 1087 5266 carnis
1128 5208 1418 5281 praetendit
1457 5208 1500 5240 “
1549 5205 1843 5272 illecebras,
1888 5213 1979 5259 aut
2035 5203 2201 5258 alium

2316 4741 2466 4796 audit
2525 4757 2701 4796 vocem
2758 4742 2974 4797 Domini
3033 4746 3188 4814 quasi
3248 4745 3569 4800 ambulaan
3616 4748 3690 4799 ad
3737 4762 3902 4817 vespe-

2318 4850 2454 4888 ram.
2506 4834 2648 4900 Quid
2692 4828 2769 4891 est
2797 4836 2866 4889 ad
2894 4851 3178 4907 vesperam,
3230 4838 3330 4893 nisi
3371 4838 3494 4909 quia
3518 4836 3727 4907 culpam
3752 4855 3901 4893 suam

2313 4941 2429 4980 sero
2461 4928 2747 4998 cognoscit,
2778 4937 2825 4983 et
2851 4945 2968 4983 sero
2995 4928 3040 4961 '°
3069 4932 3212 4984 venit
3243 4930 3500 5002 quaedam
3526 4931 3726 4986 erroris
3755 4947 3901 4999 prae-

2314 5019 2457 5073 teriti
2509 5021 2837 5087 verecundia,
2897 5038 3032 5093 quae
3083 5038 3313 5078 errorem
3358 5023 3659 5094 praevenire
3716 5023 3898 5078 debue-

2312 5108 2435 5162 rat?
2462 5108 2605 5164 Nam
2634 5111 2760 5165 dum
2782 5110 2935 5181 culpa
2963 5112 3121 5181 feruet
3150 5113 3209 5167 in
3225 5128 3463 5184 corpore,
3494 5122 3542 5168 et
3570 5114 3749 5168 animo
3778 5128 3896 5167 eca-

2309 5204 2509 5275 gitatur
2535 5207 2769 5277 corporis
2793 5206 3147 5278 passionibus.
3180 5224 3286 5264 non
3310 5208 3505 5280 cogitat
3531 5209 3703 5263 Deum
3722 5223 3894 5264 sensus

1911 5314 2171 5372 VARIAE
2205 5314 2609 5375 LECTIONES.

686 5436 705 5471 ⁸
732 5435 824 5492 Sic
850 5434 970 5503 CF;
1021 5435 1062 5491 A
1100 5451 1196 5490 noc
1235 5444 1311 5489 est
1346 5447 1625 5503 congruos.

606 5571 723 5645 CF;
755 5579 800 5633 Α
829 5576 1221 5633 conscientiam.
1298 5574 1339 5608 “
1369 5573 1461 5629 Sic
1481 5571 1597 5645 CF;
1644 5573 1691 5627 A
1719 5572 2043 5645 desideraris.

1750 5446 1927 5485 uacuis
1952 5444 2062 5486 om.
2093 5430 2140 5485 Α
2210 5430 2232 5462 ⁸
2272 5432 2364 5488 Sic
2384 5432 2505 5498 CF;
2561 5432 2608 5487 A
2656 5435 2767 5489 sed.

607 5509 770 5578 ﬁcum
793 5536 863 5549 σ-
882 5500 1186 5561 manducet.
1230 5520 1341 5560 om.
1371 5500 1478 5558 CF.
1554 5502 1575 5533 '
1606 5501 1699 5557 Sic
1725 5500 1840 5566 CF;
1869 5503 1915 5558 A
1942 5502 2061 5556 erit.
2136 5502 2157 5533 "
2188 5502 2234 5556 Α
2258 5514 2401 5559 sunt.
2476 5505 2499 5534 ⁸
2527 5503 2574 5556 Λ
2598 5503 2697 5557 sibi
2736 5505 2876 5574 fecit.

607 5576 723 5631 CF:
755 5579 800 5631 Α
829 5576 1221 5631 conscientiam.
1298 5574 1339 5608 “
1369 5573 1461 5629 Sic
1481 5571 1597 5631 CF;
1644 5573 1691 5627 A
1719 5572 2043 5626 desiderans.
2140 5573 2184 5608 “
2220 5573 2305 5631 CF
2360 5574 2686 5631 praetendat.
2783 5575 2827 5607 η
2870 5601 2876 5630 .

609 5584 723 5645 CF;
755 5584 800 5633 Α
829 5584 1221 5633 conscientiam.
1298 5584 1339 5608 ἰ
1369 5584 1461 5629 Sic
1481 5584 1597 5639 Cl";
1644 5584 1691 5627 A
1719 5584 2043 5626 desiderans.
2140 5584 2184 5608 ιι
2220 5584 2305 5631 ur
2360 5584 2686 5645 ρνηειεηααι,
2783 5584 2827 5607 ιι
2870 5584 2937 5631 αθ
2964 5592 3054 5632 om

609 5650 655 5678 "
686 5649 802 5715 quis
822 5662 932 5715 om.
964 5646 1045 5715 Δεῖ
1084 5646 1151 5715 f‘
1172 5644 1725 5715 quaedantfolia'om.
1744 5642 1977 5715 ACF._#”
2002 5642 2103 5715 Sic
2120 5643 2205 5699 CF
2224 5661 2240 5711 ;
2279 5644 2321 5699 A
2346 5654 2556 5713 putans.
2636 5644 2750 5715 ξζΑ
2780 5646 3059 5707 debuisset.

2866 5434 2892 5466 δ
2937 5434 3106 5466 ..υ-..ει
3150 5450 3238 5466 ειη,
3323 5436 3351 5466 Α
3481 5435 3504 5466 Ι
3553 5436 3642 5466 η.ιέ

2823 5505 2835 5518 .
2866 5434 2892 5466 ⁸
2937 5434 3106 5506 inquit
3149 5450 3261 5492 om.
3313 5436 3382 5490 A.
3481 5435 3504 5467 '
3699 5432 3895 5505 plantat

2965 5505 3768 5607 I.:‘"?..‘P‘"‘
3791 5504 3897 5607 ἒὲο

2870 5576 2937 5631 de
2964 5574 3089 5632 om.
3119 5576 3226 5631 CF.
3328 5577 3373 5609 "
3423 5577 3599 5646 justos
3631 5591 3741 5630 om.
3791 5574 3892 5630 CF.

2870 5648 3059 5707 luisset.
3141 5647 3183 5678 ¹⁹
3230 5648 3275 5701 Λ
3310 5658 3378 5703 et.
3456 5647 3502 5679 ”
3548 5646 3642 5701 Sic
3678 5646 3802 5710 AC;
3854 5644 3896 5697 F

610 5712 931 5785 detinibulat.
988 5713 1049 5785 _"
1078 5712 1168 5785 Sic
1184 5712 1313 5779 'CF;
1346 5717 1389 5767 A
1417 5712 1583 5779 Quae.
1660 5716 1706 5748 “
1735 5713 1826 5770 Sic
1855 5713 1971 5778 CF;
2002 5713 2047 5768 A
2072 5714 2188 5769 Dei.
2265 5715 2315 5745 ¹³
2339 5712 2459 5785 sunt
2484 5728 2596 5785 om;
2626 5712 2732 5771 CF.
2807 5715 2855 5747 “
2882 5718 3024 5772 mala
3061 5735 3169 5773 om.
3220 5718 3327 5773 CF.
3405 5717 3452 5750 ³³
3470 5735 3594 5785 ergo
3632 5732 3743 5772 om.
3790 5713 3890 5770 CF.

610 5781 656 5809 ³³
793 5782 1025 5847 quamvis
1052 5784 1257 5836 timens.
1332 5786 1375 5814 ²⁷
1409 5787 1452 5837 Α
1477 5784 1817 5842 solummodo.
1898 5786 1944 5818 ’⁸
1971 5794 2017 5839 et
2045 5800 2152 5840 om.
2184 5785 2247 5839 Α.
2326 5784 2370 5815 ’³
2401 5786 2487 5839 Sic
2514 5782 2629 5851 CF;
2659 5786 2704 5841 A
2730 5787 2825 5841 has
2850 5788 3055 5844 divinas
3087 5787 3414 5859 Scripturas.
3494 5780 3549 5820 ’δ
3565 5786 3654 5844 CF
3672 5786 3896 5843 secundo

613 5850 776 5902 venit.
