4212 6272
409 298 507 355 ειι

1285 292 1374 349 ne
1411 289 1750 348 omsmun
1788 286 2140 346 NATUBAE.
2205 318 2249 328 —
2283 286 2487 373 LlBER
2522 283 2877 356 ausurus.

3599 275 3707 336 842

410 413 661 480 errantis,
714 428 813 467 aoc
863 419 960 478 est,
992 425 1098 464 non
1146 408 1297 464 audit
1343 407 1512 463 Deum
1559 406 1917 462 ambulantem
1956 405 2011 458 in
2037 408 2095 468 Α
2119 414 2251 472 tem,
2277 417 2333 461 et
2375 405 2429 460 in
2468 386 2709 458 latibulis
2733 402 2778 439 ιο
2808 401 2983 455 malae
3014 377 3382 456 conscientiae
3404 397 3705 453 latitantem

413 501 704 558 Sct‘tturis
735 502 946 567 divinis,
987 498 1344 556 ambulantem
1390 500 1448 553 in
1492 498 1752 553 mentibus
1783 495 2018 568 singulo-

414 609 553 648 rum.
576 591 716 648 Dicit
740 592 877 647 enim
894 590 1068 647 Deus:
1091 589 1352 658 Quoniam
1384 589 1687 644 inhabitabo
1718 590 1852 643 inter
1866 586 2015 661 illos,

413 694 465 740 et
513 686 650 741 inter
698 702 784 741 eos
837 683 1137 751 ambulabo,
1177 690 1225 737 et
1275 698 1363 739 ero
1406 681 1619 736 illorum
1662 681 1823 736 Deus.
1874 679 2017 751 Ergo

415 797 535 838 cum
559 782 613 837 in
638 782 844 836 animae
867 796 1052 835 sensus
1084 779 1103 810 ¹
1147 777 1362 833 redierit
1390 777 1659 848 potestatis
1685 775 1912 846 formido
1938 773 2020 828 di-

415 874 588 941 vinae,
620 883 743 928 tunc
779 872 1159 937 erubescimus,
1210 878 1333 924 tunc
1372 885 1468 925 nos
1506 870 1754 941 gestimus
1802 866 2017 921 abscon-

414 966 557 1033 dere,
587 973 710 1041 tunc
744 965 806 1020 in
843 972 1179 1034 peccatorum
1219 969 1518 1016 nostrorum
1556 959 1714 1032 positi
1740 958 2037 1030 cogitatio?

418 1056 569 1111 nibus
612 1059 655 1123 ³,
686 1056 745 1110 in
777 1056 951 1111 medio
984 1052 1117 1124 ligni
1140 1052 1401 1124 paradisi,
1432 1051 1524 1105 ubi
1550 1051 1897 1122 peccavimus,
1929 1048 2020 1102 de-

417 1145 815 1217 prehendimur,
863 1144 1028 1199 latere
1077 1144 1361 1213 cupientes.
1414 1150 1461 1196 et
1517 1142 1850 1205 arbitrantes,
1880 1139 2020 1211 quod

420 1234 565 1289 Deus
603 1250 707 1289 non
744 1233 976 1304 requirat
1019 1230 1244 1286 occulta.
1290 1230 1346 1285 ln
1389 1230 1477 1286 bis
1519 1231 1698 1287 verbis
1740 1228 1970 1301 praefati
1999 1228 2021 1260 ³

423 1323 671 1396 magistri
686 1321 923 1395 intelligo
936 1322 1065 1377 illud
1081 1323 1285 1393 lignum
1301 1320 1353 1375 in
1371 1320 1549 1378 medio
1564 1319 1821 1391 paradisi,
1839 1319 1893 1373 in
1914 1304 2029 1389 quo

427 1416 600 1471 latere
625 1430 684 1472 se
712 1430 874 1487 posse
896 1414 1164 1484 fugientes
1189 1414 1653 1484 praevaricatores
1676 1419 2018 1486 putaverant,

424 1523 537 1564 non
582 1508 726 1564 aliud
774 1523 913 1574 esse,
959 1507 1065 1563 nisi
1115 1508 1383 1563 humanae
1433 1506 1774 1579 cogitationis
1801 1513 1855 1560 et
1889 1519 2021 1559 eon-

424 1601 685 1656 scientiae
725 1608 1016 1657 secretum.
1069 1597 1173 1655 Sed
1225 1610 1523 1672 scrutator,
1574 1600 1768 1671 inquit,
1815 1599 2024 1654 anima-

426 1706 542 1744 rum
564 1689 649 1744 ‘et
672 1691 1049 1761 cogitationum
1072 1707 1236 1763 usque
1259 1692 1327 1746 ad
1353 1692 1660 1747 divisionem
1685 1692 1848 1747 animi
1866 1711 2023 1763 pene-

422 1790 593 1846 trans,
614 1780 751 1834 dian't
769 1780 838 1834 ad
868 1779 1041 1834 Adam
1068 1782 1121 1835 ἐ
1154 1780 1366 1847 Adam;
1396 1781 1485 1835 ubi
1513 1799 1565 1836 es
1583 1783 1609 1836 ?
1649 1781 1924 1849 Quomodo
1945 1785 2023 1839 lo-
2050 1770 2098 1831 Β

420 1872 604 1941 quitur
646 1871 837 1928 Deus?
872 1872 1127 1946 Nunquid
1168 1890 1290 1929 voce
1333 1877 1628 1946 corporea?
1656 1876 1780 1932 Non
1822 1880 2019 1950 utique,

421 1963 513 2017 sed
540 1962 727 2019 virtute
756 1963 989 2035 quadam
1027 1967 1431 2036 praestantiore,
1463 1984 1621 2038 quam
1660 1984 1758 2022 vox
1789 1972 2023 2040 corporis

419 2064 609 2125 potest,
640 2064 689 2110 et
714 2055 735 2087 ⁸
764 2055 939 2126 fundit
963 2056 1202 2111 oracula.
1230 2055 1386 2111 Hanc
1412 2074 1584 2112 vocem
1605 2060 1718 2129 ejus
1744 2062 2025 2131 prophetae

423 2147 729 2212 audierunt,
753 2148 889 2203 hanc
910 2165 1085 2204 vocem
1114 2148 1298 2219 ﬁdeles
1322 2150 1570 2218 audiunt,
1604 2153 1753 2224 impii
1793 2170 1897 2209 non
1939 2155 2024 2208 in-

426 2237 684 2310 telligunt.
720 2239 929 2294 Talium
945 2254 1256 2295 sermonum
1292 2241 1551 2297 virtutem
1575 2242 1824 2314 quisquis
1861 2253 2025 2300 acute

430 2330 786 2400 perspexerit,
826 2330 1083 2398 inveniet,
1108 2332 1418 2400 paradisum
1447 2348 1556 2388 non
1581 2333 1807 2390 localem
1848 2344 2024 2391 terre-

433 2437 629 2478 numve
658 2423 926 2494 quendam
954 2423 1133 2479 locum
1175 2439 1294 2480 esse
1333 2440 1701 2492 nemorosum,
1731 2428 1826 2483 sed
1868 2429 2028 2498 spiri-

437 2510 633 2567 tualem
655 2511 988 2584 germinibus
1015 2514 1276 2569 virtutum
1308 2516 1599 2582 consitum,
1631 2526 1686 2572 et
1710 2517 1765 2572 in
1793 2518 2027 2574 humana

433 2611 626 2658 natura
648 2603 973 2674 plantatum,
999 2612 1074 2672 et,
1102 2613 1162 2660 ut
1199 2607 1441 2676 apertius
1468 2608 1701 2673 dicatur,
1732 2624 1839 2664 non
1884 2611 2029 2667 aliud

432 2690 652 2769 praeter
682 2696 856 2767 ipsam
897 2696 1191 2752 humanam
1239 2698 1619 2765 substantiam,
1647 2700 1713 2755 ad
1740 2701 2028 2772 imaginem

434 2787 527 2845 Dei
569 2788 791 2856 factam,
823 2789 877 2844 in
921 2802 1029 2860 qua
1073 2789 1279 2860 lignum
1310 2791 1473 2858 vitae,
1507 2789 1741 2847 Verbum
1781 2793 2029 2850 videlicet

434 2880 612 2936 Patris
648 2889 704 2936 et
732 2880 1017 2952 sapientia,
1049 2895 1266 2957 omnem
1303 2878 1591 2937 fructificat
1622 2881 1809 2948 vitam,
1847 2883 1899 2937 in
1930 2898 2025 2938 cu-

430 2974 521 3044 jus
570 2974 750 3031 medio
795 2971 915 3030 fons
965 2977 1207 3030 omnium
1266 2976 1550 3043 bonorum,
1602 2977 1789 3033 eadem
1842 2977 2029 3033 videli-

433 3055 524 3122 cet
549 3066 728 3123 divina
758 3067 1043 3138 sapientia,
1074 3076 1274 3124 manat.
1302 3068 1381 3124 lbi
1411 3068 1546 3124 ﬁcus
1572 3068 1657 3122 illa
1692 3069 1871 3125 divina
1898 3085 2025 3139 pro-

438 3157 581 3215 fecto
621 3159 709 3216 lex
753 3160 994 3216 radicata
1046 3168 1162 3227 est;
1194 3159 1350 3235 cujus
1390 3175 1515 3216 vera
1567 3162 1942 3231 interpretatio
1972 3171 2027 3219 et

434 3252 732 3323 spiritualis
767 3252 977 3309 fructus
1019 3253 1167 3322 vitae
1217 3262 1301 3309 est
1345 3253 1774 3321 comedentibus,
1815 3255 1916 3310 hoc
1946 3266 2030 3311 est

431 3346 857 3417 intelligentibus
883 3361 1005 3402 eam
1052 3347 1141 3418 pie
1195 3345 1562 3418 perfecteque,
1602 3362 1862 3416 perversa
1896 3365 2028 3406 vero

430 3445 483 3491 et
512 3435 751 3492 carnalis
779 3434 1076 3492 secundum
1109 3436 1319 3494 literam
1349 3437 1533 3492 inania
1566 3435 1690 3492 folia
1720 3446 1845 3492 sunt
1870 3446 1927 3492 et
1947 3439 2028 3493 in-

429 3527 733 3595 fructuosa,
765 3528 961 3598 quibus
982 3527 1197 3584 divinae
1222 3528 1356 3600 legis
1385 3541 1821 3600 transgressores
1836 3531 2028 3603 culpas

429 3634 557 3674 suas
584 3634 801 3690 operire
840 3620 1177 3675 contendunt
1217 3619 1502 3690 falsiloqua
1544 3621 1809 3691 apologia,
1843 3630 1900 3677 et
1942 3623 2027 3677 vel

431 3709 485 3764 in
533 3710 709 3781 ipsum
751 3709 887 3780 legis
928 3718 1231 3776 auctorem,
1274 3710 1360 3764 vel
1403 3711 1458 3765 in
1505 3710 1797 3776 diabolum,
1840 3712 1925 3765 vel
1972 3712 2027 3767 in

434 3801 598 3857 aliam
626 3803 929 3873 quempiam
964 3816 1275 3872 personam,
1308 3801 1391 3857 vel
1422 3803 1477 3857 in
1514 3802 1920 3860 similitudinem
1950 3803 2028 3860 fa-

433 3900 674 3956 ctorum,
701 3908 840 3963 quae
878 3908 907 3946 a
933 3892 1137 3947 sanctis
1164 3892 1415 3949 Patribus
1446 3892 1676 3963 ﬁgurate
1713 3904 2026 3965 perpetrata

433 3994 582 4052 sunt,
608 3984 816 4042 referre
847 4000 953 4040 non
982 3992 1258 4049 verentur,
1280 3983 1424 4040 facta
1470 3982 1699 4038 Patrum
1736 3985 2028 4040 carnaliter

432 4078 730 4133 secundum
777 4076 989 4133 literam
1042 4077 1399 4149 accipientes,
1448 4076 1803 4148 spiritualiter
1845 4087 2027 4133 autem

431 4166 581 4224 tinllo
611 4166 773 4222 modo
800 4166 1186 4239 intelligentes,
1216 4176 1274 4224 et
1298 4168 1354 4224 in
1384 4167 1725 4223 occasionem
1756 4169 1837 4223 sui
1871 4183 2024 4225 erro-

432 4263 510 4318 ris
543 4261 671 4316 talia
697 4261 945 4331 exempla
985 4264 1052 4318 de
1097 4263 1278 4319 divina
1340 4261 1619 4334 Scriptura
1665 4262 2023 4333 proferentes,

434 4351 503 4406 de
521 4351 718 4421 quibus
749 4352 1135 4410 convenienter
1154 4353 1447 4425 Apostolus
1468 4353 1545 4409 ait
1568 4371 1583 4409 :
1608 4352 1784 4409 Litera
1814 4356 2024 4420 occidit,

2120 499 2361 567 increpo,
2394 510 2721 566 causamque
2746 503 2870 549 tuae
2896 492 3296 569 inobedientiae
3320 491 3555 562 inquiro.
3599 489 3707 547 Pu-

2122 597 2274 644 tasne
2305 580 2390 641 me
2417 587 2672 658 ignorare
2699 584 2829 656 quid
2858 578 3063 650 fecisti,
3100 584 3188 639 vel
3228 599 3336 654 quo
3375 581 3583 655 fugisti,
3619 582 3706 639 vel

2121 679 2392 749 quomodo
2443 679 2639 732 timens
2663 690 2852 732 vocem
2900 666 3079 731 meam
3118 662 3184 731 te
3231 674 3584 739 abscondisti,
3620 672 3708 729 vel

2122 768 2579 841 quemadmodum
2622 767 2921 823 nuditatem
2952 774 3127 832 tuam,
3154 765 3524 822 sinceritatem
3561 763 3711 820 vide-

2121 859 2252 916 licet
2279 865 2335 913 et
2363 858 2765 928 simplicitatem
2796 846 3043 921 naturae,
3075 857 3128 911 in
3150 854 3258 925 qua
3287 855 3539 911 conditus
3563 868 3711 922 eras,

2122 969 2246 1011 sero
2296 951 2700 1023 recognovisti?
2730 940 2733 943 ’
2764 949 2956 1005 Nonne
3004 950 3142 1005 haec
3185 947 3366 1003 omnia
3424 961 3712 1029 perpessus

2120 1066 2182 1107 es
2207 1090 2222 1116 ,
2263 1049 2390 1121 quia
2423 1064 2499 1124 ex.
2522 1047 2667 1119 ligno
2696 1036 2717 1114 ,“
2766 1048 2835 1103 de
2883 1060 2990 1117 quo
3032 1032 3411 1117 praeceperant
3446 1045 3541 1100 tibi
3571 1045 3614 1075 “
3644 1060 3713 1101 ne

2091 1141 2497 1204 'eomederes,‘
2536 1137 2861 1193 comedisti?
2910 1135 3044 1190 Nam
3100 1137 3145 1191 si
3184 1151 3292 1192 non
3345 1135 3707 1200 comedisses,

2121 1248 2229 1289 non
2282 1231 2527 1287 fortassis
2572 1218 2760 1285 vocem
2795 1213 3209 1283 deambulantis
3247 1228 3301 1282 in
3346 1237 3398 1282 te
3437 1222 3710 1303 Creatoris

2123 1328 2202 1382 tui
2247 1326 2491 1391 timeres,
2529 1338 2633 1379 nec
2656 1311 3063 1392 afacie'ipsius
3107 1311 3473 1392 fugeres,’nec
3502 1321 3714 1374 nudita-

2125 1428 2232 1474 tem
2271 1426 2442 1484 tuam,
2482 1430 2645 1487 quam
2694 1412 3121 1486 praevaricando
3172 1404 3488 1483 perdidisti,
3516 1424 3716 1481 cogno-

2121 1512 2314 1569 visses.
3455 1578 3457 1581 .

2142 1604 2145 1609 ¹
2191 1606 2284 1661 22.
2317 1606 2394 1661 De
2424 1604 2571 1676 ligno
2607 1609 2788 1656 autem
2829 1598 3118 1656 interdicto
3163 1607 3220 1653 et
3257 1599 3313 1653 in
3343 1595 3719 1669 superioribus

2122 1698 2288 1754 multa
2309 1700 2422 1770 jam
2450 1696 2709 1761 diximus,
2735 1691 3055 1765 Gregorium
3075 1690 3371 1762 Nyssaeum
3400 1698 3709 1760 sequentes,

2126 1800 2176 1847 et
2210 1805 2353 1845 nunc
2375 1789 2570 1842 iterum
2598 1784 2839 1840 breviter
2876 1782 3160 1838 dicendum
3202 1781 3456 1847 arbitror,
3488 1777 3714 1834 nobilis-

2127 1881 2249 1937 simi
2273 1876 2517 1946 magistri
2533 1874 2755 1931 Maximi
2776 1872 3027 1928 monachi
3055 1885 3272 1928 sensum
3289 1870 3712 1925 introducentes.

2126 1970 2245 2043 ipse
2273 1970 2538 2039 siquidem
2558 1966 2762 2037 lignum
2787 1963 3049 2020 scientiae
3076 1962 3204 2017 boni
3226 1969 3283 2016 et
3298 1959 3426 2014 mali
3446 1946 3717 2013 visibilem

2130 2072 2462 2127 creaturam,
2496 2075 2658 2131 quam
2684 2060 2869 2123 homo,
2902 2056 3216 2112 Creatorem
3245 2050 3413 2109 suum
3433 2052 3716 2118 deserens,

2128 2167 2348 2216 secutus
2378 2165 2483 2222 est,
2531 2167 2651 2210 esse
2699 2148 2972 2223 intelligit,
3003 2151 3110 2215 cui,
3157 2146 3408 2202 videlicet
3433 2152 3719 2205 creaturae

2127 2248 2348 2313 visibili,
2379 2255 2434 2302 et
2470 2245 2758 2301 delectatio
2795 2241 3089 2312 voluptatis
3142 2239 3306 2304 inest,
3342 2246 3399 2292 et
3428 2234 3719 2291 anxietatis

2129 2339 2368 2405 occasio,
2400 2345 2454 2391 et
2482 2335 2672 2392 mortis
2697 2334 2851 2405 quasi
2898 2333 3118 2404 quidam
3166 2331 3369 2385 mixtus
3412 2314 3619 2383 fruetus
3647 2341 3716 2381 ex

2128 2430 2270 2485 bono
2298 2428 2436 2482 falso
2459 2425 2698 2481 libidinis
2718 2433 2773 2479 et
2800 2423 2941 2478 malo
2962 2422 3238 2493 sequentis
3266 2421 3535 2476 tristitiae.
3562 2418 3719 2473 Nulla

2129 2520 2273 2577 enim
2299 2518 2587 2574 delectatio
2612 2515 2840 2571 visibilis
2864 2524 3147 2571 creaturae
3176 2523 3279 2580 est,
3312 2528 3475 2585 quam
3506 2528 3613 2567 non
3635 2526 3720 2568 se—

2129 2620 2327 2684 quatur
2353 2611 2397 2642 ¹¹
2426 2618 2639 2681 egestas
2663 2623 2678 2662 :
2709 2615 3006 2679 egestatem
3027 2621 3158 2661 vero
3180 2607 3428 2676 sequitur
3450 2604 3714 2669 anxietas,

2130 2705 2426 2774 mortisque
2456 2702 2698 2759 tristitia.
2732 2701 2800 2755 Et
2840 2700 3087 2770 quamvis
3127 2699 3403 2753 arridente
3443 2697 3719 2766 voluptate

2129 2797 2294 2852 lateat
2325 2796 2571 2852 anxietas
2599 2801 2655 2849 et
2673 2807 2837 2849 causa
2868 2792 3083 2858 mortis,
3127 2790 3288 2846 simul
3311 2798 3491 2844 tamen
3528 2788 3717 2844 huma-

2132 2905 2231 2943 nae
2266 2889 2478 2944 animae
2514 2889 2719 2954 insunt,
2759 2885 3026 2957 simulque
3068 2884 3352 2953 incipiunt.
3394 2881 3551 2936 Latet
3572 2880 3719 2936 enim

2130 2980 2373 3035 anxietas
2398 2978 2499 3034 sub
2523 2977 2756 3048 quadam
2798 2975 2936 3032 falsa
2960 2973 3360 3046 pulchritudine
3403 2971 3716 3042 voluptatis,

2130 3084 2185 3128 et
2211 3080 2293 3128 est
2318 3072 2482 3127 veluti
2525 3070 2743 3141 quidam
2772 3069 2975 3124 mixtus
3004 3067 3213 3122 fructus
3259 3079 3329 3118 ex
3364 3063 3589 3119 libidine
3618 3077 3716 3132 ap-

2129 3171 2352 3237 p’arente
2372 3170 2429 3218 et
2448 3162 2719 3216 anxietate
2741 3159 2961 3214 latente.
2979 3157 3274 3213 Deficiente
3293 3170 3425 3211 vero
3439 3153 3720 3224 voluptate

2127 3269 2182 3315 et
2212 3258 2571 3315 delectatione
2597 3255 2824 3311 visibilis
2880 3262 3164 3310 creaturae
3210 3251 3354 3307 nuda
3398 3265 3496 3320 per
3524 3265 3584 3305 se
3627 3257 3716 3303 at-

2128 3368 2234 3425 que
2264 3362 2451 3423 aperta
2483 3358 2729 3407 remanet
2756 3349 3022 3415 anxietas,
3053 3362 3193 3417 quae
3225 3345 3468 3402 nascitur
3491 3359 3556 3401 ex
3591 3359 3717 3415 ege-

2128 3455 2268 3504 state
2298 3445 2621 3514 defectuque
2643 3442 2871 3498 visibilis
2905 3441 3053 3497 boni.
3084 3439 3222 3495 Hinc
3254 3437 3530 3510 praefatus
3550 3436 3719 3492 Maxi~

2128 3556 2286 3597 mus:
2315 3538 2606 3603 Fortassis,
2639 3537 2833 3607 inquit,
2863 3535 3065 3606 lignum
3095 3550 3206 3589 esse
3230 3520 3480 3587 scientiae
3522 3531 3643 3585 boni
3669 3538 3721 3583 et

2126 3633 2254 3690 mali
2294 3632 2546 3689 visibilem
2593 3639 2892 3685 creaturam
2915 3628 3005 3699 qui
3046 3625 3259 3687 dixerit,
3284 3640 3392 3678 non
3435 3641 3467 3677 a
3506 3621 3720 3676 veritate

2127 3722 2410 3801 aberrabit.
2455 3719 2750 3790 Voluptatis
2775 3732 2999 3788 namque
3035 3725 3084 3770 et
3123 3714 3404 3768 anxietatis
3449 3711 3720 3783 factriceiu

2128 3815 2440 3871 naturaliter
2461 3812 2613 3866 habet
2636 3810 3035 3882 perceptionem.
3074 3807 3180 3860 Aut
3207 3805 3458 3875 quoniam
3480 3812 3529 3858 et
3558 3802 3722 3857 ratio-

2128 3924 2216 3964 nes
2245 3908 2399 3963 habet
2427 3904 2727 3976 spirituales
2746 3902 3029 3958 visibilium
3052 3909 3295 3954 creatura
3318 3909 3366 3952 et
3396 3897 3718 3952 intellectum

2128 4002 2428 4062 nutrientes,
2457 4008 2502 4052 et
2532 3999 2719 4052 iterum
2743 3992 3041 4051 naturalem
3062 3991 3348 4061 potentiam
3378 4005 3588 4043 sensum
3628 3989 3719 4042 de-

2128 4093 2423 4156 lectantem,
2441 4086 2755 4143 intellectum
2781 4101 2895 4140 vero
2917 4085 3314 4142 subvertentem,
3330 4079 3529 4148 lignum
3547 4079 3715 4132 scien-

2127 4186 2230 4240 tiae
2253 4181 2373 4236 boni
2400 4188 2448 4234 et
2472 4178 2599 4233 mali
2626 4175 2887 4248 appellata
2913 4182 3010 4228 est.
3040 4170 3179 4226 Boni
3217 4168 3475 4238 siquidem
3496 4166 3541 4198 ¹³
3563 4166 3716 4220 habet

2127 4274 2399 4330 scientiam
2419 4266 2765 4341 spiritualiter
2779 4265 3130 4326 considerata,
3155 4259 3281 4314 mali
3303 4274 3420 4313 vero
3439 4257 3714 4312 scientiam

2128 4363 2468 4437 corporaliter
2482 4368 2768 4428 assumpta.
2796 4354 3115 4410 Passionum
3136 4366 3356 4421 namque
3382 4349 3440 4418 ﬁt
3462 4349 3719 4418 magistra

434 4445 652 4543 spiritus
687 4453 860 4543 autem
892 4447 1144 4516 viviﬁcat.
1187 4446 1245 4502 in
1277 4448 1382 4505 hoc
1417 4448 1437 4481 ⁷
1480 4448 1733 4518 paradiso
1768 4447 2023 4520 intelligi-
2050 4481 2104 4543 Β
2131 4455 2471 4527 corporaliter
2493 4469 2608 4508 eam
2642 4448 3036 4521 accipientibus,
3069 4446 3366 4500 divinorum
3398 4443 3471 4497 eis
3496 4441 3715 4496 oblivio-

431 4535 531 4592 bili
558 4534 775 4594 incessu
802 4538 945 4595 Deus
972 4539 1287 4597 deambulat
1334 4542 1376 4597 ⁸.
1425 4540 1620 4599 Custos
1645 4542 1842 4614 quippe
1866 4551 1949 4598 est
1969 4551 2026 4599 et

431 4635 707 4683 scrutator
733 4628 1108 4700 plantationis,
1141 4647 1304 4703 quam
1334 4632 1403 4686 ad
1438 4633 1734 4705 imaginem.
1753 4642 1810 4689 et
1836 4633 2029 4691 simili-

432 4719 675 4775 tudinem
705 4735 860 4776 suam
895 4722 1208 4792 plasmavit.
1237 4721 1403 4796 Cujus
1421 4739 1525 4780 vox
1555 4725 1966 4797 inexplanabilis
2008 4745 2021 4781 :

424 4810 632 4881 Adam,
670 4813 761 4868 ubi
791 4831 846 4870 es
871 4815 898 4869 Ρ
937 4814 1088 4872 Haec
1138 4831 1244 4872 vox
1289 4826 1372 4873 est
1414 4817 1689 4875 Creatoris
1735 4820 2024 4875 humanam

437 4910 689 4959 naturam
735 4904 1091 4977 increpantis.
1133 4908 1215 4963 Ac
1260 4908 1307 4964 si
1351 4909 1616 4965 dixisset:
1652 4910 1751 4966 Ubi
1784 4927 1925 4967 nunc
1963 4927 2025 4969 es

438 5001 563 5065 post
585 4998 1151 5064 praevaricationem?
1184 4999 1302 5057 Non
1324 5002 1467 5058 enim
1497 5002 1572 5058 ibi
1605 5010 1657 5058 te
1686 5006 1916 5074 reperio,
1934 5006 2026 5062 ubi

438 5096 495 5142 te
536 5095 780 5146 creatum
821 5107 1129 5165 cognosco;
1161 5110 1269 5151 non
1312 5095 1366 5151 in
1411 5109 1475 5152 ea
1514 5094 1791 5167 dignitate,
1820 5114 1927 5170 qua
1958 5100 2028 5156 ad

437 5177 732 5249 imaginem
750 5190 807 5235 et
823 5182 1230 5243 similitudinem
1253 5199 1428 5244 meam
1452 5195 1504 5242 te
1522 5185 1643 5251 feci,
1673 5187 1909 5257 invenio,
1932 5190 2028 5246 sed

438 5269 780 5331 desertorem
811 5275 1186 5350 beatitudinis,
1225 5280 1448 5353 verique
1485 5279 1507 5312 '
1537 5278 1757 5338 luminis
1793 5280 2026 5354 fugitan-

1716 5414 1973 5473 VARIAE
2009 5406 2411 5475 LECTIONES.

509 5528 537 5599 s_
559 5521 607 5578 Α
634 5538 868 5599 sensui”:
910 5524 971 5599 ,⁸
1004 5486 1103 5599 ν
1124 5492 1533 5599 cognitionibus.
1551 5596 1565 5599 _
1603 5502 1705 5599 :‘A
1721 5528 2022 5599 praedicti.
2100 5528 2124 5559 ⁸
2152 5527 2193 5599 Α
2217 5523 2537 5599 animorum.

436 5601 487 5695 εξ
510 5592 555 5675 Α
584 5578 716 5677 esse.
735 5578 881 5652 ita
910 5595 970 5653 In
993 5578 1509 5680 quartanam:
1547 5596 1571 5630 ⁸
1596 5578 2343 5675 sat‘crg"i'a'ésmtaataz._
2402 5590 2424 5622 ’
2442 5588 2499 5644 Ἀ
2528 5585 2635 5643 veri
2656 5583 2802 5668 (-que
2820 5578 2954 5664 om.)

472 5732 485 5739 -
514 5664 844 5739 “b'_0“l-_A.
942 5668 989 5703 ¹³
1023 5668 1114 5726 Sic
1140 5668 1258 5737 CF;
1287 5669 1330 5724 A
1354 5675 1606 5738 sequitur.
1681 5667 1727 5701 "
1761 5667 1846 5725 CF
1882 5670 2112 5739 quidem.
2212 5665 2258 5698 “
2290 5664 2382 5721 Sic
2426 5660 2543 5725 CF;
2575 5657 2620 5713 Α
2658 5652 2926 5711 interdixit

441 5656 484 5695 ¹²
514 5664 607 5718 tibi
637 5681 747 5720 om.
776 5666 844 5721 Α.

441 5732 583 5790 sicut
597 5735 719 5807 jam
746 5736 908 5795 Deus.

2130 4572 2247 4613 nem
2285 4553 2538 4625 inferens,
2569 4558 2777 4620 propter
2819 4543 2956 4617 quod
2987 4541 3186 4597 homini
3223 4538 3492 4594 interdixit
3542 4534 3588 4568 “
3632 4538 3716 4591 in-

2130 4650 2417 4705 termittens
2445 4642 2653 4697 interim
2699 4639 2812 4710 ejus
2851 4635 3228 4708 perceptionem
3260 4631 3423 4697 Deus,
3453 4638 3510 4684 ut
3541 4629 3715 4700 prius,

2130 4739 2355 4795 maxime
2367 4734 2554 4805 quippe
2569 4739 2679 4785 erat
2688 4729 2915 4801 justum,
2939 4741 3031 4797 per
3043 4722 3494 4795 participationem
3514 4721 3718 4790 gratiae

2127 4831 2400 4905 propriam
2450 4840 2762 4897 cognoscens
2789 4836 3005 4876 causam
3022 4859 3037 4882 ,
3060 4818 3340 4887 datamque
3371 4832 3463 4885 per
3486 4815 3716 4886 gratiam

2128 4904 2600 4985 immortalitatem,
2622 4932 2714 4986 per
2741 4909 3046 4984 hujusmodi
3090 4907 3221 4978 ligni
3243 4907 3618 4978 perceptionem
3643 4904 3713 4956 ad

2129 5011 2599 5088 impassibilitatcm
2638 5013 3031 5062 consummatus
3074 5012 3121 5053 et
3144 4995 3710 5069 inconversibilitatem,

2130 5085 2263 5169 sicut
2293 5107 2338 5139 ³⁵
2375 5105 2517 5161 Deus
2573 5098 2906 5169 deiﬁcatione
2948 5093 3142 5163 factus,
3166 5089 3381 5143 innocui
3430 5102 3550 5141 cum
3598 5085 3710 5142 Dso

2132 5199 2494 5260 communione
2558 5192 2657 5247 Dei
2711 5186 3023 5258 disceptaret
3081 5190 3349 5237 creaturas
3375 5218 3392 5244 ,
3441 5186 3488 5231 et
3530 5192 3717 5231 earum

2130 5298 2379 5368 reciperet
2413 5284 2709 5350 scientiam,
2756 5289 2814 5335 ut
2848 5277 2989 5332 Deus
3030 5284 3077 5329 et
3120 5287 3249 5329 non.
3280 5270 3456 5333 homo,
3490 5264 3712 5321 eandem

2614 5472 2754 5567 llSic
2789 5508 2907 5575 CF;
2948 5506 3018 5563 ad
3047 5505 3219 5560 Adam
3244 5519 3356 5575 om.
3402 5474 3490 5575 HA.
3557 5499 3711 5575 ‘_Pro

3030 5576 3075 5610 "
3108 5576 3199 5633 Sic
3243 5573 3361 5635 CF;
3392 5575 3438 5627 A
3473 5572 3707 5627 latebris.

2212 5641 2382 5721 “VS-ie
2426 5641 2620 5725 Ci‘iA
2658 5641 3185 5711 in'terdixit'homini.
3283 5645 3329 5687 ⁸⁸
3363 5643 3459 5702 Sic
3500 5642 3616 5712 CF;
3665 5641 3712 5697 Α
