4212 6272
565 253 670 310 8Ᾱῦ

1935 199 2218 295 ιοΑΝΜδ
2260 238 2457 297 SCOTt

3734 251 3835 307 8H

565 365 760 421 habens
787 361 897 418 Deo
919 363 936 393 ¹
966 377 1057 431 per
1078 361 1307 432 gratiam
1337 373 1543 425 eorum,
1563 372 1698 429 quae
1720 366 1864 422 sunt,
1892 356 2152 427 sapienter
2179 360 2226 418 Α
2256 355 2382 409 dum
2437 353 2631 409 talibus
2657 356 2995 426 congruebat,
3017 356 3339 426 oﬂ‘enderent
3368 361 3423 417 in
3468 363 3657 430 Deum,
3708 377 3755 421 et
3779 371 3844 425 ab

565 460 807 514 notitiam
856 472 949 527 per
991 457 1159 525 ipsam
1187 454 1256 507 ad
1299 454 1320 483 ¹
1359 452 1742 522 deiﬁcationem
1793 451 1955 505 animi
1999 458 2153 521 atque

564 568 749 608 sensus
805 548 1319 604 transmutationem.
1372 544 1462 601 Sic
1501 545 1860 616 accipiendum
1903 544 1966 598 de
2014 544 2154 615 ligno

558 645 721 716 juata
752 641 990 697 omnibus
1016 640 1268 694 ualentem
1302 637 1540 707 cooptari
1582 652 1872 706 anagogeu.
1919 632 2152 698 Intuere,

572 750 732 806 quam
761 732 1006 803 pulchre,
1041 746 1203 801 quam
1238 734 1443 798 aperte,
1476 726 1605 797 quid
1635 726 1707 781 sit
1754 726 1954 797 lignum
1982 724 2155 780 scien-

568 828 676 881 tiae
704 825 831 880 boni
863 831 917 879 et
956 822 1109 888 mali,
1138 820 1381 891 exponit.
1410 819 1505 874 Est
1526 818 1692 883 enim,
1719 828 1778 871 ut
1809 819 1920 888 ipse
1949 818 2041 882 ait,
2077 810 2157 871 vi-

573 914 808 973 sibilium
832 928 1013 969 rerum
1045 920 1262 975 natura,
1287 924 1427 978 quae
1455 908 1814 978 spiritualiter
1837 909 1892 963 in
1927 906 2154 963 rationi-

573 1011 675 1065 bus
716 1008 832 1063 suis
860 1004 1152 1071 intellecta,
1202 1002 1482 1058 scientiam
1537 1000 1664 1055 boni
1717 1010 1771 1055 et
1822 1000 2155 1071 spiritualem

568 1099 807 1155 fructum
854 1094 1276 1167 intelligentibus
1336 1106 1459 1146 eum
1509 1098 1748 1162 praestat
1794 1105 1809 1143 :
1866 1091 2158 1145 carnaliter

572 1207 703 1247 vero
740 1199 796 1246 et
826 1189 1112 1245 libidinose
1142 1184 1535 1256 appetentibus,
1579 1191 1634 1238 et
1676 1182 2055 1252 intemperate,
2102 1189 2159 1238 et

571 1275 759 1341 cdntra
804 1283 950 1352 leges
997 1279 1208 1333 divinas
1236 1275 1582 1332 abutentihus
1628 1273 1964 1329 mortiferam
1993 1273 2158 1329 infert

571 1376 877 1433 scientiam.
909 1373 985 1428 Ac
1014 1388 1110 1445 per
1137 1372 1241 1426 hoc
1263 1386 1368 1424 non
1397 1369 1448 1423 in
1481 1369 1595 1440 ipsa
1621 1377 1811 1423 natura
1837 1383 1997 1422 causa
2029 1364 2157 1422 mali

571 1480 655 1526 est
686 1469 999 1528 constituta,
1034 1463 1128 1520 sed
1172 1464 1225 1517 in
1255 1460 1588 1517 abutentium
1623 1459 2064 1528 intemperantia.
2093 1456 2159 1513 Et

571 1565 704 1619 haec
729 1570 812 1617 est
832 1561 947 1632 ipsa
980 1558 1197 1620 mulier,
1225 1556 1332 1621 vel,
1366 1565 1425 1609 ut
1455 1555 1529 1608 ita
1562 1554 1760 1620 dicam,
1800 1555 1902 1609 hoc
1925 1562 2008 1609 est
2030 1548 2159 1609 illud

568 1655 796 1726 lignum,
829 1653 895 1706 de
923 1665 1028 1721 quo
1072 1648 1332 1702 Dominus
1367 1646 1497 1701 dicit
1529 1664 1543 1700 :
1589 1644 1692 1712 Qui
1738 1644 1921 1700 viderit
1967 1643 2155 1700 mulie-

2244 445 2368 515 'ejus
2413 444 2489 500 rei
2529 442 2755 499 utilitate
2797 442 3370 506 alienarenturexclusi
3391 462 3545 525 atque
3583 456 3840 528 damnati,

2255 542 2325 596 ad
2352 535 2526 614 quam,
2564 542 2612 597 si
2647 559 2742 597 suo
2782 552 3028 615 tempore,
3083 543 3216 600 sicut
3246 538 3384 602 Deus
3434 548 3658 617 volebat,
3703 571 3844 610 acce-

2256 628 2453 699 derent,
2496 645 2707 707 possent
2744 653 2805 691 ea
2841 636 3124 693 salubriter
3168 642 3391 711 perfrui.
3451 643 3566 700 Hoc
3616 647 3844 709 diximus

2255 738 2466 797 propter
2494 722 2725 798 aliquos,
2756 738 2813 782 ut
2854 720 2922 795 1‘,
2968 724 3014 785 si
3053 731 3187 800 forte
3229 731 3430 804 lignum
3467 736 3602 792 illud
3645 758 3751 797 non
3780 746 3845 799 ad

2256 817 2646 888 proprietatem,
2677 828 2731 873 ut
2772 837 2945 875 rerum
2993 821 3190 892 lignum
3237 835 3285 879 et
3329 844 3451 882 vera
3509 847 3664 900 poma
3711 836 3844 905 ejus,

2257 909 2347 963 sed
2394 909 2463 964 ad
2492 911 2720 981 figuram
2762 910 2917 966 velint
2955 914 3207 985 accipere,
3261 912 3486 973 habeant
3519 922 3719 978 exitum
3753 925 3846 980 ali-

2256 1018 2406 1073 quem
2441 1015 2579 1056 recta
2628 1002 2734 1072 ﬁde
2797 1005 3111 1076 verituteque
3148 1002 3489 1087 probabilem.
3541 1011 3648 1069 Sed
3688 1032 3843 1085 prae-

2259 1094 2402 1149 fatus
2447 1094 2701 1167 magister
2736 1092 3066 1167 Augustinus
3112 1098 3158 1138 ⁸ο
3198 1099 3411 1155 videtur
3445 1098 3591 1159 hunc
3634 1122 3842 1165 sensum

2260 1183 2327 1240 de
2386 1184 2651 1254 spirituali
2705 1186 2961 1256 paradiso
3001 1204 3100 1244 nec
3158 1189 3424 1258 refellere,
3470 1210 3567 1249 nec
3612 1188 3841 1266 laudare,

2261 1292 2411 1332 more
2453 1294 2551 1332 suo
2597 1278 2777 1345 solito,
2825 1297 2933 1351 quo
2964 1280 3098 1337 duos
3143 1285 3425 1353 paradisos
3475 1291 3673 1345 astruit
3708 1309 3841 1359 esse,

2259 1387 2428 1427 unum
2458 1372 2673 1440 quidem
2706 1382 2977 1429 terrenum
3021 1375 3357 1447 localemque
3404 1383 3698 1437 secundum
3731 1402 3844 1455 pro-

2260 1463 2547 1533 prietatem
2590 1480 2771 1519 rerum
2814 1466 3171 1532 sensibilium,
3204 1468 3434 1523 alterum
3477 1487 3605 1527 vero
3634 1477 3844 1530 omnino

2262 1554 2624 1624 Spiritualem,
2671 1555 2737 1609 ad
2792 1557 2945 1627 cujus
2997 1556 3223 1629 figuram
3277 1571 3528 1617 terrenus
3571 1564 3659 1618 ille
3691 1576 3843 1637 atque

2263 1646 2533 1702 sensibilis
2565 1647 2736 1703 factus
2766 1656 2868 1703 est.
2908 1648 3057 1705 DISC.
3090 1649 3190 1717 Qui
3220 1651 3300 1706 sic
3321 1654 3386 1706 de
3415 1652 3559 1725 ligno
3585 1656 3843 1725 prohibito

568 1760 677 1797 rem
715 1742 785 1796 ad
812 1737 1278 1808 concupiscendum
1323 1753 1461 1802 eant,
1501 1736 1620 1807 jam
1655 1738 1952 1791 moechatus
1982 1747 2056 1791 est
2105 1739 2161 1793 in
2194 1713 2236 1772 Β
2266 1750 2508 1802 sensere,
2548 1752 2653 1791 non
2709 1737 2839 1792 mihi
2896 1737 3148 1793 videntur
3197 1741 3429 1797 veritate
3457 1713 3525 1774 νη
3578 1713 3839 1803 recedere.

569 1835 726 1889 corde
752 1850 870 1888 suo.
904 1829 1262 1885 Materialium
1296 1830 1562 1900 siquidem
1600 1824 1912 1900 superficies
1956 1846 2160 1894 rerum,

568 1928 696 1983 dum
740 1926 812 1980 sit
857 1924 1182 1981 naturaliter
1228 1923 1473 1994 pulchra,
1520 1924 1734 1978 incaute
1780 1933 1834 1980 et
1879 1922 2165 1980 libidinose

570 2018 822 2075 sensibus
859 2031 979 2073 eam
1012 2016 1476 2072 considerantium
1503 2016 1697 2071 mortis
1731 2014 1893 2069 infert
1914 2016 2160 2071 occasio-

570 2124 717 2164 nem.
748 2106 1024 2163 Visibilem
1051 2121 1285 2177 namque
1308 2116 1614 2162 creaturam
1648 2104 1713 2160 ad
1744 2096 1848 2161 hoc
1872 2104 2014 2161 Deus
2040 2122 2166 2161 con-

576 2201 731 2266 didit,
758 2208 816 2255 ut
848 2214 946 2270 per
993 2213 1135 2264 eam,
1169 2198 1312 2253 sicut
1355 2212 1453 2269 per
1497 2194 1842 2261 invisibilem,
1905 2196 2023 2252 laus
2049 2197 2167 2266 ejus

572 2294 962 2361 cumularetur,
994 2299 1496 2371 et’cognosceretur
1545 2291 1661 2361 ipse
1706 2289 1726 2321 ³
1773 2306 1879 2346 non
1905 2288 2034 2361 quid
2058 2299 2161 2358 est,

574 2385 668 2441 sed
694 2386 821 2454 quia
847 2393 931 2440 est
957 2399 1095 2439 unus
1135 2383 1156 2414 "
1191 2382 1356 2438 totius
1396 2390 1683 2438 creaturae
1718 2382 1947 2437 visibilis
1983 2392 2038 2437 et
2076 2380 2161 2437 in-

572 2475 804 2533 visibilis
831 2476 1097 2531 conditor.
1129 2475 1361 2544 [deoque
1392 2475 1676 2530 interdixit
1721 2473 1863 2529 Deus
1894 2474 2163 2529 humanae

572 2577 835 2633 naturae,
889 2566 1084 2622 visibili
1137 2566 1157 2598 ³
1197 2575 1445 2624 creatura
1491 2566 1792 2634 delectari,
1846 2566 2161 2637 priusquam

568 2660 780 2715 veniret
807 2659 872 2714 ad
917 2657 1307 2731 perfectionem
1354 2659 1676 2729 sapientiae,
1722 2658 1777 2713 in
1825 2674 1929 2728 qua
1979 2665 2164 2729 posset

568 2751 820 2809 deificata
868 2751 934 2807 de
984 2750 1284 2806 rationibus
1328 2764 1513 2805 rerum
1541 2748 1835 2805 visibilium
1883 2760 2004 2804 cum
2052 2742 2162 2804 Deo

572 2846 868 2916 disputare.
900 2843 1008 2898 Nec
1039 2842 1125 2898 illa
1155 2842 1368 2909 mulier,
1402 2841 1637 2897 carnalis
1665 2838 1919 2895 videlicet
1944 2855 2158 2906 sensus,

572 2940 641 2995 ad
686 2939 1100 2996 delectationem
1151 2928 1443 2993 materialis
1489 2945 1776 2990 creaturae
1819 2932 2160 2989 extrinsecus

568 3030 943 3086 consideratae
988 3030 1194 3085 valeret
1238 3029 1435 3091 virum,
1467 3025 1709 3082 animum
1740 3025 1861 3081 dico
1901 3022 1943 3093 ⁸,
1991 3033 2159 3080 attra-

2267 1828 2392 1883 Veri
2421 1828 2685 1898 siquidem
2722 1828 2896 1885 simile
2927 1839 3028 1896 est,
3062 1828 3323 1901 valdeque
3360 1844 3542 1889 rectae
3567 1837 3845 1894 ratiocina-

2268 1918 2397 1973 tioni
2432 1935 2751 1990 congruum,
2778 1929 2837 1974 ut
2864 1920 3121 1986 arbitror,
3164 1911 3439 1978 hominem
3473 1928 3640 1981 vetito
3671 1927 3842 1984 fructu

2267 2010 2412 2067 vesci
2470 2010 2840 2079 inchoantem,
2908 2014 3220 2085 cognitione
3279 2006 3526 2074 videlicet
3578 2021 3844 2089 sensibilis

2264 2102 2529 2159 materiae
2566 2119 2666 2174 per
2716 2119 3010 2174 corporeos
3068 2121 3259 2160 sensus
3311 2102 3455 2162 abuti
3500 2114 3848 2180 praesumen—

2267 2201 2397 2262 tem,
2426 2210 2493 2250 εχ
2520 2192 2647 2267 ligni
2671 2196 2813 2251 vitae
2844 2190 3148 2264 dulcedine,
3203 2196 3307 2256 hoc
3336 2211 3432 2265 est,
3486 2201 3553 2257 ab
3598 2192 3845 2259 internae

2266 2285 2758 2357 contemplationis,
2805 2282 2855 2341 in
2908 2304 3011 2359 qua
3052 2298 3107 2345 et
3150 2286 3216 2344 ad
3258 2307 3416 2361 quam
3460 2294 3702 2348 conditus
3743 2304 3842 2358 est,

2266 2375 2478 2431 deliciis
2497 2375 2804 2445 justissimo
2833 2380 3129 2436 conditoris
3147 2380 3352 2451 judicio
3373 2380 3653 2454 expulsum
3685 2386 3844 2443 fuisse

2266 2468 2587 2524 existimari.
2620 2464 2756 2524 Nam
2809 2468 2853 2525 si
2912 2470 3221 2527 rationabili
3271 2474 3614 2545 naturalique
3663 2474 3843 2532 ordine

2265 2558 2658 2632 ingrederetur,
2711 2562 2762 2617 id
2800 2571 2906 2629 est,
2959 2563 3003 2619 si
3053 2580 3250 2622 causae
3288 2560 3334 2598 ¹⁴
3377 2562 3618 2623 omnium
3670 2586 3844 2627 rerum

2267 2654 2508 2710 tlieoriae
2541 2655 2774 2725 primum
2821 2652 3061 2726 quidem,
3102 2656 3298 2715 deinde
3331 2662 3619 2729 rationum,
3659 2679 3848 2719 secun-

2266 2740 2391 2800 dum
2415 2760 2549 2815 quas
2574 2754 2628 2800 et
2669 2745 2721 2800 in
2767 2745 2961 2816 quibus
3007 2744 3188 2804 omnia
3236 2748 3378 2805 facta
3424 2761 3568 2821 sunt,
3612 2753 3846 2824 perfecta

2267 2835 2568 2890 intentione
2617 2830 2929 2892 frueretur:
2962 2854 3137 2909 neque
3188 2834 3515 2914 intelligibili
3564 2859 3684 2899 esca
3719 2844 3848 2917 ligni

2264 2928 2425 2991 vitae,
2458 2929 2673 2986 interno
2693 2928 3002 2987 “videlicet
3031 2928 3244 2989 divinae
3272 2930 3571 3006 sapientiae
3585 2938 3847 3005 contuitu,

2267 3021 2657 3089 recluderetur,
2709 3039 2886 3095 neque
2929 3023 2996 3080 ab
3036 3025 3080 3058 ⁸⁸
3111 3041 3205 3082 esu
3252 3024 3423 3083 illiciti
3461 3031 3634 3100 pomi,
3672 3030 3850 3102 cogni-

573 3122 726 3189 here,
763 3120 811 3180 si
853 3122 1002 3193 prius
1030 3120 1306 3177 Creatoris
1334 3118 1717 3188 cognitionem,
1748 3133 1909 3189 quam
1951 3124 2161 3172 creatu-
2188 3093 2233 3156 Ο
2266 3114 2411 3169 tione
2439 3113 2646 3171 scilicet
2681 3115 2909 3172 visibilis
2940 3118 3222 3185 materiae,
3268 3093 3509 3190 congruo
3538 3093 3848 3193 matureque

569 3228 683 3282 rae,
717 3213 877 3269 vellet
917 3213 1135 3268 habere.
1183 3211 1327 3267 Ordo
1375 3211 1556 3280 itaque
1600 3204 1814 3265 divinae
1858 3200 1992 3280 legis
2019 3214 2155 3276 erat,

568 3305 805 3377 primum
836 3302 1149 3359 Creatorem
1190 3314 1515 3372 cognoscere
1561 3290 1786 3369 ejusque
1831 3296 2156 3352 inetfabilem

568 3386 1048 3469 pulchritudinem,
1088 3394 1282 3449 deinde
1308 3401 1614 3449 creaturam
1660 3386 1963 3444 rationabili
1993 3403 2156 3444 sensu

567 3491 769 3545 mentis
799 3488 1017 3543 nutibus
1043 3487 1451 3557 obtemperante
1483 3480 1847 3551 considerare,
1882 3490 2158 3555 totamque

570 3580 740 3651 ipsius
767 3577 1244 3648 pulchritudinem,
1278 3575 1393 3630 sive
1439 3573 1669 3629 interius
1723 3572 1775 3629 in
1829 3571 2155 3641 rationibus,

567 3675 684 3730 sive
704 3670 946 3728 exterius
982 3671 1033 3726 in
1061 3669 1249 3727 formis
1276 3666 1640 3732 seusibilibus,
1663 3668 1730 3723 ad
1757 3662 1969 3722 laudem
1995 3667 2159 3722 Crea-

575 3765 708 3820 toris
767 3760 993 3817 referre.
1042 3760 1198 3817 Hunc
1253 3768 1434 3814 autem
1474 3754 1687 3813 divinae
1734 3750 1868 3830 legis
1910 3757 2154 3815 ordinem

571 3859 733 3914 homo
766 3857 1125 3928 superbieudo
1166 3869 1450 3927 spernens,
1484 3853 1758 3909 Creatoris
1794 3851 1876 3909 sui
1916 3859 2154 3908 amorem

572 3956 629 4004 et
657 3948 1020 4019 cognitionem
1060 3945 1357 4001 materialis
1403 3954 1686 3999 creaturae
1738 3935 1992 3999 exteriori
2032 3940 2153 4013 pul-

571 4039 860 4095 chritudini
888 4039 1212 4110 postposuit,
1240 4052 1303 4092 ac
1350 4051 1447 4107 per
1473 4035 1578 4091 hoc
1617 4032 1913 4106 periculum
1940 4030 2157 4090 divinae

572 4118 959 4203 indignationis
1004 4127 1251 4194 incurrit,
1280 4134 1618 4197 mortemque
1642 4124 1662 4155 "
1686 4122 1929 4195 corporis
1957 4132 2011 4179 et
2041 4118 2156 4180 anl-

572 4236 692 4278 mae
749 4206 1021 4292 totiusque
1078 4229 1305 4275 naturae
1368 4218 1726 4289 perditionem
1775 4208 1983 4285 incidit,
2027 4218 2155 4289 quia

567 4312 783 4369 divinae
828 4312 961 4384 legis
997 4309 1352 4381 justissimam
1397 4306 1923 4380 pulcherrimamque
1958 4303 2155 4364 seriem

566 4416 787 4458 servare
802 4403 824 4433 ⁸
849 4400 1104 4472 neglexit.
1132 4399 1277 4455 Haec
1293 4398 1358 4453 de
1380 4390 1526 4470 ligno
1544 4392 1817 4470 prohibito
1840 4408 2030 4454 sensus
2060 4399 2156 4454 bo-

2267 3215 2507 3277 tempore
2531 3204 2802 3276 perfectae
2840 3223 2970 3263 suae
3026 3208 3342 3280 sapientiae,
3408 3228 3516 3284 qua
3576 3211 3741 3268 Deum
3792 3222 3847 3268 et

2262 3309 2661 3371 consequenter
2701 3311 3007 3357 creaturam
3053 3302 3256 3374 absque
3281 3294 3390 3359 ullo
3412 3321 3601 3361 errore
3630 3305 3848 3375 uilisque

2262 3391 2497 3448 carnalis
2535 3388 3010 3463 concupiscentiae
3059 3388 3511 3450 delectationibus
3558 3410 3849 3468 cognosce-

2261 3493 2365 3548 ret,
2393 3482 2790 3553 probiberetur.
2836 3482 3174 3555 Impossibile
3217 3480 3416 3557 quippe
3459 3495 3564 3552 est,
3593 3488 3849 3559 cognitio-

2261 3593 2383 3633 nem
2416 3585 2698 3632 creaturae
2720 3570 2981 3648 impedire
3006 3570 3050 3609 "’
3077 3576 3384 3633 rationabili
3404 3572 3640 3647 animae,
3670 3578 3721 3633 in
3746 3596 3847 3650 qua

2261 3666 2499 3740 perfecta
2530 3668 2913 3739 contemplatio
2937 3664 3212 3725 Creatoris
3257 3668 3445 3740 incipit
3491 3666 3690 3725 lucere.
3748 3668 3848 3725 Ubi

2264 3776 2391 3815 vero
2417 3758 2713 3830 speculatio
2760 3769 2987 3815 naturae
3034 3761 3283 3816 conditae
3327 3756 3625 3815 conditoris
3669 3758 3849 3830 cogni-

2263 3850 2461 3905 tionem
2492 3848 2786 3920 praecedit,
2837 3850 3091 3919 quoniam
3140 3846 3440 3920 pbantasiis
3489 3854 3544 3903 et
3585 3848 3847 3903 illecebris

2256 3959 2445 4024 rerum
2472 3938 2808 3997 sensibilium
2830 3956 3020 3995 carere
3044 3957 3148 3997 non
3173 3943 3370 4012 potest,
3400 3952 3672 4011 nunquam
3692 3955 3845 3995 error

2260 4030 2455 4097 deerit,
2507 4026 2610 4087 nisi
2661 4030 2711 4085 in
2764 4030 2871 4097 his,
2914 4031 3005 4102 qui
3059 4026 3227 4087 divini
3274 4026 3410 4086 radii
3443 4029 3731 4102 splendore
3761 4045 3848 4085 su-

2260 4124 2463 4198 perfusi
2495 4126 2739 4204 ,_rectae
2792 4118 3266 4194 contemplationis
3306 4118 3530 4177 semitas
3576 4128 3839 4190 carpunt,

2258 4219 2467 4288 seipsos
2492 4225 2547 4273 et
2579 4212 2748 4272 Deum
2789 4230 2943 4270 suum
2973 4221 3317 4285 quaerentes,
3346 4213 3397 4268 in
3430 4208 3625 4283 quibus
3670 4210 3845 4283 profc-

2260 4320 2348 4366 cto
2383 4308 2658 4366 Creatoris
2705 4302 2942 4377 cognitio
2980 4315 3263 4362 creaturae
3299 4300 3667 4376 cognitionem
3694 4317 3845 4375 prae-

2260 4400 2425 4459 cedit.
2462 4401 2578 4456 Non
2613 4416 2741 4472 ergo
2769 4401 3018 4456 creatura
3055 4398 3196 4454 mala
3236 4406 3340 4467 est,
3393 4408 3566 4469 neque
3609 4390 3725 4468 elus
3752 4412 3843 4451 co-

570 4494 895 4550 norabilium
937 4492 1152 4545 divinae
1192 4490 1507 4561 Scripturae
1544 4466 1918 4561 expositorum
1947 4493 2156 4563 perspi-
2183 4466 2237 4529 D
2260 4490 2430 4569 gnitio
2466 4490 2543 4559 ¹⁸,
2568 4486 2661 4549 sed
2677 4466 2979 4563 pervorsus
3008 4466 3346 4548 rationabilis
3389 4466 3604 4547 animae
3640 4466 3840 4554 motus,

569 4588 772 4643 cientes
800 4585 1051 4638 diximus.
1083 4574 1238 4638 Hunc
1275 4576 1441 4638 etiam
1471 4597 1689 4641 sensum
1732 4595 1954 4643 sanctus
1993 4585 2156 4643 Pater

567 4673 900 4743 Augustinus
947 4674 1002 4728 in
1048 4673 1333 4729 undecimo
1372 4666 1625 4730 Exemeri
1672 4677 1756 4730 sui
1806 4677 2151 4733 introduxit:

577 4768 696 4822 Non
724 4775 918 4832 autem,
948 4764 1173 4833 inquit”,
1196 4765 1401 4834 ignoro,
1434 4764 1743 4836 quibusdam
1765 4769 1932 4823 visum
1952 4786 2061 4825 esse
2086 4771 2151 4837 “,

564 4857 897 4929 festinatione
923 4855 1263 4927 praevertisse
1287 4854 1407 4909 illos
1431 4855 1663 4910 homines
1687 4862 1970 4927 appetitum
1991 4862 2154 4918 scien-

569 4953 672 5007 tiae
702 4951 822 5007 boni
870 4959 920 5005 et
968 4948 1116 5017 mali,
1175 4961 1223 5005 et
1263 4950 1547 5004 immaturo
1603 4960 1832 5021 tempore
1888 4954 2149 5024 percipere

569 5043 817 5122 uplssisse,
867 5042 1006 5115 quod
1028 5043 1124 5098 eis‘
1148 5043 1371 5097 dilatant
1425 5044 1766 5114 opportunius
1804 5047 2146 5114 servabatur;

562 5135 721 5209 idque
759 5136 923 5209 egisse
959 5143 1288 5202 tentatorem,
1339 5144 1395 5190 ut
1417 5134 1815 5208 praecerpendo,
1846 5140 1986 5210 quod
2016 5155 2147 5195 non-

2260 4605 2366 4661 quo
2412 4580 2711 4644 conditoris
2766 4578 3191 4657 speculationem
3242 4572 3463 4651 deseril,
3512 4592 3566 4640 et
3612 4583 3844 4655 seipsam

2258 4674 2545 4739 libidinoso
2574 4672 2868 4750 illicitoque
2915 4674 3154 4750 appetitu
3185 4672 3238 4732 in
3296 4684 3533 4732 amorem
3573 4672 3845 4731 Sensibilis

2258 4775 2520 4833 materiae
2575 4770 2867 4828 mortiferis
2899 4764 2941 4804 ¹⁹
2981 4764 3255 4844 gressibus
3302 4764 3487 4837 ﬂectit,
3544 4769 3702 4831 unde,
3737 4767 3843 4824 nisi

2256 4868 2406 4936 prius
2430 4864 2610 4920 divina
2645 4862 2817 4934 gratia
2847 4858 3096 4930 liberata,
3125 4858 3302 4918 redire
3344 4877 3445 4915 non
3485 4860 3702 4930 poterit.
3731 4856 3846 4911 Hn-

2254 4971 2416 5011 mana
2460 4955 2723 5026 siquidem
2767 4963 2981 5021 natura,
3014 4963 3073 5009 ut
3111 4956 3186 5009 ait
3227 4958 3442 5009 Sanctus
3485 4946 3837 5022 Augustinus,

2257 5046 2447 5102 idonea
2475 5034 2577 5100 fuit
2604 5058 2701 5116 per
2722 5035 2953 5101 liberum
2983 5038 3268 5101 arbitrium
3302 5040 3581 5099 vulnerare
3611 5057 3670 5097 se
3694 5059 3709 5107 ;
3729 5028 3838 5110 jam

2255 5148 2385 5195 vero
2417 5139 2700 5196 vulnerata
2728 5147 2783 5195 et
2806 5137 3069 5206 sauciata,
3117 5139 3308 5196 idonea
3335 5142 3445 5194 noti
3471 5138 3556 5194 est
3585 5151 3681 5208 per
3710 5130 3835 5191 libe-

1836 5274 2095 5331 VARIAE
2131 5274 2535 5333 LECTIONES.

636 5421 1303 5488 'SicCF;AcumDeo.
1378 5418 1518 5474 ’Sic
1549 5415 1833 5484 CF;Aet.

561 5558 797 5621 diximus
837 5570 1056 5632 propter
1109 5561 1312 5631 aliquos
1363 5571 1439 5632 ut,
1469 5576 1582 5632 om.
1627 5558 1731 5632 CF:

566 5634 610 5667 “
642 5636 733 5690 Sic
777 5631 904 5694 CF;
944 5631 1064 5684 Ain
1091 5640 1320 5685 aeterno.

570 5704 607 5756 ti
614 5704 854 5776 ferisque.

1912 5410 1977 5451 Η

636 5423 657 5459 ⁸
683 5423 777 5479 Sic
803 5421 888 5478 CF
911 5439 926 5488 ;
954 5422 1001 5477 A
1027 5438 1144 5477 cum
1171 5421 1303 5477 Deo.
1378 5420 1401 5452 ³
1425 5418 1518 5474 Sic
1549 5417 1670 5484 CF;
1697 5419 1743 5473 A
1765 5426 1833 5473 et.
1912 5417 1935 5451 ⁸
1957 5419 2068 5487 ipse
2093 5417 2299 5473 onus.
2377 5417 2400 5449 ⁸
2428 5417 2522 5474 Sic
2542 5417 2663 5485 CF;
2692 5417 2739 5473 A
2763 5417 2938 5471 unius.

562 5493 679 5560 CF;
710 5492 755 5547 Δ
787 5492 991 5546 valeret
1011 5509 1129 5548 eum
1154 5491 1472 5546 attrabemt.
1549 5490 1568 5521 "
1597 5488 1643 5543 A
1666 5489 1823 5559 inque
1838 5498 2077 5542 mortem.
2154 5489 2176 5520 ⁸
2203 5486 2244 5541 Α
2269 5505 2521 5544 servasse.
2595 5491 2617 5523 '
2639 5489 2684 5543 A
2705 5489 2964 5558 inquiens.

562 5566 797 5612 diximus
851 5570 1056 5612 propter
1109 5561 1312 5612 aliauos
1363 5571 1420 5612 ut
1469 5576 1582 5612 0m.
1627 5558 1731 5612 CF.
1810 5552 1853 5590 ¹¹
1899 5557 2215 5612 Auauslinus
2261 5572 2370 5612 om.
2421 5552 2488 5612 A.
2585 5559 2629 5591 "
2666 5558 2757 5612 Sic
2804 5550 2925 5612 CF:

1944 5572 2215 5614 uaustmus
2261 5572 2347 5614 0m
2357 5600 2370 5614 .
2421 5572 2488 5612 Α.

1401 5631 1444 5663 ³⁸
1484 5628 1549 5686 ab
1574 5645 1661 5686 om
1690 5626 1795 5686 CF.
1884 5629 1925 5663 ιτ
1959 5618 2048 5683 Sic
2086 5618 2202 5696 CF;
2230 5627 2275 5685 Α
2306 5624 2565 5707 impediri.
2645 5622 2688 5662 η
2730 5629 2820 5687 Sic
2844 5618 2959 5697 CF;
3002 5624 3043 5685 Α
3072 5626 3298 5707 cognitio
3318 5626 3455 5701 ejus.
3534 5624 3580 5658 "
3618 5624 3659 5680 Α
3700 5632 3839 5682 mon-

2377 5416 2400 5449 ⁸
2428 5417 2522 5474 Sic
2542 5417 2628 5519 Gl"1
2763 5416 2938 5500 unius.
3016 5416 3039 5449 ⁵
3060 5413 3252 5519 ἓῖεῃιμ
3276 5412 3362 5469 (1F
3388 5411 3624 5519 visibilis.
3652 5410 3839 5519 “'Sic

2595 5482 2964 5558 'Ainquiens.
3060 5485 3217 5540 “CF
3250 5501 3362 5540 esse
3388 5485 3574 5538 visum.
3652 5484 3691 5515 “
3726 5482 3839 5553 Hoc

2585 5558 2757 5625 ",Sic
2804 5550 2925 5625 CF;
2974 5551 3023 5625 Α
3070 5558 3103 5612 tl
3151 5548 3416 5613 veritate“
3464 5551 3513 5586 ”
3634 5564 3834 5625 eausa.
