4212 6272
439 310 541 369 84'!

1305 305 1392 363 DE
1430 302 1769 362 DIVISIONE
1811 301 2164 359 NATURAE.
2202 331 2274 343 ——
2314 298 2512 354 LIBER
2552 298 2906 368 QUARTUS.

3638 293 3745 354 διδ

439 442 562 481 rum
590 424 878 481 arbitrium
905 435 1101 479 sanare
1143 436 1223 477 se.
1257 420 1364 477 Sed
1396 421 1463 475 ad
1505 435 1591 489 ea,
1622 434 1761 492 quae
1802 427 2033 485 restant,
2064 427 2110 486 Α
2138 417 2322 488 lmago
2360 414 2505 470 enim
2551 414 2672 480 Dei:
2717 415 2783 468 ad
2821 430 2983 484 quam
3021 415 3182 472 homo
3223 413 3400 474 factus
3441 422 3547 482 est,
3594 416 3748 473 omni

438 514 877 572 ratiocinationis
912 514 1018 569 iter
1056 521 1140 570 est
1182 511 1535 583 carpendum.

2136 522 2266 565 sexu
2309 505 2477 561 libera
2528 511 2611 560 est
2662 512 2718 560 et
2766 504 3031 561 absoluta.
3088 507 3285 575 Aliam,
3342 506 3500 574 dicis,
3557 508 3749 580 ignoro

506 608 601 665 Ξῖ).
642 606 783 665 Mss.
821 605 959 676 Quid
988 606 1193 662 restat?
1231 603 1349 659 Non
1375 605 1440 660 de
1472 605 1722 675 paradiso
1770 606 1903 661 satis
1948 612 2034 661 est
2133 612 2352 671 praeter
2378 614 2521 665 eam,
2560 613 2721 669 quam
2773 597 3075 666 introduxi,
3129 610 3183 655 et
3233 615 3264 657 a
3315 606 3372 659 te
3413 601 3749 660 infirmatam

438 699 693 757 dictum?
742 696 877 754 Nam
925 697 1051 751 dum
1092 697 1299 752 crimen
1338 697 1392 751 in
1431 694 1712 751 mulierem
1742 736 1757 762 ,
1798 703 1859 750 ut
1894 703 2034 750 atte-

437 794 631 847 nuaret
657 787 897 844 mulieris
918 801 1139 843 causam
1174 798 1231 842 et
1254 801 1430 853 suam,
1468 785 1717 850 removit,
1749 781 1817 838 de
1859 798 2038 839 remo-

437 882 583 937 tione
613 878 876 944 criminis,
927 893 1036 949 qua
1081 875 1398 949 obiurgatus
1430 876 1612 931 divina
1643 888 1773 929 voce
1805 872 1975 929 Adam
2010 873 2028 905 ί

435 972 647 1044 culpam
670 970 724 1026 in
749 984 897 1036 eum,
928 973 1022 1039 qui
1044 968 1146 1024 sibi
1172 967 1450 1023 mulierem
1473 966 1638 1032 dedit,
1670 966 1842 1034 deque
1869 963 2038 1033 ipsius

434 1061 681 1117 mulieris
718 1059 1042 1124 remotione,
1075 1073 1182 1128 qua
1215 1072 1430 1113 causam
1467 1055 1944 1128 praevaricationis
1983 1053 2036 1108 in

435 1161 746 1221 serpentem
781 1148 981 1213 refert,
1024 1150 1277 1219 quoniam
1310 1152 1376 1203 ab
1409 1148 1807 1220 cxpesitoribus
1851 1159 2040 1201 sacrae

439 1242 758 1314 Scripturae
773 1241 907 1296 satis
920 1252 1001 1295 est
1019 1241 1344 1305 discussum,
1377 1256 1481 1294 non
1508 1240 1871 1295 necessarium
1895 1236 2041 1292 arbi-

440 1335 773 1391 trordicere.
805 1335 948 1390 Dtsc.
966 1332 1335 1389 Necessarium
1353 1335 1590 1405 quidem,
1616 1331 1872 1403 valdeque
1891 1330 2041 1386 utile.

394 1416 405 1428 ’
442 1424 632 1482 Potest
654 1425 798 1480 enim
817 1425 954 1489 fieri,
979 1433 1039 1478 ut
1061 1424 1307 1479 fortassis
1334 1410 1456 1494 quis
1476 1424 1765 1490 existimet,
1797 1421 2045 1477 remotio-

442 1532 541 1574 nes
564 1517 726 1588 ipsas,
752 1516 946 1586 quibus
966 1525 1020 1570 et
1042 1514 1125 1569 vir
1145 1515 1198 1568 in
1227 1515 1506 1570 mulierem
1532 1516 1635 1570 sibi
1656 1532 1687 1569 a
1711 1516 1819 1571 Deo
1843 1515 2044 1580 datam,

442 1626 507 1665 ac
522 1624 621 1680 per
631 1608 734 1663 boc
753 1608 804 1662 in
824 1605 1064 1661 mulieris
1076 1608 1336 1671 datorem,
1359 1607 1553 1662 mulier
1566 1616 1744 1663 autem
1762 1608 1813 1661 in
1832 1620 2051 1677 serpen~

443 1711 550 1755 tem
563 1699 901 1755 occasionem
918 1698 1125 1769 peccati
1144 1713 1316 1753 rerum
1330 1699 1392 1765 it,
1416 1709 1558 1754 ratas
1573 1700 1856 1770 justasque
1868 1698 2051 1769 apolo-

439 1798 553 1868 gias
587 1795 775 1863 fuisse,
806 1795 1396 1868 ultiouequeimlignas,
1417 1795 1517 1851 nisi
1531 1810 1657 1850 vera
1676 1794 1887 1849 ratione
1912 1808 2041 1849 con-
2074 1781 2123 1845 B

439 1896 750 1958 vincantur,
768 1908 831 1947 ac
849 1909 974 1947 mox
995 1892 1229 1963 iniustae
1250 1901 1304 1946 et
1330 1889 1777 1961 reprehensibiles
1802 1886 2048 1943 refellan-

436 1992 548 2049 tur,
572 1984 872 2053 meritoque
894 1986 958 2039 ad
984 1984 1256 2043 cumulum
1277 1983 1615 2052 justissimae
1645 1995 1851 2053 poenae
1867 1980 2046 2037 delicti

434 2075 1042 2147 pcrtincrejmlicentur.
1062 2075 1198 2131 MAG.
1224 2075 1493 2131 Ponamus
1518 2074 1699 2146 itaque
1715 2074 1881 2146 ipsius
1896 2074 2048 2129 Scri-

434 2177 624 2239 pturae
639 2168 820 2223 verba.
846 2169 1012 2231 Dixit,
1030 2168 1226 2240 inquit,
1246 2168 1434 2230 Adam,
1451 2166 1664 2234 mulier,
1680 2185 1836 2239 quam
1858 2167 2047 2221 dedisti

432 2257 629 2314 ‘ociam
646 2261 795 2327 mihi,
815 2261 955 2316 dedit
974 2263 1098 2316 mihi
1118 2263 1181 2316 de
1200 2261 1428 2333 ligno,',et
1447 2261 1667 2315 comedi.
1688 2259 1806 2326 Dic,
1820 2275 2043 2331 quaeso,

440 2350 633 2414 Adam,
652 2352 773 2419 quis
795 2350 886 2404 tibi
913 2351 1190 2406 mulierem
1206 2351 1394 2407 dedit?
1422 2351 1703 2417 Dominus,
1732 2351 1929 2420 inquis,
1954 2350 2048 2419 qui

445 2458 566 2495 cam
601 2441 874 2496 formavit.
918 2443 1130 2509 Quaero
1161 2459 1191 2498 a
1223 2451 1294 2509 te,
1327 2459 1424 2498 cur
1446 2441 1591 2499 Deus
1623 2459 1744 2497 eam
1772 2440 2045 2506 formavit,

444 2532 650 2601 tibique
663 2531 809 2587 dedit
825 2532 969 2589 ?Cur
984 2542 1037 2589 te
1053 2534 1371 2599 dormiente,
1387 2534 1492 2591 hoc
1507 2541 1612 2602 est,
1629 2535 1820 2589 mentis
1841 2534 2046 2589 contui-

445 2632 557 2678 tum
583 2639 610 2677 a
643 2626 1096 2696 contemplatione
1147 2627 1396 2683 veritatis
1442 2629 1494 2682 in
1533 2641 1772 2683 amorem
1809 2627 2042 2683 carnalis

442 2716 674 2791 conjugii
708 2720 1033 2774 connivente
1088 2720 1128 2786 ²,
1171 2730 1379 2775 costam
1424 2721 1489 2775 de
1522 2718 1693 2775 latere
1726 2730 1816 2774 tuo
1858 2719 2040 2786 traxit,

442 2810 508 2864 de
532 2824 639 2880 qua
666 2810 947 2865 mulierem
979 2811 1135 2877 fecit,
1165 2827 1328 2884 quam
1359 2813 1453 2867 tibi
1480 2812 1725 2882 peccanti
1757 2825 1921 2881 seque
1950 2810 2041 2865 de-

445 2902 646 2958 sereuti
682 2902 871 2958 dedit?
910 2902 1019 2958 Cur
1044 2920 1152 2959 non
1194 2903 1384 2960 eodem
1418 2902 1597 2970 modo,
1642 2918 1748 2975 quo
1796 2910 1846 2956 te
1891 2900 2038 2969 fecit,

447 2993 755 3059 mulierem,
797 3009 961 3065 quam
1000 2994 1093 3051 tibi
1124 2994 1294 3061 daret,
1327 2992 1560 3049 fecerit?
1598 2992 1677 3048 Tu
1702 2992 1816 3064 ipse
1835 2990 1901 3047 de
1933 3000 2042 3046 ter-

447 3100 579 3141 rena
603 3085 769 3141 humo
813 3085 834 3118 ³
862 3087 1073 3153 merito,
1112 3089 1202 3160 qui
1233 3086 1484 3143 caelestia
1527 3087 1782 3142 deserens
1827 3092 2040 3141 terrena

446 3179 680 3251 clegisti,
710 3178 882 3235 factus
908 3195 986 3235 es.
1029 3158 1219 3235 Mulier
1251 3189 1339 3234 tua
1374 3196 1441 3234 ex
1475 3178 1642 3234 latere
1691 3186 1783 3233 tuo
1824 3186 2035 3249 Stuupta
2065 3158 2113 3224 C

443 3280 529 3326 est
586 3285 984 3345 congruenter,
1041 3274 1296 3345 quoniam
1348 3289 1508 3329 causa
1560 3274 2039 3343 praevaricationis

442 3374 567 3421 tuae
615 3383 680 3423 ex
728 3368 898 3438 teipso
937 3377 1054 3423 orta
1095 3376 1195 3424 est.
1255 3364 1647 3439 Respondebis,
1693 3367 1876 3435 credo,
1905 3366 2042 3424 haec

440 3458 621 3512 omnia
672 3458 816 3515 Deus
869 3458 1020 3525 fecit,
1066 3458 1191 3529 quia
1242 3456 1441 3525 voluit;
1492 3467 1548 3513 et
1600 3458 1723 3513 ideo
1766 3457 1844 3513 sic
1887 3457 2036 3527 fecit,

440 3547 565 3619 quia
592 3548 673 3604 sic
693 3546 997 3604 faciendum
1026 3546 1314 3619 praevidit,
1343 3550 1435 3619 qui
1476 3550 1678 3616 omnia,
1702 3565 2041 3621 quaecunque

440 3638 624 3706 uoluit,
657 3640 797 3712 fecit.
839 3641 946 3698 Sed
967 3643 1145 3698 adhuc
1174 3657 1206 3697 a
1239 3649 1290 3696 te
1318 3657 1545 3712 quaero,
1574 3658 1744 3714 quare
1767 3643 1847 3699 sic
1872 3643 2040 3700 voluit

442 3732 724 3788 mulierem
757 3733 852 3789 tibi
879 3731 1102 3790 facere?
1140 3732 1296 3801 Quis,
1328 3726 1561 3804 inquies,
1591 3734 1805 3790 divinae
1842 3734 2038 3790 volun-

446 3825 575 3880 tatis
597 3839 790 3881 causas
829 3834 1009 3898 potest
1037 3826 1407 3895 investigare?
1448 3826 1579 3893 Quis
1624 3828 1761 3882 enim
1804 3828 2039 3898 cognovit

445 3932 655 3971 sensum
682 3908 1198 3991 Domini?ignoras
1251 3916 1433 3991 .gitur,
1482 3935 1588 3992 qua
1639 3919 1850 3976 ratione
1895 3920 2038 3978 Deus

443 4006 577 4061 fecit
615 4005 916 4076 mulierem,
948 4023 1108 4080 quam
1138 4006 1232 4064 tibi
1260 4007 1447 4065 dedit?
1485 4006 1697 4077 ignoro,
1745 4010 1944 4080 inquis,
1993 4011 2040 4067 si

443 4115 553 4154 non
593 4100 646 4154 in
689 4098 1013 4171 adjutorium
1049 4100 1451 4174 propagationis
1488 4110 1544 4158 et
1582 4101 2042 4172 multiplicationis

441 4195 717 4251 humanae
754 4205 981 4253 naturae
1006 4236 1023 4264 ,
1060 4212 1200 4266 quae
1237 4197 1291 4253 in
1328 4212 1416 4252 me
1450 4195 1705 4266 primitus
1754 4195 1895 4251 facta
1934 4203 2038 4264 est,

441 4294 499 4341 et
535 4300 604 4342 ex
642 4300 730 4342 me
767 4287 1061 4358 auspicium
1097 4285 1489 4359 procreationis
1534 4284 1760 4355 accepit.
1798 4283 1896 4340 llic
1946 4284 2042 4341 tibi

441 4394 697 4446 occurro,
737 4395 971 4453 veraque
1000 4381 1210 4437 ratione
1241 4379 1403 4436 talem
1432 4380 1784 4437 intentionem
1818 4379 2038 4452 repello.

445 4467 563 4524 Non
599 4469 744 4525 enim
774 4471 1005 4528 humana
1037 4482 1230 4529 natura
1259 4471 1649 4544 ignominiosae
1673 4466 2039 4544 generationis
2065 4509 2119 4572 Β

444 4576 510 4615 cx
547 4563 790 4620 masculo
825 4575 879 4621 et
907 4566 1107 4623 femina
1136 4568 1187 4621 in
1216 4566 1565 4624 similitudine
1586 4558 2037 4624 irration'abilium

442 4655 758 4712 animalium
783 4659 1072 4731 indigeret,
1111 4660 1156 4716 si
1192 4660 1572 4731 superbieudo,
1627 4674 1864 4731 suaeque
1905 4659 2037 4714 sim-

441 4744 721 4814 plicitatis,
764 4747 819 4804 in
849 4764 955 4821 qua
992 4749 1060 4804 ad
1087 4749 1375 4823 imaginem
1405 4750 1500 4806 Dei
1544 4750 1759 4807 condita
1786 4758 1892 4816 est,
1923 4746 2039 4821 pul-

446 4837 809 4896 chritudincm
839 4843 1167 4912 spernendo,
1207 4845 1421 4899 modum
1473 4844 1747 4915 angelicae
1781 4840 2039 4912 multipli-

447 4929 692 4994 cationis,
727 4933 817 5001 qui
848 4933 1093 4997 omnino,
1122 4943 1181 4987 ut
1210 4948 1371 5003 saepe
1390 4935 1503 5005 jam
1551 4934 1752 4989 dictum
1799 4943 1902 4999 est.
1947 4947 2032 4989 se-

451 5033 616 5073 xuum
662 5024 849 5095 copula
895 5034 1069 5093 caret,
1112 5042 1219 5082 non
1260 5028 1553 5083 desereret.
1603 5026 1816 5093 Quaere
1854 5029 2036 5099 itaque

447 5110 614 5164 aliam
640 5110 921 5185 ratidnem,
951 5133 1060 5190 qua
1085 5118 1260 5190 possis
1288 5132 1553 5184 asserere,
1591 5132 1689 5171 cur
1716 5119 1813 5175 tibi
1844 5120 2038 5176 mulier

449 5197 576 5256 data
623 5209 746 5258 est:
773 5202 875 5262 ista
918 5207 1203 5281 siquidem,
1246 5222 1407 5280 quam
1454 5208 1707 5280 posuisti,
1758 5208 1888 5265 falsa
1933 5218 2034 5266 est.

2134 694 2313 749 video.
2354 691 2544 758 Miror,
2575 708 2674 749 cur
2704 700 2755 748 te
2782 693 2919 748 dicis
2943 693 3194 764 ignorare
3219 710 3286 751 ea
3304 736 3320 762 ,
3350 709 3489 766 quae
3518 701 3747 765 propter

2139 794 2287 840 tuam
2318 783 2737 839 inobedientiam
2770 794 2933 854 atque
2955 783 3261 856 superbiam
3288 784 3427 840 facta
3451 794 3596 840 sunt.
3633 782 3748 856 Ego

2141 880 2342 941 autem,
2373 875 2465 945 qui
2494 876 2547 930 in
2586 882 2639 929 te
2668 876 2907 946 peccavi,
2941 885 2996 933 et
3022 876 3298 951 peccando
3330 882 3576 931 mortuus
3602 890 3744 940 sum,

2141 980 2246 1020 non
2272 966 2482 1036 ignoro.
2524 963 2737 1020 Clamat
2768 967 2913 1021 enim
2947 968 3000 1022 in
3033 981 3121 1023 me
3156 968 3478 1024 inconcussa
3504 975 3558 1023 et
3582 981 3748 1038 aper-

2145 1059 2348 1114 tissima
2376 1060 2533 1125 ratio,
2560 1060 2704 1131 quod
2727 1061 2889 1115 etiam
2916 1062 3179 1132 approbat
3206 1060 3495 1117 multorum
3518 1060 3743 1117 Patrum

2144 1151 2458 1216 auctoritas,
2485 1151 2628 1220 quod
2656 1151 2701 1206 si
2736 1150 2968 1207 humana
3002 1163 3197 1208 natura
3226 1152 3280 1208 in
3313 1152 3427 1225 ipsa
3458 1152 3747 1225 simplicis-

2145 1243 2280 1298 sima
2323 1244 2799 1314 sincerissimaque
2846 1246 3059 1303 divinae
3106 1248 3355 1319 imaginis
3408 1249 3747 1321 beatitudine

2145 1342 2509 1403 permaneret,
2538 1333 2668 1388 nulli
2698 1336 2849 1390 sexui
2881 1336 3279 1404 succumberet,
3312 1337 3513 1394 nullam
3554 1348 3746 1395 contua

2148 1423 2425 1481 meliosam
2458 1426 2897 1496 propagationem
2926 1428 3066 1483 sicut
3112 1429 3420 1501 insipientia
3450 1429 3473 1461 ⁸
3502 1431 3744 1487 animan-

2144 1519 2224 1573 tia
2252 1518 2474 1575 subiret.
2516 1517 2780 1586 Quoniam
2829 1536 2953 1577 vero
2992 1523 3045 1577 in
3078 1522 3340 1593 dignitate
3376 1522 3489 1591 illa,
3536 1524 3591 1595 in
3636 1538 3745 1595 qua

2152 1611 2366 1666 condita
2408 1610 2431 1643 '
2475 1612 2593 1678 est,
2659 1627 3010 1682 perseverare
3052 1616 3258 1682 noluit,
3306 1617 3413 1672 sed
3441 1615 3751 1688 ignobiliter

2153 1705 2299 1760 inter
2324 1714 2504 1761 cetera
2541 1705 2794 1762 animalia
2835 1706 3179 1780 multiplicari
3223 1709 3405 1777 elegit,
3453 1710 3593 1765 idem
3631 1710 3748 1780 ipse

2151 1798 2419 1865 conditor,
2460 1798 2717 1871 quicquid
2751 1799 2993 1857 facturus
3025 1810 3078 1856 et
3110 1800 3325 1858 futurus
3354 1802 3376 1833 ⁸
3397 1810 3540 1859 esset
3582 1803 3748 1859 homo

2152 1906 2412 1961 perverso
2441 1899 2588 1945 motu
2618 1890 2824 1947 liberae
2852 1891 3141 1949 voluntatis
3164 1893 3426 1963 perditus,
3458 1892 3745 1965 praevidit,

2152 1982 2237 2038 et’
2268 1982 2534 2052 duplicem
2565 1999 2776 2052 sexum,
2809 2001 2905 2057 per
2934 2002 3091 2058 quem
3123 1995 3511 2059 propagaretur
3538 1987 3744 2043 bestia-

2152 2090 2271 2129 rum
2296 2074 2484 2141 instar,
2520 2077 2907 2147 superaddidit.
2948 2078 3086 2147 Quid
3112 2095 3239 2151 ergo
3267 2093 3515 2135 removes
3541 2079 3596 2134 in
3620 2094 3744 2134 mu-

2152 2165 2339 2222 lierem
2398 2168 2880 2237 praevaricationis
2929 2178 3053 2225 tuae
3092 2169 3455 2237 occasionem,
3514 2185 3638 2226 cum
3689 2170 3743 2226 in

2151 2260 2325 2332 teipso
2373 2260 2734 2332 superbiente,
2795 2260 3074 2334 Deumque
3121 2273 3271 2319 tuum
3318 2271 3629 2333 spernente,
3680 2276 3748 2318 ac

2148 2367 2248 2422 per
2272 2352 2374 2406 hoc
2394 2352 2699 2419 deserente,
2730 2351 3009 2410 faciendae
3033 2354 3274 2409 mulieris
3302 2369 3466 2410 causa
3494 2367 3749 2429 praeces-

2149 2444 2312 2500 serit?
2335 2444 2487 2513 Quod
2509 2445 2669 2501 etiam
2693 2445 2873 2503 divina
2896 2446 3067 2502 ironia
3091 2447 3745 2519 apertissime'declarat,

2149 2554 2288 2611 quae
2337 2537 2505 2593 dicit:
2538 2535 2663 2593 Non
2706 2548 2780 2593 est
2811 2537 3001 2593 bonum
3033 2539 3292 2594 hominem
3339 2556 3447 2595 esse
3494 2539 3666 2595 solum
3698 2538 3746 2607 ’,

2148 2628 2409 2699 faciamus
2442 2629 2489 2682 ei
2514 2628 2840 2699 adjutoriam
2869 2628 3057 2683 simile.
3102 2629 3179 2683 Ac
3214 2628 3258 2683 si
3288 2637 3474 2701 aperte
3502 2630 3741 2685 diceret:

2148 2710 2254 2775 non
2282 2719 2497 2775 videtur
2520 2719 2745 2785 homini,
2777 2734 2938 2790 quem
2984 2720 3051 2773 ad
3090 2717 3381 2791 imaginem
3410 2727 3465 2773 et
3492 2719 3747 2775 similitu-
3836 2718 3841 2725 ’

2149 2809 2329 2865 dinem
2362 2818 2601 2866 nostram
2633 2809 2880 2876 fecimus,
2915 2810 3117 2866 bonum
3147 2824 3269 2865 esse
3296 2808 3490 2876 solum,
3525 2810 3627 2865 hoc
3656 2818 3743 2865 est

2147 2904 2443 2974 simplicem
2490 2912 2652 2976 atque
2684 2902 3017 2976 perfectum,
3048 2904 3531 2977 universaliterque
3553 2905 3669 2963 sine
3698 2904 3745 2938 “
3782 2925 3791 2929 -

2146 2996 2409 3053 divisione
2438 3006 2664 3053 naturae
2693 2997 2749 3053 in
2792 3012 2954 3053 sexus
3002 2998 3069 3053 ad
3116 2997 3527 3055 similitudinem
3573 3013 3737 3071 ange-

2146 3087 2281 3142 licae
2304 3095 2530 3143 naturae
2551 3088 2854 3143 absolutum
2878 3103 3217 3160 permanere,
3243 3091 3335 3145 sed
3366 3105 3593 3163 pronum
3614 3105 3742 3161 pro-

2145 3176 2450 3250 clivumque
2490 3178 2533 3209 “
2572 3180 2640 3239 ad
2678 3187 2924 3236 terrenos
2959 3181 3135 3236 coitus
3160 3182 3363 3252 pariter
3386 3198 3508 3238 cum
3548 3184 3737 3240 bestiis

2144 3286 2318 3339 ruere,
2343 3286 2408 3327 ac
2436 3270 2515 3327 sic
2542 3270 2586 3303 ¹¹
2614 3272 2874 3343 unitatem
2900 3281 3127 3328 naturae
3146 3288 3244 3344 per
3268 3273 3540 3329 carnalem
3576 3289 3740 3346 gene-

2143 3365 2409 3421 rationem
2436 3380 2704 3435 sexusque
2736 3380 3026 3436 corporeos
3053 3367 3389 3424 seminaliter
3408 3366 3735 3439 multiplica-

2143 3472 2220 3524 re,
2256 3456 2565 3513 caelestium
2607 3472 2956 3512 numerorum
2990 3457 3448 3530 multiplicationis
3476 3457 3735 3530 dignitate

2141 3557 2465 3620 contempla.
2483 3548 2766 3605 Faciamus
2779 3564 2909 3619 ergo
2922 3549 2969 3604 ei
2986 3550 3308 3621 adjutorium
3326 3550 3519 3617 simile,
3538 3566 3644 3621 quo
3661 3549 3737 3616 id,

2140 3643 2281 3713 quod
2299 3642 2521 3713 appetit,
2539 3657 2797 3714 peragere
2820 3642 3011 3711 possit,
3035 3639 3293 3698 feminam
3311 3641 3578 3707 videlicet,
3597 3655 3735 3711 quae

2140 3732 2413 3800 similiter,
2446 3742 2504 3788 ut
2531 3732 2822 3799 masculus,
2863 3732 3070 3805 fragilis
3105 3748 3169 3789 ac
3201 3732 3438 3800 lubrica.
3488 3741 3733 3788 terrenas

2143 3833 2359 3896 appetat
2396 3823 2884 3894 concupiscentiae.
2918 3820 2986 3879 Et
3024 3823 3126 3880 hoc
3156 3833 3260 3892 est,
3291 3824 3435 3895 quod
3464 3838 3563 3894 per
3590 3823 3733 3878 anti-

2143 3917 2471 3987 cipationem
2515 3900 2797 3985 Scriptura
2825 3913 3037 3986 profert
3081 3908 3267 3970 dicens
3299 3933 3311 3968 :
3343 3913 3642 3969 Masculum
3680 3924 3729 3969 et

2142 4007 2390 4079 [caninam
2416 4004 2537 4074 fecit
2562 4021 2672 4079 eos,
2704 4020 2831 4060 vasa
2861 4002 3110 4061 videlicet
3137 4004 3506 4075 procreandac
3528 4019 3723 4058 carna-

2142 4100 2268 4156 liter
2290 4099 2335 4132 ²⁸
2365 4098 2551 4177 prolis,
2578 4104 2762 4169 spreta
2788 4096 3049 4168 dignitate
3095 4095 3309 4152 divinae
3336 4093 3585 4166 imaginis
3611 4094 3721 4162 spi-

2142 4189 2457 4260 ritualisque
2506 4186 2931 4245 numerositatis.
2982 4185 3094 4242 Cur
3150 4185 3333 4255 itaque
3388 4183 3728 4255 praevarica-

2143 4285 2304 4341 tionis
2334 4293 2458 4340 tuae
2497 4296 2739 4349 causam,
2770 4293 2910 4351 quae
2954 4279 3010 4336 in
3050 4277 3281 4350 teipsum
3310 4276 3636 4342 refunditur,
3672 4276 3723 4330 in

2142 4375 2447 4441 mulierem,
2473 4389 2638 4446 quam
2667 4370 2766 4429 tibi
2794 4369 3020 4429 Creator
3044 4378 3169 4438 tuus
3191 4369 3356 4437 dedit,
3386 4367 3469 4424 vel
3496 4376 3643 4424 certe
3667 4365 3719 4421 in

2143 4468 2319 4541 ipsum
2368 4465 2682 4522 Creatorem
2731 4476 3013 4519 removere
3050 4454 3302 4517 conaris?
3356 4457 3502 4515 Talis
3546 4456 3729 4529 itaque

2146 4561 2374 4617 remotio
2411 4557 2655 4615 criminis
2687 4555 2765 4613 nil
2803 4553 3132 4612 defensionis
3164 4551 3416 4620 contulit,
3446 4548 3721 4608 cumulum
3799 4574 3808 4589 ι

2112 4627 2272 4712 ’νθτο
2313 4652 2677 4708 damnationis
2723 4649 3085 4722 exaggeravit.
3148 4646 3255 4704 Sed
3306 4644 3578 4702 fortassis’
3604 4644 3729 4717 quis

2139 4750 2301 4813 dicat,
2326 4748 2469 4819 quod
2488 4761 2588 4802 nos
2611 4745 2654 4777 “
2676 4744 2981 4816 conjugium
3002 4743 3276 4816 prolisque
3294 4741 3729 4815 procreationem

2095 4881 2103 4891 .
2140 4838 2601 4910 reprehendimus,
2626 4837 2755 4893 dum
2777 4835 3097 4892 divisionem
3132 4838 3360 4890 naturae
3384 4833 3650 4890 humanae
3672 4829 3728 4884 in
3760 4824 3772 4906 ‘I

2139 4932 2438 4991 masculum
2465 4937 2520 4985 et
2544 4928 2821 4995 feminam,
2853 4943 3083 4999 quorum
3108 4925 3297 4997 copula
3323 4933 3378 4980 et
3414 4924 3723 4995 coniugium

2138 5037 2194 5084 et
2218 5028 2450 5083 ﬁliorum
2474 5024 2792 5095 propagatio
2828 5030 3166 5090 naturaeque
3205 5016 3573 5089 augmentatio
3600 5029 3722 5085 per-

2140 5117 2342 5186 ficitur,
2367 5117 2560 5174 merito
2583 5115 2789 5187 peccati
2812 5113 2978 5170 finisse
3006 5109 3355 5166 animamus.
3377 5109 3476 5164 Cui
3496 5120 3692 5177 respon
3717 5136 3721 5145 -

2142 5210 2387 5267 debimus
2415 5224 2430 5265 :
2457 5208 2716 5280 Coniugia
2748 5221 2855 5263 non
2892 5201 3359 5275 reprehendimus.
3404 5199 3451 5256 si
3478 5198 3720 5270 legitima

1756 5346 1838 5402 VA
1848 5346 2006 5403 RIAE
2038 5344 2435 5404 LECTIONES.

518 5482 539 5517 ⁸
573 5476 668 5537 Sic
700 5477 820 5550 CF;
872 5482 921 5539 Α
974 5499 1097 5540 nam
1145 5485 1209 5540 de
1259 5482 1541 5539 remotione
1581 5481 1815 5537 criminis
1856 5497 1960 5551 qua
1986 5552 1997 5555 Α
2024 5479 2335 5555 obiurgetur
2376 5477 2555 5555 divina
2574 5474 2926 5555 “uocehiidam
2980 5470 3188 5555 culpam
3223 5470 3548 5555 Δνεηιοεήεῃξη
3591 5481 3717 5555 ξιξ-ξ

448 5544 650 5620 (ἱεῖσαι,
692 5563 762 5620 et,
791 5544 848 5609 ut
896 5564 1192 5611 attenuaret
1244 5555 1481 5610 mulieris
1529 5568 1765 5617 causam,
1807 5544 2016 5607 removit
2044 5544 2268 5620 culpam
2292 5557 2397 5605 cet.

1115 5627 1139 5658 ⁸
1186 5626 1278 5682 Sic
1329 5624 1790 5695 CF;Ainsipientia
1834 5638 1945 5677 om.
1999 5622 2066 5679 Α.

446 5617 495 5677 Δ
545 5621 611 5676 de
637 5617 842 5681 terreno
871 5626 1018 5682 limo.-

2501 5548 2521 5578 ι
2572 5545 2662 5602 Sic
2698 5544 2816 5609 CF;
2863 5545 2907 5597 Α
2947 5537 3284 5596 converteute.
3379 5540 3401 5572 ³
3457 5540 3548 5595 Sic
3588 5537 3713 5609 (ὶξῖ

2145 5606 2163 5652 δ
2212 5622 2257 5675 Α
2307 5621 2449 5676 edita
2488 5625 2589 5675 est.
2669 5614 2690 5646 ‘
2717 5625 2769 5684 et
2796 5606 3007 5684 futuras
3045 5626 3156 5666 om.
3180 5611 3247 5684 A.
3322 5611 3343 5643 τ
3377 5620 3425 5665 et
3465 5625 3584 5684 om.
3608 5606 3715 5684 (ξε.

448 5677 1139 5781 ξηρῖήςηᾷάῇᾇξέὶξηε.
1187 5677 1848 5781 “inferendumin?
1886 5677 2038 5750 esse:
2093 5693 2137 5726 ⁸⁸
2165 5693 2275 5749 sine
2306 5706 2416 5748 om.
2447 5685 2552 5745 CF.
2628 5684 2668 5719 ¹¹
2709 5677 2807 5741 Sic
2835 5683 2959 5751 CF;
2999 5684 3045 5739 A
3067 5682 3464 5754 proeliumque.
3541 5678 3587 5715 “
3626 5677 3718 5735 Sic

450 5755 569 5831 CF;
609 5765 652 5821 Δ
693 5755 896 5829 ac.si.'
938 5768 985 5803 “
1025 5767 1072 5825 A
1111 5765 1362 5825 carnalis.
1442 5767 1482 5798 "
1523 5782 1615 5822 nos
1654 5780 1762 5823 om.
1802 5766 1869 5821 A.
