4212 6272
526 339 628 397 847

1891 326 2174 386 JOANNIS
2212 327 2411 385 SCOTl

3700 329 3808 385 8i8

529 454 661 535 sint,
710 448 990 522 prolisque
1028 448 1418 521 procreandac,
1477 464 1586 505 non
1629 446 1873 504 libidinis
1920 462 2113 518 perpe-
2142 452 2195 515 Α
2218 464 2324 503 non
2352 448 2725 519 praecederet.
2758 442 3022 518 Superbia
3048 446 3232 518 itaque
3255 445 3443 513 animi,
3470 445 3814 519 carnalisque

531 541 760 597 trandae
814 540 1054 611 appetitu
1107 538 1393 609 copulata,
1448 540 1735 609 utriusque
1798 553 1961 594 sexus
2015 538 2122 595 fide

514 640 794 702 castaque
827 631 1086 701 pudicitia
1135 639 1352 687 servata
1382 632 1398 662 ¹
1435 649 1448 686 :
1484 631 1593 686 imo
1627 631 1788 686 etiam
1818 630 2120 697 laudamus,

532 723 661 794 quia
687 730 745 779 et
768 738 798 778 a
824 721 937 778 Deo
965 738 1225 780 concessa
1257 733 1383 779 sunt
1418 735 1473 781 et
1495 725 1680 795 jussa;
1714 726 1928 781 crescile
1952 726 2118 792 enim,

531 815 728 885 inquit,
759 822 808 868 et
834 814 1281 885 multiplicamini,
1308 824 1356 869 et
1385 815 1593 886 implete
1618 827 1833 872 terram.
1882 815 2122 888 Uterque

531 920 747 976 quoque
770 922 952 972 sexus,
982 906 1102 962 sine
1130 922 1237 978 quo
1262 907 1479 963 carnale
1511 908 1835 964 conuubium
1861 909 1976 965 ﬁeri
2016 926 2122 966 non

529 1005 730 1067 potest,
779 997 924 1067 quod
951 1011 979 1050 a
1010 997 1121 1052 Deo
1163 996 1338 1052 factus
1383 997 1473 1063 sit,
1524 996 1704 1053 nullus
1730 999 2121 1055 catholicorum

535 1088 782 1160 ambigit.
811 1089 902 1143 Ait
935 1090 1079 1145 enim
1117 1088 1395 1161 Scriptura
1423 1110 1436 1145 :
1467 1090 1765 1145 Maseulum
1797 1101 1844 1146 et
1873 1092 2121 1163 feminam

532 1179 654 1250 fecit
706 1195 812 1233 eos.
858 1178 990 1234 Item
1027 1179 1153 1235 alibi
1194 1198 1207 1234 :
1250 1179 1404 1246 Quod
1435 1180 1575 1236 Dens
1629 1182 1922 1252 conjunxit,
1970 1183 2123 1237 homo

532 1289 638 1326 non
685 1272 706 1303 ³
739 1281 960 1342 separet.
991 1270 1245 1328 Carnalia
1285 1288 1413 1328 vero
1442 1271 1711 1344 coniugia,
1753 1275 1854 1329 etsi
1886 1274 2124 1345 legitima

531 1363 643 1417 sint
673 1370 755 1418 .et
794 1361 1061 1432 religiosis
1100 1362 1122 1394 ³
1150 1363 1472 1429 (hominibus
1504 1363 1811 1433 conjuncta,
1844 1365 2126 1421 libidinoso

530 1460 713 1508 tamen
756 1453 779 1484 ⁸
828 1453 1120 1523 illicitoque
1166 1463 1317 1509 motu
1359 1455 1595 1511 carnalis
1640 1457 1883 1525 pruritus
1938 1471 2127 1512 carere

530 1558 640 1597 non
708 1558 866 1614 posse
934 1545 1314 1600 incunctanter
1382 1543 1733 1602 allirmamus.
1802 1544 1918 1601 Non
1979 1546 2123 1600 enim

533 1631 749 1688 aliunde
770 1641 1053 1689 nascentes
1073 1635 1126 1688 in
1145 1649 1309 1690 carne
1331 1635 1560 1705 parvuli,
1578 1637 1680 1691 nisi
1708 1637 1852 1704 inde,
1871 1646 2127 1693 aeternae

514 1708 725 1778 ‘mortis
754 1732 962 1779 reatum
995 1725 1278 1781 attrahunt
1301 1739 1352 1792 ο,
1396 1742 1533 1797 quos
1559 1727 1732 1782 solum
1781 1729 1803 1761 "
1830 1729 2127 1787 catholicae

2224 557 2417 598 sensus
2473 541 2661 596 illicita
2708 539 3023 602 delectatio,
3076 539 3177 594 sibi
3227 539 3457 595 invicem
3503 538 3811 609 copulatae,

2223 640 2473 686 naturam
2513 631 2807 685 humanam
2838 629 3031 685 mortis
3061 629 3393 685 damnationi
3422 630 3767 689 tradiderunt
3792 651 3808 688 :

2222 725 2288 780 de
2317 740 2423 793 qua
2454 723 2566 781 sola
2590 723 2794 779 Christi
2818 722 3118 787 humilitas,
3155 730 3210 777 et
3238 722 3600 793 spiritualium
3625 740 3809 782 rerum

2223 816 2277 870 in
2319 815 2607 869 animabus
2652 813 2891 869 ﬁdelium
2944 812 3267 877 delectatio,
3318 815 3547 869 eandem
3593 824 3813 873 revocat

2222 907 2524 977 liberatque
2554 916 2828 961 naturam.
2884 905 2999 959 Non
3034 905 3201 960 habes
3252 905 3457 975 itaque,
3507 906 3722 975 mulier,
3751 911 3809 967 in

2223 1000 2352 1070 quid
2399 1003 2421 1034 ⁸
2449 998 2532 1053 vel
2563 999 2616 1053 in
2649 1014 2809 1070 quem
2838 998 3051 1069 culpam
3088 1009 3234 1053 tuam
3261 1013 3578 1065 removeas,
3619 1003 3719 1057 nisi
3751 1004 3806 1059 in

2195 1099 2277 1145 .te
2299 1090 2492 1159 ipsam,
2535 1088 2661 1143 dum
2703 1088 2924 1143 illicitae
2958 1087 3335 1144 delectationis
3368 1097 3518 1155 tuae,
3554 1091 3608 1145 in
3647 1108 3806 1162 quam

2224 1180 2436 1249 culpam
2487 1177 2530 1209 ¹⁰
2564 1178 2776 1233 conaris
2818 1192 3095 1233 removere
3143 1177 3208 1243 “,
3254 1179 3596 1235 convinceris
3624 1193 3808 1236 auctor

2224 1287 2364 1328 esse.
2399 1270 2500 1326 Ubi
2545 1271 2771 1342 pulchre
2798 1272 3102 1326 divinorum
3130 1273 3420 1327 verborum
3461 1280 3666 1331 textum
3696 1275 3809 1330 ani-

2227 1362 2569 1418 madvertere
2610 1361 2889 1418 debemus.
2920 1363 2995 1418 lia
3021 1363 3314 1432 siquidem,
3339 1379 3479 1434 quae
3493 1365 3652 1420 simul
3672 1366 3803 1421 facta

2226 1462 2372 1518 sunt,
2428 1453 2634 1522 absque
2674 1454 3049 1523 temporalium
3094 1454 3427 1511 merularum
3474 1457 3804 1522 interstitiis,

2225 1555 2449 1615 propter
2508 1552 2751 1599 nostram
2821 1544 3130 1600 tarditatem
3185 1546 3544 1617 carnalesque
3603 1563 3802 1613 sensus,

2227 1636 2424 1708 quibus
2451 1636 2698 1707 originali
2727 1645 2949 1706 peccato
2965 1623 3210 1708 corrupti
3236 1639 3277 1669 ¹¹
3303 1637 3436 1695 locis
3461 1642 3810 1710 temporibus-

2228 1730 2334 1796 que
2356 1726 2402 1758 ¹³
2422 1727 2841 1789 succumbimus,
2869 1728 3057 1783 ordine
3080 1729 3312 1797 quodam
3352 1730 3612 1799 mirabili,
3633 1732 3811 1803 mysti-

532 1812 811 1868 Ecclesiac
841 1814 1108 1884 baptisma
1148 1815 1216 1870 ab
1246 1816 1362 1886 ipso
1394 1829 1546 1873 reatu
1571 1813 1786 1874 liberat.
1816 1819 2126 1877 Asserimus
2159 1808 2206 1869 B
2234 1833 2422 1874 corum
2450 1833 2707 1873 sensuum
2732 1818 3072 1887 plenissimo,
3106 1819 3271 1875 veluti
3294 1819 3431 1877 locis
3457 1822 3809 1893 temporibus-

530 1918 765 1975 quoque,
796 1904 1017 1976 copulas
1048 1905 1167 1961 illas
1192 1907 1459 1975 carnales,
1490 1909 1689 1979 quibus
1718 1911 1955 1967 humana
1986 1912 2129 1968 loca-

526 1993 660 2049 liter
683 2002 739 2049 et
771 1996 1143 2065 temporaliter
1170 2006 1366 2053 natura
1408 2006 1754 2072 prepagatur,
1791 2017 1896 2057 non
1935 2018 2125 2059 neces-

534 2085 711 2139 sarias
736 2084 871 2152 fore,
891 2086 935 2141 si
948 2086 1113 2142 homo
1135 2103 1264 2143 suae
1285 2097 1511 2146 naturae
1533 2091 2033 2162 multiplicationem
2060 2096 2126 2150 ad

533 2176 942 2233 similitudinem
986 2193 1243 2249 pecorum
1286 2181 1427 2248 ﬁeri,
1466 2182 1778 2238 caelestium
1820 2186 2126 2240 numerosi-

520 2262 647 2323 tate
688 2270 923 2336 deserta,
954 2286 1061 2327 non
1112 2272 1353 2343 eligeret.
1402 2274 1555 2330 Sicut
1595 2277 1671 2332 ait
1695 2275 1865 2332 David
1902 2292 1916 2330 :
1952 2276 2125 2333 Homo

534 2377 655 2415 cum
684 2363 740 2416 in
774 2363 971 2419 honore
1004 2373 1155 2430 esset,
1188 2381 1292 2419 non
1330 2365 1623 2433 intellexit,
1671 2378 2003 2439 comparatus
2050 2380 2123 2424 est

531 2452 786 2521 iumentis
816 2454 1196 2525 insipientibus,
1237 2466 1285 2511 et
1313 2457 1501 2512 similis
1536 2459 1706 2528 factus
1734 2469 1808 2514 est
1857 2458 1983 2514 illis.
2018 2460 2124 2516 Sed

538 2546 826 2603 redeamus
851 2548 919 2603 ad
941 2564 1259 2621 responsum
1298 2551 1559 2617 mulieris,
1588 2553 1774 2623 culpae
1803 2568 1933 2609 suae
1960 2568 2123 2609 occa-

536 2642 746 2697 sionem
795 2643 851 2698 in
915 2653 1220 2714 serpentem
1264 2646 1612 2701 removentis.
1671 2646 1815 2700 Dixit
1869 2645 2124 2702 Dominus

538 2734 681 2791 Deus
709 2737 777 2791 ad
805 2736 1075 2792 mulierem
1100 2751 1118 2789 :
1151 2737 1326 2804 Quare
1351 2740 1448 2793 hoc
1474 2738 1690 2809 fecisti?
1719 2739 1868 2807 Quae
1912 2757 2125 2812 respon-

536 2828 614 2881 dit
651 2843 670 2882 :
711 2825 934 2899 Serpens
968 2828 1164 2900 decepit
1204 2846 1312 2896 me,
1354 2840 1400 2884 et
1443 2831 1661 2886 comedi.
1709 2831 1777 2886 Et
1808 2840 1864 2887 tu
1904 2832 2121 2898 mulier,

537 2932 706 2987 quare
749 2932 996 2975 removes
1039 2921 1245 2976 crimen
1294 2929 1441 2976 tuum
1491 2921 1546 2977 in
1593 2928 1897 2993 serpentem
1926 2962 1940 2987 ,
2000 2938 2122 2979 cum

536 3021 595 3066 tu
620 3012 735 3081 ipsa
779 3013 854 3068 sis
881 3020 1004 3068 tuae
1031 3014 1219 3084 culpae
1248 3014 1270 3046 ⁸
1312 3013 1590 3069 creatrix?
1627 3012 1862 3084 Serpens
1891 3014 2025 3086 ipse,
2069 3015 2122 3069 in

526 3100 699 3173 quem
730 3103 940 3176 culpam
964 3105 1225 3172 refundis,
1257 3107 1310 3162 in
1333 3114 1385 3161 te
1407 3106 1521 3177 ipsa
1553 3106 1731 3177 repit:
1756 3120 1977 3176 serpens
2002 3114 2124 3162 tuus

538 3205 631 3249 tua
681 3175 914 3251 carnalis
961 3197 1399 3267 concupiscentia
1427 3175 1541 3252 test
1605 3175 1767 3268 atque
1815 3175 2118 3263 delectatio,
2152 3175 2197 3240 ο

535 3301 678 3356 quae
706 3303 771 3342 cx
802 3288 1194 3346 irrationabilis
1220 3289 1436 3344 animae
1475 3292 1622 3343 motu
1648 3288 1703 3343 in
1736 3302 1897 3343 sensu
1932 3303 2123 3358 corpo-

536 3394 633 3435 reo
653 3380 911 3451 gignitur.
940 3377 1164 3434 Frustra
1208 3379 1375 3451 igitur
1398 3378 1611 3443 mulier,
1646 3392 1837 3433 sensus
1874 3378 2124 3435 videlicet

539 3468 800 3533 carnalis,
829 3469 1043 3538 culpam
1069 3484 1224 3524 suam
1256 3468 1313 3523 in
1350 3476 1680 3537 serpentem,
1711 3468 1815 3523 hoc
1839 3470 1998 3523 estin
2026 3470 2121 3524 de-

536 3559 881 3613 lectationem
931 3560 1390 3625 irrationabilcm,
1437 3558 1592 3627 cujus
1643 3559 1756 3629 ipsa
1786 3567 1975 3613 auctor
2018 3569 2123 3627 est,

539 3657 804 3705 removet.
838 3648 953 3703 Non
993 3650 1138 3705 enim
1182 3648 1545 3705 materialium
1586 3664 1770 3705 rerum
1805 3649 1991 3705 illicita
2028 3652 2123 3707 de-

536 3738 758 3794 lectatio
802 3746 982 3793 ortum
1014 3739 1271 3796 duxit'ex
1299 3749 1521 3803 natura,
1568 3742 1662 3796 sed
1703 3756 1770 3797 ex
1806 3743 2124 3812 peccatricis

540 3832 756 3888 animae
792 3832 1127 3903 imperfectis
1151 3834 1719 3904 irrationabilibusque
1746 3836 2004 3903 motibus,
2030 3850 2126 3907 per

539 3938 829 3993 corporeus
852 3939 1043 3982 sensus
1067 3926 1120 3981 in
1144 3940 1383 3981 amorem
1409 3925 1741 3981 sensibilium
1766 3942 1947 3981 rerum
1975 3942 2124 3982 mor-

540 4015 697 4071 tifero
744 4017 980 4088 appetitu
1029 4015 1393 4087 irrumpentis.
1440 4014 1626 4087 Neque
1669 4016 1923 4086 antiquus
1956 4016 2127 4074 hostis

538 4106 606 4161 ad
638 4106 813 4161 virum
846 4108 1101 4173 .animae,
1145 4108 1387 4162 animum
1426 4106 1548 4163 dico
1588 4107 1656 4162 ad
1698 4107 1987 4179 imaginem
2030 4108 2123 4166 Dei

536 4197 762 4267 factum,
794 4215 1075 4257 accessum
1103 4200 1352 4266 haberet,
1390 4199 1494 4255 nisi
1520 4199 1541 4232 ⁷
1594 4199 1744 4271 prius
1772 4215 1872 4270 per
1907 4201 2124 4255 insitam

539 4305 801 4363 corporeo
851 4294 1068 4359 sensui,
1113 4294 1206 4364 qui
1256 4301 1341 4349 est
1385 4292 1550 4348 veluti
1591 4291 1855 4362 quaedam
1906 4291 2122 4357 mulier,

537 4385 705 4439 animi
736 4368 1172 4451 delectationem,
1204 4383 1360 4454 quasi
1405 4398 1503 4454 per
1540 4383 1808 4451 quendam
1844 4381 2124 4441 colubrum

533 4478 714 4548 ipsum
741 4493 1060 4548 corporeum
1085 4493 1301 4534 sensum
1323 4477 1608 4534 seduceret
1636 4495 1648 4532 :
1673 4475 2125 4547 quemadmodum

2232 1924 2337 1979 que
2362 1917 2581 1980 peracta
2612 1909 2913 1965 contexuit.
2944 1910 3127 1965 Primo
3155 1910 3340 1982 itaque
3382 1912 3746 1983 interrogatur
3768 1914 3812 1947 ι’*

2228 2001 2335 2067 vir,
2374 2000 2478 2055 hoc
2497 2008 2581 2055 est
2604 1999 2836 2054 animus.
2870 1998 2980 2055 Nec
3007 2000 3300 2068 immerito,
3330 2002 3456 2057 dum
3487 2004 3632 2059 omni
3661 2020 3813 2075 para-

2228 2092 2346 2147 diso
2379 2092 2647 2145 humanae
2678 2099 2907 2146 naturae
2932 2092 3156 2161 praesit,
3177 2106 3408 2163 eumque
3430 2096 3719 2161 custodire,
3744 2112 3813 2152 ne

2229 2188 2283 2240 in
2312 2201 2377 2241 eo
2407 2186 2646 2241 divinum
2674 2195 3023 2257 praeceptum
3067 2185 3112 2218 ¹⁵
3152 2186 3461 2251 violaretur,
3496 2187 3700 2243 debuit.
3730 2188 3812 2244 Ac

2229 2276 2308 2331 sic
2341 2276 2739 2347 interrogatur:
2770 2276 2965 2343 Adam,
3005 2277 3093 2332 tibi
3124 2278 3226 2333 es?
3270 2278 3348 2334 Ac
3395 2279 3443 2333 si
3486 2280 3691 2335 diceret
3731 2279 3809 2333 ἐξ

2228 2366 2420 2434 Adam,
2453 2368 2568 2438 qui,
2598 2368 2915 2439 priusquam
2944 2383 3259 2438 peccasses,
3307 2368 3448 2424 ultra
3490 2370 3674 2425 omnia
3700 2369 3814 2424 loca

2227 2469 2283 2516 et
2311 2469 2553 2530 tempora
2590 2460 2916 2517 constitutus
2943 2460 3130 2526 fueris,
3159 2461 3424 2531 responde
3467 2477 3631 2528 nunc,
3663 2475 3814 2533 prae-

2228 2555 2519 2621 varicator,
2547 2552 2638 2608 ubi
2659 2554 2755 2609 es?
2783 2553 2919 2609 Eras
2945 2554 2999 2609 in
3025 2553 3193 2618 caelo,
3226 2554 3369 2609 sicut
3398 2554 3638 2625 angelica
3664 2570 3814 2610 crea-

2230 2654 2372 2712 tura,
2398 2645 2623 2712 beatus;
2669 2660 2813 2700 nunc
2840 2645 2893 2700 in
2926 2645 3087 2700 terris
3115 2660 3209 2711 es,
3250 2646 3393 2700 sicut
3416 2646 3573 2700 bruta
3604 2646 3808 2700 aninm-

2227 2735 2321 2802 lia,
2352 2735 2638 2806 superbus.
2679 2734 2873 2791 Sermo
2915 2735 3249 2791 convertitur
3297 2735 3365 2790 ad
3407 2736 3698 2801 mulierem,
3750 2747 3807 2791 et

2229 2828 2295 2883 ab
2343 2841 2407 2882 ea
2443 2826 2744 2897 quaeritur,
2793 2842 2892 2881 cur
2940 2826 3021 2880 sic
3070 2824 3295 2882 fecerit?
3342 2823 3447 2880 Ubi
3495 2826 3804 2889 notandum,

2228 2917 2372 2988 quod
2398 2932 2504 2972 non
2544 2915 2832 2973 confestim
2858 2917 2976 2972 viro
3010 2925 3065 2971 et
3097 2916 3308 2972 mulieri
3340 2917 3607 2971 sententia
3637 2916 3809 2985 inqui-

2227 3013 2397 3070 rentis
2416 3011 2616 3083 judicis
2646 3011 2938 3085 profertur,
2962 3012 3054 3066 sed
3081 3011 3246 3067 veluti
3271 3011 3502 3081 spatium
3541 3010 3810 3079 improbae

2227 3107 2594 3163 excusationis
2643 3105 2996 3176 corrigendae
3045 3104 3383 3170 conceditur,
3434 3103 3692 3174 locusque
3731 3102 3811 3156 in-

2230 3197 2535 3269 dulgentiae
2582 3188 2953 3268 praeparatur.
3013 3197 3295 3252 Postremo
3346 3209 3508 3262 vero,
3573 3195 3697 3250 dum
3745 3194 3811 3247 ad

2229 3297 2541 3362 serpentem
2591 3288 2927 3359 pervenitur,
2977 3303 3084 3342 non
3137 3288 3227 3344 ille
3274 3288 3655 3358 interrogatur,
3714 3299 3811 3340 nec

2228 3382 2277 3435 ei
2304 3379 2537 3450 spatium
2570 3378 2885 3434 remotiouis
2929 3378 3119 3449 culpae
3158 3380 3213 3434 in
3237 3378 3379 3434 aliud
3401 3377 3484 3434 vel
3514 3377 3744 3448 aliquem
3770 3376 3809 3405 ¹⁷

2228 3470 2540 3544 praebetur,
2577 3471 2703 3540 quia
2751 3484 2856 3525 non
2909 3470 3102 3540 potuit,
3155 3470 3407 3540 quoniam
3455 3467 3812 3539 primordialis

2229 3575 2394 3615 causa
2422 3560 2587 3615 totius
2623 3558 2863 3615 malitiae
2897 3559 3031 3625 fuit;
3066 3560 3159 3617 sed
3203 3560 3460 3615 continuo
3492 3559 3812 3615 sententiam

2223 3649 2355 3722 justi
2404 3649 2605 3721 judicis
2659 3649 2937 3706 sustinuit.
3006 3650 3098 3705 Ait
3162 3650 3307 3705 enim
3364 3649 3508 3704 Deus
3570 3649 3635 3703 ad
3690 3663 3810 3700 scr-

2571 3739 2710 3808 Quia
2775 3740 2945 3811 fecisti
3008 3739 3515 3807 Itoc,‘maledictus
3573 3754 3625 3793 es
3681 3738 3813 3790 inter

3552 3829 3811 3885 Animad-

2229 3749 2444 3816 pentem
2494 3760 2506 3796 :

2231 3836 2406 3890 omnia
2485 3834 2815 3901 animantia,
2895 3843 2942 3889 et
3013 3834 3202 3888 bestias
3275 3841 3462 3887 terrae.

2229 3937 2404 3995 verte,
2435 3929 2578 3999 quod
2604 3942 2777 3998 neque
2797 3927 2937 3993 viro,
2965 3941 3141 3997 neque
3170 3924 3404 3991 mulieri,
3432 3924 3525 3980 sed
3554 3923 3669 3980 solo
3697 3937 3812 3977 ser-

2229 4021 2377 4093 penti
2403 4020 2764 4076 maledicitur.
2796 4018 2911 4074 Non
2935 4020 3078 4075 enim
3108 4019 3248 4074 Deus
3271 4017 3545 4073 maledicit
3570 4030 3812 4086 ca,-quae

2230 4111 2377 4178 fecit,
2411 4113 2505 4167 sed
2534 4111 2839 4176 benedicit;
2883 4111 3097 4165 animus
3137 4118 3317 4164 autem
3357 4116 3412 4163 et
3453 4123 3643 4164 sensus
3663 4122 3814 4161 orca-

2230 4212 2351 4258 tura
2381 4203 2476 4258 Dei
2521 4212 2664 4259 sunt.
2696 4200 2943 4257 Carnalis
2987 4216 3118 4256 vero
3155 4199 3443 4255 delectatio
3483 4209 3636 4254 extra
3675 4197 3812 4251 divi-

2229 4310 2357 4350 nam
2386 4295 2773 4359 conditionem,
2806 4292 3269 4348 irrationabilibus
3307 4293 3576 4347 humanae
3605 4290 3813 4345 mimae

2230 4388 2573 4460 passionibus
2597 4395 2715 4443 orta
2747 4394 2847 4450 est,
2883 4386 3111 4457 ideoque
3136 4386 3353 4440 divinae
3383 4384 3682 4441 sententiae
3725 4398 3810 4437 sc.-

2230 4479 2451 4535 veritati
2478 4480 2807 4546 succumbit,
2844 4480 2970 4550 quia
2996 4486 3150 4534 extra
3184 4487 3415 4551 naturae
3445 4494 3476 4533 a
3500 4477 3613 4533 Deo
3640 4476 3812 4530 factae

536 4584 717 4639 neque
747 4569 960 4623 animus
991 4568 1046 4622 in
1069 4582 1252 4622 rerum
1283 4569 1646 4625 materialium
1685 4567 1987 4640 perniciosa
2024 4567 2122 4623 de-
2147 4559 2204 4620 Ῑ)
2229 4572 2540 4642 supervenit
2564 4573 2627 4627 ιθ.
2656 4570 2794 4639 Quid
2818 4573 2963 4628 enim
2993 4571 3136 4626 aliud
3174 4578 3259 4627 est
3281 4570 3459 4625 divina
3491 4567 3809 4630 maledictio,

536 4660 829 4716 lectatione
868 4667 924 4714 et
950 4659 1271 4731 perabusiva
1316 4661 1339 4694 ⁸
1368 4660 1621 4717 fruitioue
1648 4676 1910 4731 corporeo
1937 4661 2120 4717 sensui

536 4749 902 4850 consentiret,
948 4751 996 4808 si
1038 4751 1192 4822 prius
1238 4753 1294 4808 in
1338 4754 1456 4824 ipso
1496 4752 1725 4825 superba
1758 4755 2126 4827 praesumptio

2230 4665 2338 4722 nisi
2364 4679 2575 4730 eorum,
2604 4665 2695 4734 qui
2729 4671 2882 4718 extra
2913 4673 3164 4719 naturam
3206 4671 3347 4726 sunt,
3376 4674 3603 4731 eamque
3626 4667 3813 4714 conta-

2233 4758 2466 4826 minant,
2506 4755 2808 4828 justissima
2838 4764 2894 4812 ct
2930 4754 3305 4812 irrevocabilis
3331 4749 3636 4809 damnatio?
3661 4747 3815 4814 Quae

1816 4935 2065 4993 VARIAE
2102 4934 2502 4993 LECTIONES.

610 5066 910 5145 fgSigCF;
942 5069 986 5124 Α
1029 5050 1267 5145 seruatis.
1344 5074 1364 5104 ³
1402 5071 1495 5145 Sic
1523 5074 1640 5141 CF;
1686 5076 1731 5130 A
1770 5091 1853 5129 ne.
1929 5074 1954 5108 ³
1979 5073 2069 5130 Sic
2097 5074 2217 5143 CF;
2255 5076 2301 5130 A
2338 5084 2393 5131 et
2439 5076 2497 5130 in
2541 5074 2829 5145 religiosis.
2905 5073 2928 5106 "
2952 5081 3265 5145 tamefnﬁom.
3305 5072 3413 5145 CF.
3481 5071 3594 5145 LA
3621 5088 3809 5145 secum.

534 5140 556 5173 ⁸
595 5141 688 5198 Sic
729 5139 845 5207 CF;
882 5142 940 5196 Α.
965 5141 1151 5209 culpae
1186 5151 1326 5198 tuae.

534 5229 656 5283 pam
686 5223 851 5267 tuam.
928 5215 970 5246 “
1013 5212 1104 5267 Sic
1129 5211 1246 5275 CF;
1279 5214 1324 5266 Α
1353 5230 1609 5270 removere
1642 5217 1870 5270 conaris.

532 5292 863 5355 praeceptum
891 5284 1144 5355 divinum.

532 5363 687 5411 extra
714 5352 979 5425 naturam.
1000 5368 1033 5410 a
1077 5353 1189 5410 Deo
1209 5352 1353 5425 facta
1396 5355 1666 5426 reperitur.

1415 5145 1435 5176 "
1471 5144 1517 5199 Α
1558 5147 1632 5200 ni.
1707 5146 1731 5180 ⁸
1768 5146 1859 5202 Sic
1893 5145 2010 5211 CF;
2055 5148 2270 5201 abusira
2318 5162 2429 5202 om.
2483 5146 2549 5199 Α.

1951 5217 1993 5248 ¹²
2023 5218 2066 5270 Α
2094 5227 2358 5286 corrupta.

1224 5283 1268 5317 “
1306 5283 1475 5337 Adam
1500 5285 1589 5337 ubi
1615 5286 1708 5340 es?
1743 5287 1818 5342 Ac
1846 5287 1891 5342 si
1921 5286 2113 5343 diceret
2145 5283 2260 5343 om.
2281 5286 2345 5342 A.

2634 5141 2670 5180 ⁸*
2692 5148 2747 5200 in
2767 5144 2904 5216 quid
2929 5161 3037 5200 om.
3073 5144 3188 5216 CF.
3256 5145 3298 5177 ιθ
3339 5144 3429 5199 Sic
3469 5141 3587 5207 CF;
3628 5143 3813 5216 Acul-

2439 5216 2483 5248 ¹³
2521 5216 2566 5270 Α
2591 5225 2636 5270 et
2667 5210 3002 5287 temporibus.
3085 5210 3128 5245 “
3165 5215 3211 5269 A
3244 5216 3614 5287 interrogatus.
3640 5212 3736 5287 -.ξ’

2449 5288 2492 5321 ¹⁷
2540 5287 2595 5342 in
2622 5280 2780 5342 aliud
2797 5284 2874 5342 vel
2904 5285 3130 5358 aliquem
3157 5300 3267 5341 om.
3296 5286 3365 5340 A.
3443 5280 3488 5318 ¹⁸
3520 5282 3610 5339 Sic
3631 5280 3746 5349 CF;
3771 5281 3812 5335 Δ

2068 5493 2318 5554 NOTAE.

605 5622 631 5651 ι
672 5607 973 5682 Ρβεείιηςιηι
998 5606 1049 5663 J.
1080 5608 1229 5682 Secti
1257 5608 1325 5664 de
1351 5617 1495 5682 statu
1536 5610 2022 5682 primoparentum,
2051 5611 2120 5667 de

2223 5611 2447 5669 Accedit
2472 5610 2974 5683 sacraeScripturae
3004 5617 3189 5683 aperta
3242 5608 3538 5683 ludificatio
3583 5618 3638 5663 et
3686 5608 3816 5683 falsa

537 5678 936 5755 sexu__dt_ipliei,
967 5686 1023 5755 et
1076 5678 1145 5732 de
1187 5678 1916 5755 _generat_i0tte'_doctrinam,
1959 5678 2121 5755 quam
2169 5726 2176 5733 .
2223 5684 2429 5755 peccati
2485 5682 2759 5755 originalis
2786 5678 3198 5752 interpretatio.
3249 5680 3331 5736 Cf.
3391 5680 3696 5735 Comment.
3753 5681 3820 5735 de

537 5745 624 5800 his
654 5745 805 5800 libris
830 5745 1048 5801 uberius
1078 5747 1343 5815 explicat,
1375 5748 1663 5808 identidem
1694 5745 2121 5820 percenSuiinus.

2229 5752 2280 5809 J.
2314 5752 2475 5809 Scoto
2506 5752 2641 5808 ιλιι
2666 5752 2695 5823 §
2723 5754 2796 5809 l9
2824 5768 2943 5823 sqq.
