4212 6272
492 287 596 346 849

1343 276 1431 332 DE
1470 273 1808 332 DIVISIONE
1847 265 2194 327 NATURAE.
2234 297 2306 307 —
2330 268 2537 324 LIBER
2573 265 2928 339 QUARTUS.

3653 268 3758 327 850

470 393 607 456 sint
646 405 827 452 autem
870 393 1164 450 animantia
1216 391 1305 446 illa
1352 398 1408 446 et
1446 389 1656 445 bestiae
1694 396 1893 453 terrae,
1937 386 2080 441 inter
2105 383 2159 444 A
2186 382 2356 455 Hujus
2376 384 2647 456 serpentis
2673 393 2864 455 pectus
2892 392 2977 441 est
3016 386 3301 456 prudentia
3325 386 3526 452 carnis,
3562 388 3616 443 in
3653 404 3761 459 qua

497 505 638 563 quae
674 485 909 544 carnalis
941 484 1244 548 delectatio,
1279 497 1378 553 per
1405 496 1569 550 quam
1597 479 1841 535 diabolus
1870 478 2079 534 seducit

474 584 758 647 ‘animam,
803 591 858 635 et
905 580 959 634 in
995 593 1099 648 qua
1128 574 1297 631 veluti
1337 571 1622 645 principali
1670 572 1799 627 sede
1846 571 2073 637 habitat,

499 674 859 749 pulcherrime
904 681 959 727 et
999 669 1373 739 copiosissime
1417 675 1638 723 sanctus
1673 667 1994 722 Ambrosius
2020 667 2078 722 in

500 768 637 823 libro
660 767 726 823 de
748 765 1009 821 Paradiso
1029 763 1297 833 exposuit.
1327 760 1465 817 Sunt
1487 761 1628 816 enim
1652 774 1842 816 omnes
1867 760 2078 816 irratio-

469 857 704 913 nabiles
766 855 1047 926 passiones
1116 853 1455 909 rationabilis
1512 861 1731 907 nostrae
1802 860 2032 907 naturae
2059 893 2076 920 ,

495 964 655 1018 quam
682 958 855 1001 terrae
881 946 1143 1003 vocabulo
1160 946 1340 1000 dlzvina
1352 954 1741 1000 commemorat
1773 945 2073 1014 Scriptura.

495 1038 560 1092 Et
590 1051 657 1090 ne
700 1036 940 1101 mireris,
967 1035 1109 1106 quod
1140 1036 1351 1090 mixtim
1392 1051 1455 1090 ac
1484 1034 1648 1090 veluti
1680 1034 1969 1090 indiscrete
2021 1042 2079 1090 et

472 1129 733 1183 .carnalis
756 1127 1045 1183 delectatio
1071 1136 1127 1182 et
1148 1128 1349 1182 astutia
1378 1127 1640 1182 diabolica
1674 1128 1726 1180 in
1760 1128 1929 1198 ﬁgura
1957 1141 2078 1182 ser-

498 1219 678 1287 pentis
704 1216 1074 1289 signiﬁcatur;
1112 1217 1401 1287 aliquando
1421 1218 1565 1273 enim
1596 1217 1772 1287 ipsum
1801 1217 2074 1273 diabolum

498 1308 741 1364 absolute
769 1308 989 1364 coluber
1022 1307 1110 1363 ille
1145 1308 1470 1371 conformat,
1499 1309 1790 1380 aliquando
1827 1308 2078 1365 libidino-

500 1416 618 1454 sum
643 1400 898 1468 deceptae
920 1400 988 1455 ab
1012 1412 1075 1454 eo
1095 1400 1332 1455 carnalis
1371 1401 1606 1467 animae,
1642 1401 1746 1456 hoc
1772 1409 1856 1457 est
1880 1416 2077 1456 cama-

499 1491 623 1546 litcr
650 1491 878 1547 viventis
908 1491 1228 1562 appetitum,
1263 1492 1553 1562 aliquando
1585 1492 1807 1549 confuse
1831 1501 1889 1549 et
1911 1494 2078 1550 indis-

498 1583 663 1638 tincte
701 1593 1009 1652 utrumque,
1035 1592 1089 1638 ct
1136 1583 1365 1639 alterum
1422 1586 1476 1639 in
1538 1584 1710 1640 altero
1759 1595 2078 1641 concatena-

2181 478 2482 534 diabolicae
2518 477 2729 532 fraudis
2755 476 3024 534 calliditas
3066 480 3391 537 dominatur.
3431 482 3612 540 Inanis
3635 499 3765 555 quo-

2181 585 2284 640 que
2310 579 2361 625 et
2391 569 2679 639 falsiloqua
2703 569 2991 639 sapientia,
3013 585 3154 640 quae
3181 573 3419 636 animum
3446 588 3553 630 non
3576 575 3766 630 aediﬁ-

2180 670 2291 728 cat,
2323 662 2419 717 sed
2446 661 2620 728 inﬁat,
2649 669 2841 733 pectus
2883 662 3002 733 ejus
3023 671 3125 719 est.
3157 664 3402 723 Carnalis
3430 668 3616 737 itaque
3640 682 3765 738 prn-

2182 755 2464 821 dentia,et
2501 754 2676 809 inanis
2713 753 2984 825 fallaxque
3023 756 3235 826 sophia,
3263 766 3453 827 pectus
3486 748 3766 830 serpentis

2181 855 2283 913 est,
2325 862 2460 917 quas
2486 846 2631 902 Deus
2658 847 2919 902 destruet.
2950 846 3203 914 Perdant,
3237 848 3434 920 inquit,
3453 852 3765 921 sapientiam

2179 940 2515 1009 sapientium,
2544 948 2590 993 et
2615 937 3289 1010 prudentiam’prudentum
3315 941 3623 1011 reprobabo.
3656 942 3765 999 Sed

2181 1032 2226 1087 si
2254 1032 2498 1102 quaeris,
2529 1031 2706 1101 qualis
2734 1030 3036 1087 differentia
3066 1033 3138 1088 sit
3167 1033 3310 1089 inter
3331 1035 3512 1090 carnis
3533 1037 3769 1105 pruden-

2183 1123 2313 1177 tiam
2340 1130 2397 1179 et
2426 1123 2643 1177 inanem
2669 1122 3064 1194 philosophiam
3082 1163 3097 1188 ,
3128 1125 3272 1180 hanc
3300 1125 3642 1182 discretionis
3664 1141 3760 1182 ac-

2180 1213 2300 1285 cipe
2344 1213 2651 1269 formulam.
2696 1213 2989 1268 Prudentia
3033 1215 3215 1270 earnis
3261 1224 3347 1272 est
3383 1214 3517 1272 falsa
3565 1219 3757 1285 virtus,

2181 1317 2320 1374 quae
2351 1303 2485 1358 vitia
2515 1304 2777 1357 virtutum
2809 1303 3081 1360 coloribus
3118 1304 3298 1376 tingit,
3330 1321 3470 1377 quae
3495 1308 3760 1364 malitiam

2178 1394 2411 1450 bonitati
2459 1393 2779 1449 similatorie
2833 1392 3161 1463 conformat,
3193 1411 3333 1466 quae
3372 1398 3762 1468 turpitudinem

2159 1483 2480 1544 .honestatis
2500 1483 2705 1553 habitu
2744 1486 3005 1552 exornat,
3038 1487 3184 1557 ipsas
3210 1502 3340 1543 vero
3367 1488 3642 1559 simplices
3666 1504 3760 1545 ve-

2182 1592 2376 1647 rasque
2404 1578 2633 1633 virtutes
2661 1578 2986 1646 dissimulat,
3022 1594 3088 1635 ac
3125 1582 3325 1638 mentis
3364 1581 3662 1650 obtutibus,
3695 1600 3765 1642 ne

494 1674 587 1726 tim
643 1678 661 1708 ¹
698 1673 956 1730 insinuat.
1000 1674 1115 1735 Nec
1156 1676 1459 1742 immerito;
1507 1676 1734 1731 alterum
1777 1677 1918 1731 enim
1959 1678 2075 1734 sine

2180 1668 2392 1724 illarum
2427 1668 2697 1724 sinceram
2740 1668 2933 1727 faciem
2966 1673 3137 1742 possit
3163 1689 3492 1746 agnoscere,
3541 1677 3764 1733 subtra-

489 1764 661 1819 altero
691 1765 1065 1837 separabiliter
1088 1781 1207 1822 esse
1228 1783 1333 1823 non
1361 1777 1557 1839 potest.
1583 1767 1901 1839 Ubicunque
1924 1769 2070 1823 enim

487 1855 654 1910 fuerit
679 1855 1002 1912 libidinosus
1023 1858 1238 1912 animae
1266 1859 1557 1922 contuitus,
1589 1858 1661 1913 ibi
1683 1859 1888 1928 absque
1918 1873 2069 1913 mora

474 1946 665 2001 aderit
692 1947 953 2001 immundi
976 1947 1197 2016 spiritus
1236 1962 1523 2004 accessus:
1555 1948 1863 2019 ubicunque
1884 1957 2068 2004 autem

489 2040 632 2094 adsit
674 2039 975 2095 diabolicae
1015 2041 1246 2096 astutiae
1295 2039 1566 2105 introitus,
1612 2040 1685 2094 ibi
1742 2056 1850 2095 non
1896 2040 2070 2096 deerit

482 2131 805 2187 universalis
834 2132 1076 2187 malitiae
1112 2133 1367 2202 pruritus.
1419 2131 1476 2186 In
1524 2146 1849 2202 quocunque
1888 2141 2069 2188 autem

482 2240 745 2296 corporeo
782 2241 966 2292 sensu,
998 2226 1090 2297 qui
1115 2226 1167 2280 in
1193 2226 1363 2298 ﬁgura
1390 2225 1634 2281 mulieris
1661 2225 1902 2295 ponitur,
1934 2225 2068 2280 haec

486 2317 592 2372 duo
622 2318 993 2383 convenerint,
1037 2318 1343 2373 necessario
1384 2317 1603 2372 illicitus
1649 2317 2070 2382 esus,'illicitae

489 2421 668 2473 escae,
704 2407 808 2462 hoc
854 2416 956 2470 est,
998 2407 1363 2464 materialium
1414 2422 1598 2462 rerum
1650 2408 2068 2478 pulchritudinis

488 2506 747 2570 sequetur
777 2497 997 2564 abusio;
1023 2512 1161 2569 quae
1188 2506 1419 2554 mortem
1457 2498 1670 2553 animae
1694 2497 1883 2564 infert,
1914 2498 2067 2569 cujus

484 2592 679 2648 mortis
710 2607 860 2647 mors
903 2592 1149 2662 corporis
1195 2590 1386 2646 umbra
1426 2600 1531 2647 est.
1572 2591 1649 2645 De
1691 2591 2067 2648 maledictione

484 2695 686 2749 autem,
718 2698 825 2754 qua
854 2697 1079 2756 serpens
1105 2683 1392 2739 damnatus
1418 2691 1521 2749 est,
1554 2684 1727 2753 deque
1760 2683 2063 2751 sententiis,

479 2789 620 2845 quae
648 2776 701 2829 in
729 2774 1010 2830 mulierem
1035 2816 1048 2840 ,
1082 2775 1243 2844 inque
1287 2775 1460 2830 virum
1500 2790 1654 2831 suum
1688 2774 1858 2830 Adam
1886 2776 2066 2846 prola-

482 2873 571 2920 tae
622 2866 644 2898 ³
674 2874 818 2932 sunt,
858 2866 914 2920 in
942 2865 1140 2936 quibus
1164 2865 1286 2936 plus
1313 2865 1716 2923 misericordiae
1745 2866 2064 2938 intelligitur

483 2974 645 3030 quam
671 2959 962 3025 vindictae,
994 2958 1321 3029 superfluum
1359 2961 1572 3015 videtur
1599 2960 1733 3015 mihi
1762 2960 1787 3025 Ρ
1814 2977 1957 3017 nunc
1977 2961 2060 3017 di-

2177 1760 2353 1815 hendo
2377 1760 2631 1827 occultat,
2670 1775 2735 1818 ac
2775 1764 2857 1819 sic
2882 1765 3132 1822 carnales
3162 1781 3355 1823 sensus
3383 1768 3602 1839 decipit,
3630 1770 3753 1826 ani-

2174 1867 2399 1921 masque
2441 1851 2664 1919 deludit,
2714 1853 3102 1926 fallacibusque
3154 1856 3197 1889 ¹⁰
3247 1858 3552 1928 phantasiis
3593 1858 3757 1916 falsa-

2174 1957 2294 2021 rum
2333 1942 2592 1997 virtutum
2638 1943 2840 2011 obruit,
2888 1948 3187 2018 mortisque
3219 1957 3475 2005 aeternae
3508 1946 3760 2008 tenebris

2172 2036 2449 2107 opprimit.
2487 2036 2669 2093 Inanis
2688 2054 2819 2094 vero
2848 2039 3161 2112 inutilisque
3190 2038 3580 2113 sapientia'est,
3606 2044 3763 2114 cujus

2173 2131 2478 2200 exemplum
2527 2129 2762 2185 maxime
2801 2131 2855 2185 in
2898 2130 3117 2187 Judaeis
3162 2134 3404 2204 perﬁdis,
3447 2135 3763 2191 venenosis-

2173 2232 2280 2286 que
2301 2218 2588 2274 haereticis
2610 2218 2652 2250 ’ί
2686 2220 2846 2291 viget,
2872 2212 3012 2291 quae
3034 2221 3247 2278 literam
3262 2223 3476 2280 divinae
3494 2224 3756 2282 historiae

2172 2309 2510 2366 solummodo
2539 2311 2806 2382 sequitur,
2839 2314 3088 2383 spiritum
3116 2330 3279 2384 vero,
3308 2317 3412 2372 hoc
3452 2328 3555 2385 est,
3576 2314 3759 2390 mysti-

2172 2418 2295 2458 cum
2316 2401 2647 2459 intellectum
2673 2404 2811 2474 odit,
2839 2406 3067 2475 spernit,
3090 2407 3332 2480 negligit,
3365 2409 3597 2481 ignorat,
3615 2423 3754 2480 quae

2170 2494 2236 2549 de
2280 2504 2472 2565 natura
2513 2510 2697 2550 rerum
2740 2494 2908 2571 falsas
2951 2496 3251 2570 inanesque
3292 2500 3501 2557 fabulas
3546 2501 3751 2572 absque

2170 2585 2278 2640 ulla
2295 2585 2767 2643 verisimilitudine
2789 2587 2856 2641 ad
2894 2587 3194 2645 illudendas
3219 2591 3519 2647 carnalium
3560 2593 3604 2630 ί*
3638 2593 3750 2647 ani-

2168 2694 2286 2735 mas
2315 2680 2680 2747 machinatur,
2732 2680 3061 2737 naturalium
3102 2684 3412 2751 rationum,
3454 2685 3749 2740 secundum

2167 2787 2304 2842 quas
2325 2772 2581 2829 universa
2604 2781 2855 2829 creatura
2877 2773 3022 2831 facta
3042 2785 3145 2843 est,
3177 2777 3407 2834 veritate
3420 2786 3750 2849 contempta,

2168 2863 2554 2920 inusitatorum
2597 2864 2885 2921 verborum
2940 2881 3261 2937 pomposum
3311 2867 3751 2941 grandiloquum-

2166 2967 2272 3023 que
2302 2954 2538 3025 leporem
2566 2955 2855 3023 ventilans,
2890 2972 2989 3013 seu
3018 2957 3291 3015 fallacium
3317 2961 3747 3032 propositionum

483 3059 630 3107 cere.
657 3052 809 3120 Quod
833 3053 977 3107 enim
1018 3067 1048 3106 a
1076 3053 1281 3108 sanctis
1305 3053 1553 3109 Patrihus
1586 3054 1720 3110 satis
1761 3064 1844 3111 est
1872 3054 2057 3125 expla-
2083 3055 2131 3119 ο
2161 3049 2703 3120 syllogismorumque
2740 3051 3002 3108 contortis
3050 3052 3291 3110 crinibus
3338 3055 3584 3111 veritatis
3627 3054 3740 3110 for-

480 3154 688 3211 natum,
731 3145 1022 3216 explanare
1064 3144 1308 3201 fortassis
1352 3147 1622 3202 videbitur
1654 3163 1762 3203 non
1805 3163 2058 3205 necessa-

480 3239 642 3304 rium,
667 3247 723 3293 et
744 3239 885 3308 quod
917 3239 970 3292 in
995 3238 1205 3293 illorum
1228 3240 1445 3309 scriptis
1469 3240 1778 3310 plenissime
1809 3240 2059 3312 planissi-

476 3342 670 3397 meque
695 3329 986 3393 invenitur,
1013 3345 1113 3384 cur
1140 3345 1169 3384 a
1196 3329 1367 3394 nobis,
1397 3331 1537 3387 forte
1558 3333 1682 3402 quis
1709 3331 1871 3398 dicet,
1899 3331 2057 3402 quasi

474 3418 666 3473 melius
695 3418 1062 3488 explanaturis
1082 3419 1107 3452 δ
1134 3422 1449 3491 repetatur?
1473 3422 1627 3489 Quod
1648 3423 1789 3478 absit
1814 3423 1880 3478 de
1905 3422 1927 3455 ⁸
1954 3438 2057 3478 no-

474 3510 558 3565 bis
584 3511 907 3577 existimari,
937 3527 1059 3567 cum
1108 3512 1319 3567 illorum
1351 3513 1372 3545 ⁸
1398 3515 1627 3584 vestigia
1657 3515 1749 3569 vix
1781 3515 2056 3571 valeamus

474 3600 750 3670 consequi.
789 3601 940 3657 Dtsc.
988 3600 1106 3657 Non
1153 3603 1521 3659 necessarium
1566 3603 1724 3674 plane
1757 3605 2051 3671 videretur,

474 3691 520 3747 si
554 3692 659 3747 hoc
697 3691 872 3747 solum
906 3707 1013 3747 non
1044 3693 1306 3748 obstaret.
1359 3692 1552 3748 Mirum
1586 3708 1823 3764 namque
1850 3694 2055 3751 videbi-

476 3791 566 3837 tur
593 3790 650 3837 et
678 3784 875 3840 rationi
920 3786 1201 3855 textuique
1229 3786 1608 3855 disputationis
1646 3787 2051 3854 inconveniens,

475 3890 592 3938 cur,
627 3890 749 3930 cum
773 3891 945 3947 paene
970 3876 1149 3932 omnia
1175 3918 1190 3944 ,
1244 3893 1383 3948 quae
1427 3879 1495 3934 de
1556 3887 1753 3934 natura
1814 3879 2052 3951 paradisi

474 3963 795 4035 spiritualis,
825 3968 995 4037 deque
1020 3968 1125 4037 his,
1152 3982 1293 4038 quae
1319 3969 1375 4024 in
1399 3984 1465 4025 eo
1495 3969 1641 4025 facta
1673 3971 1840 4027 fuisse
1866 3970 2053 4042 Scrip-

475 4066 595 4111 tura
648 4067 1057 4127 commemorat,
1110 4060 1338 4116 dicenda
1391 4062 1747 4127 videbantur,
1807 4064 2052 4132 quamvis

467 4149 676 4205 cursim
726 4150 1067 4223 breviterque
1113 4161 1424 4208 sanctorum
1482 4152 1700 4208 Patrum
1754 4153 2051 4209 sententias

467 4254 703 4310 sequens
731 4243 994 4313 tetigeris,
1031 4244 1175 4300 hunc
1203 4245 1376 4301 solum
1424 4244 1603 4301 locum
1630 4245 1851 4302 omnino
1881 4246 2051 4302 intac-

469 4338 581 4385 tum
613 4347 679 4387 ac
705 4334 1016 4390 transitorie
1040 4337 1480 4406 praetermissum
1508 4336 1724 4394 silentio
1748 4337 2047 4395 veneraba-

2161 3156 2326 3207 mam,
2347 3155 2452 3211 qua
2466 3140 2713 3198 incautos
2734 3142 2986 3214 decipiat,
3003 3144 3285 3201 simulans.
3303 3144 3399 3202 His
3418 3147 3603 3217 itaque
3615 3146 3749 3201 dua-

2158 3234 2258 3289 bus
2286 3241 2477 3305 pectus
2498 3234 2788 3305 serpentis,
2802 3234 2907 3291 hoc
2927 3242 3031 3303 est,
3055 3235 3321 3293 diabolica
3343 3237 3540 3293 astutia
3554 3253 3747 3294 carna-

2157 3325 2399 3397 liumque
2429 3325 2849 3382 delectationum
2888 3324 3143 3384 illecebra
3162 3328 3506 3399 componitur
3533 3347 3546 3384 :
3583 3343 3746 3399 super

2157 3417 2318 3489 quod,
2345 3426 2534 3489 pectus
2555 3418 2699 3484 dico,
2724 3433 2946 3490 serpens
2968 3418 3057 3476 ille
3088 3419 3365 3491 graditur,
3388 3420 3491 3476 hoc
3503 3419 3746 3477 estexal-

2159 3518 2325 3575 tatur,
2352 3518 2406 3565 et
2435 3511 2502 3566 de
2516 3524 2624 3579 quo
2636 3509 2993 3580 gloriﬁcatur,
3007 3518 3182 3567 totum
3192 3511 3465 3569 hominem
3493 3511 3745 3582 supplan-

2154 3607 2296 3657 tans.
2327 3601 2393 3656 Et
2428 3603 2532 3658 hoc
2581 3618 2648 3657 ex
2704 3601 2887 3658 verbis
2923 3602 3256 3673 propheticis
3297 3603 3455 3659 datur
3492 3603 3739 3675 intelligi.

2155 3692 2272 3750 Non
2291 3695 2436 3750 enim
2457 3694 2778 3765 simpliciter
2795 3694 2952 3761 dixit,
2983 3708 3146 3765 super
3173 3703 3359 3766 pectus
3402 3703 3552 3750 tuum
3583 3709 3740 3764 rapes

2155 3788 2239 3842 vel
2253 3803 2458 3859 serpes,
2475 3789 2569 3844 sed
2590 3788 2839 3859 ﬁgurate,
2863 3803 3023 3859 super
3039 3797 3228 3859 pectus
3266 3797 3417 3845 tuum
3454 3787 3739 3858 gradieris.

2154 3877 2322 3936 Nemo
2348 3881 2544 3951 quippe
2572 3880 2614 3911 ⁸³
2640 3882 2858 3951 proprie
2885 3882 3162 3951 praedicat
3186 3881 3230 3914 ³⁵
3269 3884 3335 3937 de
3357 3891 3607 3952 serpente
3626 3883 3741 3938 ani-

2156 3972 2262 4025 mal
2280 3971 2561 4040 gressibilc
2577 4011 2592 4037 ,
2622 3973 2716 4026 sed
2734 3972 2944 4043 reptile.
2961 3973 3132 4030 Omne
3147 3982 3323 4030 autem
3342 3975 3540 4029 animal
3557 4014 3573 4040 ,
3595 3975 3738 4044 quod

2153 4062 2323 4132 repit,
2353 4077 2381 4117 a
2414 4070 2558 4118 terra
2598 4077 2706 4118 non
2750 4064 2999 4134 erigitur,
3044 4066 3139 4120 sed
3181 4079 3278 4136 per
3322 4075 3524 4120 terram
3568 4066 3738 4120 trahi-

2155 4164 2277 4221 tur;
2333 4168 2493 4210 omne
2531 4167 2698 4221 vero,
2749 4155 2890 4224 quod
2932 4155 3198 4228 graditur,
3246 4156 3561 4227 priusquam
3604 4172 3731 4226 gra-

2152 4244 2351 4311 diatur,
2382 4244 2449 4300 de
2476 4252 2621 4299 terra
2649 4243 2895 4316 erigitur.
2950 4243 3095 4313 Ergo
3144 4260 3300 4315 super
3344 4254 3521 4316 pectus
3579 4256 3725 4300 tuum

2150 4335 2441 4407 gradieris,
2490 4336 2593 4392 hoc
2629 4343 2744 4402 est,
2785 4350 2950 4405 super
2985 4336 3240 4391 astutiam
3278 4344 3335 4391 et
3381 4335 3726 4391 calliditatem

468 4420 547 4475 ris
585 4421 630 4474 ".
660 4420 740 4476 Ac
763 4437 859 4492 per
888 4424 993 4481 hoc
1020 4441 1129 4482 non
1156 4427 1377 4482 omnino
1405 4435 1619 4497 oportet
1646 4438 1696 4484 te
1735 4429 1862 4486 talia
1893 4444 2047 4501 prae-
2076 4421 2124 4482 Ι)
2153 4436 2328 4492 tuam,
2388 4442 2528 4498 quae
2578 4426 2723 4482 inani
2779 4426 3043 4497 sapientia
3084 4426 3395 4504 carnalique
3450 4426 3732 4496 prudentia

468 4512 757 4578 tervolare,
788 4515 882 4570 sed
913 4516 1074 4587 plane
1095 4526 1151 4574 et
1180 4521 1560 4590 compendiose
1589 4536 1929 4591 percurrere.

531 4602 624 4659 24.
654 4603 795 4662 Mss.
827 4606 1127 4665 Audiamus
1152 4624 1281 4681 ergo
1309 4612 1521 4672 divinae
1568 4613 1951 4686 indignationis
1987 4616 2041 4671 in

460 4694 748 4751 colubrum
778 4711 1029 4752 examen.
1075 4696 1243 4768 Super
1281 4711 1458 4770 pectus
1498 4711 1665 4768 tuum,
1703 4704 1898 4774 inquit,
1922 4722 2042 4774 gra-

459 4785 642 4852 dieris,
685 4795 735 4841 et
770 4797 966 4842 terram
995 4788 1018 4822 ⁸
1046 4791 1279 4845 comedas
1311 4794 1509 4848 cunctis
1538 4794 1717 4848 diebus
1744 4796 1876 4850 vitae
1897 4805 2040 4852 tuae.

463 4874 783 4944 Serpentem
808 4879 864 4934 in
891 4878 999 4935 hoc
1024 4879 1142 4936 loco
1187 4882 1241 4936 in
1287 4881 1455 4953 ﬁgura
1485 4892 1540 4939 et
1567 4885 1867 4943 diabolicae
1893 4896 2043 4943 astu-

467 4964 680 5030 tiae,'et
703 4970 938 5026 carnalis
961 4972 1356 5040 delectationis,
1384 4986 1440 5029 et
1469 4975 1751 5030 ambarum
1795 4978 1846 5032 in
1870 4992 1929 5034 se
1964 4980 2044 5034 in-

464 5053 640 5111 vicem
684 5057 973 5118 indiscrete
1010 5072 1067 5118 et
1110 5064 1544 5134 inseparabiliter
1588 5067 1953 5137 amplcxarum
1994 5068 2041 5136 ’,

462 5145 703 5202 divinam
749 5148 1084 5221 Scripturam
1130 5156 1374 5227 posuisse
1409 5156 1665 5213 diximus.
1716 5160 1864 5216 [ηδε.
1916 5161 2041 5217 Pul-

462 5237 617 5305 chre,
647 5247 706 5295 et
732 5238 1047 5316 luculenter,
1074 5256 1130 5304 et
1153 5264 1184 5304 a
1207 5249 1435 5308 veritate
1463 5265 1571 5306 non
1599 5250 1856 5309 alienum.
1893 5252 2035 5311 MAG.

2155 4520 2455 4590 composita
2495 4527 2611 4586 est,
2660 4535 2769 4590 qua
2813 4520 3087 4576 hominem
3137 4520 3419 4590 deceptum
3464 4518 3730 4587 fefellisti,

2152 4613 2316 4680 inque
2368 4620 2513 4666 tuam
2556 4619 2886 4681 potestatem
2936 4611 3225 4682 redegisti,
3277 4620 3733 4683 peccatorumque

2150 4705 2406 4762 funiculis
2452 4703 2706 4777 alligasti,
2740 4713 3101 4777 aeternaeque
3151 4707 3341 4764 mortis
3376 4707 3632 4779 voragine
3686 4706 3731 4740 "

2152 4797 2409 4864 mersisti,
2436 4797 2494 4852 in
2518 4798 2824 4867 superbiam
2849 4798 3095 4871 erigeris,
3125 4807 3181 4854 et
3203 4799 3273 4855 ad
3298 4800 3627 4857 incrementa
3650 4800 3732 4855 vi-

2148 4892 2379 4958 tiorum,
2430 4893 2595 4964 inque
2625 4902 2750 4949 tuae
2793 4893 3159 4950 damnationis
3186 4894 3492 4968 cumulum,
3528 4895 3581 4949 in
3609 4910 3732 4950 cor-

2150 4982 2307 5039 dibus
2347 4981 2649 5038 inﬁdelium
2684 4993 2810 5039 tuae
2846 4984 3088 5039 malitiae
3116 4982 3448 5052 profectibus
3472 4983 3644 5039 elatus
3671 4991 3729 5039 et

2145 5077 2457 5132 cenodoxus
2497 5075 2895 5133 deambulabis.
2943 5076 3013 5131 Et
3067 5085 3266 5131 terram
3307 5077 3574 5142 comedas,
3626 5077 3729 5132 hoc

2146 5174 2261 5232 est,
2310 5176 2525 5223 terrena
2573 5168 2950 5238 appetentium
3004 5166 3234 5222 terrenis
3276 5166 3723 5237 cogitationibus,

2148 5258 2563 5331 caritatibusque
2608 5259 2929 5328 desideriis,
2968 5256 3374 5329 mortiferisque
3420 5256 3724 5336 actionibus

1750 5365 2009 5425 VARIAE
2045 5370 2447 5430 LECTIONES.

530 5459 548 5489 ι
576 5449 1077 5534 Δμσοηοαιρςξᾳιαρεε
1147 5457 1168 5534 ξ
1198 5455 1245 5510 Α
1271 5456 1543 5534 perlutae._
1571 5456 1623 5534 _’_
1652 5460 1782 5534 milii
1810 5476 1919 5534 om.
1958 5462 2023 5516 A.
2102 5461 2124 5494 ⁸
2148 5464 2188 5519 F
2217 5464 2572 5533 explanaturi,
2601 5467 2693 5522 sed
2719 5480 2772 5520 a.
2801 5481 2876 5520 m.
2906 5480 3050 5521 corr.
3084 5462 3480 5534 explanatum,-
3515 5460 3604 5523 AC
3630 5483 3720 5522 ex-

456 5517 750 5604 planatum.
827 5521 852 5555 ⁸
873 5523 967 5604 Sic
993 5524 1112 5604 ςιῖς
1211 5517 1478 5604 q_itobis.__
1498 5526 1804 5604 ._"Sic_CF;
1843 5532 1889 5587 A
1916 5550 2116 5587 eorum.
2149 5517 2161 5519 ί
2192 5517 2574 5602 {Sic-CF
2601 5517 2882 5590 Bitiam};
2914 5517 2990 5567 vi
3008 5517 3056 5591 Ᾰ
3082 5517 3486 5593 iér'raewisié
3629 5517 3721 5604 wA

451 5589 838 5675 perplexqruzn.
991 5595 1036 5649 A
1063 5589 1360 5675 fallacibus.
1390 5609 1404 5621 '
1438 5599 1591 5675 "ASic
1622 5599 1705 5655 CF
1722 5589 2134 5675 r;_r'enenosisque
2154 5589 2427 5659 haereticis
2462 5589 2570 5662 6m.
2605 5589 2796 5671 A7,,sed
2818 5589 2949 5662 Gale
2970 5589 3119 5663 corr.
3138 5589 3501 5673 venenatisqnc
3532 5589 3724 5665 bitere;

457 5659 597 5748 ticis.
622 5747 627 5748 γ
656 5662 719 5748 ξ’
751 5663 843 5719 Sic
885 5664 1013 5748 ‘t_‘.F;
1055 5659 1097 5719 Ᾰ
1125 5665 1376 5748 'curuales
1406 5671 1633 5727 animas.
1713 5659 1758 5706 "3
1786 5670 1877 5730 Sic
1911 5674 2018 5743 (JF;
2044 5659 2092 5731 Ἀ
2120 5675 2244 5739 Non
2273 5676 2430 5731 enim.
2472 5659 2486 5662 θ
2509 5675 2554 5708 ¹⁴⁵
2578 5676 2622 5733 Α
2646 5659 3004 5748 praedicatur.

456 5740 708 5788 aeternae
758 5737 952 5794 mortis
993 5737 1314 5808 voraginem.

3124 5677 3170 5710 ¹⁵
3203 5676 3296 5735 Sic
3329 5677 3413 5736 CF
3446 5694 3461 5747 ;
3493 5678 3538 5734 A
3563 5679 3722 5752 itaque
