4212 6272
567 243 662 301 861

1950 235 2232 296 JOANNIS
2267 238 2463 299 SCOTI

2568 216 2597 232 ι

566 343 823 413 vesceris.
860 353 1074 410 Cunctis
1104 354 1284 411 diebus
1315 356 1447 411 vitae
1474 365 1624 424 tuae,
1658 357 1764 416 hoc
1795 366 1913 425 est,
1951 363 2155 428 quanto
2181 356 2231 419 Α
2261 367 2366 426 tur,
2408 360 2500 430 qui
2539 366 2671 413 ante
2703 360 2993 414 adventum
3020 358 3129 414 veri
3162 356 3412 426 luminis,
3440 357 3587 429 quod
3621 366 3710 416 est
3742 361 3831 419 Dei

570 456 814 517 tempore
860 446 916 501 in
958 446 1194 501 humana
1238 456 1433 525 natura
1475 464 1701 521 regnum
1752 457 1940 516 tuum,
1984 446 2149 503 veluti

568 541 836 612 quaedam
872 537 1004 594 falsa
1039 539 1159 605 lux,
1197 542 1448 597 arriserit
1488 554 1546 598 et
1590 544 1978 614 praevaluerit.
2031 542 2147 599 Non

564 635 711 690 enim
752 632 1108 689 aeternaliter
1161 635 1453 708 imaginem
1490 638 1583 692 Dei
1639 639 1893 709 regnabis
1945 647 2000 694 et
2034 638 2151 693 vin-

564 743 691 793 ces,
727 726 821 783 sed
855 734 951 783 aut
984 728 1293 798 specialiter
1338 730 1393 784 in
1435 730 1654 788 Christo
1701 734 2047 804 redemptore
2083 733 2150 790 de

566 831 835 895 potestate
870 830 960 878 tua
989 823 1309 879 liberabitur
1337 824 1513 881 adhuc
1542 826 1596 881 in
1628 827 1730 883 hac
1755 828 1864 883 vita
1894 828 2109 883 detenta
2129 867 2145 894 ,

558 924 656 970 aut
702 913 1028 986 generaliter
1073 915 1127 970 in
1178 914 1287 971 line
1338 917 1558 983 mundi,
1589 919 1806 988 quando
1853 920 2145 976 novissima

564 1006 782 1061 inimica
823 1022 971 1064 mors
1007 1022 1106 1078 per
1141 1009 1375 1064 eundem
1429 1008 1703 1065 Christum
1757 1011 1850 1066 Dei
1912 1011 2146 1068 Verbum

566 1097 900 1164 destruetur,
930 1104 987 1152 et
1013 1097 1393 1154 nniversaliter
1423 1101 1657 1155 humana
1689 1108 1882 1156 natura
1919 1103 1972 1157 in
2007 1103 2151 1172 pris-

569 1189 737 1243 tinutu
770 1197 971 1244 statum
1005 1191 1342 1246 restituetur.
1376 1191 1691 1248 Inimicitias
1718 1209 1912 1263 ponam
1940 1195 2075 1249 inter
2099 1204 2149 1249 te

563 1289 608 1333 et
639 1280 943 1347 mulierem,
985 1292 1034 1336 et
1063 1298 1235 1337 semen
1270 1272 1422 1338 tuum
1455 1295 1503 1338 et
1542 1300 1712 1339 semen
1752 1283 1915 1340 illius.
1954 1285 2149 1343 Mulier

562 1378 647 1422 est
683 1384 877 1427 sensus
917 1387 1230 1442 corporeus,
1256 1374 1578 1429 naturaliter
1611 1376 1883 1433 humanae
1921 1386 2150 1435 naturae

564 1459 789 1528 insitus,
840 1478 937 1532 per
970 1480 1132 1534 quam
1190 1465 1243 1520 in
1293 1467 1378 1521 his
1433 1466 1714 1532 videlicet,
1774 1468 1866 1539 qui
1921 1469 2147 1540 perfecti

563 1565 721 1619 sunt,
785 1556 1014 1611 visibilis
1073 1569 1357 1613 creaturae
1414 1560 1761 1629 pulchritudo
1811 1562 1878 1616 ad
1933 1562 2143 1619 laudem

562 1646 835 1702 Creatoris
884 1650 1133 1705 refertur.
1171 1652 1316 1706 Inter
1349 1668 1532 1722 quam,
1581 1652 1862 1709 mulierem
1902 1655 2053 1720 dico,
2092 1663 2146 1710 et

2257 451 2514 520 Verbum,
2567 452 2838 509 tenebrosi
2885 461 3041 507 erant
3067 491 3082 517 ,
3121 449 3351 522 caligine
3385 451 3642 510 videlicet
3680 453 3829 524 igno-

2254 545 2465 600 rantiae
2490 545 2792 613 mortisque
2811 553 3073 600 aeternae
3089 542 3413 599 densissima
3443 542 3639 600 nebula
3664 547 3830 618 septi;

2250 643 2349 697 sed
2395 656 2519 697 mox
2569 640 2876 706 humiliati,
2927 638 3086 695 fidem
3139 639 3504 709 accipientes,
3549 639 3834 700 illuminati

2251 742 2409 800 sunt,
2466 740 2524 789 et
2564 732 2936 804 spiritualibus
2982 732 3157 803 epulis
3202 730 3544 799 reficiuntur,
3593 746 3731 803 quas
3769 736 3835 792 de

2251 824 2520 895 capitibus
2550 825 2801 881 draconis
2826 824 3097 889 contritis,
3128 824 3232 880 hoc
3262 832 3365 888 est,
3411 824 3578 881 totius
3600 825 3833 883 malitiae

2250 916 2734 972 numerositatibus
2762 916 2990 972 devictis
3016 916 3196 970 divina
3226 925 3521 985 praeparat
3546 916 3828 985 sapientia.

2252 1008 2326 1064 De
2360 1011 2459 1065 hoc
2486 1009 2722 1064 dracone
2748 1008 2889 1062 idem
2918 1006 3203 1063 Psalmista
3228 1006 3498 1076 loquitur:
3518 1005 3694 1061 Draco
3718 1008 3827 1073 iste,

2247 1118 2400 1173 quem
2431 1102 2669 1171 formasti
2699 1103 2767 1155 ad
2796 1100 3123 1155 illudendum
3154 1102 3225 1154 ei.
3255 1100 3432 1155 Draco
3458 1100 3594 1165 iste,
3626 1102 3829 1173 inquit,

2253 1191 2499 1247 diabolus
2527 1190 2772 1262 profecto
2793 1233 2807 1257 ,
2837 1206 3145 1262 corpusque
3174 1191 3321 1246 illius
3358 1191 3693 1257 universale,
3728 1194 3829 1248 hoc

2249 1290 2335 1337 est
2378 1282 2541 1338 totius
2583 1282 2821 1337 malitiae
2869 1281 3176 1351 plenitudo,
3217 1282 3332 1351 ipse
3369 1291 3486 1345 est,
3530 1297 3688 1351 quem
3723 1282 3830 1338 for-

2251 1375 2447 1439 masti,
2503 1383 2561 1429 ut
2610 1374 2869 1429 illudatur
2913 1374 2962 1428 ei
3006 1388 3036 1428 a
3082 1375 3287 1429 sanctis
3330 1374 3474 1440 tuis,
3525 1375 3620 1445 qui
3669 1375 3830 1444 ipsius

2248 1467 2570 1537 perniciosis
2599 1466 2985 1535 fallacibusque
3016 1466 3225 1521 insidiis
3275 1465 3532 1532 illudunt,
3578 1467 3705 1520 dum
3741 1483 3828 1522 ar-

2251 1568 2331 1614 tes
2356 1559 2592 1614 malitiae
2613 1600 2627 1625 ,
2658 1559 2856 1628 quibus
2880 1558 3138 1614 bonitatis
3164 1558 3465 1613 munimina
3495 1558 3829 1613 machinatur

2248 1652 2558 1715 destruere,
2589 1650 2885 1722 patefactas
2922 1650 3283 1721 esplodunt‘,
3311 1650 3629 1720 malleisque
3669 1651 3829 1704 virtu-

562 1746 869 1806 serpt-ntctn
890 1779 904 1803 ,
939 1739 1040 1795 hoc
1069 1749 1184 1804 est,
1215 1741 1557 1797 libidinosam
1588 1743 1998 1801 delectationem
2032 1746 2144 1800 mal
2177 1750 2223 1809 Β
2253 1753 2364 1800 tum
2391 1745 2662 1817 principia
2693 1745 2989 1814 nequitiae,
3021 1759 3162 1813 quae
3186 1745 3256 1801 ab
3282 1758 3348 1798 eo
3377 1742 3646 1814 pullulant
3665 1783 3679 1808 ,
3706 1758 3831 1799 eou-

567 1829 767 1883 terialis
788 1830 1223 1901 pulchritudinis,
1250 1834 1680 1906 diabolicamque
1706 1837 2057 1894 calliditatem
2091 1840 2145 1894 in

562 1936 625 1974 ea
657 1924 1054 1992 possidentem,
1100 1942 1291 1996 magna
1334 1928 1614 1983 inimicitia
1657 1944 1687 1983 a
1718 1929 1829 1985 Deo
1851 1931 2146 1985 constituta

559 2026 679 2071 est:
717 2016 909 2071 mulier
947 2019 1180 2089 quippe,
1219 2021 1320 2074 hoc
1359 2032 1440 2077 est
1476 2022 1748 2091 perfectus
1778 2023 2147 2094 perfectorum

561 2124 783 2173 sensus,
817 2112 931 2164 odit
980 2114 1337 2168 materialium
1382 2126 1562 2170 rerum
1612 2116 1886 2172 carnalem
1937 2119 2147 2188 appeti-

563 2208 676 2255 tum
695 2242 708 2263 ,
742 2217 966 2271 serpens
993 2219 1121 2260 vero
1150 2206 1507 2275 spiritualium
1535 2206 1949 2278 divinarumque
1981 2209 2147 2264 virtu-

564 2301 674 2345 tum
709 2294 983 2349 inimicum
1015 2296 1176 2351 habet
1204 2297 1551 2354 desiderium.
1596 2297 1664 2353 Et
1702 2315 1875 2354 semen
1913 2310 2059 2354 tuum
2100 2310 2146 2355 et

558 2405 733 2443 semen
764 2394 778 2424 ¹
832 2389 1001 2447 illius.
1044 2391 1238 2447 Semen
1267 2393 1510 2448 mulieris
1539 2401 1622 2449 est
1645 2408 1826 2449 rerum
1851 2396 2144 2450 visibilimu

560 2480 800 2550 perfecta
853 2484 1225 2554 naturalisqoe
1273 2500 1337 2541 ac
1369 2485 1645 2556 multiplex
1688 2488 1957 2558 cognitio,
1994 2489 2141 2543 omni

557 2584 743 2626 errore
777 2572 1011 2629 sublato.
1056 2573 1134 2630 Ad
1174 2575 1275 2631 hoc
1308 2576 1451 2631 enim
1486 2578 1539 2632 in
1583 2578 1801 2633 homine
1849 2594 2143 2651 corporeus

558 2676 750 2718 ενιπευς
784 2667 1109 2721 constitutus
1142 2677 1258 2734 est,
1289 2679 1349 2723 ut
1385 2670 1718 2726 sensibilium
1751 2679 1805 2726 et
1837 2671 2146 2743 intelligibl-

555 2754 684 2810 lintu
719 2773 813 2828 per
838 2760 1178 2817 medietatem
1211 2762 1620 2831 phantasiarum
1652 2766 2017 2820 internuntius
2046 2765 2142 2820 fie-

560 2858 682 2917 ret;
722 2867 910 2908 semen
964 2868 1092 2909 vero
1154 2856 1423 2924 serpentis
1476 2855 1947 2911 innumerabilimn
2011 2856 2143 2911 deli-

554 2951 761 2997 ctornm
796 2944 1132 3001 mortiferum
1164 2946 1559 3002 incrementum
1592 2961 1746 3013 esse,
1788 2961 1950 3003 nemo
1990 2956 2140 3003 recte

554 3036 1042 3108 philosophantium
1080 3042 1310 3112 ignorat.
1351 3041 1474 3113 Ipsa
1509 3051 1737 3098 conteret
1768 3051 1925 3114 caput
1967 3053 2135 3098 tuum.

2246 1837 2491 1910 fringunt
2519 1835 2562 1890 °.
2589 1835 2686 1892 Cui
2720 1836 2763 1867 ¹⁰
2790 1835 3094 1891 sententiae
3122 1835 3395 1906 congruit,
3424 1835 3571 1905 quod
3603 1835 3679 1889 ait
3703 1850 3826 1890 san-

2246 1939 2367 1986 ctus
2396 1929 2499 1985 Job
2525 1944 2541 1984 :
2575 1927 2692 1983 Hoc
2720 1937 2796 1983 est
2832 1929 3041 1982 initium
3077 1927 3309 1998 ﬁgmenti
3336 1926 3468 1992 Dei,
3499 1927 3640 1998 quod
3674 1927 3792 1997 fecit
3812 1967 3828 1993 ,

2248 2032 2304 2077 ut
2335 2021 2596 2077 illudatur
2627 2021 2693 2075 ab
2720 2020 2918 2091 angelis
2957 2021 3093 2092 ejus.
3154 2020 3264 2077 Cur
3312 2028 3493 2075 autem
3529 2020 3696 2075 draco
3729 2020 3829 2076 iste

2247 2114 2541 2184 spiritualis
2577 2127 2701 2168 cum
2741 2111 2993 2166 omnibus
3033 2112 3293 2167 membris
3324 2111 3433 2166 suis
3458 2111 3519 2175 “,
3551 2124 3689 2181 quae
3708 2108 3823 2177 ejus

2247 2206 2512 2262 malitiam
2544 2212 2865 2275 sequuntur,
2896 2203 3147 2259 formatio
3171 2203 3265 2259 Dei
3287 2203 3371 2258 vel
3396 2204 3707 2274 ﬁgmentum
3737 2202 3824 2258 di-

2245 2301 2410 2363 citur,
2436 2297 2646 2353 duobus
2669 2298 2843 2353 modis
2862 2296 3084 2368 intelligi
3107 2304 3303 2367 potest.
3326 2296 3563 2351 Primum
3584 2297 3825 2366 quidem,

2246 2391 2372 2461 quia
2398 2404 2589 2445 omnes
2621 2398 2903 2459 apostatae
2947 2388 3120 2458 angeli
3149 2428 3165 2454 ,
3206 2402 3506 2457 omnesque
3546 2387 3825 2454 homines,

2251 2497 2443 2538 eorum
2481 2496 2779 2551 sequaces,
2821 2487 3082 2551 quantum
3128 2478 3454 2534 naturaliter
3492 2478 3824 2544 subsistunt,

2245 2591 2274 2629 a
2308 2574 2420 2629 Deo
2449 2573 2650 2630 conditi
2683 2581 2841 2638 sunt,
2870 2572 3186 2642 figmentum
3226 2569 3345 2639 ejus
3386 2586 3496 2625 non
3533 2571 3826 2641 incongrue

2244 2666 2607 2736 formatioqne
2632 2678 2756 2719 esse
2782 2663 3100 2719 creduntur.
3126 2661 3355 2727 Deinde,
3383 2661 3527 2732 quod
3540 2661 3664 2716 talia
3676 2672 3823 2731 sym-

2247 2757 2424 2814 bolica
2455 2756 2618 2811 verba
2648 2755 2701 2809 in
2736 2752 2935 2808 talibus
2954 2752 3171 2807 divinae
3198 2750 3515 2822 Scripturae
3542 2749 3821 2807 sententiis

2246 2864 2353 2905 non
2381 2864 2600 2919 semper
2628 2857 2881 2901 naturam
2909 2846 3228 2900 daemonum
3253 2843 3632 2913 malorumque
3652 2842 3825 2898 homi-

2244 2957 2396 3007 num,
2427 2942 2480 2996 in
2511 2953 2616 3011 qua
2639 2954 2733 2995 eos
2763 2939 3011 2996 conditor
3048 2937 3288 2993 omnium
3327 2937 3592 2991 bonorum
3630 2934 3827 2991 substi-

2247 3036 2382 3102 tuit,
2416 3034 2511 3090 sed
2540 3048 2627 3098 ea,
2661 3047 2800 3103 quae
2829 3032 3024 3086 merito
3044 3030 3349 3099 utriusque,
3382 3027 3661 3101 angelicae
3685 3027 3831 3082 vide-

551 3127 724 3198 Capnt
755 3128 910 3199 hujus
942 3134 1245 3202 serpentis,
1276 3135 1382 3189 hoc
1410 3142 1496 3190 est
1525 3135 1735 3189 initium
1759 3177 1773 3201 ,
1806 3128 2016 3191 duabus
2047 3150 2138 3191 ve-
2166 3114 2210 3177 C
2243 3127 2716 3183 licelelhumallae
2735 3130 3036 3187 creaturae,
3065 3120 3462 3177 ίηοδθάῖθπηῖπ
3482 3119 3830 3189 s“Peraddita

555 3217 649 3272 luti
678 3222 923 3289 partibus
953 3222 1219 3279 conﬂatur
1243 3242 1258 3292 ;
1289 3227 1466 3281 omnis
1490 3227 1635 3281 enim
1662 3226 1862 3281 malitia
1890 3244 1958 3282 ex
1991 3236 2138 3282 motu

552 3312 906 3370 irrationabili
957 3316 1297 3374 rationabilis
1342 3322 1608 3386 naturae,
1656 3329 1712 3375 et
1754 3332 1819 3375 ex
1877 3321 2140 3376 invidiosa

554 3404 752 3459 diaboli
794 3410 990 3461 astutia
1026 3420 1204 3463 ortum
1243 3408 1618 3479 originemque
1679 3411 1943 3481 sumpsit.
1996 3411 2139 3480 quod

557 3505 722 3564 caput
775 3498 826 3550 in
883 3510 1044 3553 sensu
1097 3500 1461 3569 perfectorum
1518 3500 1754 3555 fidelium
1816 3504 2137 3557 conteritur.

553 3586 671 3643 Non
703 3589 847 3643 enim
875 3602 969 3644 eos
999 3590 1263 3647 diabolica
1292 3591 1433 3647 fallit
1466 3596 1662 3648 astutia
1684 3636 1697 3659 ,
1732 3608 1905 3665 neque
1930 3597 2142 3664 primae

553 3681 884 3751 suggestioni
919 3680 1151 3738 latenter
1179 3684 1490 3753 subrepenti
1519 3694 1799 3755 praestant
1825 3687 2103 3742 introitum
2121 3730 2135 3754 ,

555 3786 650 3827 seu
713 3771 1073 3829 irrationablli
1139 3776 1306 3830 motui
1367 3778 1783 3833 accommodant
1833 3792 2137 3833 accessum.

555 3861 731 3932 Caput
760 3862 888 3918 illud
918 3864 1045 3918 dum
1076 3878 1240 3920 unum
1273 3874 1517 3937 putatur,
1553 3867 1609 3922 in
1646 3867 1915 3922 infinitum
1952 3882 2141 3923 nume-

559 3970 680 4011 rum
726 3955 1007 4024 dividitur,
1040 3958 1166 4029 quia
1209 3959 1530 4015 uuiversalis
1573 3960 1779 4015 malitia
1832 3960 1883 4015 in
1933 3969 2139 4018 tantum

557 4043 839 4121 multiples
872 4055 990 4113 est,
1021 4054 1079 4102 ut
1107 4046 1251 4101 nulla
1280 4063 1409 4118 pars
1440 4049 1608 4119 ipsius
1650 4050 1751 4112 sit,
1791 4064 1859 4105 ex
1896 4066 2002 4121 qua
2043 4068 2137 4108 vc-

556 4153 756 4195 nenosa
805 4140 1060 4196 vitiorum
1112 4141 1386 4212 genimina
1438 4144 1459 4176 ²
1506 4158 1612 4197 non
1670 4153 1937 4199 crescant.
1992 4143 2141 4212 Quae

555 4231 737 4285 omnia
775 4230 970 4288 mulier
1005 4232 1126 4297 illa,
1165 4233 1231 4288 de
1267 4248 1373 4304 qua
1410 4232 1665 4290 Salomon
1714 4235 1829 4290 ait:
1863 4234 2139 4291 Mulierem

553 4327 739 4396 fortem
770 4329 886 4398 quis
914 4329 1141 4383 inveniet
1167 4328 1192 4383 ἵ
1219 4329 1393 4384 virtus
1424 4328 1676 4385 videlicet
1701 4337 1755 4382 et
1785 4329 2044 4398 sapientia
2084 4328 2138 4383 in

549 4422 800 4478 sensibus
857 4422 1095 4477 fidelium
1148 4421 1511 4492 perfectorum
1562 4421 1903 4478 comminuit.
1961 4422 2134 4489 Quam

2245 3228 2402 3287 sunt,
2432 3220 2704 3278 essentiae
2747 3220 2805 3275 in
2832 3220 2914 3275 eis
2961 3218 3214 3273 conditae
3253 3216 3565 3289 significant
3603 3224 3665 3271 ut
3700 3223 3829 3271 sunt

2244 3330 2470 3385 corpora
2512 3315 2672 3370 aérea
2701 3315 3020 3368 daemonum
3045 3351 3060 3377 ,
3085 3320 3298 3367 terrena
3323 3325 3540 3379 quoque
3560 3308 3834 3365 mortalia-

2243 3422 2349 3478 que
2370 3407 2646 3461 hominum
2671 3404 2934 3469 membra,
2956 3417 3097 3473 quae
3123 3403 3495 3458 incunctanter
3519 3403 3572 3457 in
3594 3416 3832 3472 poenam

2245 3495 2454 3567 peccati
2480 3493 2812 3565 simplicitati
2841 3502 3067 3549 naturae
3089 3509 3120 3548 a
3147 3492 3259 3547 Deo
3283 3493 3613 3548 constitutae
3639 3492 3834 3561 adjuu‘

2243 3600 2331 3647 cta
2375 3603 2497 3645 esse
2535 3589 2805 3645 credenda
2846 3596 2900 3642 et
2945 3587 3290 3658 intelligenda
3322 3593 3468 3641 sunt.
3511 3586 3618 3642 Sed
3646 3595 3833 3642 utrum

2243 3688 2437 3735 natura
2469 3680 2793 3736 daemonum
2822 3694 2853 3733 a
2879 3678 3198 3750 corporibus
3219 3679 3288 3733 ab
3313 3678 3420 3733 isto
3440 3676 3569 3734 aere
3596 3677 3698 3732 sibi
3727 3677 3827 3733 ad-

2235 3772 2439 3843 junctis
2468 3772 2803 3838 liberabitur,
2835 3772 2976 3826 sicut
3000 3772 3235 3826 humana
3265 3779 3460 3825 natura
3483 3770 3566 3825 sui
3595 3769 3833 3825 Redemo

2242 3865 2413 3935 ptoris
2441 3865 2612 3936 gratia
2645 3863 2849 3934 adiuta,
2882 3861 3295 3917 resurrectionis
3319 3869 3593 3915 momento
3619 3859 3835 3913 anima-

2243 3957 2382 4011 libus
2403 3954 2951 4026 corruptibilihusque
2985 3951 3304 4023 corporibus
3334 3950 3664 4017 absolvetur,
3691 3948 3835 4005 alius

2243 4050 2543 4106 disserendi
2584 4049 2732 4104 locus
2769 4055 2872 4102 est.

2313 4144 2379 4201 Et
2428 4160 2571 4200 nunc
2622 4143 2859 4198 breviter
2918 4141 3313 4213 colligendum,
3378 4139 3525 4210 quod
3585 4140 3831 4206 'corpora

2241 4238 2329 4294 illa
2383 4236 2693 4301 naturalia,
2752 4240 2891 4304 quae
2941 4233 2996 4288 in
3045 4232 3353 4288 conditione
3406 4228 3682 4302 angelicae
3732 4241 3834 4282 na-

2243 4340 2397 4386 turae
2457 4331 2599 4386 facta
2656 4336 2781 4384 sunt
2809 4369 2822 4392 ,
2879 4324 3332 4398 quemadmodum
3399 4322 3665 4379 caelestes
3718 4320 3832 4375 vir-

2246 4432 2407 4489 tules,
2458 4438 2596 4494 quae
2630 4435 2904 4492 nunquam
2954 4419 3266 4474 Creatorem
3310 4429 3468 4469 suum
3518 4414 3827 4478 deseruere,

555 4516 835 4569 mulierem
886 4488 1164 4583 Propheta.
1208 4528 1271 4582 ps
1294 4514 1656 4585 lmographus
1709 4515 2002 4585 alloquitur
2060 4516 2138 4569 di-
2168 4488 2218 4547 Β
2246 4519 2319 4573 ita
2353 4488 2516 4570 etiam
2546 4488 2823 4584 apostatae
2854 4513 3084 4567 virtutes
3111 4505 3545 4579 inseparabiliter
3565 4515 3621 4561 et
3646 4512 3825 4560 aeter-

556 4621 686 4659 cens
734 4623 747 4657 :
782 4602 861 4656 Tu
897 4605 1199 4673 confregisti
1240 4608 1409 4675 capita
1440 4608 1684 4664 draconis
1704 4651 1717 4674 ,
1751 4608 1941 4663 dediin
1970 4624 2085 4663 eum
2116 4610 2138 4643 ³

555 4708 728 4750 escam
770 4695 978 4763 populis
1025 4695 1355 4765 Aethiopum.
1400 4698 1586 4768 Populi
1638 4701 1961 4771 Aethiopum
2012 4712 2140 4759 sunt

553 4784 927 4841 multitudines
975 4786 1245 4856 gentium,
1300 4801 1441 4855 quae
1492 4789 1546 4843 in
1597 4788 1870 4845 Christum
1923 4794 2138 4860 praefao

553 4885 641 4932 tae
693 4880 713 4908 "
755 4875 998 4932 mulieris
1024 4885 1150 4948 typo
1197 4878 1616 4949 praetig‘urative
1648 4881 1669 4912 ⁸
1707 4882 2052 4939 crediderunt
2094 4888 2135 4942 ⁸.

556 4969 632 5024 De
659 4969 858 5038 quibus
888 4969 1053 5025 lsaias
1069 4970 1145 5025 ait
1168 4988 1181 5025 :
1204 4968 1460 5039 Populus,
1476 4973 1566 5040 qui
1583 4972 1791 5028 sedebat
1823 4974 1874 5028 in
1896 4978 2138 5044 tenebris,

554 5061 679 5115 uidit
707 5060 873 5115 lucem
899 5075 1163 5133 magnam.
1192 5063 1486 5133 Aethiopes
1511 5066 1655 5120 enim
1686 5068 1953 5123 tenebrosi
1985 5078 2077 5125 aut
2115 5072 2136 5104 "

558 5150 827 5208 humiliati
880 5154 1250 5210 translationis
1297 5155 1627 5225 proprietate
1669 5158 1940 5214 dicuntur.
1991 5159 2134 5228 Quo-

552 5260 672 5301 rum
713 5247 921 5303 theoria
950 5247 1232 5318 gentilium
1260 5246 1472 5319 populis
1501 5251 1889 5307 convenienter
1918 5261 2137 5323 coapta-

2246 4608 2445 4664 naliter
2470 4606 2836 4676 possidebunt,
2874 4604 3130 4674 quoniam
3156 4598 3455 4671 spiritualia
3484 4608 3543 4653 et
3578 4597 3823 4652 incorru-

2244 4674 2655 4772 ptibilia‘sunt:
2704 4695 3047 4765 superaddita
3090 4704 3220 4747 vero
3252 4691 3334 4747 eis
3370 4705 3435 4745 ex
3474 4674 3865 4760 qualitatibus:

2250 4794 2407 4862 lmjns
2446 4788 2633 4845 mundi
2664 4786 2858 4842 merito
2885 4783 3162 4854 nequitiae
3195 4798 3326 4845 suae
3359 4781 3523 4836 veluti
3557 4775 3817 4847 quaedam

2248 4882 2558 4937 imlumenta
2592 4877 2989 4934 veterascentia
3023 4890 3144 4931 cum
3190 4875 3337 4945 ipso,
3370 4873 3435 4926 de
3459 4883 3566 4940 quo
3605 4874 3820 4936 sumpta

2247 4982 2400 5038 sunt,
2451 4973 2651 5028 mundo
2696 4971 2969 5043 peritura,
3016 4968 3274 5024 credibile
3311 4975 3413 5022 est.
3461 4962 3613 5031 Quod
3657 4961 3822 5033 igitur

2241 5069 2509 5137 Propheta
2541 5066 2616 5120 ait
2650 5082 2664 5120 :
2700 5064 2876 5119 Draco
2905 5064 3021 5128 iste,
3052 5074 3202 5133 quem
3228 5058 3465 5130 formasti
3494 5058 3563 5112 ad
3599 5053 3821 5110 illuden-

2239 5162 2365 5216 dum
2391 5161 2470 5223 ei,
2497 5171 2787 5229 possumus
2829 5155 2909 5211 sic
2937 5154 3214 5224 accipere,
3246 5152 3377 5222 quia
3401 5162 3510 5205 non
3547 5147 3757 5203 videtur
3787 5157 3817 5197 a

2237 5253 2469 5308 veritate
2493 5250 2716 5316 distare,
2758 5255 2818 5302 ut
2842 5248 2898 5301 in
2925 5244 3174 5300 draconis
3208 5241 3605 5314 signiﬁcatione
3633 5232 3814 5293 morti-

1841 5402 2098 5465 VARIAE
2135 5400 2538 5464 LECTIONES.

625 5543 641 5574 ³
688 5556 869 5617 semen
891 5542 1121 5617 otp._A._
1171 5546 1195 5580 ⁸
1230 5545 1319 5601 Sic
1358 5544 1482 5613 CF;
1511 5545 1552 5600 A
1575 5548 1830 5617 germina.
1911 5544 1931 5617 ἕ
1959 5544 2000 5600 Α
2033 5545 2189 5601 enim.
2266 5544 2289 5578 ⁴
2320 5544 2411 5601 Sic
2444 5546 2527 5601 CF
2556 5562 2570 5611 ;
2603 5545 2645 5600 A
2678 5543 2830 5617 fortis
2862 5540 3157 5614 praefatae.
3237 5532 3372 5617 '_Sic
3397 5528 3483 5595 Cl"
3508 5560 3521 5608 ;
3548 5541 3789 5617 Afigura

551 5623 681 5667 tam.
718 5612 780 5689 _°
816 5612 906 5689 Sic
1050 5615 1143 5689 :Aﬁ
1172 5612 1505 5689 crediderint.
1568 5612 1601 5689 ἶ
1645 5618 1735 5689 Sic
1764 5617 1846 5689 CF
1866 5634 1880 5684 ;
1904 5616 1957 5689 Ah
1980 5628 2154 5689 atque.
2228 5619 2249 5651 ⁸
2278 5617 2318 5671 F
2350 5612 2687 5689 exprodumf
2735 5613 2758 5647 ’
2791 5612 3091 5684 destruere,
3120 5612 3812 5688 patefactas-confringant

551 5697 665 5737 om.
711 5682 775 5737 C.
854 5683 897 5716 “
929 5682 1022 5739 Sic
1050 5681 1175 5750 CF;
1208 5687 1253 5739 A
1304 5686 1486 5757 Cujus.
1563 5688 1605 5723 η
1639 5687 1731 5746 Sic
1753 5681 1881 5758 AC:
1917 5686 1958 5747 F
1987 5681 2099 5746 suis
2124 5689 2386 5747 membris.
