4212 6272
447 290 553 349 855

1280 290 1369 346 DE
1409 290 1748 348 DIVISIONE
1788 288 2137 347 NATUIIAE.
2176 317 2247 330 -—
2282 286 2486 343 LIBER
2522 285 2872 357 QUARTUS.

3617 291 3724 351 85$

449 406 622 459 feram
653 402 909 459 astutiam
948 402 1145 459 diaboli
1184 404 1657 475 membrorumque
1695 404 1813 476 ejus
1838 405 1950 460 sive
1980 405 2029 459 in
2062 413 2109 471 Α
2139 402 2378 472 Quorum
2407 402 2672 472 quaedam
2718 402 2937 472 quidem
2962 403 2984 435 ⁹
3017 402 3174 479 longe
3203 412 3356 463 extra
3381 406 3575 464 molem
3604 423 3725 465 cor—

452 495 688 568 angelis,
719 497 833 550 ‘sive
871 494 924 550 in
958 482 1264 552 hominibus
1299 480 1475 562 1110118,
1506 496 1744 568 ﬁgmenti
1774 512 1905 552 vero
1941 512 2034 553 seu

453 580 784 662 formatio‘r‘u’s
808 584 1090 658 vocabulo,
1112 588 1238 661 quia
1267 586 1346 648 sie
1367 591 1654 648 diversitas
1681 592 2037 662 interpretum

453 676 729 740 Ecclesiae
760 683 943 739 usibus
971 698 1037 740 ex
1078 682 1333 740 hebraico
1364 674 1641 740 transtulit
1662 684 1905 755 eloquio,
1947 688 2041 742 aut

457 785 703 830 naturam
734 790 953 840 eorum,
1001 772 1294 831 secundum
1325 793 1488 848 quam
1527 794 1556 833 a
1598 779 1709 833 Dco
1748 779 2036 835 substituta

453 872 605 932 sunt,
647 865 958 936 priusquam
1000 875 1324 937 peccarent,
1366 877 1459 923 aut
1495 866 1591 935 ea,
1631 884 1772 940 quae
1822 879 2042 939 propter

452 957 758 1027 superbiam
804 973 958 1014 suam
1003 959 1083 1015 eis
1119 959 1467 1031 superaddita
1520 970 1645 1017 sunt
1684 961 1737 1028 ⁸,
1777 961 2041 1032 intelliga-

450 1064 591 1105 mus.
630 1044 739 1106 Sed
767 1050 1129 1123 qualicunque
1155 1052 1317 1109 modo
1355 1054 1685 1125 accipiamus
1725 1055 2039 1126 figmentum

451 1157 544 1197 seu
575 1141 979 1207 formationem,
1002 1142 1106 1199 1100
1132 1154 1214 1199 081
1240 1145 1354 1200 sive
1379 1145 1444 1200 de
1471 1154 1685 1213 natura,
1710 1147 1823 1202 sive
1850 1146 1918 1202 de
1947 1161 2041 1200 ua-

454 1244 608 1288 turae
635 1234 1021 1304 superadditis,
1052 1233 1117 1289 ad
1152 1235 1479 1291 illudcndum
1507 1236 1556 1292 ei
1584 1254 1615 1293 a
1644 1238 1846 1293 sanctis
1869 1238 2044 1294 homi-

456 1324 613 1379 nibus
646 1324 957 1396 sanctisque
987 1325 1189 1397 angelis
1224 1327 1471 1384 diabolus
1499 1344 1622 1384 cum
1650 1345 1749 1383 suo
1778 1338 1888 1384 toto
1924 1344 2045 1384 cor-

456 1432 587 1488 pore
616 1415 892 1473 'formatus
925 1429 1045 1485 est,
1093 1436 1200 1475 non
1235 1419 1390 1489 juxta
1430 1423 1571 1492 quod
1611 1408 1932 1478 naturaliter
1963 1421 2044 1479 fa-

460 1520 608 1576 ctus,
642 1514 734 1567 sed
768 1510 925 1582 juxta
969 1514 1110 1584 quod
1153 1516 1514 1587 superbieudo
1552 1533 1788 1588 suaeque
1820 1524 2046 1573 naturae

460 1598 770 1674 dignitatem
802 1602 1100 1660 deserendo
1132 1604 1362 1662 futurus.
1394 1604 1651 1663 llludetur
1678 1609 1823 1664 enim
1855 1624 1883 1663 a
1914 1623 2043 1663 san-

457 1697 557 1751 ctis
588 1694 703 1764 ejus
730 1697 935 1767 angelis
1009 1737 1026 1762 ,
1078 1700 1484 1755 remanentibus
1521 1700 1718 1770 quippe
1762 1696 1870 1754 illis
1906 1699 2043 1753 bona

2139 511 2361 568 porcam
2398 493 2682 549 sentientis
2716 488 3113 562 extenduntur,
3153 506 3213 554 ut
3242 497 3387 554 visus
3411 506 3467 555 et
3491 499 3723 557 auditus.

2140 582 2319 644 Solem
2362 598 2595 656 namque
2642 593 2697 640 et
2725 578 2907 640 lunam
2948 584 3013 651 “,
3054 593 3341 661 ceteraque
3366 589 3544 647 sidera
3569 590 3729 664 longe

2140 678 2209 734 ab
2235 692 2301 735 eo
2340 677 2480 744 loco,
2511 691 2620 748 quo
2660 675 2965 748 corpusculi
3001 678 3104 733 mei
3152 680 3320 737 moles
3349 680 3605 747 ambitur,
3639 697 3728 753 po-

2140 774 2242 829 sita
2283 771 2482 827 sentio.
2513 762 2615 825 Ubi
2661 772 2804 828 enim
2834 780 2979 838 sunt,
3035 770 3107 827 ibi
3135 786 3199 827 ea
3239 773 3413 828 sentio
3456 772 3512 828 in
3561 772 3731 829 radiis

2140 865 2421 921 oculorum
2452 879 2720 931 meorum,
2758 865 2851 936 qui
2879 864 3005 921 111110
3032 864 3179 920 nulla
3217 880 3367 921 mora
3410 865 3731 922 interstante

2141 959 2443 1027 eriguntur,
2474 956 2528 1011 in
2554 956 2751 1027 quibus
2786 958 3104 1028 pbantasiae
3147 956 3552 1027 praedictorum.
3590 957 3731 1013 side—

2142 1063 2261 1104 rum
2292 1046 2616 1103 formantur.
2652 1048 2883 1104 Videsne
2903 1049 3089 1120 igitur,
3111 1062 3275 1118 quam
3310 1047 3465 1121 longe
3488 1046 3729 1118 praefata

2143 1136 2345 1197 femina
2383 1140 2693 1198 calcaneum
2728 1158 2885 1199 suum
2908 1146 2963 1199 in
2993 1158 3196 1216 organo
3224 1143 3265 1177 "
3298 1144 3509 1201 videndi
3538 1154 3730 1201 exten-

2142 1235 2239 1291 dit.
2274 1233 2534 1289 Similiter
2555 1234 2620 1290 de
2640 1233 2744 1300 his,
2775 1250 2913 1304 quae
2939 1250 3105 1305 prope
3131 1234 3215 1290 vel
3249 1236 3293 1268 “
3320 1236 3375 1291 111
3402 1236 3593 1294 mediis
3617 1253 3732 1307 spa-

2145 1322 2233 1380 tiis
2273 1324 2544 1387 videntur,
2590 1323 3015 1395 intelligendum.
3064 1325 3181 1380 Non
3220 1326 3328 1381 alio
3353 1326 3512 1382 modo
3552 1327 3618 1382 de
3644 1343 3735 1380 au-

2145 1416 2323 1474 diendi
2355 1417 2530 1473 ofﬁcio
2578 1417 2839 1475 naturalis
2885 1418 3070 1489 organi
3110 1418 3477 1475 consideratio
3518 1419 3728 1475 edocet.

2145 1504 2380 1565 Auditus
2410 1508 2674 1580 siquidem
2711 1517 2864 1566 extra
2896 1512 3139 1580 corporis
3165 1511 3340 1583 spatia
3380 1510 3526 1567 foras
3553 1527 3733 1568 erum-

2144 1603 2243 1673 pit,
2275 1611 2330 1657 ut
2364 1618 2620 1659 sonorum
2651 1617 2746 1658 seu
2792 1617 2983 1659 vocum
3035 1602 3291 1660 formulas
3335 1604 3389 1659 in
3437 1605 3613 1675 seipso
3646 1621 3735 1659 cx-

2144 1710 2360 1766 pressas
2399 1696 2640 1766 recipiat,
2671 1696 2784 1750 sive
2821 1695 2997 1767 longe,
3034 1696 3149 1752 sive
3183 1711 3350 1768 prope
3391 1697 3499 1752 ictu
3530 1697 3573 1729 ⁸³
3592 1696 3734 1755 aéris

454 1784 731 1841 voluntate
759 1794 813 1841 et
842 1786 1137 1844 conditoris
1178 1789 1355 1861 gratia
1384 1788 1504 1847 lixis
1543 1790 1563 1822 ³
1594 1791 1647 1846 111
1673 1806 1737 1846 00
1770 1789 2042 1851 felicitate,
2079 1783 2124 1845 B
2150 1782 2391 1839 ell‘cctas.
2421 1784 2648 1852 Quidam
2676 1800 2807 1842 vero
2833 1785 2973 1841 intra
3006 1786 3266 1841 terminos
3295 1787 3536 1856 corporis
3564 1787 3735 1842 couti-

455 1879 508 1933 iu
537 1894 641 1948 qua
689 1881 856 1934 creati
891 1891 1032 1935 sunt.
1074 1880 1163 1934 1110
1204 1882 1433 1951 superba
1474 1882 1810 1951 ignorantia,
1850 1898 1957 1953 qua
1989 1896 2048 1938 se

455 1985 709 2026 casurum
734 1986 839 2027 non
868 1972 1250 2042 praesciverat,
1279 1987 1400 2026 nam
1434 1974 1476 2027 si
1506 1975 1825 2044 praesciret,
1853 1973 2047 2029 fortas-

455 2066 531 2122 sis
568 2065 671 2122 sibi
701 2065 1043 2137 praevideret
1082 2082 1150 2122 ne
1178 2068 1419 2134 caderet,
1456 2068 1714 2138 deceptus
1736 2108 1751 2131 ,
1784 2068 2047 2124 invidiae-

453 2174 558 2227 que
588 2157 756 2213 livore
785 2156 1023 2222 inllatus,
1054 2154 1106 2212 iu
1136 2174 1289 2213 suam
1321 2168 1514 2229 sponte
1542 2160 1796 2231 delapsus
1831 2169 1915 2217 est
1941 2161 2047 2215 mi-

453 2252 673 2307 seriam.
704 2246 840 2307 .lusti
868 2266 996 2307 vero
1027 2251 1276 2307 homines
1309 2250 1584 2309 Creatoris
1610 2252 1692 2307 sui
1723 2268 1789 2307 ac
1815 2251 2049 2307 Redem-

453 2345 633 2415 ptoris
656 2345 858 2413 pietate
888 2344 1099 2400 liberati
1124 2353 1178 2400 et
1207 2345 1520 2411 illuminati,
1554 2344 1782 2400 illudunt
1815 2345 1883 2408 ei,
1919 2346 2046 2400 dum

458 2433 634 2504 ipsum
672 2432 900 2489 latenter
939 2437 1114 2491 forma
1154 2436 1284 2491 boni
1323 2437 1657 2504 coloratum,
1682 2438 2050 2509 virtutumque

460 2524 814 2584 similitudine
842 2527 970 2583 vitia
1019 2525 1467 2600 mortiferumque
1509 2530 1747 2587 malitiae
1785 2546 2049 2586 venenum

460 2628 837 2692 suggerentem
876 2621 1206 2687 sentientes,
1236 2637 1362 2678 mox
1394 2632 1557 2691 caput
1591 2620 1708 2690 ejus
1744 2626 2048 2683 conterunt,

457 2727 750 2781 escamque
770 2711 1129 2781 spiritualem,
1153 2710 1391 2767 divinam
1416 2713 1666 2783 videlicet
1688 2712 2049 2782 prudentiam,

456 2816 598 2877 quae
623 2804 754 2860 vitia
781 2821 810 2859 a
843 2805 1134 2861 virtutibus
1161 2806 1419 2872 secernit,
1451 2821 1521 2860 ne
1557 2806 1779 2865 subdola
1813 2805 2050 2860 versutia

458 2915 555 2954 eos
600 2896 789 2955 fallere
837 2899 1058 2965 valeat,
1108 2900 1352 2964 internae
1398 2900 1742 2956 discretionis
1800 2899 2052 2955 dentibus

457 2993 862 3058 comminuunt,
908 2993 1129 3062 verique
1180 2992 1307 3048 boni
1352 2991 1851 3063 sinceris‘dapibus
1903 2991 2050 3046 omni

460 3085 700 3141 mixtura
732 3076 882 3141 imali
932 3086 1175 3157 purgatis
1242 3095 1548 3142 vescuntur.
1597 3084 1782 3155 Neque
1833 3084 2045 3139 iliOl‘Iln

2151 1883 2370 1940 nentur,
2398 1882 2457 1929 ut
2477 1883 2561 1930 est
2582 1875 2811 1931 olfactus
2835 1885 2890 1933 et
2910 1886 3119 1948 gustus,
3148 1886 3207 1932 ut
3232 1876 3413 1934 multis
3443 1879 3508 1934 de
3537 1887 3734 1934 natura

2148 1984 2400 2025 sensuum
2427 1969 2823 2040 disputantibus
2854 1971 2897 2002 “
2922 1972 3155 2027 videtur.
3174 1971 3290 2027 Non
3313 1972 3506 2027 desunt
3532 1980 3733 2037 tamen,

2150 2052 2243 2130 qui
2275 2074 2495 2113 sensum
2519 2058 2804 2114 olfaciendi
2834 2058 2979 2115 foras
3004 2069 3285 2115 autumant
3312 2060 3578 2131 prosilire,
3604 2077 3735 2133 quo-

2151 2170 2271 2208 rum
2299 2155 2606 2225 opinionem
2632 2170 2737 2208 non
2767 2169 3057 2224 possumus
3081 2170 3336 2225 spernere
3360 2172 3375 2220 ;
3407 2154 3737 2227 longiuscule

2150 2247 2294 2302 enim
2346 2263 2378 2302 a
2427 2246 2745 2316 corporibus
2792 2247 2991 2303 nostris
3027 2248 3164 2303 bene
3201 2262 3296 2303 seu
3344 2247 3503 2304 aliter
3537 2243 3736 2303 olentia

2152 2338 2437 2394 sentimus.
2488 2341 2563 2395 De
2610 2349 2755 2395 tactu
2802 2349 2979 2397 autem
3020 2356 3182 2398 nemo
3206 2343 3557 2416 physicorum
3587 2343 3735 2400 dubi-

2153 2440 2254 2499 tat,
2295 2434 2437 2506 quod
2467 2442 2521 2489 et
2543 2435 2684 2490 intra
2712 2451 2908 2507 corpus
2932 2444 2986 2492 et
3008 2446 3163 2491 extra
3196 2452 3352 2493 suum
3378 2444 3601 2509 peragat
3629 2435 3737 2491 offl-

2153 2526 2317 2580 cium.
2353 2525 2512 2581 Solus
2555 2526 2697 2581 cnim
2740 2535 2794 2582 et
2845 2527 2962 2582 sine
3002 2527 3122 2583 aliis
3157 2527 3402 2584 sensibus
3430 2529 3537 2583 vim
3581 2544 3736 2584 suam

2153 2627 2418 2673 excercet.
2445 2617 2631 2672 Nullus
2658 2633 2789 2672 vero
2818 2616 3044 2672 aliorum
3074 2626 3329 2688 quattuor
3364 2618 3567 2687 absque
3596 2617 3738 2673 illius

2154 2710 2533 2779 cooperatione
2549 2709 2903 2765 ministerium
2927 2725 3085 2765 suum
3107 2708 3251 2765 valet
3273 2710 3583 2779 adimplere.
3600 2708 3735 2765 Nam

2152 2808 2207 2854 ct
2236 2801 2383 2855 visus
2410 2816 2514 2855 non
2542 2809 2718 2870 potest
2745 2800 2948 2866 videre,
2977 2800 3078 2855 nisi
3109 2801 3365 2871 tetigerit,
3393 2799 3535 2869 quod
3558 2799 3732 2866 videt;

2155 2910 2255 2948 nec
2285 2895 2500 2949 auditus
2536 2893 2755 2961 audire,
2797 2894 2898 2948 nisi
2937 2892 3204 2965 tetigerit,
3237 2892 3378 2964 quod
3419 2892 3594 2959 audit;
3638 2906 3739 2948 nec

2153 2982 2384 3041 olfactus
2412 2984 2679 3051 olfacere,
2713 2984 2756 3039 si
2784 3001 2892 3041 11011
2927 2985 3198 3055 tetigerit,
3225 2985 3365 3055 quod
3392 2983 3531 3051 olet;
3563 2999 3738 3054 neque

2154 3087 2341 3147 gustus
2370 3088 2607 3147 gustare,
2634 3077 2805 3131 sinon
2829 3076 3240 3147 tetigerit,quod
3264 3085 3461 3148 gustat.
3488 3075 3740 3131 Animad-

460 3175 745 3231 mulierem
799 3177 843 3241 ⁵,
872 3176 977 3232 1100
1011 3186 1095 3233 081
1129 3191 1344 3232 8011811111
1383 3177 1423 3240 ⁸,
1465 3174 1823 3231 materialium
1862 3190 2044 3230 rerum
2076 3150 2122 3213 ο
2155 3179 2303 3225 verte
2341 3172 2522 3240 itaque
2561 3169 2802 3224 mulieris
2842 3170 3156 3225 ealcaneum
3201 3169 3245 3201 "
3279 3210 3293 3235 ,
3336 3168 3739 3239 quinqueperti-

456 3268 809 3339 pulchritudo
837 3269 1065 3339 decipit,
1105 3285 1203 3340 per
1228 3285 1385 3340 quam
1420 3264 1673 3340 antiquus
1713 3268 1953 3333 coluber,
1985 3267 2047 3322 li-

455 3358 704 3415 bidinosa
745 3361 1103 3417 delectatione
1140 3362 1415 3417 mediante
1439 3403 1454 3427 ,
1485 3361 1765 3417 mortifera
1793 3360 2047 3415 vitiorum

452 3465 661 3510 venena
705 3453 758 3508 iu
806 3453 1226 3524 imprudentium
1259 3454 1470 3510 animos
1506 3452 1526 3484 ⁸
1557 3452 1826 3508 diffundit.
1854 3452 2051 3508 Conte-

454 3543 525 3599 rit
561 3558 694 3616 ergo
736 3545 966 3610 mulier,
994 3545 1097 3600 hoc
1125 3553 1212 3601 est
1243 3560 1463 3607 sensus,
1504 3546 1763 3600 malitiam
1810 3544 2050 3600 bonitate

453 3635 773 3693 discernens
838 3636 893 3701 ⁷,
942 3635 1186 3717 fortioris
1230 3636 1505 3704 mulieris,
1548 3636 1643 3691 Dei
1692 3636 1855 3693 Verbi
1907 3637 2046 3704 dico,

455 3724 752 3803 virtutibus
796 3727 1047 3794 incitata,
1085 3735 1256 3794 mota,
1303 3728 1510 3796 adiuta,
1564 3727 1838 3790 roborata,
1888 3733 1943 3782 et
1981 3724 2048 3784 ad

455 3816 843 3887 perfectionem
893 3812 1120 3875 actionis
1159 3828 1214 3876 et
1252 3816 1723 3888 contemplationis
1767 3818 2050 3888 perducta,

459 3915 623 3975 caput
651 3904 916 3978 serpentis
942 3917 995 3965 et
1024 3904 1202 3980 capita
1232 3906 1531 3966 diabolicae
1575 3907 1823 3965 videlicet
1852 3924 2046 3981 sugge-

458 3992 652 4053 stionis
681 3996 1134 4071 illecebrosaeque
1163 3998 1536 4057 delectationis
1562 3998 1875 4070 primordia,
1907 3999 2049 4055 unde

458 4093 537 4147 eis
565 4090 770 4148 laetitia
798 4088 1080 4165 divinaque
1102 4092 1328 4150 eﬂicitur
1359 4093 1581 4149 refectio
1622 4091 1664 4145 ⁸.
1689 4088 1876 4159 Qualis
1904 4092 2050 4147 enim

458 4180 630 4254 major
674 4183 881 4240 laetitia
919 4194 1000 4240 est
1044 4180 1397 4256 spiritualiter
1436 4181 1488 4238 in
1528 4183 1633 4237 1100
1659 4183 1770 4237 vita
1811 4182 2050 4252 degenti-

456 4273 578 4340 bus,
608 4288 774 4346 quam
802 4274 1142 4347 serpentinas
1165 4275 1591 4344 libidinosasque
1624 4271 1821 4329 diaboli
1860 4289 2050 4327 versu-

458 4367 564 4423 tias
608 4368 663 4422 in
693 4369 885 4439 seipsis
914 4362 1092 4440 primo
1121 4369 1470 4431 convincere,
1502 4383 1568 4423 ac
1610 4368 1801 4423 deinde
1840 4366 2048 4438 simpli-

459 4460 697 4515 cioribus
723 4476 783 4516 se
806 4461 858 4515 in
884 4460 1099 4517 actione
1126 4469 1181 4516 et
1208 4456 1565 4531 intelligentia
1592 4459 1857 4525 fidelibus,
1898 4473 1965 4513 ne
1992 4467 2049 4513 et

2156 3262 2265 3313 tum
2295 3274 2510 3315 sensum
2532 3259 2865 3314 sensibilium
2898 3275 3079 3315 rerum
3109 3259 3406 3330 phantasiis
3428 3259 3735 3324 formatum,

2152 3352 2238 3408 cui
2271 3369 2495 3423 serpens
2528 3350 2755 3408 callidus
2793 3353 3094 3408 insidiatur.
3127 3352 3418 3407 lnsidiatur
3444 3351 3585 3405 enim
3611 3365 3736 3406 sen-

2150 3447 2232 3503 sui
2257 3446 2493 3513 videndi,
2521 3447 2646 3501 dum
2669 3445 3121 3516 pulchritudinem
3151 3445 3443 3501 formarum
3470 3443 3739 3498 colorum-

2150 3553 2256 3609 que
2282 3539 2514 3594 incautis
2556 3538 2841 3593 animabus
2886 3536 3191 3607 perniciose
3236 3537 3424 3592 suadet
3450 3535 3735 3605 concupis-

2151 3644 2295 3687 Cere.
2317 3627 2518 3685 Eadem
2544 3628 2751 3683 ratione
2776 3628 2844 3683 de
2859 3626 3140 3683 harmonia
3161 3642 3376 3689 vocum,
3394 3624 3460 3682 de
3473 3625 3739 3681 suavitate

2152 3724 2409 3789 odorum,
2450 3723 2517 3778 de
2557 3739 2808 3795 saporum
2843 3736 3167 3793 eorumque,
3197 3736 3334 3794 quae
3376 3730 3551 3776 tactus
3576 3720 3739 3775 attin-

2150 3817 2246 3888 git,
2270 3814 2722 3873 delectationibus
2745 3816 3148 3886 intelligendum
3173 3816 3427 3870 arbitror.
3451 3814 3605 3883 Quae
3623 3829 3738 3867 om-

2152 3909 2264 3974 nia,
2291 3911 2417 3963 dum
2450 3910 2749 3978 improvide
2768 3950 2783 3974 ,
2816 3910 2919 3964 1100
2943 3917 3027 3963 081
3052 3909 3255 3964 carnali
3292 3909 3584 3979 cupiditate
3610 3922 3740 3962 con-

2152 4002 2364 4071 cupita,
2403 4017 2499 4071 per
2536 4015 2856 4072 corporeum
2895 4014 3113 4055 sensum
3151 3998 3219 4053 ab
3260 3999 3438 4052 anima
3480 3999 3522 4030 ¹⁶
3559 3998 3735 4067 perci-

2151 4095 2400 4166 piuntur,
2436 4092 2777 4147 mortiferum
2812 4091 3117 4146 divinorum
3150 4091 3521 4143 mandatorum
3555 4096 3735 4143 trans-

2151 4182 2442 4257 gressionis
2462 4178 2702 4238 elliciunt
2724 4189 3012 4246 venenum,
3037 4179 3387 4247 omniumque
3416 4176 3734 4233 delictorqu

2152 4274 2356 4332 semina
2388 4276 2654 4331 nutriunt.
2684 4275 2751 4329 Et
2781 4275 2882 4329 hoc
2913 4281 3029 4339 est,
3054 4271 3196 4342 quod
3228 4271 3475 4342 superius
3499 4269 3736 4326 insinuat

2152 4368 2455 4439 Scriptura,
2483 4366 2569 4422 tibi
2603 4367 2677 4422 ait
2707 4384 2720 4421 :
2766 4361 2902 4419 Vidit
2932 4366 3093 4436 igitur
3123 4354 3343 4426 mulier,
3371 4360 3509 4433 quod
3545 4360 3736 4415 bonum

2150 4468 2277 4513 esset
2305 4456 2503 4529 lignum
2526 4458 2595 4511 ad
2622 4452 2949 4519 vescendum,
2976 4463 3024 4508 et
3050 4450 3326 4524 pulchrum
3359 4450 3543 4515 oculis,
3582 4466 3733 4520 aspe-

461 4553 560 4622 ipsi
593 4553 797 4609 eisdem
825 4554 1130 4625 deceptoris
1168 4521 1709 4626 insidiisvcapiantur,
1741 4554 2043 4626 propalare.
2078 4521 2123 4581 υ
2150 4561 2336 4621 cluque
2374 4547 2706 4613 delectabile,
2746 4556 2794 4600 et
2829 4544 2948 4599 tulit
2987 4544 3052 4600 de
3093 4542 3269 4614 fructu
3306 4540 3448 4596 illius
3492 4541 3534 4573 "
3568 4549 3614 4594 et
3653 4556 3737 4594 co-

456 4640 525 4696 Et
556 4653 611 4698 tu
642 4640 973 4705 insidiaberis
996 4645 1243 4700 calcaneo
1267 4644 1400 4716 ejus.
1424 4645 1751 4703 Caleaneum
1779 4644 2048 4710 mulieris,

456 4750 596 4807 quae
615 4744 700 4793 est
719 4735 985 4805 αἴσθησις,
1002 4753 1184 4793 rerum
1208 4737 1539 4794 sensibilium
1561 4734 1879 4809 phantasiae
1899 4745 2047 4802 sunt,

457 4832 560 4887 hoc
588 4841 671 4889 est
700 4833 999 4904 imagines,
1032 4847 1174 4904 quae
1202 4832 1269 4887 de
1301 4833 1671 4902 corporalibus
1713 4828 1953 4885 numeris
1994 4830 2048 4887 in

402 4914 419 4982 ἶ
460 4922 894 4994 quinquepertito
945 4940 1108 4980 sensu
1135 4923 1531 4995 exprimuntur.
1563 4922 1640 4977 Ae
1673 4938 1771 4993 per
1804 4922 1907 4977 1100
1938 4918 2050 4977 001-

461 5028 686 5069 caneum
712 5010 841 5074 illud
870 5019 1370 5090 quinquepertitum
1399 5031 1522 5072 esse
1575 5030 1797 5070 necesse
1821 5025 1923 5071 est.
1954 5015 2049 5069 Di-

458 5102 666 5162 viditur
693 5111 833 5165 enim
864 5112 918 5167 in
949 5113 1189 5184 quinque
1216 5111 1500 5168 notissima
1529 5108 1793 5166 sentiendi
1819 5125 2047 5180 organa,

456 5198 640 5259 visum
662 5201 803 5271 dico,
837 5207 1104 5275 auditum,
1134 5205 1415 5269 olfactum,
1445 5209 1680 5275 gustum,
1716 5209 2049 5273 tactumque.

2150 4646 2327 4710 medit,
2360 4644 2603 4715 deditque
2629 4644 2739 4698 viro
2760 4657 2857 4696 suo
2881 4654 2899 4692 .'
2924 4638 3201 4694 mulierem
3232 4635 3479 4692 videlicet
3508 4635 3738 4706 ﬁgurate

2153 4732 2479 4791 exteriorem
2530 4748 2745 4788 sensum
2796 4728 3107 4801 appellans,
3168 4744 3347 4782 rerum
3401 4725 3735 4781 sensibilium

2156 4827 2455 4901 phantasiis
2489 4826 2811 4883 delectatmn
2852 4833 3015 4894 atquc
3055 4823 3368 4891 deceptum,
3412 4818 3512 4874 viri
3555 4828 3736 4873 autem

2155 4926 2514 4999 appellatione
2543 4924 2781 4979 animum
2814 4918 3153 4992 significans,
3196 4917 3286 4987 qui
3326 4915 3505 4970 sensui
3541 4930 3734 4983 corpo-

2156 5039 2250 5077 reo
2293 5021 2477 5076 illicite
2515 5015 2862 5073 consentiens
2900 5010 3295 5079 corrumpitur,
3336 5009 3436 5063 hoc
3472 5015 3582 5073 est,
3615 5020 3738 5061 con-

2156 5112 2505 5182 templatione
2534 5110 2757 5165 intimae
2782 5104 3026 5159 veritatis
3055 5107 3390 5170 segregatur.

2226 5204 2315 5259 25.
2352 5200 2563 5257 Mulieri
2602 5213 2806 5270 quoque
2843 5194 2977 5250 dixit
3015 5206 3033 5247 :
3063 5184 3425 5260 Multiplicabo
3456 5203 3736 5242 aerumnas

1747 5350 2005 5410 VARIAE
2040 5340 2446 5403 LECTIONES.

528 5473 551 5510 ί
587 5483 708 5530 sunt
735 5489 848 5532 om.
882 5473 992 5531 CF.
1083 5484 1106 5515 ³
1137 5474 1229 5531 Sic
1271 5472 1392 5537 CF;
1428 5470 1475 5525 Α
1518 5468 1719 5540 angelis
1757 5468 1892 5540 eius.

458 5544 480 5577 ⁸
518 5545 609 5602 Sic
647 5544 766 5613 CF;
798 5545 840 5600 Α
866 5562 1071 5601 sensus.

2006 5465 2028 5497 ⁸
2066 5464 2157 5521 Sic
2204 5460 2280 5523 A;
2306 5457 2406 5527 ,ΕΡ
2434 5456 2549 5527 Μί-

1168 5520 1475 5604 Vsic'dr'?
1519 5520 2509 5609 K’imprudentiumanimis‘dlﬂitndit.

2653 5455 2676 5486 δ
2715 5450 2807 5507 Sic
2842 5448 2918 5516 F;
2965 5447 3013 5501 Α
3060 5443 3323 5508 mulieres,
3361 5442 3734 5516 Crmuliernnt.

2610 5525 2635 5559 "
2660 5523 2753 5579 Slc
2786 5520 2871 5577 CF
2886 5512 2912 5587 ς’
2949 5518 2994 5574 Α
3026 5519 3339 5584 discerpens.
3416 5515 3437 5546 ⁸
3477 5513 3587 5587 Sie_
3608 5512 3733 5587 EE;

456 5615 500 5670 Α
518 5582 621 5671 UE.
645 5582 840 5672 2:53.".
866 5582 1128 5673 ἶωῆῖᾶοω
1151 5582 1415 5673 omni?
1436 5586 1479 5645 ιδ
2335 5600 2382 5656 Α
2408 5582 2463 5654 111
2493 5611 2769 5668 organum.
2846 5582 2899 5624 η’
2920 5590 3011 5647 Sic
3030 5588 3145 5654 CF;
3179 5582 3222 5641 Α
3291 5602 3388 5641 uae
3413 5584 3618 5667 proprie
3643 5582 3737 5635 tibi

459 5686 508 5715 :..
529 5619 733 5715 lidius.
831 5688 878 5715 n
901 5635 994 5715 agt-
1022 5688 1108 5715 nn
1127 5705 1141 5715 .
1184 5680 1209 5715 Δ
1249 5657 1391 5715 ξω..-
1489 5681 1537 5715 η
1567 5680 1658 5715 αξη
1676 5625 1862 5715 ρει-σι
1894 5672 2353 5715 Αεεηοκηιεηηίιηιι-
2436 5668 2482 5702 ¹⁸
2506 5666 2742 5715 mulieri!
2777 5660 3084 5715 calcamur
3118 5668 3230 5715 0m.
3253 5605 3328 5715 Ἃ.
3405 5646 3452 5690 ί.
3490 5654 3582 5712 Sic
3617 5650 3735 5715 CF;

457 5686 511 5758 in
529 5680 752 5744 'me'dils.
831 5688 878 5723 ⁸³
901 5680 997 5746 Sic
1022 5688 1143 5758 CF;
1175 5680 1221 5744 Α
1241 5680 1414 5758 iactu.

458 5755 506 5820 Α
534 5759 600 5818 ab
629 5761 824 5818 animo.
905 5758 947 5795 "
977 5758 1027 5819 Δ
1050 5754 1152 5816 illi.

1489 5660 2355 5760 dixidisputationibu't.
2436 5668 2482 5702 ¹⁸
2506 5660 2742 5724 mulieris
2777 5660 3084 5722 Calcariam
3118 5668 3230 5718 om.

3405 5646 3452 5690 (⁸
3490 5646 3582 5712 Sic
3617 5650 3735 5725 CF;
