4212 6272
515 311 621 370 355

1902 298 2186 358 JOANNIS
2225 297 2424 357 SCOTI
3702 298 3789 357 85l

517 436 633 481 tuas
680 434 731 482 et
767 434 1042 498 conceptus
1079 432 1240 490 tuos;
1288 424 1343 480 in
1390 422 1567 479 labore
1610 421 1782 495 paries
1813 419 1974 490 ﬁlios.
2006 419 2112 476 Ubi
2138 422 2191 482 Α
2215 418 2283 474 Et
2311 417 2469 476 alibi:
2517 417 2677 477 Video
2704 420 2869 476 aliam
2908 420 3071 493 legem
3098 421 3156 476 in
3195 420 3440 477 membris
3489 422 3618 478 meis
3646 440 3799 489 repit.

516 524 708 588 aperte
743 518 903 573 datur
930 516 1176 588 intelligi,
1206 517 1370 587 quod,
1422 515 1467 571 si
1493 516 1658 571 homo
1700 527 1804 569 non
1834 521 2108 585 peccaret,

518 619 626 661 non
654 605 825 662 solum
856 605 1099 661 interiori
1126 606 1425 671 intellectu,
1446 620 1634 660 verum
1656 604 1823 659 etiam
1852 602 2110 660 exteriori

519 712 681 753 sensu
708 704 930 753 naturas
975 711 1158 753 rerum
1202 706 1259 754 et
1300 699 1538 753 rationes
1586 712 1796 754 summa
1826 696 2109 763 facilitate,

517 790 663 845 omni
694 788 1124 845 ratiocinationis
1146 790 1474 845 necessitate
1496 789 1793 856 absolutus,
1822 789 2111 860 purissime

518 881 991 952 contemplaretur.
1022 880 1314 952 Postquam
1340 897 1469 937 vero
1496 882 1761 955 peccavit,
1784 899 1882 953 per
1904 897 2110 955 organa

518 972 802 1027 exterioris
827 986 1022 1027 sensus
1048 986 1155 1027 non
1182 972 1281 1028 nisi
1311 972 1456 1029 solas
1503 973 1838 1028 sensibilium
1884 971 2113 1045 superli-

519 1066 649 1130 cies,
683 1074 738 1121 et
782 1066 1131 1137 quantitates,
1163 1074 1217 1121 et
1238 1066 1551 1137 qualitates,
1597 1067 1732 1123 situs
1774 1083 2009 1138 quoque,
2056 1075 2113 1123 et

518 1160 884 1226 habitudines,
935 1168 1254 1231 ceteraque,
1290 1176 1430 1231 quae
1458 1175 1717 1232 corporeo
1766 1161 1947 1217 sensui
1989 1176 2114 1217 suc-

517 1254 801 1331 cumbunt,
835 1254 1048 1309 animus
1086 1253 1335 1325 percipit.
1368 1256 1436 1311 Et
1473 1257 1606 1311 haec
1639 1256 1819 1311 omnia
1866 1271 1973 1312 non
2014 1270 2114 1327 per

518 1344 695 1415 seipsa
744 1344 787 1410 ⁸,
833 1344 926 1399 sed
974 1358 1072 1416 per
1105 1359 1293 1399 eorum
1337 1345 1651 1416 phantasias
1701 1345 1940 1417 attingit,
1976 1360 2112 1415 quas

519 1444 974 1492 sccumtractans
1026 1452 1183 1493 suum
1206 1434 1465 1505 judicium
1492 1436 1806 1507 saepissime
1841 1435 2043 1491 fallitur
2066 1436 2110 1505 ',

518 1544 579 1582 ac
605 1542 702 1598 per
747 1528 849 1593 hoc
890 1541 998 1582 non
1020 1528 1149 1603 ‘sine
1191 1526 1577 1598 multiplicibus
1625 1527 1926 1583 studiorum
1963 1527 2113 1583 labo-

517 1621 686 1685 ribus,
729 1634 865 1690 quos
905 1634 1195 1674 aerumnas
1241 1619 1482 1675 mulieris
1509 1618 1792 1692 Scriptura
1844 1620 2108 1688 nominat,

515 1713 579 1767 ad
625 1711 950 1781 multiplices
998 1720 1310 1783 conceptus,
1356 1713 1407 1768 id
1456 1721 1559 1780 est,
1609 1713 1675 1769 ad
1738 1713 2112 1770 inehoationes

2208 523 2454 583 gnantem
2487 514 2588 586 legi
2626 515 2812 570 mentis
2843 531 3007 580 meae,
3039 525 3089 571 et
3116 517 3461 588 captivantem
3508 534 3590 573 me
3613 519 3671 572 in
3697 518 3807 590 lege

2208 605 2439 672 peccati.’
2470 603 2855 660 Animadverte
2880 605 3162 661 dissidium
3193 605 3327 678 legis
3364 607 3561 662 mentis
3590 616 3646 664 et
3672 608 3805 681 legis

2211 695 2444 752 carnalis
2465 711 2677 762 sensus,
2707 712 2846 768 quae
2879 698 3190 753 dominatur
3220 698 3275 752 in
3310 700 3571 755 membris
3615 717 3805 759 carna-

2210 788 2335 845 liter
2380 791 2699 857 viventium,
2731 798 2995 863 repugnat
3028 791 3301 848 mentibus
3347 793 3708 863 spiritualium
3750 797 3802 853 in

2210 881 2529 938 mortalibus
2551 883 2809 939 membris
2835 884 2900 937 ad
2924 884 3370 941 exercitationem
3393 886 3628 954 virtutis,
3659 889 3805 945 ideo-

2211 987 2318 1044 que
2359 972 2445 1028 lex
2474 973 2705 1044 peccati,
2737 972 2789 1027 id
2828 981 2933 1040 est,
2960 974 3196 1030 carnalis
3228 990 3420 1031 sensus
3457 976 3525 1031 ab
3550 976 3803 1048 Apostolo

2211 1064 2524 1119 nominatus
2553 1074 2654 1120 est.
2691 1063 2798 1120 Sed
2827 1066 2931 1120 hoc
2959 1065 3239 1120 dissidium
3265 1066 3663 1139 divortiumque
3689 1072 3801 1126 ani«

2212 1157 2285 1213 mi
2336 1165 2393 1212 et
2439 1171 2649 1223 sensus,
2687 1158 2903 1227 quando
2948 1157 3345 1212 restaurabitur
3397 1166 3588 1213 natura
3633 1170 3688 1215 et
3736 1162 3800 1217 ad

2212 1252 2515 1309 naturalem
2541 1238 2785 1308 ordinem
2813 1250 3175 1317 revocabitur,
3207 1251 3260 1306 in
3292 1267 3480 1322 pacem
3510 1254 3801 1323 spiritualis

2212 1344 2584 1414 naturalisque
2618 1342 2848 1415 coniugii
2876 1342 2899 1373 ⁹
2922 1351 3182 1410 vertetur,
3210 1345 3426 1414 quando
3454 1360 3650 1417 corpus
3678 1363 3802 1402 sen-

2214 1438 2318 1502 sui,
2346 1451 2537 1492 sensus
2558 1435 2759 1501 animo,
2783 1437 2996 1492 animus
3019 1436 3129 1492 Deo
3169 1436 3417 1493 subditus
3443 1446 3500 1495 et
3549 1439 3802 1497 obedicus

2214 1533 2336 1588 erit.
2389 1530 2504 1588 Hoc
2556 1532 2720 1586 etiam
2767 1531 3006 1602 apertius
3054 1530 3215 1587 datur
3256 1531 3414 1587 nobis
3459 1531 3702 1603 intelligi,
3758 1534 3801 1590 si

2217 1621 2568 1694 Septuaginta
2618 1623 2909 1679 editionem
2965 1623 3337 1679 intendamus:
3393 1621 3462 1678 Et
3516 1624 3587 1677 ad
3639 1625 3801 1679 virum

2216 1724 2366 1769 tuum
2396 1716 2660 1772 conversio
2700 1725 2825 1793 tua,
2847 1724 2895 1771 et
2921 1715 3028 1786 ipse
3072 1715 3150 1769 tui
3191 1715 3570 1770 dominabitur.
3601 1714 3801 1783 Quibus

515 1802 930 1873 intelligibilium
962 1818 1144 1859 rerum
1175 1803 1586 1876 intelligentiae,
1630 1813 1790 1876 atque
1819 1805 1979 1872 illius,
2008 1804 2111 1860 hoc
2138 1816 2188 1878 Β
2212 1805 2398 1863 verbis
2427 1806 2763 1876 apertissime
2809 1805 3124 1877 intelligitur
3152 1806 3359 1863 reditus
3400 1805 3671 1863 humanae
3708 1822 3801 1861 na-

513 1904 594 1949 est
642 1904 819 1950 rectas
854 1896 1113 1962 rationes,
1165 1897 1232 1953 dc
1285 1906 1477 1952 natura
1517 1913 1700 1953 rerum
1746 1900 2110 1969 procreandos

512 2000 611 2053 per
638 1987 867 2041 eundem
900 2002 1116 2043 sensum
1144 1997 1323 2058 potest
1352 1990 1652 2059 pervenire.
1686 1989 1981 2061 Propterea
2013 2006 2108 2045 au-

516 2082 622 2129 tem
669 2091 995 2145 aerumnas,
1042 2086 1096 2132 et
1143 2089 1471 2149 conceptus,
1506 2081 1789 2151 “ﬁliosque
1846 2081 2108 2138 exteriori

513 2168 691 2223 sensui
746 2169 926 2223 divina
984 2170 1207 2240 deputat
1254 2173 1574 2236 auctoritas,
1642 2175 1898 2243 quoniam
1944 2190 2108 2232 omne

511 2262 747 2318 stmlium
776 2263 1093 2332 sapientiae,
1122 2265 1405 2337 omnisque
1442 2266 1972 2338 mentichonceptio,
2001 2283 2105 2338 pu-

511 2373 678 2428 raque
720 2358 964 2415 veritatis
993 2359 1229 2430 cognitio
1278 2374 1307 2413 a
1357 2360 1603 2416 sensibus
1630 2361 1877 2431 corporis
1922 2360 2106 2432 auspi-

510 2451 651 2505 cium
700 2459 939 2516 sumunt,
978 2452 1047 2508 ab
1093 2451 1438 2507 inferioribus
1466 2453 1532 2507 ad
1578 2455 1879 2525 superiora,
1911 2462 1964 2510 et
1992 2455 2057 2511 ab
2084 2454 2106 2487 ³

508 2544 867 2602 exterioribus
914 2545 980 2599 ad
1033 2545 1286 2600 interiora
1342 2548 1551 2602 ratione
1596 2549 1863 2618 gradatim
1918 2564 2106 2605 ascen-

508 2634 688 2689 dente.
722 2630 790 2685 Et
830 2634 923 2688 sub
959 2635 1056 2688 viri
1073 2644 1325 2707 potestate
1360 2637 1482 2701 eris,
1525 2649 1575 2692 et
1596 2639 1706 2708 ipse
1746 2638 2106 2693 dominabitur

509 2725 609 2779 tui.
642 2723 698 2778 ln
739 2724 843 2780 hoc
868 2724 988 2781 loco
1024 2726 1286 2781 naturalis
1325 2727 1530 2782 ordinis
1577 2728 1847 2784 lmmanae
1877 2738 2105 2786 naturae

507 2816 776 2872 restitutio
822 2816 1004 2873 divina
1045 2833 1177 2874 voce
1227 2821 1585 2889 promittitur,
1633 2822 1772 2877 etin
1819 2824 2103 2895 antiquum

509 2916 707 2964 statum
727 2909 1053 2966 conditionis
1078 2913 1339 2968 reversio.
1372 2912 1518 2970 Ordo
1546 2913 1811 2985 siquidem
1839 2917 2105 2973 naturalis

508 3010 681 3068 esset,
730 3002 775 3057 si
824 3002 1036 3059 animus
1088 3004 1169 3059 sui
1226 3003 1501 3061 Creatoris
1557 3008 1807 3077 potestati
1861 2998 2107 3065 subditus

511 3100 675 3163 atque
700 3093 959 3150 obediens
986 3110 1199 3167 semper
1227 3096 1276 3152 ei
1320 3096 1343 3129 ‘
1369 3098 1720 3154 adhaereret:
1763 3099 1957 3155 deinde
1983 3116 2103 3157 sen-

2216 1906 2372 1954 turae
2403 1898 2457 1953 in
2487 1899 2772 1970 pristinum
2798 1898 3064 1954 ordinem.

2281 1989 2375 2045 26.
2406 1989 2557 2056 Quod
2603 1998 2783 2044 autem
2812 1989 2933 2045 viro
2978 1990 3178 2046 dictum
3208 1998 3322 2045 est:
3357 1988 3641 2046 Maledicta
3665 2001 3801 2046 terra

2213 2080 2268 2135 in
2303 2095 2455 2151 opere
2484 2088 2599 2146 tuo,
2644 2088 2699 2136 et
2728 2090 2941 2146 cetera,
2973 2094 3114 2151 quae
3141 2081 3241 2135 sub
3271 2079 3445 2135 forma
3468 2068 3800 2137 maledictio;

2213 2170 2299 2226 nis
2323 2171 2575 2228 videntur
2615 2172 3001 2241 esse,scripta,
3035 2186 3141 2227 non
3170 2171 3328 2226 facile
3371 2179 3576 2242 patent,
3620 2171 3796 2241 qualis

2214 2261 2285 2316 sit
2313 2260 2401 2315 illa
2425 2269 2589 2328 terra,
2620 2262 2707 2316 cui
2749 2262 2948 2316 merito
2994 2261 3470 2333 praevaricationis
3491 2262 3679 2327 animi,
3701 2262 3797 2332 qui

2212 2361 2297 2409 est
2325 2354 2406 2407 vir
2426 2353 2697 2410 humanae
2741 2363 2989 2422 naturae,
3039 2355 3398 2420 maledicitur,
3429 2362 3481 2410 et
3534 2355 3709 2425 qualis
3732 2356 3803 2412 sit

2212 2448 2301 2505 illa
2323 2448 2651 2516 maledictio,
2688 2458 2870 2505 utrum
2913 2450 3299 2524 indignationis
3318 2449 3581 2506 severitas
3604 2451 3695 2516 sit,
3735 2466 3799 2505 an

2213 2540 2477 2611 quaedam
2503 2541 2730 2614 mystica
2749 2540 3073 2612 obiurgatio,
3092 2549 3145 2597 et
3168 2556 3267 2596 cur
3292 2556 3398 2596 non
3428 2542 3544 2611 ipse
3570 2541 3795 2608 animus,

2210 2633 2302 2705 qui
2353 2648 2542 2688 vocem
2595 2634 2839 2690 mulieris
2887 2633 3134 2701 audiens,
3188 2635 3524 2705 vetitumque
3569 2634 3796 2691 fructum

2210 2725 2501 2782 comedens
2530 2726 2795 2797 peccavit,
2834 2726 3181 2782 maledictum
3214 2727 3488 2793 sustinuit,
3519 2734 3573 2782 et
3594 2727 3646 2782 in
3675 2727 3796 2798 qui-

2208 2817 2311 2874 bus
2354 2818 2635 2874 laboribus
2683 2819 2919 2875 comedit
2961 2819 3301 2875 maledictam
3350 2830 3571 2885 terram,
3617 2827 3672 2875 ct
3702 2822 3796 2891 qui

2210 2919 2335 2966 sunt
2364 2909 2481 2966 dies
2524 2911 2667 2966 vitae
2696 2911 2883 2979 animi,
2922 2911 3218 2983 qualesque
3266 2913 3449 2983 spinas
3492 2920 3548 2968 et
3579 2912 3798 2969 tribulos

2210 3001 2475 3070 germinet
2498 3010 2644 3058 terra
2674 3001 2762 3057 illa
2793 3001 2855 3066 “,
2890 3019 3135 3074 quasque
3171 3003 3521 3075 herbasvejus
3546 3005 3795 3068 comedit,

2210 3093 2331 3164 quis
2353 3094 2538 3159 sudor,
2566 3094 2688 3165 quis
2715 3086 2916 3160 vultus,
2948 3095 3124 3165 qualis
3158 3095 3362 3151 reditus
3417 3094 3579 3150 animi
3610 3095 3660 3150 in
3695 3104 3799 3151 ter-

510 3201 604 3242 sus
629 3195 950 3257 polestatem
982 3196 1279 3260 nutumque
1319 3190 1485 3245 animi
1512 3189 1742 3246 libenter
1762 3202 2103 3262 sequeretur,
2132 3176 2179 3240 C
2200 3170 2348 3253 ram,
2379 3188 2445 3242 de
2473 3200 2577 3256 qua
2602 3193 2849 3256 sumptus
2874 3195 2979 3249 est.
3005 3186 3127 3256 quis
3160 3186 3353 3256 pulvis.
3379 3172 3523 3242 Haec
3550 3186 3729 3242 omnia
3753 3185 3796 3242 si

511 3294 710 3349 corpus
751 3289 931 3336 autem
970 3280 1151 3336 sensui
1185 3284 1582 3338 succumberet.
1615 3282 1706 3338 Sic
1745 3298 1980 3353 namque
2002 3299 2107 3353 pax

508 3379 565 3426 et
611 3370 896 3427 harmonia
946 3372 1116 3442 ipsius
1155 3380 1439 3429 creaturae
1487 3382 1543 3429 et
1581 3375 1635 3428 in
1668 3375 1843 3443 seipsa
1892 3383 1947 3430 et
1983 3391 2105 3431 cum

510 3460 767 3518 Creatore
803 3478 901 3518 suo
930 3461 1102 3517 ﬁeret.
1132 3461 1252 3518 Jam
1280 3479 1414 3519 vero
1443 3473 1567 3536 post
1614 3465 2105 3535 transgressionem

509 3556 675 3612 divini
721 3557 961 3610 mandati
1005 3556 1126 3612 talis
1173 3557 1328 3622 ordo,
1378 3557 1444 3612 ad
1485 3573 1645 3628 quem
1676 3561 2103 3616 conservandum

509 3636 728 3703 creatus
750 3655 832 3702 est
854 3645 1040 3713 homo,
1073 3645 1300 3717 talisque
1321 3662 1426 3718 pax
1452 3656 1508 3703 et
1532 3648 1712 3704 unitas
1738 3647 2014 3705 Creatoris
2048 3659 2104 3706 et

511 3748 795 3796 creaturae
825 3740 1177 3810 perturbatus
1204 3747 1288 3795 est
1322 3739 1345 3772 '
1371 3756 1386 3794 :
1416 3740 1581 3796 homo
1603 3741 1866 3812 siquidem
1916 3750 2108 3814 sponte

510 3830 629 3891 sua,
686 3826 833 3882 nulla
889 3828 1174 3883 occasione
1223 3837 1469 3901 cogente,
1532 3845 1713 3885 rerum
1764 3830 2101 3893 sensibilium

512 3934 698 3977 amore
727 3930 1044 4007 corruptus,
1086 3922 1257 3977 Deum
1303 3938 1459 3979 suum
1487 3923 1763 3992 deseruit;
1788 3926 1873 3981 cui
1905 3928 2107 3983 adhae-

509 4034 629 4075 rere
657 4017 831 4076 solum
856 4019 1055 4075 bonum
1084 4027 1169 4074 est
1207 4028 1428 4075 nostrae
1467 4020 1808 4077 substitionis
1833 4020 1854 4050 ⁸
1901 4029 1956 4078 et
1993 4038 2101 4078 non

507 4112 674 4171 aliud.
740 4114 973 4187 ideoque
1020 4112 1163 4171 Deus
1213 4113 1525 4185 superbiam
1571 4113 1841 4170 humanae
1874 4123 2104 4172 naturae

490 4222 765 4279 spernere
810 4208 833 4242 ⁷
868 4208 1072 4273 volens,
1126 4208 1359 4280 propriis
1398 4209 1511 4265 suis
1542 4208 2005 4267 irrationabilibus
2034 4211 2100 4267 li-

508 4299 741 4370 bitisque
795 4299 1032 4356 motibus
1083 4299 1357 4354 hominem
1409 4298 1658 4369 permisit
1702 4298 1885 4367 abuti,
1931 4309 1994 4355 ut
2046 4302 2103 4358 in

506 4390 683 4461 seipso
726 4391 1000 4460 probaret,
1051 4390 1180 4461 quid
1218 4390 1301 4446 sui
1360 4389 1669 4445 Conditoris
1717 4391 1890 4463 gratia
1940 4392 2103 4448 meri-

508 4490 725 4553 tumque
775 4482 1134 4548 obedientiae,
1165 4491 1220 4537 et
1256 4482 1385 4553 quid
1430 4482 1818 4539 irrationabilis
1869 4495 2048 4541 motus
2076 4487 2098 4518 ⁸

503 4573 841 4642 superbaque
882 4571 1121 4627 mandati
1161 4574 1518 4644 transgressio
1544 4575 1649 4631 sibi
1698 4573 1988 4632 conferret.
2021 4576 2101 4634 Ac

505 4663 737 4733 per.hoc
765 4659 927 4717 veluti
955 4662 1245 4718 divortium
1284 4667 1554 4735 quoddam
1578 4669 1747 4726 maris
1782 4677 1839 4727 et
1864 4669 2099 4730 feminae

504 4754 895 4821 snbsequutum
918 4760 1003 4809 est
1030 4752 1171 4808 inter
1196 4754 1437 4812 animum
1458 4769 1510 4813 et
1537 4775 1787 4827 sensum;
1816 4779 1920 4818 non
1953 4765 2097 4820 enim

505 4840 845 4911 obtemperat
868 4856 1059 4898 sensus
1086 4856 1379 4913 corporeus
1400 4846 1734 4915 jussionibus
1765 4852 1926 4907 animi
1942 4852 2096 4922 juxta

505 4933 651 5002 leges
708 4942 951 4992 naturae.
1015 4934 1170 5004 Quod
1234 4934 1520 4995 divortium
1570 4942 1857 5013 Apostolus
1912 4957 2100 5019 aperte

508 5027 836 5099 pulchreque
860 5030 1148 5102 expressit,
1179 5030 1401 5087 dicens:
1441 5030 1618 5091 Mente
1640 5037 1808 5092 servio
1837 5036 1937 5111 legi
1975 5039 2097 5109 Dei,

506 5140 667 5180 carne
700 5133 872 5181 autem
901 5124 1003 5198 legi
1034 5127 1254 5198 peccati,
1293 5141 1513 5183 carnem
1539 5128 1789 5189 videlicet
1817 5135 2096 5191 carnalem

507 5230 725 5271 sensum
754 5216 1049 5288 appellans,
1101 5218 1191 5288 qui
1224 5204 1633 5279 rationabilibus
1658 5224 1823 5280 animi
1864 5226 2100 5282 motibus

502 5307 669 5366 etiam
712 5306 768 5363 in
813 5310 914 5377 his,
949 5311 1042 5383 qui
1068 5309 1293 5382 perfecti
1341 5320 1486 5382 sunt,
1515 5314 1830 5375 inobediens
1867 5318 2096 5376 resistit.

2211 3278 2505 3334 secundum
2530 3276 2836 3345 historiam,
2874 3278 2977 3334 hoc
3005 3286 3110 3343 est,
3139 3279 3434 3334 secundum
3472 3294 3657 3335 rerum
3682 3294 3798 3334 sen-

2209 3373 2468 3439 sibilium,
2517 3387 2656 3443 quae
2683 3372 2735 3427 in
2765 3373 2869 3429 hac
2900 3386 2961 3429 ac
2991 3372 3032 3404 “
3077 3373 3143 3429 de
3187 3371 3289 3428 hac
3315 3382 3458 3428 terra
3493 3373 3796 3428 hominibus

2207 3465 2485 3521 habitabili
2523 3466 2678 3530 llunt,
2719 3465 3072 3537 accipiantur,
3105 3464 3246 3521 sicut
3276 3464 3459 3520 multis
3489 3464 3797 3520 auctoribus

2206 3557 2429 3630 placuit,
2461 3566 2555 3613 aut
2579 3557 2803 3622 nullam,
2834 3566 2929 3613 aut
2956 3558 3282 3614 levissimam
3314 3559 3687 3629 quaestionem
3721 3558 3795 3629 gi-

2208 3659 2408 3724 gnunt;
2429 3650 2513 3706 sin
2528 3665 2657 3705 vero
2672 3650 2725 3705 in
2752 3650 2867 3720 ipsa
2883 3641 3117 3705 humana
3141 3657 3354 3715 natura,
3375 3650 3791 3714 sicutetcetera,

2206 3761 2346 3817 quae
2368 3745 2435 3801 de
2457 3745 2709 3815 paradiso
2731 3746 3009 3819 praedicta
3035 3755 3184 3812 sunt,
3208 3744 3576 3816 intelligantur
3598 3745 3661 3810 ³⁸,
3689 3759 3792 3799 non

2205 3851 2370 3907 parva
2392 3836 2635 3908 indigent
2662 3836 3023 3908 indagatione.
3057 3837 3210 3905 Quod
3234 3846 3411 3891 autem
3435 3836 3793 3893 etsecundum

2204 3945 2387 3987 rerum
2416 3929 2685 3987 factarum
2718 3932 3111 4002 proprietatem
3148 3929 3508 4001 accipiuntur,
3534 3938 3591 3984 et
3614 3938 3791 3984 tamen

2203 4023 2577 4096 propheticum
2607 4023 2854 4095 ﬂagitant
2891 4023 3268 4087 intentionem,
3301 4030 3522 4078 sanctus
3544 4019 3793 4090 Augusti-

2205 4132 2309 4172 nus
2351 4117 2404 4170 in
2431 4117 2717 4173 undecimo
2748 4116 2999 4173 Excmeri
3056 4116 3139 4172 sui
3179 4121 3409 4172 testatur
3448 4116 3531 4169 his
3578 4113 3790 4168 verbis:

2204 4209 2345 4277 Quia
2379 4210 2577 4265 audisti
2612 4227 2785 4265 vocem
2823 4210 3060 4266 mulieris
3095 4219 3236 4275 tuae,
3266 4220 3313 4264 et
3348 4209 3500 4263 edisti
3520 4207 3587 4263 de
3621 4207 3791 4277 ligno,

2204 4300 2268 4354 de
2279 4317 2381 4371 quo
2392 4317 2755 4372 praeceperam
2779 4301 2891 4367 tibi,
2911 4300 2974 4354 de
2988 4317 3047 4355 eo
3069 4298 3180 4354 solo
3195 4314 3298 4353 non
3318 4298 3488 4363 edere,
3518 4295 3793 4350 maledicta

2205 4393 2421 4449 terrain
2443 4393 2683 4464 operibus
2706 4395 2829 4448 tuis.
2854 4392 2922 4447 In
2943 4391 3166 4447 tristitiis
3179 4392 3295 4445 edes
3319 4389 3465 4444 illaut
3492 4404 3669 4443 omnes
3687 4387 3793 4441 dies

2203 4487 2338 4542 vitae
2363 4496 2484 4541 tuae
2512 4501 2530 4540 :
2560 4488 2738 4557 spinas
2760 4485 2835 4542 vel
2853 4485 3128 4540 “tribulos
3160 4485 3272 4540 edet
3308 4482 3417 4537 tibi.
3451 4482 3520 4536 Et
3547 4481 3666 4536 edes
3692 4480 3795 4547 foe-

2207 4596 2331 4634 num
2357 4580 2493 4650 agri,
2520 4580 2573 4633 in
2601 4578 2794 4634 sudore
2828 4578 2985 4649 faciei
3012 4587 3133 4631 tuae
3159 4574 3276 4630 edes
3300 4590 3488 4644 panem
3512 4582 3681 4637 tuum,
3705 4570 3796 4625 do-

2205 4685 2298 4725 nec
2326 4670 2643 4724 converteris
2688 4671 2744 4723 in
2788 4678 3005 4733 terram,
3044 4683 3107 4722 ex
3132 4683 3237 4739 qua
3265 4674 3499 4736 sumptus
3522 4671 3595 4719 est
3627 4677 3647 4716 :
3670 4662 3794 4732 quia
3834 4717 3841 4726 ,

2207 4772 2348 4818 terra
2371 4778 2423 4817 es
2450 4770 2497 4816 et
2524 4761 2579 4816 in
2601 4770 2791 4815 terrain
2820 4760 2940 4814 ibis.
2990 4758 3106 4813 Hoc
3125 4799 3138 4825 ,
3171 4758 3337 4828 inquit
3365 4797 3381 4823 ,
3404 4771 3514 4810 esse
3564 4754 3619 4807 in
3648 4762 3789 4806 terra

2204 4854 2407 4911 labores
2433 4857 2650 4911 humani
2675 4855 2900 4929 generis,
2920 4855 3036 4925 quis
3058 4851 3306 4924 ignorat?
3341 4848 3409 4906 Et
3432 4849 3554 4921 quia
3580 4862 3685 4900 non
3710 4862 3793 4901 es-

2203 4957 2337 5016 sent,
2364 4949 2408 5003 si
2430 4948 2677 5018 felicitas,
2722 4965 2856 5019 quae
2895 4948 2951 5003 in
2987 4948 3236 5018 paradiso
3276 4947 3462 5018 fuerat,
3508 4950 3793 5008 teneretur,

2206 5060 2309 5098 non
2330 5050 2405 5096 est
2427 5042 2603 5113 utique
2631 5041 2997 5096 dubitandum.
3040 5042 3114 5095 Ac
3159 5057 3252 5112 per
3286 5040 3380 5093 hoc
3404 5038 3562 5094 etiam
3586 5035 3795 5107 proprie

2202 5133 2357 5190 verba
2379 5132 2506 5186 haec
2530 5132 2772 5203 primitus
2803 5131 3037 5202 accipere
3064 5148 3167 5185 non
3190 5132 3399 5203 pigeat;
3439 5127 3694 5184 servanda
3721 5135 3797 5179 ta-

2200 5242 2320 5281 men
2362 5234 2438 5287 est
2482 5234 2529 5280 et
2572 5224 2895 5296 expectanda
2927 5224 3246 5296 signiﬁcatio
3291 5224 3615 5295 prophetiae,
3640 5234 3795 5292 nam

2200 5316 2430 5373 maxime
2454 5317 2537 5373 hic
2577 5318 2813 5373 intuetur
2840 5315 2938 5373 Dei
2972 5315 3231 5389 loquentis
3273 5316 3513 5373 intentio.
3542 5313 3794 5378 Videsne,

1820 5496 2081 5554 VARIAE
2116 5497 2522 5561 LECTIONES.

575 5638 594 5671 ⁸
625 5636 716 5692 Sic
743 5632 860 5702 CF;
894 5636 939 5691 Α

499 5704 525 5739 ⁸
559 5704 655 5758 Sic
681 5704 800 5767 CF;
829 5707 875 5759 Α
906 5707 1107 5758 bonum
1134 5704 1219 5760 est
1248 5707 1510 5763 humanae
1553 5704 1795 5765 naturae.

985 5648 1086 5755 r[aer
1132 5638 1381 5708 seipsum.
1458 5639 1479 5671 ¹
1509 5638 1555 5694 Α
1606 5636 1767 5709 fallit.
1847 5638 1956 5694 'ab
1987 5655 2098 5723 om.
2154 5641 2262 5698 CF.
2335 5642 2359 5676 ‘
2407 5642 2812 5714 sempereiom.

1037 5719 1107 5757 Im
1134 5717 1219 5760 est
1248 5707 1510 5781 humanae
1553 5719 1795 5781 naturae.
1899 5711 1920 5744 "
1951 5710 2044 5768 Sic
2085 5711 2206 5781 CF;
2247 5715 2290 5768 A
2319 5715 2665 5769 substernere.
2767 5713 2792 5747 ⁸
2821 5711 2909 5767 Stc

2991 5641 3015 5674 ⁸
3051 5640 3144 5698 Sic
3191 5638 3317 5707 CF;
3348 5639 3395 5695 Α
3439 5638 3799 5707 perturbatur.

2767 5713 2792 5747 ⁸
2821 5711 2912 5767 Sic
2940 5710 3057 5779 CF;
3089 5712 3135 5767 A
3164 5708 3618 5767 irrationabilibus
3645 5708 3805 5762 moti-

506 5770 627 5826 bus.
700 5771 724 5803 ⁹
760 5772 808 5825 Δ
830 5774 885 5829 lu
908 5788 1038 5857 pace
1061 5786 1109 5830 Β.
1149 5790 1205 5831 n.
1242 5777 1563 5847 coniugium.
1644 5780 1687 5812 ‘°
1719 5780 1813 5837 illa
1843 5797 1952 5838 om.
1979 5783 2071 5859 Aa
2127 5786 2171 5823 “
2193 5770 2313 5841 'Sic
2337 5783 2457 5853 CF;
2498 5784 2543 5841 Α
2578 5793 2650 5841 et.
2726 5782 2769 5816 “
2801 5782 2894 5841 Sic
2914 5770 3110 5851 CF;'A
3139 5782 3499 5855 intelligenda.
3574 5780 3621 5812 “
3658 5779 3798 5835 Art.
