4212 6272
458 535 558 592 857

1287 507 1377 563 DE
1418 497 1757 563 umsrous
1793 446 2147 550 unum
2186 515 2256 528 —
2289 479 2492 539 LIBER
2526 469 2886 546 QUARTUS.

3629 453 3737 513 858

458 571 552 592 υυι

458 636 908 717 quemadmodum
948 631 965 662 ι
1009 627 1195 701 jubet,
1237 621 1385 676 hunc
1431 615 1607 670 locum
1658 622 1849 666 sacrae
1898 604 2041 661 Scri-
2068 607 2118 668 Α
2143 597 2399 654 theoriam
2425 589 2627 657 eorum,
2650 604 2785 661 quae
2806 585 2948 656 facta
2976 571 3540 645 sunt,scientia,panis
3560 578 3738 625 autem

1128 714 1143 717 _
1486 704 1498 717 .
1543 703 1592 717 ..
1626 701 1687 717 σγ
1715 701 1729 717 .
1784 696 1902 717 ---ελ
1935 693 2045 717 -.--ι.
2148 705 2267 717 ..-η
2296 689 2339 717 io
2370 684 2653 717 unum...“
2703 675 3017 717 thonlnninm
3052 671 3419 717 musteriorum
3475 662 3737 717 doctrina.

460 693 976 808 proprie
1009 693 1073 775 et
1116 714 1344 786 ﬁgurate
1387 703 1592 808 accipi?
1777 696 1906 768 quid
1935 693 2050 749 vult

462 791 552 883 illa
596 791 776 893 ﬁgura
798 791 1135 887 prophetica,
1169 804 1226 858 in
1255 796 1505 868 praelato
1527 808 1628 850 suo
1650 791 1790 847 libro
1815 801 1922 843 non
1952 799 2051 840 ex-

693 878 816 968 Sed-
835 908 881 964 si
901 878 1255 975 explanaret,
1277 889 1528 951 fortassis
1564 883 1723 941 nobis
1760 878 2048 943 suﬁiceret,

461 972 563 1068 iriec
608 1007 771 1062 aliam
811 972 1207 1070 expositionem
1256 992 1662 1057 quaereremus.
1709 972 1826 1030 Non
1870 976 2051 1025 autem

461 1058 738 1171 aptabat.
762 1058 1105 1161 Quaeramus
1130 1080 1294 1152 igitur
1322 1072 1583 1135 breviter,
1609 1067 1723 1123 Deo
1743 1064 1899 1127 duce,
1920 1058 2053 1130 quid

465 1154 572 1252 diui
598 1154 810 1246 volun;
829 1182 958 1238 talia
995 1174 1160 1234 divini
1194 1167 1393 1240 eloquii
1423 1164 1608 1221 verba.
1640 1160 1785 1215 DISC.
1813 1154 2053 1223 Quaera-

469 1300 622 1350 mus;
652 1296 762 1337 non
794 1276 941 1333 enim
970 1273 1172 1327 intacta
1198 1254 1679 1336 praetermittenda
1724 1258 1868 1309 sunt.

474 1337 685 1433 Sutiieit
708 1372 754 1438 ',
786 1378 849 1424 ut
877 1363 1132 1426 arbitror,
1164 1357 1233 1412 de
1260 1353 1456 1410 talibus
1481 1344 1884 1418 responsionem
1913 1337 2059 1395 beati

474 1467 691 1524 Maximi
716 1456 969 1518 monachi
990 1465 1208 1526 ponere.
1233 1446 1341 1503 Sed
1364 1453 1428 1503 ut
1450 1441 1689 1514 apertius
1709 1440 1826 1508 ipsa
1845 1447 2062 1526 respon-

472 1562 555 1616 sio
589 1554 826 1628 poteﬁat,
871 1524 1114 1620 ejusdem
1152 1536 1454 1598 sciscitatio
1481 1528 1862 1605 praeponenda
1908 1524 1930 1556 ³
1955 1532 2059 1580 est.

471 1616 618 1708 Disd.
664 1646 835 1702 Aliter
880 1616 994 1696 ﬁeri
1048 1650 1155 1691 non
1197 1637 1432 1703 oportet.
1473 1625 1613 1682 MAG.
1656 1619 1918 1690 Proponit
1957 1616 2064 1672 ita-

470 1755 577 1813 que
615 1739 670 1794 in
722 1735 913 1806 quinto
970 1725 1314 1785 Seiioliorum
1356 1719 1377 1750 ⁸
1424 1714 1661 1787 capitulo
1697 1712 1813 1813 lboc
1850 1713 2007 1781 pacto
2046 1721 2061 1760 :

473 1801 623 1898 éuae
676 1801 758 1883 sit
793 1820 1076 1877 maledicta
1127 1824 1267 1870 terra
1310 1812 1366 1865 in
1398 1805 1648 1880 ,operibus
1678 1801 1848 1855 Adam
1880 1812 2066 1853 secun-

472 1890 599 1980 dum
630 1933 920 1989 anagogen,
960 1922 1010 1968 et
1043 1907 1168 1981 quid
1199 1907 1258 1960 in
1297 1900 1522 1957 tristitiis
1553 1911 1669 1952 eam
1711 1890 1998 1955 comedere,
2019 1894 2068 1941 et

1911 1247 2054 1303 Mtte.

2148 705 2269 746 vera
2296 689 2339 720 ¹⁰
2367 684 2654 743 secundum
2702 675 3017 747 theologiam
3052 671 3419 742 mysteriorum
3475 662 3749 717 doctrina;

2148 780 2420 835 Hactenus
2463 773 2732 830 Maximus
2774 769 2839 821 “.
2886 764 3138 822 Arbitror
3185 767 3390 822 autem,
3442 752 3558 810 dies
3595 748 3743 805 vitae

2152 871 2339 935 animi,
2370 868 2567 940 quibus
2595 866 2796 920 terram
2827 858 3007 916 cordis
3050 853 3132 910 sui
3180 846 3461 921 purgando
3502 843 3737 905 laborat,

2111 969 2117 974 ’
2150 980 2259 1021 non
2287 964 2390 1019 hos
2416 952 2783 1021 solummodo,
2795 951 2989 1024 quibus
3012 942 3316 1020 praesentis
3336 940 3479 994 vitae
3501 944 3745 1006 tempora

2152 1057 2464 1121 volvuntur,
2510 1063 2816 1122 corpusque
2863 1046 2931 1102 ab
2983 1043 3165 1098 anima
3201 1042 3510 1108 vegetatur,
3552 1040 3751 1085 verum

2155 1149 2319 1204 etiam
2350 1155 2407 1203 et
2436 1119 2566 1199 illud
2591 1119 2826 1221 spatium
2874 1132 3195 1205 temporale,
3224 1119 3575 1201 quo.animae
3603 1121 3753 1192 regis

2157 1256 2282 1298 men
2309 1237 2556 1310 corporis
2586 1220 2901 1291 deserentes
2935 1230 2989 1285 in
3013 1227 3118 1281 alia
3161 1224 3292 1289 vita,
3323 1220 3497 1275 donec
3522 1229 3748 1285 corpora

2160 1348 2259 1390 sua
2286 1329 2571 1400 recipiant,
2617 1332 2921 1388 morantur,
2960 1316 3290 1390 signiﬁcare.
3316 1311 3452 1368 Nam
3485 1317 3541 1365 et
3564 1300 3619 1363 in
3648 1307 3751 1361 hac

2161 1425 2293 1491 vita,
2317 1398 2424 1493 qua
2447 1416 2607 1477 simul
2631 1430 2828 1486 corpus
2858 1421 2915 1469 et
2935 1408 3125 1466 anima
3151 1408 3387 1477 degunt,
3417 1410 3472 1459 et
3498 1401 3550 1456 in
3579 1398 3751 1455 altera

2164 1525 2288 1590 post
2313 1521 2543 1570 mortem
2565 1508 2829 1579 corporis,
2858 1507 2963 1561 hoc
2983 1514 3068 1561 est
3087 1501 3412 1559 solutionem
3457 1496 3599 1568 ejus,
3631 1493 3754 1547 red-

2166 1586 2409 1677 itumque
2446 1605 2501 1660 in
2528 1609 2787 1674 quattuor
2814 1597 3001 1654 mundi
3029 1594 3315 1658 elementa,
3345 1606 3413 1646 ex
3456 1586 3652 1658 quibus
3674 1591 3758 1640 est

2167 1675 2456 1755 collectum
2482 1702 2647 1763 atque
2666 1688 3039 1761 compositum,
3069 1698 3240 1754 usque
3268 1682 3335 1737 ad
3358 1680 3520 1735 ﬁnem
3546 1675 3757 1743 mundi,

2168 1798 2581 1860 corporumque,
2610 1781 3087 1844 resurrectionem,
3120 1776 3373 1844 diemque
3404 1768 3593 1841 judieii
3622 1782 3757 1839 pur-

2171 1880 2536 1955 gari‘animas
2578 1870 2738 1947 posse
2774 1873 3071 1932 credimus.
3116 1859 3355 1924 Hi‘sunt
3398 1864 3564 1936 igitur
3616 1860 3756 1926 dies,

630 1946 734 1976 ulla
770 1946 800 1973 υ
838 1946 920 1980 tu,
960 1946 1010 1968 σι
1081 1946 1167 1965 III“
1201 1946 1258 1960 σιν
1297 1946 1333 1957 v-
1348 1946 1520 1957 v-vvv-v—
1556 1946 1664 1952 -.νη-
1715 1946 1727 1948 -
1750 1946 1757 1947 κ
1836 1946 1841 1947 ,
1979 1946 1994 1955 ν
2172 1946 2201 1955 ν
2582 1946 2589 1947 7

472 2014 600 2087 quid
622 1946 1195 2083 postgngminatiZnem
1216 1995 1490 2067 spinarum
1514 1984 1929 2054 tribularumque
1954 1980 2067 2034 her-
2095 1972 2142 2051 B
2169 1959 2606 2047 quibus'animus
2632 1976 2839 2024 terram
2879 1963 3061 2021 cordis
3089 1962 3173 2018 sui
3192 1956 3472 2022 comedit,
3521 1946 3627 2009 hoc
3653 1959 3762 2017 est,

1430 2086 1433 2087 ,
1482 2086 1487 2087 ,
1654 2082 1664 2087 -
1862 2076 1872 2087 .
2058 2073 2071 2086 ο
2178 2066 2381 2087 _-.2-_-
2413 2061 2749 2087 _-_..._-a:....2..
2792 2059 2964 2087 ..οἷο-ι..
3029 2054 3165 2087 ΝΛΜ
3210 2060 3334 2087 unci
3366 2042 3530 2087 ﬁnem
3576 2059 3757 2087 mrum

477 2073 598 2165 bam
618 2073 903 2169 comedere,
924 2108 974 2154 et
1012 2104 1271 2168 postremo
1310 2086 1436 2160 quid
1471 2086 1529 2139 in
1564 2082 1757 2140 sudore
1777 2076 1959 2134 vultus
1984 2073 2072 2129 sui

473 2212 665 2269 panem
689 2167 955 2269 comedere
973 2189 998 2242 ?
1014 2167 1087 2240 Et
1113 2182 1325 2255 quidem
1354 2190 1625 2255 nunquam
1649 2172 1793 2226 visus
1813 2177 1888 2224 est
1913 2167 2071 2221 homo

478 2256 673 2343 terram
694 2266 971 2339 comedens
992 2290 1153 2347 neque
1171 2270 1422 2334 herbam;
1444 2280 1607 2336 neque
1627 2276 1815 2333 panem
1840 2256 2074 2312 mandu-

483 2387 659 2431 cantes
677 2358 836 2444 juxta
862 2368 1125 2440 judicium
1144 2360 1394 2418 historiae
1414 2357 1471 2411 in
1496 2354 1687 2411 sudore
1704 2351 2077 2411 vultusgcome-

486 2468 640 2522 dunt.
675 2436 959 2532 hesponsio
984 2474 1002 2513 :
1029 2457 1143 2527 ipsa
1201 2461 1341 2506 terra
1394 2446 1674 2502 maledicta
1730 2442 1788 2496 in
1839 2436 2077 2510 operibus

489 2557 661 2613 Adam
683 2525 807 2609 caro
836 2557 910 2605 est
935 2525 1127 2610 Adam,
1170 2554 1369 2611 semper
1402 2537 1544 2607 facta
1572 2548 1665 2605 per
1704 2545 1860 2602 Opera
1884 2525 2075 2580 Adam.

490 2649 624 2705 Dico
663 2654 837 2701 autent
874 2638 1139 2712 passiones
1170 2622 1750 2712 mnoswﬂimi
1774 2617 2078 2682 maledicta,

491 2727 740 2796 virtutum
784 2709 940 2789 veluti
998 2709 1574 2790 divinorumﬁpe'rum
1625 2709 2078 2783 infructuositate,

489 2841 790 2905 quamcum
815 2820 1075 2878 anxietate
1107 2813 1275 2870 multa
1301 2808 1618 2878 tristitiaque
1647 2802 1868 2881 comedit
1895 2840 1911 2867 ,
1943 2799 2081 2855 brevi

494 2896 780 2978 secundum
820 2917 989 2986 ipsam
1028 2908 1289 2978 voluptate
1315 2902 1608 2975 perfruens.
1628 2970 1633 2981 .
1655 2896 1804 2963 Quae
1835 2910 1958 2949 caro
1986 2908 2080 2963 pro

496 3015 613 3084 ipsa
634 3004 957 3079 corruptibili
982 3001 1103 3074 perf
1102 2997 1307 3055 ruentia
1324 2993 1575 3067 germinat
1602 2990 1650 3044 ei
1675 2987 2013 3059 cogitationes
2034 2993 2082 3038 et

500 3075 678 3172 curas,
699 3075 858 3158 veluti
883 3097 1083 3167 spinas,
1105 3104 1421 3163 magnasque
1443 3082 1750 3140 tentationes
1775 3088 1927 3151 atque
1952 3075 2086 3147 peri-

500 3170 812 3260 clitationes,
831 3191 985 3247 veluti
1009 3185 1248 3255 tribulos,
1271 3191 1318 3236 et
1341 3189 1522 3235 contra
1543 3176 1798 3231 rationem
1812 3213 1826 3237 ,
1852 3170 2084 3242 furorem

498 3302 547 3348 et
576 3284 1044 3359 concupiscentiam
1063 3275 1308 3350 languide
1337 3289 1456 3329 eum
1480 3269 1711 3342 undique.
1736 3279 2084 3337 compungen-

498 3394 610 3449 tes;
642 3391 698 3435 ut
722 3356 805 3433 vix
823 3375 987 3447 possit
1026 3371 1163 3441 ejus,
1205 3367 1379 3422 carnis
1403 3361 1656 3425 videlicet,
1690 3359 1968 3414 sanitatem
1996 3356 2082 3409 in-

498 3472 972 3538 columitatemque,
1016 3460 1170 3518 veluti
1210 3458 1420 3530 foenum
1463 3452 1780 3519 marcidum,
1811 3449 2088 3521 adquirere

500 3579 653 3639 atque
677 3564 1016 3627 manducare,
1039 3558 1137 3612 hoc
1158 3564 1234 3611 est
1257 3549 1503 3622 consequi
1533 3565 1552 3603 :
1584 3557 1633 3601 et
1658 3556 1782 3601 tunc
1802 3551 1915 3616 post
1953 3540 2089 3598 mul—

501 3669 611 3715 tmn
650 3656 985 3713 atrocitatum
1021 3653 1391 3710 reuelationem
1436 3652 1493 3706 in
1530 3649 1722 3705 sudore
1760 3643 1950 3711 vultus,
1992 3643 2089 3697 hoc

504 3760 601 3816 est,
627 3749 684 3804 in
706 3749 819 3820 ipsa
838 3744 1124 3801 secundum
1146 3760 1359 3799 sensum
1392 3740 1688 3796 humilitate
1717 3745 1872 3807 atque
1914 3733 2091 3788 labore

506 3843 566 3895 in
617 3840 639 3871 ⁵
668 3845 911 3909 operosae
932 3835 1365 3892 considerationis
1393 3830 1718 3888 sensibilium
1746 3827 1881 3883 velut
1906 3840 2092 3899 panem

511 3934 583 3990 ad
613 3930 1030 3988 constitutionem
1076 3927 1313 3983 habendo
1344 3926 1654 3997 praesentis,
1683 3922 1819 3977 vitae
1861 3918 2094 3979 occasio-

514 4042 651 4089 nem,
687 4024 793 4078 sive
830 4038 923 4092 per
964 4028 1151 4086 artem,
1178 4019 1282 4074 sive
1328 4033 1422 4087 per
1463 4014 1626 4070 aliam
1668 4010 1937 4084 quandam
1971 4008 2095 4063 huic

512 4119 649 4174 vitae
691 4114 1022 4169 distributam
1063 4109 1519 4165 machinationem.
1555 4104 1639 4157 An
1665 4103 1831 4172 magis
1858 4113 1999 4154 terra
2021 4106 2097 4154 est

423 4214 427 4218 ’
510 4208 684 4263 Adam
706 4223 797 4262 cor
823 4203 1177 4269 maledictum,
1211 4216 1306 4272 per
1322 4193 1819 4270 praevaricationem
1839 4190 2099 4259 accipiens

2173 2042 2387 2124 actione
2413 2061 2752 2136 purgationis
2792 2059 2984 2115 utitur.
3029 2054 3168 2111 Nam
3210 2060 3337 2124 post
3366 2042 3530 2105 ﬁnem
3576 2059 3758 2101 rerum

2171 2135 2752 2215 sensibiliuminullum
2773 2147 3137 2223 purgationis
3172 2153 3356 2201 aetum
3387 2140 3617 2214 legimus
3646 2135 3766 2192 fore

2173 2258 2298 2322 post
2342 2248 2579 2305 reditum
2623 2252 2854 2300 naturae
2904 2243 2959 2297 in
3000 2237 3293 2311 pristinam
3337 2232 3653 2305 puritatem.
3699 2227 3768 2283 Et

2176 2340 2428 2400 fortassis
2475 2339 2579 2395 hoe
2622 2335 2913 2409 signiﬁcat,
2955 2331 3102 2404 quod
3148 2329 3353 2385 dictum
3397 2332 3482 2382 est
3527 2338 3544 2377 :
3588 2322 3766 2376 Donec

2177 2433 2569 2505 convertarisﬁn
2591 2427 2887 2496 terram,de
2910 2442 3015 2498 qua
3038 2433 3276 2496 sumptus
3299 2419 3478 2489 ριξΑο
3505 2416 3551 2472 si
3581 2425 3769 2486 aperte

2178 2522 2385 2583 diceret
2425 2529 2444 2580 :'
2484 2522 2675 2578 Tanto.
2709 2529 2954 2590 tempore
3003 2517 3058 2572 in
3107 2511 3444 2586 purgationis
3493 2517 3618 2565 tuae
3673 2521 3770 2577 per

2179 2618 2452 2676 actionem
2476 2623 2533 2670 et
2561 2611 2844 2670 scientiam
2878 2606 3155 2663 laboribus
3181 2601 3397 2658 sudabit
3417 2599 3599 2654 vultus
3621 2606 3767 2661 tuus,

2180 2708 2286 2765 hoc
2312 2715 2423 2781 est,
2440 2700 2786 2762 rationabilis
2815 2695 3099 2768 inquisitio
3142 2691 3408 2755 veritatis,
3437 2690 3612 2745 donec
3639 2702 3770 2743 con-

2180 2778 2497 2856 verteris-in
2528 2805 2730 2853 terram
2755 2832 2771 2858 ,
2810 2790 2878 2846 de
2901 2803 3010 2860 qua
3038 2792 3286 2855 sumptus
3311 2796 3407 2849 es,
3437 2780 3543 2836 hoc
3580 2785 3682 2842 est,
3714 2777 3769 2832 in

2181 2890 2508 2947 soliditatem
2555 2878 3055 2942 incommutabilem
3104 2869 3530 2945 primordialium
3576 2881 3772 2924 causa-

2184 3000 2325 3051 rum,
2348 2980 2627 3052 exquibus
2647 2976 2911 3047 originem
2934 2970 3107 3029 ducis.
3123 2968 3241 3023 Non
3267 2965 3412 3021 enim
3435 2962 3663 3017 ulterius
3687 2975 3773 3015 su-

2184 3076 2358 3140 dabis,
2381 3071 2648 3129 dumilluc
2671 3065 3003 3140 perveneris.
3027 3059 3182 3130 Quod
3210 3066 3392 3114 autem
3420 3052 3635 3110 nomine
3659 3061 3770 3108 ter-

2185 3181 2281 3223 rae
2330 3164 2558 3221 felicitas
2610 3171 2871 3218 aeternae
2908 3157 3054 3212 vitae
3108 3152 3484 3222 stabilitasque
3539 3148 3774 3219 primor-

2186 3258 2408 3331 dialium
2440 3269 2729 3327 causarum
2752 3294 2769 3321 ,
2808 3267 2878 3322 ex
2920 3248 3123 3321 quibus
3160 3245 3342 3302 omnia
3366 3284 3382 3311 ,
3425 3256 3563 3314 quae
3603 3246 3775 3305 sunt,

2185 3351 2454 3416 oriuntur,
2479 3347 2842 3420 signiﬁcetur,
2871 3340 3061 3407 multis
3082 3339 3300 3394 divinae
3346 3334 3661 3405 Scripturae
3695 3331 3777 3387 ιοο

2187 3442 2268 3498 eis
2289 3448 2474 3513 aperte
2495 3438 2755 3493 innuitur.
2811 3432 2971 3489 Verbi
3003 3430 3210 3502 gratia,
3244 3427 3519 3482 Abraham
3570 3424 3774 3479 dictum

2187 3537 2309 3587 est:
2351 3528 2613 3600 Egredere
2640 3525 2704 3580 de
2739 3534 2877 3580 terra
2904 3532 3016 3591 tua,
3045 3532 3092 3575 et
3136 3519 3200 3575 de
3225 3516 3528 3590 cognatione
3553 3521 3680 3581 tua,
3729 3523 3778 3568 et
3830 3574 3835 3581 .

2189 3623 2254 3679 de
2274 3623 2428 3678 domo
2461 3621 2626 3692 patris
2653 3617 2751 3685 tui,
2782 3625 2830 3671 et
2853 3614 2968 3671 veni
2995 3614 3052 3669 in
3077 3608 3292 3678 terram,
3328 3625 3489 3682 quam
3514 3615 3777 3664 monstra-

2190 3734 2309 3774 vero
2337 3715 2449 3770 tibi.
2476 3713 2543 3768 Et
2562 3709 2986 3786 postaliquanta
3012 3724 3025 3760 :
3054 3704 3333 3776 Profectus
3357 3701 3478 3757 inde
3512 3699 3780 3754 Abraham

2191 3810 2248 3865 in
2277 3819 2471 3865 terram
2486 3802 2792 3869 australem,
2818 3811 2866 3855 et
2887 3799 3139 3855 habitavit
3168 3798 3305 3852 inter
3326 3793 3496 3851 Gades
3518 3802 3566 3848 et
3590 3790 3785 3855 Assur,-

2195 3900 2338 3955 inter
2366 3895 2847 3953 sanctiﬁcationem
2877 3890 3126 3947 videlicet
3149 3896 3204 3942 et
3232 3875 3688 3942 beatiﬁcationem
3718 3880 3784 3946 “,

2198 3992 2339 4048 inter
2367 4002 2504 4058 quas
2532 3986 2587 4041 in
2612 3994 2835 4040 aeterna
2863 3979 3050 4052 requie
3075 3977 3254 4036 omnis
3273 3985 3586 4031 sanctorum
3613 3972 3789 4027 felici-

2200 4090 2283 4137 tas
2314 4078 2608 4136 eonstituta
2630 4083 2733 4131 est.
2767 4070 3105 4128 Sanctiﬁcati
3152 4069 3321 4133 enim,
3352 4067 3456 4121 hoc
3508 4071 3614 4132 est,
3643 4063 3791 4119 omni

2199 4172 2519 4242 contagione
2539 4166 2784 4238 corporis
2805 4173 2862 4219 et
2883 4162 3097 4218 animae
3122 4158 3368 4232 purgati,
3400 4157 3558 4211 beate
3591 4155 3638 4189 “
3668 4153 3793 4222 jux-

514 4244 684 4263 auuls-
706 4244 783 4262 νυι
824 4244 1177 4269 Ισνκυνυυυννκιη,
1211 4244 1293 4272 ἰν-
1322 4244 1370 4270 ru
1386 4244 1528 4252 ν-ννη-
1545 4244 1689 4249 -7“---
1706 4244 1754 4246 η-
1858 4244 1864 4245 ,
1951 4244 1963 4259 '

514 4298 813 4355 caelestium
854 4300 1108 4351 bonorum
1152 4287 1512 4347 oblationem?
1541 4285 1715 4352 Quam
1768 4292 1960 4337 terram
2010 4295 2102 4350 per
2203 4277 2258 4324 ta
2285 4267 2432 4336 leges
2458 4267 2687 4318 naturae
2712 4248 2908 4313 victuri
2930 4260 3072 4311 sunt.
3111 4252 3178 4306 Et
3205 4249 3249 4305 si
3282 4248 3403 4319 quis
3427 4246 3586 4301 aliam
3623 4244 3795 4300 Assur

2534 4354 2539 4355 ,
3001 4353 3009 4355 _
3044 4342 3097 4355 In.
3271 4350 3281 4355 -
3342 4354 3347 4355 ,
3383 4339 3420 4355 0A
3494 4335 3759 4355 ‘___-!.I-_u.

513 4392 803 4465 practicam
846 4385 1227 4459 philosophiam
1248 4380 1428 4436 multis
1475 4376 1695 4435 comedit
1751 4335 2103 4429 tribulatidni-
2204 4354 2725 4428 interpretationem,
2753 4362 2893 4420 quae
2932 4353 3017 4402 θεῖ
3044 4339 3454 4413 Mesopotamia»
3484 4335 3797 4393 θοηδίδθνίι·

2305 4450 2341 4465 ι.
2424 4442 2845 4465 ___i_L-_._:........
2893 4432 3275 4465 nn-nnnnl;nnn
3330 4427 3545 4465 nnanﬁn
3596 4439 3797 4465 nnnvn-

520 4482 615 4537 bus
650 4481 690 4546 °,
713 4488 988 4552 purgatam
1006 4494 1098 4550 per
1116 4474 1484 4532 conscientiam
1508 4468 1872 4526 maledictione
1890 4481 2104 4538 operum
2204 4450 2347 4506 νθΐίῐ
2369 4489 2384 4515 ν

519 4571 893 4644 turpitudinis,
929 4578 978 4624 et
1007 4540 1207 4623 iterum
1249 4564 1566 4637 germinatas
1599 4561 1620 4593 τ
1674 4561 1731 4613 in
1774 4575 1837 4614 ea
1885 4556 1907 4588 ⁸
1939 4557 2107 4611 instar
2208 4540 2332 4597 nien

518 4665 794 4726 spinarum
835 4658 1174 4731 cogitationes
1209 4657 1350 4711 circa
1377 4668 1654 4726 corporum
1698 4650 2102 4723 generationem,

508 4772 584 4823 ,ac
624 4754 779 4810 veluti
822 4749 1065 4814 tribulos,
1109 4749 1250 4802 circa
1289 4744 1697 4817 incorporalium
1728 4740 2110 4814 providentiam

517 4846 921 4916 juaiciumque,
959 4847 1216 4897 scatentes
1248 4839 1514 4907 opiniones
1563 4836 1765 4891 ratione
1809 4846 2042 4904 purgans
2068 4832 2112 4896 ο,

529 4937 797 5006 physicam
822 4933 979 4990 veluti
1016 4932 1228 5003 foenum
1255 4929 1421 4999 carpit
1460 4926 1809 5000 spiritualiter
1835 4924 2113 4979 theoriam.

534 5024 606 5079 Et
631 5026 706 5079 sic
738 5026 890 5097 quasi
922 5025 978 5079 in
1015 5022 1207 5078 sudore
1246 5020 1418 5076 vultus
1442 5017 1613 5074 scibili
1638 5016 2013 5088 intelligentiae
2038 5030 2117 5069 se-

539 5117 768 5171 cundum
785 5119 1055 5173 scientiam
1081 5115 1228 5171 vultu
1248 5110 1691 5184 incorruptibilem
1712 5110 2001 5181 theologiae
2029 5123 2120 5162 σο·
2224 5098 2332 5153 lia?

2423 4442 2846 4519 pulcherrimam
2893 4432 3275 4509 praesentique
3329 4427 3545 4500 negotio
3596 4439 3797 4482 conve-

2339 4515 2601 4594 tissimam
2641 4518 2882 4586 theoriae
2903 4525 3243 4584 occasionem
3273 4518 3531 4576 inveniet.
3559 4515 3801 4587 Mesopo-

2215 4633 2378 4690 tamia
2406 4630 2603 4701 quippe
2628 4624 2805 4681 media
2831 4622 2973 4677 inter
3001 4618 3223 4673 ﬁumina
3249 4624 3303 4670 et
3342 4621 3428 4669 est
3475 4619 3532 4667 et
3577 4609 3797 4666 dicitur.

2136 4699 2188 4760 ι)
2214 4699 2465 4795 Nunquid
2496 4699 2673 4776 autem
2704 4713 2960 4773 credibile
3005 4720 3119 4776 est,
3154 4705 3544 4764 habitationem
3589 4709 3804 4760 sancta-

2217 4836 2338 4878 rum
2393 4818 2696 4873 animarum
2737 4811 3009 4879 totiusque
3039 4806 3312 4862 humanae
3340 4810 3567 4858 naturae
3593 4804 3807 4854 restau-

2218 4922 2370 4971 ratae
2398 4909 2524 4966 alibi
2569 4905 2830 4971 futuram,
2872 4901 2982 4958 nisi
3033 4899 3177 4954 inter
3214 4895 3392 4952 media
3441 4889 3802 4963 spiritualium

2220 5005 2479 5061 virtutum
2500 4998 2743 5064 ﬁumina,
2772 5011 2838 5053 ex
2859 4994 3007 5050 fonte
3034 4989 3278 5048 omnium
3299 4988 3564 5043 bonorum
3580 4996 3805 5037 manan-

2360 5095 2429 5151 Et
2459 5093 2589 5165 quid
2618 5091 2765 5147 aliud
2792 5096 3010 5160 praeter
3034 5083 3088 5138 id
3112 5068 3291 5153 ipsum
3316 5094 3416 5150 per
3437 5073 3808 5148 repromissio-

538 5208 704 5262 medit
736 5223 942 5277 panem,
985 5207 1152 5263 solani
1188 5223 1301 5263 vere
1322 5166 1529 5261 vitalem
1569 5213 1616 5258 et
1658 5166 2038 5258 comederitium
2063 5214 2118 5253 se
2198 5189 2310 5245 ‘nis
2336 5197 2557 5252 terram,
2581 5183 2648 5239 ad
2674 5196 2836 5254 quam
2886 5177 2982 5233 Dei
3026 5172 3269 5253 populus.
3289 5171 3483 5226 ductus
3510 5176 3596 5224 est
3630 5166 3810 5237 Aegy-

541 5249 703 5262 .........
736 5249 942 5277 ,.........,
985 5249 1152 5263 -.,......
1191 5249 1299 5263 υν.-
1325 5249 1529 5261 .,-...-..-
1570 5249 1615 5258 ,-
1659 5249 2035 5258 --..-,η-..----.--
2064 5249 2111 5253 --
2544 5249 2551 5252 .

540 5308 932 5355 ιοηκνυαηεεηι
988 5299 1057 5354 σά
1117 5295 1658 5368 ξηεοησαριξὸξιίιαιεηι
1714 5292 2118 5364 generationem.
2226 5283 2404 5355 ptiaca
2425 5249 3082 5352 eaptivate—servituteque
3100 5249 3385 5329 liberatus,
3406 5256 3814 5333 mysticesigni-

545 5388 710 5444 Terra
729 5389 906 5461 itaque
938 5398 1013 5444 est
1042 5388 1164 5445 bene
1188 5346 1395 5445 comeza
1415 5388 1531 5458 ipsa
1551 5402 1646 5456 per
1664 5346 1921 5451 aclionem
1950 5381 2124 5436 cordis
2228 5346 2526 5430 ﬁcabaturi
2558 5369 2704 5426 Haec
2746 5373 2833 5422 est
2868 5373 3013 5421 terra
3034 5356 3354 5422 viventium,
3382 5353 3439 5409 in
3486 5366 3590 5435 qua
3642 5346 3814 5405 sancti

542 5481 792 5554 purgatio
874 5482 1085 5552 foenum
1136 5496 1257 5537 vero
1319 5432 1463 5550 ipsar
2235 5464 2469 5539 duplicia
2490 5460 2866 5533 possidebunt,
2886 5456 2991 5512 hoc
3011 5459 3117 5520 est,
3150 5447 3394 5520 corporis
3425 5453 3483 5504 et
3501 5432 3715 5501 animae
3739 5439 3817 5497 fe-

1829 5583 2076 5642 VARIAE
2116 5575 2524 5638 LECTIONES.

623 5690 757 5766 iSic
773 5707 862 5788 9F
886 5723 902 5775 ;
931 5705 977 5761 Α
1019 5705 1332 5788 wanted-0..
1433 5704 1525 5761 Sic
1545 5702 1673 5788 CF;_
1688 5680 2016 5788 Amsumgiat:
2092 5696 2114 5730 ⁸
2148 5698 2194 5752 Α
2219 5692 2591 5788 proponenda.
2610 5759 2623 5772 .
2669 5688 2693 5720 ⁸
2728 5685 2814 5744 CF
2858 5683 3164 5788 tcoqliarlt‘tgt.
3186 5666 3237 5788 ’Δ
3265 5680 3289 5715 ⁸
3317 5662 3393 5788 in.
3415 5690 3530 5735 om.
3550 5673 3619 5730 Δ.
3721 5670 3750 5788 ἶ
3774 5670 3822 5727 Α

1965 5782 1974 5788 -
2543 5762 2568 5788 Α
2609 5775 2661 5788 ..-
2696 5775 2751 5788 -η
2978 5772 3024 5788 ,η
3152 5771 3165 5784 .
3290 5769 3349 5788 ..η
3375 5764 3516 5788 mn,
3549 5760 3715 5788 ,,,,,.,,,,
3740 5759 3821 5788 η,-

550 5798 642 5883 poet-
675 5750 1145 5883 mult'as’com-iulit
1172 5750 1612 5832 tribulatione}:-
1645 5750 2031 5836 τ’ἐὶἷὸἶξλ
2069 5750 2388 5839 germinans.
2492 5762 2514 5794 ⁸
2534 5762 2578 5815 Α
2609 5759 2663 5815 in
2692 5775 2773 5815 eo.
2871 5759 2893 5792 ’
2933 5754 3026 5812 Sic
3045 5754 3168 5822 CF;
3200 5751 3249 5808 Α
3290 5750 3517 5807 rationes
3549 5752 3821 5830 purgatas.

630 5867 784 5883 κη...
825 5863 912 5883 υ...
942 5844 1461 5883 ..ηηινηιρ-...ηρυη
1487 5861 1575 5883 η...
1652 5845 1682 5883 Α
1791 5844 1832 5877 ιι
1875 5841 1961 5883 ηπ
2001 5839 2236 5883 Maximi-
2314 5836 2359 5867 ι’
2390 5833 2482 5883 Sic
2506 5831 2624 5883 CF:
2667 5833 2713 5883 A
2742 5831 2839 5883 hoc
2888 5838 2961 5883 est
2993 5828 3133 5883 inter
3176 5840 3223 5882 s.
3251 5839 3303 5881 e.
3339 5817 3821 5883 aequanimitatem.

565 5852 605 5953 ξς
627 5850 917 5932 δερυηάκηι
942 5844 1268 5926 πυκινοῖο-τ
1288 5826 1597 5927 nonduin.
1645 5826 1853 5900 Αέωίί
1875 5826 1961 5898 CF
1994 5826 2236 5896 Μιῖωῑηιὶ.
2314 5836 2359 5867 ι’
2390 5833 2482 5891 Sic
2506 5831 2624 5892 CF:
2667 5833 2713 5887 A
2742 5831 2839 5886 hoc
2888 5838 2961 5885 est
2993 5828 3133 5885 inter
3176 5840 3223 5882 s.
3251 5839 3303 5881 e.
3339 5826 3824 5894 aequanimitatem.

636 5919 726 5978 Sic
775 5917 894 5985 CF;
937 5916 982 5971 A
1023 5927 1405 5982 aequanimiter
