4212 6272
376 447 473 503 8M

1231 439 1317 494 DE
1356 436 1695 494 DIVISIONE
1731 433 2081 493 NA'I'URAE.
2121 462 2191 474 —-
2223 429 2429 486 LIBER
2464 427 2792 496 QUINTUS.
2848 442 2856 461 ‘

3547 432 3651 489 εω

376 569 532 633 ptum
562 565 643 615 est
669 572 684 611 :
714 555 873 612 Nunc
895 569 1039 625 ergo,
1077 569 1140 606 nc
1162 552 1296 622 forte
1320 552 1497 606 mittat
1524 566 1745 605 manum
1788 566 1962 615 suam,
1992 553 2043 615 Α
2069 545 2237 601 fuisse
2269 544 2336 598 ¹³.
2381 542 2535 633 Quod
2558 544 2604 599 si
2634 543 2738 597 hoc
2767 539 2831 633 ⁸δᾷ
2846 554 2954 597 non
2979 543 3238 613 potuerit,
3266 543 3561 601 carnaliter
3586 548 3653 602 de

377 663 432 711 et
468 652 673 722 reliqua
714 661 884 718 usque
922 647 1052 701 vivat
1096 644 1152 697 in
1180 651 1450 698 aeternum
1482 644 1525 707 ί,
1560 649 1739 712 posset
1778 642 1966 698 venire

379 744 434 799 in
456 743 785 810 ambiguum,
808 738 961 808 cujus
982 751 1245 808 personae
1265 737 1405 791 dicta
1429 735 1561 800 sint,
1587 743 1765 789 utrum
1791 732 1967 788 Theo-

379 836 482 909 logi
505 833 899 906 prophetantis,
925 848 993 886 an
1020 830 1229 885 Domini
1260 828 1556 895 loquentis,
1575 826 1620 881 si
1645 840 1751 880 non
1777 833 1963 895 aperte

380 928 434 981 in
466 923 817 995 Septuaginta
848 921 1087 977 editione
1110 919 1554 990 distingueretur,
1580 917 1634 971 in
1664 930 1772 986 qua
1793 916 1962 985 scrip-

381 1024 491 1071 tum
516 1022 602 1070 est
628 1032 641 1068 :
674 1012 743 1067 Et
774 1028 935 1076 nunc,
964 1011 1143 1080 inquit
1171 1010 1334 1077 Deus,
1370 1025 1433 1064 ne
1473 1007 1758 1079 aliquando
1788 1017 1966 1062 exten-

376 1109 466 1164 dat
494 1123 735 1172 manum,
767 1116 814 1161 et
841 1114 1013 1160 sumat
1051 1104 1116 1157 dc
1144 1102 1287 1173 ligno
1318 1103 1472 1157 vitae.
1520 1100 1733 1158 Nemini
1784 1110 1966 1157 tamen

376 1200 486 1253 vim
511 1199 803 1253 verborum
831 1196 978 1252 clare
1011 1194 1243 1249 intuenti
1263 1203 1287 1234 ι
1328 1193 1385 1248 iu
1412 1193 1596 1258 dubio,
1622 1200 1684 1249 ut
1709 1193 1965 1259 arbitror,

378 1289 506 1355 erit,
533 1290 666 1359 quin
716 1288 952 1343 reditum
997 1296 1224 1341 naturae
1264 1285 1534 1340 humanae
1560 1284 1617 1339 in
1645 1299 1800 1341 suam
1829 1285 1970 1340 anti-

380 1380 645 1451 quitatem
677 1378 812 1434 haec
835 1378 1035 1443 verba,
1072 1391 1289 1447 quoquo
1338 1376 1501 1432 modo
1541 1376 1651 1432 sint
1695 1376 1965 1441 ordinata,

382 1470 784 1541 repromittant.
836 1468 955 1524 Non
1003 1469 1146 1524 enim
1198 1469 1330 1523 mihi
1378 1469 1635 1525 videntur
1684 1469 1972 1540 diiigenter

381 1564 675 1635 inspicere,
704 1562 797 1633 qui
824 1561 967 1616 illam
994 1560 1339 1631 particulam,
1363 1575 1502 1631 quae
1522 1569 1606 1617 est
1634 1576 1717 1627 nc,
1739 1560 1971 1630 negandi

381 1646 738 1717 intellectum,
778 1666 886 1707 non
930 1658 1111 1706 autem
1154 1650 1550 1722 interrogandi,
1582 1664 1647 1705 ac
1679 1650 1839 1709 veluti
1873 1650 1971 1704 du-

379 1744 583 1801 bitandi
630 1745 684 1799 in
728 1744 835 1798 hoc
863 1743 984 1798 loco
1014 1742 1356 1797 arbitrantur
1401 1742 1672 1807 obtinere,
1722 1750 1779 1797 et
1824 1740 1970 1811 quod

376 1837 497 1893 ideo
526 1835 784 1907 expulsus
823 1835 896 1891 sit
925 1834 1090 1888 homo
1134 1833 1200 1887 de
1245 1833 1520 1903 paradiso,
1566 1847 1637 1887 ne
1680 1839 1862 1903 posset
1901 1833 1970 1886 de

2068 635 2321 706 paradiso
2365 632 2590 704 ejusque
2636 631 2961 689 animalibus
2995 635 3197 689 sentire
3239 635 3470 697 desinat,
3503 643 3559 690 et
3584 639 3651 693 ad

2069 726 2388 797 Spirituales
2435 725 2763 791 intellectus,
2801 739 2939 795 quos
2971 725 3176 779 veritas
3197 726 3410 790 edocet,
3439 741 3653 797 promp-

2072 828 2160 874 tus
2190 817 2431 881 accedat,
2465 833 2572 886 qua
2615 833 2718 873 una
2746 826 2803 872 et
2827 816 2941 873 sola
2968 817 3053 872 via
3085 816 3436 888 mysticarum
3467 817 3655 873 litera-

2073 926 2194 966 rum
2238 918 2592 981 penetrnntur
2636 912 2800 967 adita.
2854 912 2986 968 Veni
3029 911 3213 983 igitur,
3242 912 3658 982 divinorumque

2073 1003 2361 1057 verborum
2390 1001 2646 1057 virtutem
2668 1001 2984 1072 diligentius
3009 1003 3237 1059 intuere.
3266 1002 3409 1059 Disc.
3433 1003 3655 1063 Praesto

2073 1109 2192 1151 sum
2242 1101 2594 1163 paratusque,
2624 1108 2775 1163 quae
2809 1109 2841 1149 a
2883 1103 2935 1149 te
2975 1094 3245 1161 dicentur,
3289 1109 3653 1166 cognoscere;

2070 1185 2227 1241 valde
2269 1184 2469 1255 quippe
2524 1185 2829 1243 necessaria
2879 1194 3025 1251 sunt,
3070 1194 3126 1241 et
3162 1201 3193 1243 a
3221 1188 3428 1258 paucis,
3460 1196 3519 1244 ut
3544 1187 3657 1257 opi-

2072 1291 2194 1343 nor,
2223 1283 2473 1332 tractata.
2504 1274 2783 1345 Siquidem
2815 1276 2883 1331 de
2909 1278 3203 1335 humanae
3243 1286 3470 1337 naturae
3510 1287 3658 1335 cete-

2071 1382 2368 1440 rorumque
2416 1368 2469 1423 in
2511 1381 2576 1425 ea
2622 1375 2681 1425 et
2726 1376 2948 1438 propter
2972 1386 3094 1425 eam
3123 1370 3179 1426 in
3210 1377 3462 1427 aeternas
3495 1371 3660 1427 ratio-

2072 1472 2191 1523 nes,
2220 1473 2290 1513 ex
2322 1456 2519 1528 quibus
2548 1455 2792 1527 proiecta
2819 1466 2926 1525 est,
2957 1459 3158 1526 reditu,
3193 1467 3250 1516 et
3284 1460 3337 1516 in
3376 1460 3660 1531 pristinam

2073 1546 2392 1617 dignitatem
2431 1546 2778 1607 restitutione
2811 1548 3015 1603 nullum
3060 1550 3233 1607 adhuc
3273 1550 3556 1621 scripsisse
3579 1550 3662 1607 vel

2073 1634 2177 1706 legi
2207 1636 2293 1692 vel
2320 1636 2525 1705 audivi,
2567 1639 2818 1709 quamvis
2854 1641 3089 1710 sparsim
3110 1651 3167 1697 et
3201 1642 3254 1696 in
3287 1643 3484 1698 divinis
3509 1642 3662 1698 libris

2073 1736 2129 1783 et
2151 1737 2463 1787 sanctorum
2486 1728 2710 1791 Patrum
2738 1731 3077 1793 documentis
3108 1732 3285 1793 forma
3317 1734 3438 1791 talis
3460 1734 3662 1792 doctri-

2074 1835 2178 1876 nae
2201 1819 2516 1891 l'requenter
2538 1822 2798 1878 arrident.

376 1927 523 1999 ligno
542 1905 689 1982 vitae
714 1940 937 1983 sumere
956 1924 1246 1993 vivereque
1276 1923 1331 1977 in
1362 1930 1661 1979 aeternum.
1687 1922 1801 1990 Qua
1826 1920 1972 1975 enim
2002 1905 2049 1967 Β
2146 1913 2198 1967 2.
2231 1910 2374 1970 MAG.
2414 1912 2605 1969 Divina
2641 1914 2824 1985 itaque
2846 1931 2952 1973 vox
2983 1918 3145 1975 talem
3175 1920 3430 1988 reditum,
3459 1923 3526 1978 de
3554 1937 3664 1994 quo
3690 1973 3695 1978 .

377 2019 739 2090 possibilitate
772 2026 896 2087 post
932 2024 1214 2088 peccatum
1246 2014 1481 2067 hun‘iana
1512 2023 1709 2067 natura
1737 2012 1802 2066 de
1825 2011 1972 2081 ligno

375 2112 523 2166 vitae
553 2110 758 2167 valeret
789 2123 1024 2175 sumere,
1057 2117 1113 2163 et
1145 2107 1166 2138 ³
1192 2107 1499 2171 comedere,
1531 2120 1597 2161 ac
1651 2105 1676 2137 ‘
1704 2105 1889 2159 vivere
1916 2105 1968 2157 in

377 2213 685 2270 aeternum,
734 2203 975 2258 nondum
1028 2200 1259 2255 liberata
1316 2215 1347 2254 a
1397 2207 1625 2269 peccato
1667 2206 1724 2252 et
1771 2206 1965 2263 morte,

377 2308 516 2364 quae
551 2304 637 2350 est
668 2307 840 2365 poena
866 2291 1114 2363 peccati,
1154 2290 1370 2361 quando
1396 2304 1497 2345 nec
1513 2289 1670 2358 ipse'
1688 2298 1814 2343 ante
1840 2304 1971 2358 pec-

380 2396 565 2442 catum
608 2387 677 2443 de
718 2387 907 2443 eodem
939 2385 1086 2453 ligno
1112 2384 1197 2440 vel
1224 2384 1519 2453 sumpserit
1543 2382 1567 2415 ⁶
1596 2383 1681 2437 vel
1722 2384 1971 2438 comede-

382 2487 464 2533 ret
496 2520 510 2543 ,
562 2486 624 2532 ut
656 2478 885 2549 diligens
908 2476 1126 2531 divinae
1179 2476 1496 2545 Seripturae
1534 2476 1817 2546 inquisitio
1849 2477 1974 2531 sub-

387 2571 569 2627 sinnat
589 2570 616 2624 1
649 2568 708 2624 Si
741 2569 884 2625 enim
909 2577 1148 2625 sumeret
1172 2576 1230 2622 et
1250 2568 1580 2633 comederet,
1616 2567 1858 2638 profecto
1882 2582 1976 2622 ne-

383 2680 489 2734 que
514 2665 755 2734 peccarit
778 2678 954 2733 neque
985 2663 1177 2726 ruerit,
1215 2662 1310 2717 sed
1338 2663 1391 2717 in
1428 2671 1709 2717 aeternum
1748 2662 1977 2717 feliciter

381 2754 579 2811 vixerit
607 2755 649 2808 π.
683 2755 933 2821 Additur,
978 2755 1023 2811 si
1064 2755 1345 2826 paradisus
1394 2754 1505 2819 ille,
1553 2756 1621 2808 de
1662 2769 1769 2824 quo
1814 2755 1974 2813 homo

385 2845 642 2915 expulsus
665 2855 772 2910 est,
810 2845 1000 2900 loculis
1026 2854 1148 2899 erat
1185 2856 1567 2915 terrenusque,
1602 2855 1660 2900 et
1691 2846 1734 2899 si
1767 2845 1971 2916 lignum

383 2935 555 3003 vitae,
581 2939 723 3005 quod
749 2936 805 2991 in
835 2936 1014 2992 medio
1045 2937 1213 3006 ipsius
1242 2936 1540 3007 plantatum
1566 2946 1671 3001 est,
1699 2946 1971 2993 terrenum

386 3024 488 3079 iuit
533 3034 697 3095 atque
737 3025 1016 3091 sensibile,
1069 3026 1414 3095 fructumque
1464 3028 1742 3097 corporeis
1785 3027 1975 3084 usibus

386 3124 572 3186 aptum
601 3115 907 3186 protulerit,
955 3131 1053 3171 cur
1095 3132 1201 3171 non
1248 3117 1320 3171 ab
1363 3118 1480 3185 ipso
1508 3116 1624 3171 solo
1654 3117 1797 3171 vitae
1826 3118 1971 3188 ligno

385 3207 531 3262 Deus
560 3208 833 3262 hominem
865 3208 1155 3277 expulerit,
1184 3217 1239 3263 et
1268 3209 1320 3262 in
1347 3208 1526 3277 aliqua
1558 3217 1708 3278 parte
1730 3206 1967 3278 paradisi

383 3312 508 3352 eum
546 3298 800 3368 sepserit,
836 3313 905 3353 ne
933 3298 1135 3366 lignum
1179 3298 1309 3352 illud
1355 3307 1538 3369 posset
1574 3300 1874 3370 attingeret
1911 3298 1968 3353 Si

380 3387 526 3443 enim
554 3387 699 3442 nulla
728 3387 832 3443 alia
859 3404 1019 3443 causa
1052 3388 1279 3445 feliciter
1299 3398 1355 3444 et
1383 3390 1733 3446 aeterualiter
1758 3390 1971 3446 vivendi

382 3478 436 3533 in
463 3480 713 3549 paradiso
754 3479 915 3535 fuerit
941 3490 1159 3551 praeter
1179 3495 1332 3536 esum
1372 3481 1503 3554 ligni
1533 3483 1699 3549 vitae,
1727 3483 1817 3554 qui
1842 3483 1973 3538 solis

384 3571 800 3631 rationabilibus
844 3574 1117 3629 creaturis
1159 3566 1608 3643 concessus‘est,
1660 3592 1763 3631 cur
1809 3577 1972 3632 homo

382 3671 504 3732 post
539 3672 819 3732 peccantm
863 3664 918 3719 in
957 3663 1139 3733 aliqua
1166 3666 1403 3735 paradisi
1434 3676 1591 3737 parte
1637 3667 1659 3701 ⁸
1686 3668 1855 3723 miser
1886 3675 1971 3723 at-

385 3768 493 3824 que
521 3756 767 3813 mortalis
787 3755 986 3827 degere
1008 3756 1382 3827 temporaiiter
1410 3773 1517 3814 non
1544 3760 1813 3829 potuerit?
1835 3758 1972 3815 Nam

388 3851 436 3906 si
467 3860 648 3908 cetera
677 3851 954 3918 animalia,
994 3854 1423 3923 praesertimqne
1462 3867 1686 3923 serpens
1713 3854 1827 3921 ille,
1867 3870 1974 3925 quo

388 3950 647 4019 antiquus
668 3949 842 4005 hostis
861 3948 1121 4004 malitiam
1150 3963 1303 4004 suam
1332 3949 1597 4014 ever-cuit,
1638 3950 1690 4004 in
1721 3949 1975 4020 paradiso

388 4037 581 4106 fuisse,
627 4054 727 4095 nec
759 4048 934 4094 tamen
989 4037 1335 4094 aeternaliter
1359 4041 1382 4074 '
1411 4046 1468 4093 et
1507 4037 1741 4093 feliciter
1790 4038 1975 4092 vivere

382 4144 549 4203 posse
588 4131 908 4197 creduntur,
954 4131 1209 4200 quoniam
1255 4145 1362 4185 non
1390 4131 1459 4184 ad
1487 4144 1638 4183 esum
1676 4127 1804 4198 ligni
1830 4129 1977 4184 vitae

387 4232 569 4280 creata
602 4231 750 4286 sunt,
782 4237 882 4277 cur
912 4221 956 4253 ¹⁶
977 4221 1142 4276 etiam
1173 4221 1336 4274 homo
1364 4219 1683 4287 dehnquens
1711 4218 1852 4272 inter
1883 4218 1975 4274 illa

384 4317 569 4370 vivere
590 4329 695 4369 non
726 4314 1019 4378 sineretur,
1048 4327 1174 4367 cum
1198 4325 1328 4365 vera
1357 4310 1496 4375 ratio
1517 4308 1786 4374 docuerit,
1811 4310 1976 4366 ratio-

385 4406 622 4461 nabilem
664 4415 1001 4471 creaturam,
1040 4404 1143 4459 etsi
1181 4402 1562 4473 peccatricem,
1592 4416 1809 4458 onmem
1840 4401 1977 4459 irra-

386 4495 703 4550 tionabilern
744 4504 968 4565 peccato
1008 4502 1284 4550 carentem
1326 4503 1555 4548 naturae
1588 4491 1851 4563 dignitate
1873 4508 1974 4549 an-

388 4587 680 4644 tecedere?
707 4586 766 4642 Si
804 4600 935 4657 ergo
974 4584 1369 4643 irrationabilia
1424 4584 1700 4650 animalia,
1759 4585 1976 4642 homine

384 4680 629 4749 (lepulso,
654 4679 708 4733 iu
738 4679 994 4749 paradiso
1020 4677 1378 4734 remanserint
1402 4675 1470 4742 “,
1495 4677 1620 4732 dum
1647 4676 1719 4732 sit
1745 4678 1976 4733 caeteris

384 4771 771 4840 praestantior,
800 4785 909 4840 qua
931 4770 1143 4825 ratione
1171 4783 1276 4823 non
1301 4779 1355 4827 et
1384 4768 1475 4829 ille
1504 4770 1670 4827 etiam
1711 4779 1970 4839 peccator

389 4861 534 4917 inter
556 4863 646 4918 illa
678 4864 735 4918 in
756 4862 1014 4933 paradiso
1058 4874 1337 4917 renuanere
1372 4861 1669 4931 percussus
1712 4860 1831 4919 est?
1887 4860 1973 4917 An

392 4954 534 5008 forte
574 4972 698 5011 cum
742 4956 836 5010 illo
876 4963 1063 5021 cetera
1095 4953 1346 5011 animalia
1369 4954 1438 5011 de
1467 4954 1721 5022 paradiso
1747 4954 1974 5023 expulsa

391 5048 556 5103 sunt?
567 5048 672 5103 Sed
689 5050 734 5091 *⁸
745 5051 790 5104 si
804 5051 926 5120 quis
939 5050 1043 5105 hoc
1055 5048 1273 5113 dixerit,
1292 5056 1517 5117 quaerat
1530 5060 1599 5100 ex
1610 5046 1787 5102 divina
1805 5046 1982 5121 Scrip-

393 5147 541 5203 tura,
590 5146 687 5193 aut
739 5148 1049 5197 sanctorum
1094 5138 1318 5194 Patrum
1370 5137 1718 5205 auctoritate,
1767 5146 1861 5192 aut
1910 5152 1978 5193 ex

392 5239 648 5299 utroque,
702 5230 847 5285 unde
888 5233 1171 5301 approbet,
1212 5228 1584 5299 expulsinnem
1635 5229 1973 5295 animalium.

391 5323 593 5392 quibus
612 5321 777 5377 homo
799 5321 855 5376 in
878 5323 1129 5392 paradiso
1152 5331 1282 5377 ante
1307 5328 1591 5393 peccatum
1614 5319 1836 5379 nomina
1868 5319 1975 5374 im-

392 5413 610 5483 posuit,
670 5410 832 5468 simul
890 5426 1018 5467 cum
1076 5413 1292 5469 homine
1328 5417 1588 5483 peccante
1623 5409 1689 5464 de
1725 5407 1974 5479 paradiso

2081 2020 2264 2061 sermo
2293 2014 2399 2071 est,
2445 2005 2530 2061 his
2565 2006 2747 2063 verbis
2791 2008 3051 2077 insinuat,
3081 2011 3308 2069 dicens:
3336 2013 3499 2079 Nunc
3517 2032 3661 2087 ergo,

2076 2095 2157 2151 vel
2189 2106 2249 2150 ut
2280 2095 2382 2150 alia
2415 2096 2791 2168 interpretatio
2836 2102 3077 2171 apertius
3119 2104 3353 2175 profert,
3404 2116 3453 2165 et
3503 2124 3663 2174 nunc,

2075 2187 2250 2256 inquit
2279 2188 2421 2247 Deus
2454 2187 2519 2242 ¹⁵.
2559 2189 2637 2247 Ac
2659 2190 2705 2244 si
2735 2191 2896 2261 plane
2942 2194 3147 2252 diceret
3172 2197 3351 2255 divina
3379 2198 3665 2259 clementia

2074 2279 2397 2349 inﬁnitaque
2418 2281 2652 2348 bonitas,
2683 2284 2750 2339 ad
2785 2285 3166 2359 indulgendum
3194 2290 3665 2364 miserendumque

2076 2386 2294 2441 semper
2318 2372 2594 2440 facillima,
2623 2390 2812 2431 casum
2845 2379 3062 2437 divinae
3083 2381 3336 2453 imaginis
3359 2384 3661 2455 suspirans,

2075 2463 2611 2535 niisoricorditerque
2646 2468 3105 2537 condescendens,
3142 2471 3487 2545 hominisque
3514 2489 3666 2533 arro-

2074 2554 2310 2625 gantiam
2336 2556 2607 2625 patienter
2627 2558 2922 2615 sutferens:
2947 2560 3104 2618 Nunc
3128 2578 3280 2634 ergo,
3307 2566 3411 2620 hoc
3429 2573 3537 2632 est,
3550 2565 3669 2634 jam

2075 2647 2141 2703 de
2164 2647 2415 2717 paradiso
2443 2649 2729 2718 expulsum
2758 2652 3034 2717 hominem
3058 2655 3237 2721 video,
3266 2654 3578 2726 factumque
3600 2658 3666 2714 de

2073 2737 2232 2793 beato
2263 2740 2545 2805 miserum,
2581 2742 2649 2796 de
2669 2742 2888 2812 copioso
2915 2759 3167 2815 egenum,
3193 2746 3260 2801 de
3283 2755 3506 2807 aeterno
3532 2757 3668 2803 tem-

2073 2833 2337 2903 poralem,
2382 2836 2448 2890 de
2489 2835 2640 2892 vitaii
2686 2836 2993 2904 mortalem,
3029 2838 3094 2892 de
3125 2838 3367 2908 sapiente
3414 2838 3666 2908 stulttun,

2074 2924 2142 2980 de
2183 2926 2449 2996 spirituali
2494 2927 2804 2993 animalem,
2859 2929 2926 2985 de
2978 2928 3201 2985 caelesti
3256 2937 3550 2998 terrenum,
3599 2931 3671 2987 de

2075 3033 2216 3073 novo
2232 3018 2609 3082 inveteratum,
2629 3021 2696 3076 de
2717 3020 2858 3076 laeto
2877 3021 3108 3087 tristem,
3127 3023 3192 3077 de
3205 3021 3354 3081 salvo
3374 3024 3669 3093 perditum,

2075 3108 2141 3164 de
2171 3109 2418 3178 prudenti
2444 3110 2556 3167 filio
2572 3112 2879 3184 prodigum,
2909 3129 2977 3169 ex
3003 3115 3262 3170 virtutum
3285 3115 3604 3175 caelestium
3621 3114 3668 3155 ³⁸

2074 3215 2237 3271 grege
2257 3208 2551 3268 errantem.
2578 3202 2740 3273 eique
2760 3205 3043 3262 condoleo.
3066 3205 3182 3263 Non
3204 3208 3348 3263 enim
3368 3209 3436 3263 ad
3464 3209 3567 3265 hoc
3589 3207 3669 3263 i‘a-

2075 3300 2197 3348 ctus
2215 3292 2376 3348 est".
2406 3293 2685 3364 Siquidem
2710 3297 2776 3351 ad
2799 3298 3203 3368 possessionem
3237 3308 3491 3361 aeternae
3528 3300 3671 3356 vitae

2073 3397 2139 3441 ac
2160 3383 2510 3449 beatitudinis
2529 3387 2780 3444 conditus
2802 3398 2889 3445 est
2915 3390 2959 3423 ⁸⁸
2991 3389 3101 3457 ille,
3124 3406 3285 3461 quem
3315 3407 3430 3458 vos,
3445 3407 3481 3447 o
3505 3392 3579 3446 vit
3596 3392 3671 3449 'ni

2076 3475 2195 3546 ejus
2219 3485 2275 3532 et
2296 3476 2479 3540 amici,
2514 3477 2569 3532 in
2598 3478 2875 3550 regionem
2916 3481 3111 3537 mortis
3148 3492 3311 3553 atque
3331 3481 3376 3517 “
3419 3471 3670 3541 miscriae

2073 3566 2270 3629 videtis
2289 3583 2435 3624 nunc
2458 3570 2524 3628 de
2543 3570 2796 3640 paradiso
2817 3571 3121 3643 expulsum,
3143 3572 3402 3629 caelestes
3422 3572 3673 3630 videlicet

2074 3661 2297 3716 ordines
2328 3659 2632 3732 alloquens,
2661 3662 2756 3731 qui
2792 3663 3151 3719 adhaerentes
3180 3663 3456 3719 Conditori
3483 3678 3582 3719 suo
3614 3664 3672 3720 in

2073 3750 2408 3806 beatitudine
2429 3761 2687 3821 perpetua
2718 3761 3171 3823 permanserunt,
3213 3768 3445 3825 quorum
3491 3762 3672 3817 tamen

2075 3858 2334 3905 numerus
2351 3843 2403 3897 in
2424 3844 2727 3914 perditione
2741 3846 2979 3902 hominis
2992 3847 3277 3917 ademptus
3290 3854 3395 3902 est.
3414 3844 3671 3912 Videsne,

2074 3942 2279 4002 quanta
2318 3932 2560 3989 divinum
2585 3935 2782 4004 pathos
2808 3937 3105 4003 contineat,
3135 3937 3262 4001 dum
3301 3937 3384 3992 sic
3409 3937 3669 3997 brevissi-

2076 4038 2223 4079 mum
2254 4038 2319 4077 ex
2349 4038 2460 4076 uno
2497 4024 2783 4095 temporali
2820 4027 3100 4092 adverbio,
3130 4028 3276 4098 quod
3307 4037 3393 4082 est
3416 4043 3577 4094 nunc,
3615 4037 3673 4087 et

2074 4130 2181 4171 una
2199 4114 2401 4175 causali
2417 4115 2819 4186 conjunctione,
2844 4134 2984 4187 quae
3003 4128 3089 4177 est
3105 4135 3253 4189 ergo,
3267 4131 3662 4190 comparatum.

2078 4206 2187 4265 Sed
2214 4206 2381 4263 veluti
2407 4216 2531 4277 post
2548 4208 2784 4265 hominis
2807 4209 3084 4280 planctum
3116 4210 3306 4271 eadem
3343 4210 3527 4268 divina
3555 4212 3668 4268 cle-

2079 4298 2283 4357 mentia
2313 4300 2381 4356 ad
2411 4299 2646 4369 seipsam
2668 4300 3040 4372 caelestesque
3058 4300 3286 4359 virtutes
3313 4302 3668 4365 consolandas

2078 4412 2364 4466 conversa,
2413 4400 2645 4455 reditum
2677 4399 2912 4465 bentinis
2961 4400 3015 4454 in
3061 4399 3370 4470 paradisum
3400 4401 3502 4461 sub
3535 4417 3668 4471 qua—

2079 4489 2201 4546 dam
2223 4490 2525 4548 dubitativa
2538 4491 2829 4547 locutionis
2850 4489 3023 4547 forma
3045 4491 3537 4561 interrogatusque
3547 4508 3668 4563 pro-

2007 4625 2054 4683 D
2079 4581 2269 4639 mittit.
2300 4584 2392 4640 Ait
2431 4585 2580 4639 enim
2610 4600 2623 4637 ε
2664 4580 2748 4637 Ne
2774 4581 2913 4648 forte
2944 4599 3163 4641 manent
3199 4599 3355 4639 suam
3382 4583 3577 4649 mittat,
3616 4594 3667 4641 et

2082 4689 2253 4735 sumat
2277 4679 2342 4734 de
2367 4676 2509 4748 ligno
2534 4678 2693 4742 vitae,
2718 4684 2766 4731 et
2789 4675 3050 4741 comedat,
3074 4685 3123 4729 et
3146 4677 3278 4731 visat
3299 4676 3354 4735 in
3374 4686 3667 4737 aeternitas.

2082 4770 2362 4841 Tanquam
2393 4768 2637 4823 diceret:
2670 4766 2786 4823 Non
2811 4768 2947 4823 adeo
2970 4768 3038 4823 de
3064 4767 3283 4825 interitu
3314 4767 3549 4829 hominis
3574 4769 3669 4824 do-

2080 4862 2299 4918 lendum
2323 4861 2585 4930 lapsuque
2615 4859 2784 4928 ipsius
2808 4859 2876 4914 de
2912 4860 3166 4929 paradiso
3197 4858 3482 4930 lugendum
3507 4876 3524 4925 ;
3560 4875 3669 4923 non

2083 4956 2232 5011 etiim
2259 4968 2382 5024 spes
2412 4952 2673 5011 redeundi
2700 4952 2769 5007 ab
2796 4951 2888 5006 illo
2912 4952 3128 5021 penitus
3151 4950 3327 5013 ablata
3359 4959 3464 5011 est.
3508 4950 3670 5013 Forte
3730 4942 3735 4953 λ

2084 5062 2154 5102 ηε
2182 5045 2363 5105 mittat
2384 5058 2602 5099 manum
2630 5058 2808 5108 suam,
2837 5043 2942 5097 hoc
2960 5049 3065 5106 est,
3099 5042 3420 5103 suaobonae
3440 5044 3669 5113 satiatis

2082 5136 2136 5195 in
2171 5135 2463 5191 virtutibus
2488 5135 2726 5192 studium
2751 5132 3029 5196 extendat,
3057 5145 3166 5200 quo
3185 5132 3356 5199 possit
3380 5132 3448 5189 de
3470 5132 3664 5189 [meti-

2080 5227 2184 5281 bus
2211 5226 2341 5301 ligni
2370 5226 2516 5289 vitae
2542 5237 2777 5290 sumere,
2803 5224 2908 5279 hoc
2941 5229 3046 5293 est,
3072 5218 3170 5277 Dei
3197 5217 3357 5281 Verbi
3378 5219 3670 5289 spirituali—

2079 5319 2180 5374 bus
2211 5317 2388 5384 donis,
2415 5325 2472 5379 et
2490 5313 2742 5377 comedat
2763 5328 2947 5373 escam
2971 5326 3140 5382 purae
3172 5309 3663 5380 contemplationis,

2081 5410 2238 5480 cujus
2275 5411 2477 5466 virtute
2516 5409 2662 5466 vivet
2692 5409 2747 5463 in
2777 5418 3084 5472 aeternum,
3129 5418 3407 5472 nunquam
3435 5405 3502 5460 ad
3536 5421 3664 5477 ege-

1672 5520 1927 5578 VARIAE
1964 5520 2364 5582 ιιΕεΤιοΝΕΒ.

464 5619 483 5703 ξ
513 5616 606 5675 Sic
646 5615 977 5703 CFZLpro‘gt
1013 5616 1215 5703 reliqua
1237 5646 1305 5657 --
1326 5614 1671 5703 aeternum.
1725 5623 1824 5703 εις.

389 5689 493 5761 ξΑ
545 5699 614 5761 et-
713 5687 851 5746 'Sic
880 5687 1273 5761 cratim-

392 5760 416 5832 θ
443 5761 487 5816 Α
519 5758 667 5831 parte
693 5758 975 5832 paradisi.
1030 5756 1169 5832 ’WSic'
1188 5757 1274 5832 (JF
1295 5773 1309 5823 ;
1333 5757 1373 5810 A
1405 5756 1767 5832 spiritualitcr.

1373 5686 1395 5718 ⁸
1426 5687 1517 5742 Sic
1562 5683 1680 5752 CF;
1728 5684 1773 5738 Α
1810 5700 1988 5757 praesa

1405 5756 1767 5814 anirt'tualitcr.
1846 5755 1889 5789 ¹⁰
1916 5756 1988 5810 Λ‹

2071 5688 2234 5740 iserit.
2326 5685 2347 5718 τ
2380 5683 2472 5738 Sic
2527 5683 2647 5745 CF;
2681 5683 3012 5804 Aipeccauet
3040 5706 3113 5719 --
3136 5683 3414 5733 ratiuct—
3433 5683 3663 5735 vixisset.

2071 5772 2085 5809 Γ
2112 5773 2214 5811 non
2235 5755 2420 5811 etiam.
2502 5752 2543 5784 “
2568 5750 2726 5807 SicC
2785 5767 2799 5814 ;
2833 5751 2875 5804 A
2903 5758 3285 5805 remanserunt.
3356 5744 3521 5803 “Sic
3542 5746 3663 5814 CF;

1927 5614 1946 5644 ³
1979 5612 2068 5670 Sic
2111 5615 2185 5681 F;
2221 5614 2265 5669 A
2313 5616 2650 5677 intuentium,
2674 5609 2716 5681 C.
2751 5606 3080 5663 intuendum.
3158 5605 3179 5639 ³
3209 5605 3312 5681 _Sic
3337 5605 3421 5662 CF
3447 5606 3540 5681 ;‘A_
3582 5620 3662 5663 ac.

2326 5685 2347 5718 τ
2380 5683 2472 5738 Sic
2527 5676 2647 5745 CF;
2681 5680 2721 5734 A
2752 5686 3012 5745 peccasset
3040 5706 3113 5719 --
3136 5678 3414 5733 ratiuct—
3433 5676 3664 5745 uixisset.

397 5816 653 5885 Sed'om.
694 5816 769 5885 ἰὶ.
851 5831 894 5863 ⁸³
923 5830 1017 5886 Sic
1044 5831 1120 5895 C;
1170 5830 1216 5883 Α
1264 5816 1493 5898 expulsa?
1532 5827 1727 5897 fuisse;
1778 5825 1819 5879 F
1848 5827 2011 5898 fuisse
2055 5826 2274 5895 expulsa
2349 5824 2390 5858 ν’
2430 5821 2521 5879 Sic
2546 5821 2663 5892 CF;
2688 5820 2733 5879 Α
2761 5821 2915 5890 Quod
2938 5821 2987 5877 si
3021 5820 3194 5878 homo.
3237 5842 3245 5849 ·
3274 5816 3317 5861 ⁸⁸
3340 5819 3385 5895 Α
3414 5816 3668 5877 Dominus

399 5899 442 5932 ³⁸
478 5901 778 5957 caelestium
813 5917 922 5958 om.
960 5901 1026 5956 A.
1106 5900 1148 5932 ‘7
1178 5909 1250 5953 est
1274 5896 1381 5955 om.
1413 5897 1517 5953 CF.
1598 5897 1639 5930 ⁸⁸
1667 5908 1739 5953 est
1770 5914 1877 5953 Olli.
1909 5896 2012 5952 CF.

2094 5898 2134 5932 "
2160 5899 2201 5951 Α
2230 5905 2299 5951 et.
2912 5942 2915 5945 .
