4212 6272
451 377 554 432 865

1247 380 1334 434 ne
1356 361 1706 434 'DlVlSIONE
1744 368 2096 430 NATURAE.
2134 397 2204 407 —
2237 365 2438 422 LIBER
2475 365 2800 434 QUINTUS.

3610 365 3715 422 866

449 499 732 558 venerant,
800 507 1026 563 eamque
1085 494 1435 558 decolorant,
1487 501 1652 564 atque
1702 491 2024 552 deformant,
2056 482 2428 550 Avisibilium
2465 496 2651 538 rerum
2673 479 3151 552 corporaliumque
3198 489 3303 545 est,
3352 487 3410 534 ut
3453 481 3714 548 arbitror,

449 581 873 651 dissimilemque
918 582 1180 638 conditori
1207 598 1306 638 suo
1339 579 1599 636 efﬁciunt.
1643 579 1867 636 Gladius
1903 579 2027 643 iste,

451 671 686 726 Verbum
718 671 970 727 videlicet
990 673 1186 738 Patris,
1216 672 1526 744 unigenitns
1551 670 1738 737 Filius,
1771 671 1946 725 virtus
1977 677 2032 723 et

447 763 712 833 sapientia
758 778 863 818 non
907 763 1176 818 immerito
1223 773 1280 818 et
1331 762 1571 818 creditur
1615 771 1669 815 ct
1716 759 2032 829 intelligitur

446 852 734 917 versatilis,
775 852 937 923 quia,
983 852 1111 907 dum
1176 861 1259 908 est
1308 853 1324 883 ²
1393 859 1585 906 natura
1649 848 2029 914 immutabilis,

444 953 693 999 movetur
722 954 902 999 tamen
930 943 1186 1000 ineffabili
1234 959 1334 999 sua
1382 942 1667 998 clementia
1721 949 1776 995 et
1821 938 2031 994 miseri-

441 1036 628 1091 cordia
658 1052 789 1108 erga
810 1035 1039 1092 salutem
1063 1036 1331 1090 humanae
1373 1044 1620 1090 naturae.
1666 1031 1890 1102 Semper
1928 1029 2034 1084 ita-

442 1140 549 1194 que
580 1125 703 1194 talis
729 1125 1020 1180 Cherubim
1072 1123 1460 1194 ﬂammeusque
1484 1122 1717 1194 .gladius
1763 1118 2032 1176 versatilis

446 1225 574 1272 ante
598 1215 786 1272 oculos
813 1216 1027 1270 animae
1052 1223 1290 1281 nostrae,
1321 1215 1546 1271 rationis
1579 1215 1700 1270 dico
1734 1221 1789 1269 et
1819 1212 2030 1267 intelle-

449 1316 592 1373 ctus,
621 1307 934 1362 collocatur.
986 1307 1126 1374 Quid
1168 1307 1277 1362 ita?
1325 1307 1404 1362 Ad
1449 1305 1841 1362 custodiendam
1893 1307 2032 1360 viam

450 1397 583 1468 tigni
609 1398 774 1463 vitae,
801 1399 904 1452 hoc
956 1405 1066 1461 est,
1098 1411 1166 1452 ne
1207 1398 1350 1452 viam
1404 1397 1533 1468 ligni
1594 1399 1735 1453 vitae
1776 1396 2032 1451 oblivioni

455 1487 753 1552 tradamus,
783 1487 878 1541 sed
913 1500 1126 1557 semper
1150 1489 1468 1544 memoriam
1500 1489 1668 1559 ipsius
1707 1489 1842 1561 ligni
1885 1489 2032 1544 viae-

451 1592 578 1648 que,
607 1592 710 1647 qua
736 1577 842 1632 itur
861 1577 930 1632 ad
959 1577 1110 1644 illud,
1144 1588 1270 1634 ante
1299 1580 1488 1635 oculos
1512 1581 1694 1636 cordis
1735 1581 1906 1636 nostri
1944 1581 2030 1636 in-

451 1669 760 1724 desinenter
802 1669 1120 1726 habeamus.
1164 1671 1234 1726 Et
1265 1688 1334 1728 ne
1395 1673 1633 1740 mireris,
1668 1689 1756 1729 me
1797 1672 2034 1744 singula-

450 1757 584 1811 riter
615 1756 912 1814 Cherubim
962 1761 1274 1829 protulisse,
1302 1778 1422 1818 cum
1454 1763 1644 1820 beatus
1677 1763 2034 1835 Hieronymus

2132 577 2277 646 quod
2302 590 2413 630 non
2437 573 2779 646 incorporale
2802 574 2932 643 quid
2963 583 3020 630 et
3059 573 3398 644 intelligibile
3424 574 3716 645 signiticet.

2132 670 2240 726 Sed
2269 669 2510 740 ipsorum
2539 683 2882 733 recursuum,
2905 683 2973 723 ex
3019 667 3216 738 quibus
3261 676 3587 739 argumenta
3631 669 3716 723 vis

2131 776 2366 828 sumere,
2399 759 2659 832 quosdam
2688 761 2926 817 breviter
2945 759 3108 815 velim
3138 775 3552 820 commemores.
3571 759 3715 815 MAG.

2130 849 2411 916 Omnibus,
2435 858 2494 904 ut
2513 849 2762 917 aestimo,
2779 858 3027 906 naturam
3049 864 3232 905 rerum
3251 849 3717 906 considerantibus

2130 951 2186 996 et
2208 943 2373 997 animi
2394 942 2746 1012 conceptione
2767 951 2822 998 et
2843 941 3139 1013 corporalis
3165 957 3356 998 sensus
3369 939 3574 1010 judicio
3598 942 3719 1000 luce

2131 1032 2331 1088 clarius
2383 1031 2712 1102 patefactum
2768 1041 2874 1098 est,
2934 1032 3223 1089 caelestem
3285 1032 3720 1104 astrigeramque

2132 1123 2418 1192 sphaeram
2460 1139 2674 1195 semper
2722 1125 3014 1183 volubilem
3067 1126 3135 1182 ad
3191 1127 3426 1183 eundem
3476 1127 3720 1183 locorum

2133 1214 2294 1270 situm
2336 1213 2392 1268 in
2425 1211 2629 1285 'viginti
2682 1225 2941 1286 quattuor
2964 1218 3221 1274 horarum
3269 1218 3445 1288 spatio
3489 1218 3667 1274 redire
3702 1236 3717 1272 :

2132 1302 2301 1358 solem
2367 1303 2617 1360 similiter
2668 1307 2735 1361 ad
2801 1306 2942 1361 idem
2993 1315 3254 1377 punctum
3308 1307 3719 1376 aequinoctialis

2133 1392 2409 1460 diametri,
2437 1403 2657 1464 peracto
2679 1397 3054 1466 quadriennio,
3077 1399 3266 1454 eodem
3306 1399 3566 1469 temporis
3608 1415 3720 1454 mo-

2133 1485 2412 1549 mento,in
2441 1494 2565 1542 ortu
2596 1486 2738 1552 dico,
2779 1489 3062 1558 pervenire
3104 1506 3118 1542 :
3158 1488 3340 1544 lunam
3389 1505 3606 1560 quoque
3646 1489 3716 1544 ad

2133 1577 2368 1633 eundem
2417 1577 2596 1635 locum
2647 1579 2925 1651 signiferi,
2978 1597 3087 1652 quo
3140 1598 3366 1639 accensa
3425 1593 3527 1650 est,
3556 1584 3718 1655 paulo

2133 1664 2418 1737 plusquam
2488 1669 2678 1739 viginti
2736 1682 2943 1740 septem
3001 1671 3211 1728 dierum
3269 1681 3326 1728 et
3382 1682 3504 1729 octo
3557 1675 3719 1730 hora-

2136 1770 2258 1810 rum
2309 1756 2593 1814 intervallo
2645 1773 2946 1816 recurrere.
2997 1761 3075 1816 De
3121 1763 3296 1817 reditu
3355 1773 3534 1818 autem
3584 1763 3718 1818 alia-

449 1855 504 1900 et
530 1846 752 1916 pluralis
780 1851 994 1905 numeri
1013 1858 1069 1906 et
1093 1852 1374 1908 masculini
1401 1855 1618 1923 generis
1653 1855 1782 1911 talia
1809 1855 2030 1912 nomina
2057 1843 2107 1904 Β
2135 1863 2254 1904 rum
2291 1848 2654 1918 planetarum,
2678 1852 2802 1922 quia
2824 1852 2871 1894 ι’
2899 1854 3149 1909 omnibus
3175 1854 3496 1926 astrologiae
3528 1855 3721 1925 peritis

450 1939 505 1994 in
535 1941 610 1994 im
637 1941 938 1998 desinentia
967 1944 1107 2014 apud
1134 1944 1409 2002 Hebraeos
1429 1949 1810 2017 pronuntiarit.
1863 1948 2030 2004 Secu-

453 2043 541 2088 tus
567 2047 798 2104 namque
836 2049 957 2090 sum
999 2045 1244 2090 sanctum
1286 2038 1597 2108 Dionysium
1619 2039 2028 2110 Areopagitam,

450 2124 796 2195 singulariter
821 2126 984 2181 etiam
1024 2128 1044 2156 '
1088 2125 1373 2197 Seraphim
1420 2138 1476 2184 et
1518 2131 1812 2187 Cberubim
1856 2131 2032 2187 nomi-

451 2223 688 2281 nantem,
713 2218 1036 2286 praesertim
1067 2233 1192 2273 cum
1218 2228 1272 2274 et
1302 2218 1670 2278 Hebraeorum
1706 2231 1761 2279 et
1793 2222 2032 2279 Graeco-

451 2322 570 2360 rum
593 2323 724 2362 usus
747 2309 838 2374 sit,
862 2309 1156 2380 singularia
1191 2319 1247 2365 et
1285 2311 1511 2381 pluralia
1548 2329 1648 2384 pro
1691 2329 1751 2370 se
1795 2315 2030 2371 invicem

455 2411 674 2464 ponere.
697 2396 802 2452 Sed
831 2415 970 2468 quae
998 2408 1080 2454 est
1115 2401 1206 2454 illa
1240 2402 1345 2467 via,
1394 2419 1533 2473 quae
1561 2404 1712 2460 ducit
1733 2405 1802 2460 ad
1826 2405 2030 2476 lignum

456 2486 633 2540 vitae?
661 2485 729 2541 Et
764 2487 893 2556 quid
933 2498 956 2529 ³
986 2497 1071 2544 est
1107 2490 1236 2546 illud
1272 2491 1500 2563 lignum,
1524 2494 1589 2548 ad
1629 2497 1772 2564 quod
1801 2497 1947 2552 ducit
1970 2496 2034 2551 ‘1’

456 2577 646 2632 Nonne
674 2577 814 2632 idem
843 2579 958 2649 ipse
981 2578 1150 2649 Filius
1173 2581 1290 2649 Dei,
1314 2584 1405 2652 qui
1442 2584 1509 2639 de
1538 2585 1716 2656 seipso
1754 2585 1991 2657 loquitur
2016 2604 2028 2640 ε

455 2671 570 2741 Ego
597 2687 712 2726 sum
740 2672 845 2738 via,
870 2682 916 2726 et
934 2672 957 2704 ⁸
980 2675 1195 2741 veritas,
1211 2685 1259 2728 et
1275 2675 1417 2730 vita?
1445 2676 1598 2744 Quod
1627 2687 1804 2732 autem
1821 2679 1932 2747 ipse
1962 2678 2034 2732 sit

455 2759 659 2831 lignum
687 2761 852 2826 vitae,
877 2762 1064 2818 multis
1087 2764 1301 2820 divinae
1340 2765 1652 2836 Scripturae
1681 2767 1702 2798 °
1729 2767 1861 2824 locis
1885 2784 2032 2824 com-

454 2853 661 2922 pet-itur
687 2854 707 2885 ⁷
737 2854 1110 2922 apertissime,
1141 2856 1214 2912 ita
1252 2867 1313 2913 ut
1349 2857 1496 2915 nullo
1524 2859 1760 2931 indigeat
1798 2861 2032 2917 testimo-

454 2942 565 2997 nio.
590 2942 953 3014 Multipliciter
971 2946 1155 3017 itaque
1177 2948 1230 3002 in
1263 2950 1365 3004 hoc
1393 2949 1511 3007 loco
1535 2960 1758 3008 sanctae
1784 2952 2031 3021 Scriptu-

456 3051 550 3090 rac
581 3036 675 3090 Dei
716 3037 878 3092 Verbi
923 3040 1216 3111 symbolica
1263 3045 1481 3100 nomina
1521 3056 1841 3119 exaggerata
1883 3058 2028 3104 sunt.

455 3123 592 3180 Nam
626 3135 682 3182 et
701 3125 1013 3196 Cherubim,
1045 3139 1100 3186 et
1125 3132 1405 3190 flammeus
1430 3135 1638 3208 gladius
1667 3137 1955 3204 versatilis,
1977 3146 2033 3194 et

2134 1941 2476 1999 notissimum
2512 1951 2626 2009 est,
2668 1959 3061 2015 supervacuum
3112 1946 3384 2002 videbitur
3426 1947 3470 1980 “
3516 1948 3716 2002 dicere.

2135 2032 2349 2090 sumen
2386 2035 2530 2090 enim
2572 2036 2800 2092 duorum
2850 2039 3210 2094 maximorum
3257 2039 3442 2094 mundi
3488 2038 3724 2094 lumina-

2134 2116 2277 2178 rium
2306 2122 2580 2179 naturales
2602 2123 2744 2196 leges
2768 2125 2811 2158 "
2831 2134 2887 2182 et
2906 2127 3266 2184 revolutiones
3282 2128 3349 2184 ad
3368 2143 3453 2195 ea,
3467 2143 3606 2199 quae
3628 2144 3720 2184 co-

2134 2229 2327 2268 namur
2355 2229 2600 2272 asserere
2620 2256 2636 2282 ,
2667 2217 2941 2275 suadenda
2968 2221 3234 2289 posuisse.
3263 2219 3414 2275 Luna
3452 2221 3717 2290 siquidem

2135 2306 2202 2361 ad
2231 2306 2494 2377 principia
2520 2321 2712 2364 cursus
2742 2309 2824 2377 sui
2867 2325 3012 2366 nono
3039 2320 3093 2366 et
3120 2311 3329 2369 decimo
3352 2312 3397 2344 "
3420 2328 3563 2369 anno
3587 2328 3715 2384 per-

2135 2404 2288 2481 acto,
2325 2397 2406 2453 sol
2454 2413 2582 2480 vero
2623 2399 2812 2468 viginti
2863 2410 2919 2456 et
2959 2411 3083 2459 octo
3129 2403 3176 2437 "
3210 2403 3363 2460 ﬁnito
3407 2414 3714 2461 revocatur.

2135 2474 2376 2552 Qui-duo
2397 2474 2608 2544 numeri
2642 2489 2698 2543 in
2730 2505 2790 2545 se
2821 2490 3050 2547 invicem
3093 2493 3430 2564 multiplicati
3457 2495 3513 2550 in
3556 2497 3716 2566 quin-

2134 2590 2324 2649 gentos
2355 2582 2576 2654 triginta
2604 2585 2738 2640 duos
2755 2600 2926 2641 annos
2949 2579 3325 2646 concrescunt.
3356 2572 3562 2658 Quibus
3586 2607 3713 2662 per-

2133 2671 2270 2727 actis
2338 2672 2406 2728 ad
2455 2674 2670 2730 eosdem
2723 2665 2964 2730 locorum
3006 2676 3251 2747 signiferi
3300 2686 3357 2734 et
3411 2689 3717 2750 temporum

2133 2765 2311 2835 magni
2341 2766 2466 2820 anni
2497 2781 2753 2824 numeros
2773 2777 2830 2824 et
2855 2754 3021 2835 'situs,
3052 2774 3485 2843 omnemquesui
3526 2789 3720 2832 cursus

2133 2851 2471 2912 harmoniam
2489 2856 2766 2926 praedicta
2784 2857 2890 2914 duo
2913 2859 3272 2930 “luminaria,
3297 2871 3464 2919 totam
3488 2865 3723 2935 pascha-

2131 2944 2201 3000 lis
2224 2961 2418 3002 cursus
2449 2949 2714 3004 rationem
2743 2952 3086 3022 peragentia,
3120 2952 3299 3006 redire
3337 2955 3715 3024 perhibentur.

2133 3032 2274 3100 Quid
2308 3036 2437 3090 aér?
2464 3035 2652 3092 Nonne
2687 3040 2753 3093 ad
2785 3040 3001 3095 easdem
3038 3039 3328 3110 qualitates
3357 3041 3593 3115 frigoris,
3621 3061 3718 3101 seu

2133 3123 2352 3187 caloris,
2381 3139 2478 3181 seu
2505 3129 2910 3197 temperantiae,
2945 3129 3180 3186 definitis
3203 3141 3485 3190 revocatur
3513 3145 3720 3207 tempo-

455 3218 564 3284 via,
594 3226 649 3273 et
678 3219 880 3291 lignum
909 3221 1054 3277 vitae
1079 3224 1399 3295 appellatur,
1427 3235 1486 3280 ut
1511 3243 1609 3297 per
1630 3229 1734 3286 hoc
1765 3229 2030 3301 intelliga-

2135 3216 2318 3272 ribus?
2337 3215 2475 3285 Quid
2503 3217 2680 3278 dicam
2707 3221 2774 3275 de
2802 3219 3052 3277 Oceano?
3074 3222 3264 3279 Nonne
3297 3240 3396 3294 per
3427 3227 3607 3282 omnia
3637 3227 3720 3281 lu-

454 3324 596 3374 mus,
629 3311 772 3378 quod
798 3311 973 3381 ipsum
1003 3313 1233 3370 Verbum
1254 3332 1528 3388 nunquam
1575 3321 1755 3376 cordis
1798 3323 1970 3378 nostri
2004 3323 2026 3354 ⁸

457 3399 734 3454 obtutibus
762 3401 1000 3468 recedat,
1025 3413 1080 3458 et
1102 3405 1247 3475 quod
1275 3421 1487 3476 semper
1531 3409 1600 3464 ad
1645 3409 2028 3468 illuminandos

449 3502 549 3543 nos
605 3491 1108 3558 praesentissimum
1157 3495 1262 3562 sit,
1312 3506 1368 3552 et
1434 3498 1818 3567 beatitudinis,
1865 3517 2028 3573 quam

450 3582 870 3650 praevaricando
896 3586 1250 3654 perdidimus,
1276 3604 1542 3659 nusquam
1571 3608 1845 3663 nunquam
1868 3593 1889 3624 ⁹
1916 3610 2029 3649 me-

451 3675 680 3730 moriam
705 3677 935 3746 perdere
984 3679 1135 3746 sinit,
1189 3682 1258 3736 ad
1303 3685 1532 3738 eandem
1576 3700 1790 3755 semper
1850 3687 2030 3741 redire

453 3779 554 3819 nos
579 3766 622 3796 "
646 3766 850 3832 volens,
874 3768 1137 3834 et,donec
1164 3770 1220 3825 id
1245 3771 1708 3837 ﬁat,condolendo
1728 3775 2026 3844 suspirans,

454 3870 659 3926 perque
681 3857 942 3913 scientiae
984 3868 1042 3913 et
1087 3861 1317 3918 actionis
1365 3862 1636 3932 perfectos
1680 3865 1878 3936 gradus
1900 3865 2027 3931 iter,

453 3949 600 4018 quod
625 3949 748 4004 illuc
787 3949 953 4017 ducit,
985 3966 1209 4023 carpere
1255 3954 1295 3984 “
1344 3969 1443 4011 nos
1493 3956 1778 4026 instigans.
1822 3960 2026 4030 Ignem,

454 4037 650 4108 inquit,
676 4039 787 4092 veni
809 4041 1008 4094 mittere
1033 4042 1087 4095 in
1115 4051 1329 4109 terram,
1368 4052 1416 4097 et
1439 4045 1566 4114 quid
1602 4047 1738 4112 volo,
1768 4048 1869 4102 nisi
1903 4049 1946 4080 ³³
1972 4060 2028 4104 ut

449 4134 813 4189 accendatur?
861 4135 966 4192 Sed
1008 4137 1321 4208 priusquam
1353 4139 1421 4194 de
1457 4139 1574 4208 ipso
1599 4140 1774 4196 reditu
1811 4151 2031 4207 nostrae

451 4232 685 4279 naturae
713 4233 1032 4292 tractemus,
1059 4229 1326 4296 quaedam
1354 4242 1423 4283 ex
1447 4229 1790 4286 sensibilibus
1837 4233 2029 4302 proba-

454 4317 668 4372 tissima
709 4327 1047 4388 argumenta,
1077 4320 1274 4388 quibus
1335 4319 1594 4375 docemur
1654 4320 2030 4380 incunctanter

453 4409 712 4472 credere,
741 4410 914 4478 ipsum
941 4410 1182 4464 futurum
1213 4425 1357 4478 esse,
1392 4409 1652 4466 sumenda
1681 4410 1950 4478 existimo,
1983 4414 2029 4470 si

455 4499 552 4554 tibi
576 4498 804 4554 videtur.

2129 3323 2320 3364 narem
2348 3323 2567 3364 cursum
2596 3311 2863 3381 sequitur,
2896 3321 3152 3382 certaque
3175 3315 3352 3384 spatia
3371 3330 3502 3371 suae
3528 3331 3717 3371 recur-

2129 3403 2297 3460 sionis
2340 3403 2385 3438 ¹⁹
2434 3404 2714 3460 observat?
2766 3405 2891 3460 Sive
2933 3407 3276 3477 quotidianos
3326 3418 3510 3464 aestus
3533 3449 3548 3474 ,
3602 3411 3718 3465 sive

2130 3510 2397 3564 recessus,
2410 3495 2524 3552 sive
2536 3496 2780 3566 malinas,
2797 3498 2913 3554 sive
2933 3498 3154 3555 ledones
3175 3501 3218 3534 ⁸⁸
3236 3504 3251 3521 ·
3274 3512 3516 3572 peragat,
3538 3504 3719 3559 varios

2129 3600 2343 3658 semper
2363 3595 2589 3643 naturae
2607 3597 2895 3659 certosque
2934 3605 3188 3646 recursus
3222 3606 3330 3646 non
3364 3593 3715 3662 praetermit—

2128 3680 2218 3734 tit.
2244 3678 2383 3746 Quid
2438 3680 2506 3736 de
2540 3680 2730 3736 Nereis
2771 3681 2838 3748 ὀ,
2870 3683 3206 3753 terrenisque
3231 3683 3278 3716 “
3322 3684 3718 3751 animantibus,

2129 3770 2384 3837 surculis,
2405 3770 2622 3826 herbis?
2643 3769 2780 3826 Num
2803 3773 2848 3804 "
2869 3772 3121 3829 similiter
3141 3788 3238 3830 sua
3269 3780 3509 3845 tempora
3537 3777 3722 3831 obser-

2130 3869 2262 3914 vant
2285 3900 2300 3926 ,
2331 3861 2528 3929 quibus
2562 3861 2617 3915 in
2657 3861 2852 3928 foetus,
2883 3861 3073 3928 ﬂores,
3119 3862 3266 3928 folia,
3299 3863 3508 3921 fructus
3538 3881 3717 3921 erum-

2130 3959 2262 4022 pant
2287 3951 2368 4004 ²³ἳ
2385 3951 2466 4006 Ac
2485 3950 2533 3984 "
2557 3953 2875 4022 simpliciter
2915 3955 3199 4010 dicendum
3219 3993 3234 4020 ,
3267 3956 3412 4009 nulla
3454 3972 3717 4026 corporea

2132 4048 2380 4096 creatura
2401 4046 2506 4105 est,
2529 4039 2678 4095 vitali
2709 4049 2860 4096 motu
2883 4050 3153 4112 vegetata,
3184 4057 3322 4111 quae
3346 4059 3454 4098 non
3474 4045 3542 4099 ad
3564 4046 3717 4113 prin-

2132 4130 2334 4199 cipium
2379 4139 2558 4185 motus
2606 4130 2692 4185 sui
2736 4140 3059 4186 revertatur.
3091 4132 3241 4186 Finis
3279 4132 3425 4186 enim
3478 4134 3641 4188 totius
3667 4133 3716 4166 ³⁵
3819 4170 3827 4179 .

2131 4228 2310 4278 motus
2337 4228 2422 4278 est
2444 4221 2770 4293 principium
2800 4221 2915 4287 sui;
2949 4237 3056 4278 non
3082 4223 3228 4278 enim
3257 4223 3364 4278 alio
3399 4222 3508 4279 fine
3533 4227 3719 4280 termi-

2133 4323 2312 4379 natur,
2344 4313 2449 4370 nisi
2469 4329 2568 4369 suo
2593 4313 2882 4384 principio,
2917 4328 2951 4368 a
2975 4328 3082 4384 quo
3101 4313 3294 4384 incipit
3311 4315 3537 4379 moveri,
3571 4323 3628 4369 et
3646 4319 3716 4372 ad

2133 4408 2276 4478 quod
2301 4406 2479 4462 redire
2505 4419 2721 4476 semper
2745 4404 2970 4474 appetit,
3001 4413 3063 4459 ut
3096 4405 3152 4460 in
3180 4417 3247 4460 eo
3291 4405 3505 4462 desinat
3549 4414 3714 4478 atque
3745 4396 3750 4400 ’

2134 4503 2397 4573 quiescat.
2423 4500 2492 4556 Et
2513 4515 2622 4556 non
2654 4499 2828 4554 solum
2856 4501 2923 4555 de
2943 4498 3188 4569 partibus
3211 4498 3482 4554 sensibilis
3505 4501 3712 4565 mundi,

524 4590 579 4644 5.
623 4591 769 4646 ῡιεο.
811 4591 1036 4649 Videtur
1083 4591 1262 4664 plane.
1317 4592 1398 4648 Ex
1449 4592 1785 4650 sensibilium
1835 4575 2322 4665 quippeDverum
2344 4592 2508 4647 etiam
2539 4592 2606 4646 de
2629 4591 2744 4661 ipso
2768 4599 2881 4646 toto
2906 4591 2959 4645 id
2985 4590 3161 4661 ipsum
3184 4589 3586 4659 intelligendum
3607 4601 3714 4646 est.

453 4683 792 4740 naturalibus
820 4685 1155 4754 argumentis
1180 4686 1248 4740 ad
1292 4700 1484 4754 puram
1535 4685 1894 4756 spiritualium
1943 4700 2033 4740 re-

457 4797 576 4836 rum
631 4780 996 4852 cognitionem
1044 4795 1208 4836 verae
1254 4780 1685 4836 ratiocinationis
1729 4777 2036 4849 progressio

455 4877 634 4936 potest
665 4869 970 4940 pervenire.
1001 4868 1142 4925 MAG.
1166 4869 1462 4926 Considera
1502 4869 1714 4939 itaque,
1738 4879 1917 4924 utrum
1944 4869 2033 4926 isti

460 4959 660 5015 locales
690 4961 1122 5033 temporalesque
1154 4960 1313 5032 hujus
1338 4962 1523 5018 mundi
1549 4961 1778 5018 visibilis
1799 4962 2033 5032 partium

461 5065 715 5107 recursus
733 5063 930 5110 vacant
956 5055 1189 5125 quodam
1215 5055 1495 5126 mysterio,
1521 5067 1708 5110 necne.
1752 5053 1898 5111 Dtsc.
1930 5053 2035 5109 Va-

460 5156 592 5199 care
616 5157 710 5201 eos
736 5147 996 5215 mysterio
1018 5161 1129 5204 non
1172 5145 1333 5204 facile
1382 5143 1650 5211 dixerim;
1703 5143 1841 5200 nihil
1890 5147 2035 5201 enim

2136 4686 2289 4741 Finis
2322 4684 2468 4739 enim
2498 4683 2667 4753 ipsius
2694 4681 3015 4752 principium
3043 4695 3201 4736 suum
3229 4689 3342 4747 est,
3381 4681 3524 4749 quod
3554 4697 3717 4751 appe-

2138 4779 2225 4844 tit,
2252 4785 2436 4846 etquo
2457 4783 2673 4846 reperto
2698 4774 2955 4840 cessabit,
2989 4787 3098 4828 non
3121 4780 3184 4827 ut
3209 4773 3510 4829 substantia
3543 4774 3716 4843 Ipsius

2140 4877 2346 4942 pereat,
2372 4868 2467 4924 sed
2495 4876 2555 4922 ut
2575 4868 2630 4922 in
2664 4881 2793 4922 suas
2818 4866 3054 4921 rationes
3077 4905 3092 4932 ,
3122 4881 3189 4921 ex
3222 4866 3418 4935 quibus
3440 4864 3716 4934 profectus

2140 4971 2244 5030 est,
2291 4969 2593 5017 revertatur
2633 4959 2700 5011 “.
2745 4957 3006 5013 Praeterit
3047 4957 3216 5022 enim,
3262 4958 3339 5012 ait
3384 4957 3716 5026 Apostolus,

2141 5057 2313 5126 ﬁgura
2355 5053 2514 5124 hujus
2557 5051 2760 5105 mundi.
2793 5048 2966 5118 Quam
3009 5048 3358 5118 apostolicam
3393 5053 3718 5107 sententiam

2145 5153 2366 5202 sanctus
2393 5143 2554 5198 Pater
2581 5141 2910 5213 Augustinus
2936 5138 3174 5195 breviter
3191 5137 3461 5206 exposuit,
3487 5139 3672 5198 dicens
3701 5157 3714 5191 :

1741 5296 1999 5354 VARIAE
2033 5292 2437 5354 LECTIONES.

536 5412 552 5445 ¹
613 5410 698 5468 CF
738 5412 828 5465 sit.
903 5413 925 5444 '
978 5411 1136 5467 etiam
1173 5428 1284 5470 om.
1305 5412 1375 5470 A.
1452 5409 1718 5482 'Aquod.

1814 5407 1838 5439 ‘
1864 5409 1954 5464 Sic
1979 5408 2095 5474 CF;
2135 5409 2182 5463 A
2218 5405 2451 5461 ducitur.

2573 5401 2596 5434 ι
2625 5410 2672 5457 ει
2710 5415 2819 5457 οη),
2855 5402 2926 5455 Α,
3031 5397 3053 5430 ⁸
3085 5397 3133 5466 Α
3160 5395 3449 5466 scripturae
3489 5399 3714 5457 divinae.

461 5484 484 5518 τ
509 5481 596 5539 CF
621 5463 1372 5552 Sambaiamrff'i'ér'ﬁiiﬁ
1392 5463 1585 5538 cordis:
1642 5463 1676 5510 θ’
1703 5463 1967 5549 nunquam
1991 5463 2100 5536 om:
2126 5479 2192 5552 A.
2271 5475 2315 5507 ¹⁰
2333 5469 2572 5552 δίςβξξ,
2589 5471 2634 5524 Α
2660 5487 2752 5526 ηοε
2774 5469 2963 5552 νβάίνςο
3040 5467 3082 5499 ¹¹
3106 5463 3300 5552 Ξὶοιοξ
3316 5483 3330 5530 ;
3422 5481 3714 5552 (ειινρεεηιεςζ

465 5555 509 5587 ³³
527 5538 574 5607 Α
597 5555 670 5608 ni.
735 5538 794 5583 ’¹³
817 5553 909 5625 Sic
928 5551 1045 5620 CF;
1078 5538 1124 5608 Ᾱ
1151 5538 1312 5625 quod.
1389 5538 1985 5625 “AAsupervaca'neum
2009 5558 2084 5602 est
2129 5549 2370 5625 dicere._
2407 5542 2453 5575 ¹⁹
2477 5545 2523 5596 Α
2554 5541 2688 5625 teges
2723 5538 3007 5625 nat-ura‘les'.

465 5641 600 5679 nono
623 5634 670 5678 et
702 5640 796 5688 X°;
829 5623 868 5678 ἰδ’
892 5634 1033 5680 vun°
1051 5636 1099 5679 et
1127 5623 1204 5678 ιδ.

467 5765 513 5795 ²²
542 5765 632 5819 Sic
659 5764 813 5820 ACF.

789 5859 1065 5917 PATBOL.
1099 5858 1354 5918 CXXII.

1282 5625 1323 5658 "'
1346 5625 1394 5680 Α
1421 5614 1621 5678 decimo
1650 5630 1866 5685 octavo;
1895 5618 1937 5675 C
1961 5634 2056 5672 xxo
2073 5628 2120 5672 et
2150 5631 2306 5690 _Vlll°3
2328 5614 2751 5690 [εξξξςιβιηνηιιιο.Δ
2810 5614 2855 5640 ³⁸
2890 5614 2916 5690 ll

463 5677 1314 5762 cursionissuaefiB‘VSicCF;
1346 5677 1393 5749 ἶ
1415 5677 2254 5762 sivematutinoesiveserotinos
2272 5677 2302 5738 εί
2366 5683 2415 5762 ’ξ
2446 5677 2687 5762 SicJCl";
2723 5681 2769 5734 Α
2808 5679 2965 5762 aeris.

902 5766 949 5796 ”
980 5765 1072 5819 Sic
1095 5750 1217 5830 CF';
1255 5750 1618 5835 A'm'mnpunt.
1696 5761 1744 5793 “
1777 5760 1913 5816 AEt.
1988 5760 2036 5792 ⁸⁸
2066 5759 2226 5814 totius
2253 5771 2360 5813 om.
2387 5753 2453 5808 A.
2531 5750 2576 5790 ³⁸
2601 5750 2647 5806 Α
2678 5759 2910 5806 revertat.

3106 5535 3152 5567 ¹⁶
3178 5534 3225 5590 Α
3254 5537 3454 5590 decimo
3495 5534 3654 5604 nono,
3679 5543 3722 5595 C

2810 5609 2855 5640 ⁸⁸
2890 5609 2936 5662 Α
2965 5608 3069 5661 duo
3100 5605 3388 5675 praedicta.
3467 5607 3510 5637 ι’
3545 5608 3590 5660 Α
3634 5626 3718 5663 τε-

3063 5677 3108 5710 ⁶¹
3141 5675 3232 5733 Sic
3251 5675 3335 5732 CF
3359 5693 3375 5743 ;
3406 5675 3452 5731 Α
3479 5680 3721 5735 terrenis.

3289 5841 3372 5904 28
