4212 6272
520 390 624 455 869

1382 396 1470 481 ne
1514 350 1851 454 mvrsnons
1899 392 2249 484 NATuaAE.
2290 423 2360 433 —
2394 393 2599 463 uasa
2637 393 2962 481 QUINTUS.

3660 360 3671 409 ί
3686 398 3792 456 870

519 511 728 578 lectica,
760 518 815 566 et
843 502 1097 567 delinitur
1124 507 1263 564 bene
1292 508 1601 580 disputandi
1639 507 1890 579 scientia,
1929 504 2106 580 primo
2134 513 2182 585 Α
2209 521 2316 562 non
2348 500 2643 563 secundum
2680 502 2954 573 naturam,
2985 502 3080 573 sed
3113 509 3411 589 secundum
3447 496 3795 570 consuetudi-

480 594 757 656 'omnium
803 601 947 657 circa
969 601 1169 667 οὐσίαν,
1201 599 1367 655 veluti
1419 600 1565 656 circa
1609 600 1888 672 proprium
1941 598 2024 657 sui
2082 601 2100 631 ⁸

518 693 839 766 principium
866 703 1136 760 versatur,
1162 707 1227 746 ex
1274 707 1381 761 qua
1406 692 1583 747 omnis
1612 692 1805 747 divisio
1836 700 1892 748 ‘et
1923 691 2102 747 multi-

516 786 733 858 plicatio
769 802 976 855 eorum,
1012 787 1078 842 de
1102 786 1300 857 quibus
1329 800 1418 840 ars
1449 785 1565 855 ipsa
1590 776 1852 854 disputat,
1883 780 2106 838 inchoat

512 893 612 951 per
633 890 830 951 genera
854 864 1264 952 generalissima
1288 875 1574 947 mediaque
1606 890 1805 948 genera
1831 889 2002 945 usque
2034 874 2103 941 ad

511 963 718 1023 formas
749 977 805 1024 et
831 969 1043 1041 species
1073 964 1494 1039 speeialissimas
1518 966 1872 1032 descendens,
1918 975 1973 1022 et
1997 966 2101 1021 ite-

511 1080 634 1135 rum
672 1063 1108 1139 Complicationis
1138 1061 1337 1134 regulis
1363 1076 1461 1132 per
1498 1062 1714 1116 eosdem
1750 1060 1972 1132 gradus,
2005 1074 2102 1130 per

510 1171 651 1228 quos
712 1155 1049 1228 degreditur,
1105 1155 1276 1211 donec
1324 1152 1391 1209 ad
1432 1153 1605 1224 ipsam
1626 1150 1824 1221 οὐσίαν,
1879 1168 1945 1209 ex
1994 1168 2101 1224 qua

511 1258 733 1315 egressa
785 1252 888 1310 est,
920 1243 1224 1315 perveniat,
1274 1258 1383 1299 non
1430 1243 1630 1298 desinit
1658 1244 1836 1300 redire
1878 1243 1930 1298 in
1955 1260 2099 1311 eam,

511 1351 619 1407 qua
650 1350 863 1406 semper
905 1336 1107 1408 appetit
1150 1336 1449 1407 quiescere,
1492 1342 1547 1390 et
1574 1335 1717 1391 circa
1747 1352 1865 1392 eam
1888 1336 1974 1392 vel
2013 1320 2100 1393 so-

480 1494 483 1497 λ
513 1427 624 1483 lum
656 1427 741 1483 vel
761 1428 999 1483 maxime
1024 1418 1350 1497 intelligibili
1383 1434 1532 1482 motu
1565 1426 1834 1483 convolvi.
1867 1424 2004 1494 Quid
2034 1424 2100 1481 de

510 1520 895 1578 Arithmetica‘
923 1520 1249 1576 dicendum?
1275 1518 1524 1590 Nunquid
1570 1528 1625 1577 et
1651 1510 1768 1591 ipsa
1805 1536 1835 1575 a
1872 1514 2101 1576 monade

510 1612 794 1682 incipiens,
822 1628 1024 1685 perque
1059 1615 1081 1643 ’
1110 1612 1354 1669 diversas
1381 1629 1731 1669 numerorum
1758 1613 1968 1683 species
1999 1614 2101 1668 dis-

506 1703 725 1771 cedens,
776 1703 975 1761 iterum
1014 1703 1161 1781 l‘acta
1204 1705 1534 1762 resolutione
1588 1706 1656 1762 ad
1702 1707 1933 1764 eandem
1978 1721 2099 1762 mo-

501 1794 640 1850 nada
668 1795 834 1864 redit,
879 1796 1023 1852 ultra
1065 1813 1230 1869 quam
1261 1799 1557 1856 ascendere
1586 1799 1763 1859 nescit
1784 1798 1808 1852 ?
1833 1796 1944 1853 Nec
1996 1797 2097 1852 im-

2172 592 2326 665 ,nem
2404 592 2738 672 loquentium
2792 592 3093 661 subsistere
3128 594 3451 664 Aristoteles
3516 624 3638 663 cum
3678 594 3793 667 suis

2168 754 2173 761 ,
2204 692 2565 749 sectatoribus
2589 688 2874 775 approbat,
2898 693 2981 749 vel
3001 693 3070 749 de
3095 697 3272 750 causis
3297 706 3459 769 atque
3482 691 3528 736 ιδ
3542 692 3793 769 personis

2203 783 2549 853 specialibus,
2582 778 2726 855 quod
2757 784 2916 857 longe
2943 801 2973 840 a
2996 794 3187 869 natura
3218 778 3408 849 rerum
3441 790 3622 857 distat.
3650 789 3783 847 Nam

2166 858 2177 961 ξ
2203 875 2331 930 dum
2367 877 2406 907 ¹¹
2436 875 2728 937 Rhetorica
2754 877 2820 933 de
2846 865 3222 941 communibus
3248 880 3402 949 locis,
3433 882 3521 952 qui
3544 884 3615 943 ad
3633 885 3676 917 “
3698 902 3792 942 na-
3878 940 3893 949 ,

2207 977 2384 1023 turam
2430 984 2615 1023 rerum
2640 970 2935 1055 pertinent,
2971 959 3211 1028 tractare
3245 972 3455 1045 nititur,
3501 992 3607 1037 non
3639 992 3786 1044 suas,

2203 1060 2299 1117 sed
2334 1059 2660 1116 Dialecticae
2687 1061 2883 1134 arripit
2907 1073 3112 1133 partes.
3146 1063 3263 1121 Hoc
3288 1076 3468 1125 autem
3502 1068 3648 1137 dico,
3679 1087 3787 1131 non

2170 1135 2346 1222 :quod
2373 1153 2594 1208 omnino
2620 1153 2989 1213 Grammatica
3029 1162 3083 1212 et
3136 1156 3430 1217 Rhetorica
3476 1158 3515 1191 ¹⁸
3544 1135 3658 1219 suis
3700 1178 3790 1219 ve-

2167 1228 2298 1311 :luti
2345 1228 2627 1312 principiis
2675 1244 2971 1311 caruerint,
3016 1260 3139 1303 cum
3191 1262 3298 1301 una
3350 1262 3417 1304 ex
3472 1251 3660 1317 litera,
3715 1236 3791 1311 al-

2204 1337 2329 1383 tera.
2379 1346 2445 1384 ex
2506 1328 2797 1411 hypothesi
2838 1374 2853 1400 ,
2929 1334 3035 1389 hoc
3095 1344 3201 1405 est,
3246 1335 3399 1394 ﬁnita
3472 1345 3793 1412 quaestione

2203 1417 2465 1489 incipiant
2521 1418 2588 1487 “,
2617 1428 2672 1477 et
2701 1416 2773 1478 in
2809 1413 3028 1481 easdem
3081 1427 3444 1496 resolvantur,
3490 1432 3627 1490 bene
3654 1434 3788 1492 scri-

2200 1511 2362 1571 bendi
2421 1517 2640 1587 quidem
2691 1519 2923 1575 scientia
2973 1520 3030 1577 in
3074 1521 3326 1594 literam,
3379 1526 3520 1591 bene
3570 1530 3784 1588 dicendi

2172 1624 2332 1689 _vero
2369 1606 2561 1681 peritia
2618 1613 2673 1668 in
2702 1612 3050 1686 hypothesin,
3087 1619 3184 1676 sed
3226 1621 3370 1690 quod
3405 1621 3682 1682 validioris
3703 1626 3786 1681 vi-

2198 1697 2347 1775 goris
2375 1699 2484 1756 sint
2510 1702 2578 1758 ad
2598 1702 2975 1787 apprehendas
3020 1708 3065 1741 "
3096 1708 3178 1775 vel
3202 1712 3478 1783 negandas
3516 1717 3788 1787 quaestio—

2202 1803 2332 1877 nes,
2413 1804 2553 1860 quae
2622 1791 2689 1848 de
2764 1809 2947 1853 rerum
3025 1798 3359 1869 incertarum
3425 1803 3789 1877 inquisitioni-

502 1888 724 1955 merito,
748 1905 871 1965 cum
894 1904 1084 1947 omnes
1130 1888 1382 1947 ‘numeri
1407 1905 1868 1961 numerorumque
1889 1888 2097 1959 species
2125 1881 2175 1961 Β
2200 1872 2303 1936 bus
2364 1879 2520 1949 ﬁunt.
2581 1896 2901 1957 argumenta
2953 1905 3022 1946 6!
3066 1902 3258 1950 natura
3310 1872 3517 1955 rerum-
3544 1912 3779 1972 sumpta.

503 1980 574 2034 ab
618 1996 680 2037 ea
715 1981 997 2053 incipiant,
1044 1990 1101 2039 et
1140 1981 1195 2036 in
1242 1997 1361 2037 eam
1387 1982 1664 2051 desinant,
1692 1990 1748 2039 et
1783 1981 1840 2039 in
1862 1996 1930 2038 ea
1956 1981 2009 2036 vi
2040 1989 2095 2037 et

499 2079 771 2143 potestate
819 2072 1140 2139 subsistant,
1173 2073 1628 2144 quemadmodum
1678 2072 1860 2131 omnia
1891 2087 2093 2144 genera

501 2176 799 2235 onmesque
823 2163 1032 2235 Species
1058 2178 1242 2219 rerum
1275 2163 1627 2220 continentur
1647 2163 1700 2219 in
1726 2167 1885 2221 οὐσία
1927 2174 2092 2234 atque

497 2253 798 2313 salvantur.
826 2254 942 2311 Non
966 2256 1124 2311 aliter
1148 2255 1203 2310 in
1228 2254 1535 2311 Geometria
1559 2256 1923 2322 sentiendum,
1952 2271 2092 2327 quae

500 2345 688 2400 eadem
714 2345 922 2400 ratione
946 2361 976 2401 a
996 2345 1283 2423 principio,
1307 2346 1414 2411 sui,
1443 2346 1590 2416 quod
1626 2345 1819 2405 Graeci
1849 2355 2088 2423 σημεῖον,

500 2431 680 2489 Latini
706 2435 919 2505 signum
948 2444 1167 2501 vocant,
1196 2436 1485 2506 incipiens,
1508 2451 1606 2507 per
1625 2436 1784 2508 plana
1812 2438 2092 2510 solidaque

501 2520 1167 2592 schemataLsuperlicies
1193 2566 1208 2591 ,
1266 2533 1322 2580 et
1377 2525 1572 2593 latera,
1623 2526 1848 2603 angulos
1870 2543 2092 2603 quoque

502 2629 856 2687 componens,
880 2617 1236 2690 longitudinis
1274 2627 1331 2674 et
1352 2617 1375 2650 ⁸
1397 2619 1721 2697 latitudinis,
1751 2602 2090 2692 profundita-

502 2707 569 2763 tis
615 2708 780 2765 etiam
824 2709 997 2781 spatia
1019 2711 1249 2782 perlicit.
1293 2710 1500 2779 Quibus
1532 2712 1784 2768 omnibus
1839 2713 2087 2771 resolutis

499 2799 567 2854 ad
596 2798 880 2873 proprium
922 2801 1015 2861 ,sui
1055 2802 1408 2881 principium,
1459 2803 1605 2874 quod
1635 2812 1718 2858 est
1747 2803 1982 2875 signum,
2027 2803 2084 2859 in

498 2908 607 2965 quo
642 2903 754 2951 tota
778 2896 953 2954 virtus
996 2898 1134 2955 artis
1174 2899 1444 2964 consistit,
1494 2898 1814 2971 regreditur.
1854 2899 1993 2966 Quid
2019 2901 2085 2957 de

498 2981 739 3039 Musica?
755 2983 946 3043 Nonne
969 2997 1024 3045 et
1063 2989 1180 3059 ipsa
1204 3005 1233 3044 a
1254 2990 1523 3062 principio
1554 2990 1635 3046 sui
1661 2991 1681 3022 ⁸
1705 2991 1914 3062 incipit,
1940 2992 2083 3062 quod

498 3084 697 3129 vocant
729 3084 936 3143 tonum,
963 3086 1018 3132 et
1046 3078 1191 3134 circa
1224 3079 1593 3152 symphonias,
1643 3080 1757 3136 sive
1782 3080 2078 3153 simplices,

498 3161 611 3217 sive
633 3166 981 3240 compositas,
1005 3177 1269 3235 movetur,
1298 3184 1434 3239 quas
1462 3169 1639 3227 denuo
1658 3168 1956 3234 resolvens,
1999 3179 2078 3226 to-

2199 1984 2361 2061 quam
2385 1985 2452 2026 ex
2475 1972 2728 2030 humanis
2756 1976 3160 2047 inventionibus
3175 1986 3498 2061 excogitata.
3518 1974 3783 2059 Humanis

2132 2064 2139 2069 ‘
2197 2054 2466 2151 siquidem
2515 2071 3078 2137 argumentationibus
3120 2086 3175 2131 et
3216 2054 3355 2151 benwe
3399 2054 3675 2140 scribendi
3728 2095 3786 2142 et

2190 2146 2331 2247 bene
2362 2150 2573 2247 dicendi
2610 2172 2700 2214 ars
2735 2170 2789 2216 et
2826 2160 2970 2219 facta
3009 2174 3063 2221 et
3098 2178 3310 2247 reperta
3332 2148 3448 2239 est.
3486 2173 3632 2239 Drsc.
3673 2176 3785 2235 Cur

2195 2242 2381 2316 itaque
2419 2244 2735 2343 innumero
2775 2248 3077 2314 liberalium
3115 2242 3519 2332 disciplinarum
3552 2281 3780 2343 compu-

2195 2344 2400 2406 tantur,
2441 2338 2488 2396 si
2518 2340 2819 2403 secundum
2848 2357 3102 2406 naturam
3129 2368 3237 2410 non
3266 2364 3423 2424 sunt,
3462 2359 3556 2416 sed
3579 2338 3779 2425 secun-

2193 2426 2319 2482 dum
2347 2428 2585 2487 humana
2630 2433 3111 2497 machinamenta?
3147 2429 3297 2503 MAG.
3343 2446 3460 2504 Non
3496 2426 3669 2511 aliam
3701 2456 3780 2521 ob

2192 2522 2652 2621 causam-video,
2697 2538 2917 2599 praeter
2962 2535 3107 2604 quod
3152 2540 3317 2592 matri
3358 2524 3591 2612 artium,
3634 2560 3778 2621 quae

2190 2614 2277 2664 est
2324 2608 2613 2671 Dialectica
2647 2656 2664 2684 ,
2718 2634 2934 2690 semper
2985 2620 3405 2682 adhaereant“.
3438 2608 3585 2693 Sunt
3630 2608 3778 2694 enim

2168 2702 2355 2758 'veluti
2401 2702 2668 2778 quaedam
2718 2707 2889 2781 ipsius
2936 2708 3162 2769 brachia
3191 2714 3417 2776 rivulive
3450 2737 3518 2789 ex
3555 2737 3621 2785 ea
3656 2743 3775 2787 ma-

2166 2796 2414 2863 nantes,
2449 2799 2533 2854 vel
2567 2810 2717 2857 certe
2749 2796 3140 2875 instrumenta,
3175 2808 3371 2881 quibus
3407 2829 3533 2871 suas
3568 2816 3772 2881 intelli-

2187 2884 2378 2977 gibiles
2402 2888 2743 2950 inventiones
2767 2895 3019 2954 humanis
3047 2900 3233 2957 usibus
3263 2904 3590 2977 manifestat,
3620 2911 3751 2975 Βιεσ

2185 2974 2323 3035 Huic
2360 2985 2697 3053 responsioni
2735 3000 2844 3042 non
2879 3004 3264 3065 usquequaque
3309 2974 3731 3069 contradiserim
3757 3014 3791 3062 .‘

2185 3068 2298 3126 veri
2345 3088 2580 3144 namque
2626 3074 2820 3135 similis
2843 3072 2890 3112 "
2915 3094 3017 3137 est.
3052 3078 3240 3141 Potest
3266 3088 3411 3145 enim
3438 3072 3775 3155 rationabilis

2186 3161 2368 3218 anima
2416 3164 2556 3221 intra
2607 3172 2958 3243 semetipsam
3004 3175 3070 3231 de
3117 3176 3429 3241 liberalibus
3470 3185 3769 3260 disciplinis

494 3269 624 3351 num
671 3255 776 3321 sui,
816 3256 1070 3312 videlicet
1097 3257 1443 3329 principium,
1490 3260 1706 3330 repetit,
1744 3261 2001 3332 quoniam
2022 3260 2081 3317 in
2111 3248 2156 3311 C
2188 3263 2458 3351 tractare,
2490 3259 2698 3332 absque
2727 3266 2879 3322 vocis
2907 3269 3227 3328 articulatae
3262 3248 3626 3351 disertaeque-
3646 3299 3770 3342 ora-

490 3343 609 3414 ipso
635 3346 750 3417 ipsa
774 3355 882 3403 tota
911 3349 961 3403 vi
1000 3348 1021 3379 ⁶
1057 3359 1113 3404 et
1136 3358 1403 3420 potestate
1416 3351 1705 3407 subsistit?
1733 3350 1867 3421 Quis
1897 3361 2079 3410 autem

485 3438 701 3509 ignorat
743 3441 1106 3515 Astrologiam
1136 3442 1361 3515 ",cujus
1398 3444 1633 3501 maxima
1657 3445 1739 3500 vis
1766 3454 1870 3512 est,
1902 3454 2081 3503 motus

485 3534 736 3591 siderum’
748 3549 847 3605 per
886 3534 1006 3592 loca
1029 3544 1085 3593 et
1112 3544 1355 3607 tempora
1384 3537 1755 3601 considerare,
1793 3538 1861 3592 ab
1890 3546 2077 3593 atomo

485 3645 704 3686 cursum
754 3644 914 3686 suum
945 3630 1209 3700 incipere,
1238 3630 1403 3701 inque
1434 3631 1613 3702 ipsum
1659 3629 1912 3693 resolutis
1944 3638 2077 3686 tem-

480 3736 676 3791 porum
724 3721 914 3791 spatiis
943 3736 1101 3777 suum
1154 3736 1436 3777 recursum
1489 3721 1802 3777 terminare.
1842 3720 2077 3778 Videsne

486 3810 693 3882 itaque,
748 3810 1018 3881 quomodo
1060 3812 1372 3883 praedictae
1448 3811 1784 3869 rationabilis
1834 3812 2000 3867 animi
2054 3813 2077 3844 ⁸

488 3902 874 3974 coneeptiones
897 3902 1161 3975 principia
1184 3919 1286 3959 sua
1308 3912 1581 3976 repetunt,
1614 3904 1667 3958 in
1692 3900 1887 3974 quibus
1912 3904 2075 3959 linem

488 4001 672 4049 motus
707 3995 788 4050 sui
841 3994 1213 4067 constituunt?
1246 3994 1582 4068 Principium
1625 3993 1824 4065 quippe
1868 4006 1922 4049 et
1951 3994 2075 4049 linis

486 4087 542 4141 in
590 4086 675 4142 bis
709 4087 992 4155 omnibus,
1043 4097 1102 4145 ut
1126 4088 1463 4159 praedictum
1510 4097 1612 4153 est,
1648 4088 1704 4143 id
1751 4087 1925 4156 ipsum
1964 4095 2068 4142 est.

481 4178 631 4233 Disc.
664 4177 831 4236 Plane
880 4179 1057 4247 video,
1092 4188 1145 4235 et
1173 4180 1366 4235 modus
1411 4180 1516 4234 iste
1560 4177 2069 4249 argumentationis,

483 4268 574 4339 qui
624 4282 691 4323 ex
740 4268 1168 4339 intelligibilibus
1207 4269 1477 4334 sumitur,
1547 4267 1615 4325 ad
1664 4282 1804 4334 rem,
1853 4267 1920 4323 de
1965 4282 2070 4337 qua

481 4372 628 4413 nunc
657 4358 866 4427 agimus
893 4361 950 4424 ’,
982 4358 1292 4415 credibilem
1323 4356 1626 4413 faciendam
1653 4357 1881 4415 multum
1904 4357 2068 4424 valet,

464 4457 548 4504 .ut
570 4449 1049 4521 arbitror.,Agitur
1076 4459 1259 4506 autem
1282 4451 1347 4507 de
1377 4449 1551 4506 reditu
1581 4457 1824 4505 naturae.
1856 4448 2067 4506 Verun-

487 4546 671 4594 tamen
720 4553 841 4595 cum
892 4555 959 4595 ex
990 4539 1303 4595 liberalibus
1327 4538 1625 4611 disciplinis
1653 4538 1928 4609 praefatus
1983 4549 2067 4595 at-

2188 3341 2350 3439 tionis
2382 3350 2634 3418 strepitu.
2687 3346 2795 3408 Sed
2835 3357 2977 3425 quod
3019 3358 3187 3416 instat
3231 3373 3285 3417 ct
3308 3365 3380 3421 ad
3422 3341 3771 3439 praesentem

2184 3437 2451 3494 actionem
2475 3440 2668 3498 attinet
2687 3487 2702 3511 ,
2724 3444 3013 3505 videndum
3035 3460 3137 3509 est.
3164 3447 3303 3512 MAG.
3330 3437 3470 3526 Quid
3493 3471 3651 3521 estne
3682 3467 3725 3498 ¹⁸
3749 3470 3771 3523 ?

2255 3529 2308 3629 ᾇ.
2341 3526 2487 3588 ῡιεο.
2519 3530 2690 3629 Quid,
2722 3532 2823 3593 nisi
2856 3548 2914 3597 ut
2944 3543 3267 3602 auctoritate
3297 3551 3596 3620 approbes,
3621 3557 3767 3629 prin-

2182 3620 2379 3714 cipium
2408 3624 2736 3714 naturalium
2767 3639 3011 3695 motuum
3038 3632 3310 3707 [inertique
3338 3639 3392 3694 id
3421 3640 3598 3712 ipsum
3621 3620 3768 3714 esse,

2181 3718 2234 3766 et
2266 3708 2321 3767 in
2350 3711 2497 3771 nullo
2525 3717 2749 3783 distare.
2781 3714 2921 3776 ΜΑο.
2962 3716 3027 3778 Si
3054 3722 3158 3780 hoc
3185 3729 3404 3797 quaeris
3419 3708 3459 3800 ,—
3476 3734 3599 3790 audi
3634 3708 3765 3793 bea;

2181 3806 2295 3858 tum
2338 3803 2631 3863 Maximum
2672 3810 2725 3863 in
2775 3808 2985 3883 decimo
3024 3830 3167 3871 nono
3204 3821 3441 3891 capitulo
3478 3822 3546 3880 de
3579 3830 3767 3884 Ambi-

2181 3894 2301 3964 guis
2345 3894 2674 3965 loquentem.
2738 3896 2904 3955 Omne
2930 3943 2943 3968 ,
2994 3903 3172 3973 inquit
3202 3904 3274 3972 ι’,
3308 3914 3447 3980 quod
3477 3916 3763 3970 secundum

2180 3995 2426 4038 naturam
2453 3997 2708 4054 movetur,
2750 4006 2844 4059 per
2883 4008 3098 4045 causam
3143 3999 3355 4053 omnino
3407 4015 3660 4070 movetur,
3714 4021 3762 4063 et

2178 4089 2356 4139 omne,
2384 4078 2523 4145 quod
2547 4090 2640 4147 per
2668 4096 2881 4133 causam
2915 4092 3165 4149 movetur,
3188 4104 3280 4156 per
3306 4106 3518 4147 causam
3549 4098 3762 4154 omnino

2176 4170 2225 4217 et
2253 4173 2363 4230 est;
2391 4181 2541 4221 omne
2569 4177 2763 4234 autent,
2795 4170 2931 4241 quod
2953 4189 3047 4241 per
3069 4192 3285 4231 causam
3314 4190 3412 4247 est,
3442 4191 3490 4235 et
3512 4201 3608 4253 per
3631 4204 3759 4242 cau-

2176 4274 2289 4312 sam
2330 4270 2587 4329 movetur,
2620 4260 2943 4334 principium
2976 4268 3187 4338 quidem
3226 4272 3381 4328 habet
3422 4282 3636 4335 omnino
3670 4304 3755 4341 es-

2174 4350 2321 4404 sendi
2350 4351 2517 4421 ipsam
2536 4394 2550 4416 ,
2578 4370 2671 4424 per
2700 4370 2856 4425 quam
2888 4364 2962 4408 est
2983 4397 2996 4420 ,
3029 4367 3076 4410 et
3105 4375 3169 4412 ex
3187 4377 3291 4431 qua
3313 4364 3383 4417 ad
3407 4382 3516 4420 esse
3543 4369 3759 4429 inchoa-

2174 4453 2285 4498 tum
2322 4455 2431 4513 est,
2470 4463 2722 4514 causam;
2760 4448 2916 4516 ﬁnem
2950 4465 3070 4504 vero
3106 4454 3343 4508 movendi
3380 4460 3628 4529 eandem,
3667 4482 3760 4536 per

2172 4554 2330 4608 quam
2348 4550 2602 4605 movetur,
2625 4549 2673 4594 et
2704 4538 2774 4593 ad
2796 4557 2953 4610 quam
2984 4542 3289 4613 adducitur,
3321 4540 3556 4607 causam.
3592 4554 3759 4612 0mm:

482 4631 720 4687 traxeris
789 4631 1285 4703 argumentationes
1314 4672 1331 4698 ,
1386 4646 1484 4686 cur
1529 4630 1955 4688 Grammaticam
2017 4639 2071 4688 et
2095 4629 2149 4689 D
2174 4641 2373 4696 autem.
2403 4631 2541 4701 quod
2567 4648 2661 4701 per
2688 4649 2903 4686 causam
2932 4644 2979 4688 et
3007 4645 3083 4688 est
3104 4646 3435 4713 etmot'elur,
3459 4653 3507 4697 el
3538 4645 3585 4675 ²⁰
3602 4649 3757 4721 geni-

480 4724 834 4781 Rheto’ricam
868 4723 1342 4803 praetermiseris,
1388 4739 1498 4779 non
1557 4724 1689 4781 satis
1715 4724 1891 4780 video.
1927 4724 2067 4781 MAG.

480 4813 597 4870 Non
625 4830 788 4871 unam
828 4799 901 4871 ob
924 4799 1160 4877 causam.
1183 4816 1597 4886 praetermissas
1626 4828 1748 4871 esse
1782 4830 2066 4889 cognosce.

480 4900 725 4991 Primum
754 4906 1001 4991 quidem,
1035 4906 1164 4976 quia
1190 4906 1337 4977 ipsae
1366 4908 1502 4963 duae
1533 4907 1871 4963 artesveluti
1902 4922 2072 4978 quae—

485 4996 610 5053 dam
630 4982 1234 5073 memhrabialecticae
1268 4998 1453 5056 multis
1481 4998 1821 5069 philosophis
1841 5015 1950 5055 non
1981 5001 2067 5054 in-

483 5064 1149 5167 congrueiexifstimmtur.
1198 5091 1401 5148 Deinde
1442 5090 1726 5147 brevitatis
1763 5092 2066 5148 occasione.

468 5162 789 5247 I‘oStremo,
832 5162 976 5265 quod
1016 5196 1125 5238 non
1167 5181 1236 5238 de
1263 5196 1450 5236 rerum
1478 5189 1672 5237 natura
1705 5189 1939 5238 tractare
1989 5184 2069 5239 vi-

482 5268 705 5336 dentur,
768 5270 862 5326 sed
914 5272 999 5327 vel
1046 5274 1113 5329 de
1148 5267 1351 5344 regulis
1399 5273 1668 5329 humanae
1706 5272 1874 5341 vocis,
1905 5289 2068 5344 quam

2175 4731 2286 4776 tum
2314 4739 2548 4793 prorsus.
2583 4722 2641 4779 Si
2668 4734 2843 4779 autem
2869 4725 2997 4780 moti
3025 4727 3148 4805 ﬁnis
3179 4741 3256 4785 est
3284 4732 3399 4803 ipsa
3422 4775 3437 4799 ,
3462 4752 3561 4805 per
3592 4754 3753 4808 quam

2174 4823 2431 4880 movetur,
2464 4832 2662 4883 causa,
2690 4816 2872 4871 eadem
2909 4834 3152 4900 prorsus,
3180 4829 3255 4876 est
3292 4822 3340 4877 ei
3374 4825 3440 4891 ἰ,
3464 4843 3558 4896 per
3592 4847 3752 4901 quam

2172 4906 2373 4975 factum
2419 4916 2526 4973 est,
2576 4916 2624 4962 et
2676 4923 2857 4962 causa.
2915 4904 3034 4969 Una
3079 4910 3242 4979 igitur
3282 4915 3450 4968 omnis
3495 4929 3757 4993 utcunque

2172 4998 2439 5053 existentis
2477 5008 2526 5054 et
2572 5000 2699 5052 moti
2732 4999 3018 5081 secundum
3056 5008 3305 5057 naturam
3345 5014 3403 5059 ut
3430 5009 3753 5081 principium

2174 5106 2221 5152 et
2257 5096 2383 5166 ﬁnis
2419 5113 2615 5164 causa,
2660 5114 2753 5166 per
2795 5113 2977 5169 quam.
3001 5104 3051 5172 et
3086 5105 3162 5153 est
3208 5105 3259 5152 et
3296 5110 3532 5156 movetur
3563 5122 3751 5175 omne,

2172 5190 2314 5258 quod
2350 5197 2427 5245 est
2469 5197 2518 5243 et
2559 5199 2810 5244 movetur.
2853 5188 3051 5243 Activa.
3074 5203 3298 5260 uanique
3334 5190 3621 5255 subsistens
3648 5214 3757 5269 ,ρο-

2177 5279 2336 5331 tentia
2364 5286 2410 5332 et
2442 5277 2568 5346 facit
2597 5277 2737 5346 facta
2769 5278 3038 5344 divinitus,
3070 5286 3127 5331 ut
3154 5277 3489 5349 principium,
3521 5292 3753 5362 etprae-

1754 5372 2037 5469 vanus
2068 5410 2475 5468 LECTIONES.

559 5510 647 5575 ‘A
672 5538 860 5602 suum.
928 5530 949 5560 '
978 5529 1024 5586 Α
1051 5549 1162 5602 per.
1240 5525 1262 5565 ⁸
1290 5520 1549 5591 Αόηαηῖε.
1643 5531 1666 5563 ⁵
1693 5543 1739 5587 et
1762 5548 1872 5588 om.
1903 5533 1968 5589 A.

559 5531 647 5575 Ἀ
672 5538 850 5583 suum.
928 5531 949 5560 '
978 5531 1024 5586 A
1051 5549 1162 5602 per.
1240 5531 1262 5565 ⁸
1290 5531 1549 5591 A‘omnis.
1643 5531 1666 5563 ⁵
1693 5543 1739 5587 et
1762 5548 1872 5588 om.
1903 5533 1968 5589 A.
2071 5533 2093 5565 ⁸
2120 5531 2212 5590 Sic
2236 5531 2321 5586 CF
2341 5548 2355 5597 ;
2386 5531 2439 5586 οΑ
2462 5545 2579 5586 suo.
2713 5531 2805 5585 Sic
2818 5531 2867 5596 ,C

478 5585 705 5710 ignorat.
779 5600 803 5631 ⁸
835 5597 881 5654 Α
910 5602 1119 5658 animae
1145 5603 1497 5659 rationabilis.
1569 5605 1591 5638 '
1617 5602 1711 5658 Sic
1726 5602 1849 5665 CF;
1872 5604 1916 5659 A
1960 5604 2153 5675 agitur.
2232 5602 2277 5634 ¹⁰
2303 5602 2395 5657 Sic
2422 5599 2537 5682 QF;
2567 5599 2612 5653 A
2637 5606 2749 5679 aut.
2826 5594 2867 5628 “

544 5662 738 5710 σηοαιί-
816 5666 865 5702 ί,
933 5670 966 5710 Δ
1005 5670 1362 5710 ηνηηηιηιήῖρη
1412 5682 1462 5710 ΔΙ
1500 5672 1771 5710 ῺΙιρΙηφῖρη
1795 5675 2003 5710 nmsn'nn
2102 5673 2148 5705 ιδ
2172 5672 2256 5710 ﬂli‘
2294 5672 2512 5710 ἇηρῖηςηι
2613 5662 2657 5700 1⁸
2686 5666 2772 5710 ςιρ

2713 5524 2963 5602 Sici
2987 5527 3119 5602 Ait
3142 5525 3216 5602 vi.
3291 5524 3386 5587 ’Ἀ
3402 5504 3752 5602 Astrologidm

2903 5568 3131 5664 sisti;
3152 5568 3216 5652 ’λ’
3232 5568 3386 5659 am:
3402 5568 3491 5633 “1':
3501 5568 3751 5665 ’ἐξέζνάἒέ

544 5662 739 5739 (Ικρίιάο
816 5666 865 5702 ’⁸
927 5670 972 5724 Α
1005 5670 1364 5739 Grammatice
1411 5682 1462 5728 et
1494 5672 1771 5728 Rhetorica
1795 5662 2023 5729 omnino:
2102 5673 2148 5705 ¹³
2172 5672 2256 5729 CF
2294 5662 2533 5738 incipiat;
2582 5738 2585 5739 ν
2613 5662 2657 5700 ¹⁸
2686 5666 2775 5721 Sic
2804 5665 2922 5739 CF;
2963 5668 3010 5721 A
3040 5662 3355 5739 probandus.
3436 5672 3480 5704 ¹⁶
3508 5672 3599 5728 Sir
3625 5662 3750 5737 (Ἓξ

480 5727 524 5816 ᾗ
552 5727 857 5816 autument.
911 5741 978 5816 _"
1012 5742 1103 5801 Sic
1128 5727 1235 5812 CF;
1264 5742 1310 5800 Δ
1338 5727 1613 5804 verisimile
1639 5727 1861 5816 namque
1882 5727 1990 5801 est;
2016 5727 2019 5728 ν
2060 5745 2104 5779 ¹⁸
2128 5727 2219 5801 Sic
2244 5741 2315 5808 C;
2339 5727 2427 5795 Α’Ϊτ
2453 5738 2591 5805 Quid
2620 5739 2796 5794 istuc?
2880 5727 2921 5769 ¹⁶
2948 5727 3115 5811 inquit
3137 5756 3247 5797 om.
3274 5742 3336 5796 A.
3399 5743 3442 5776 ²⁰
3469 5727 3651 5801 ctoin;
3686 5727 3751 5798 Ai

480 5797 523 5830 ’ί
557 5800 646 5859 Sic
672 5805 778 5876 CF;
805 5809 851 5865 Α
876 5812 923 5867 ei
952 5797 1045 5871 est.
