4212 6272
529 325 630 380 871

1957 318 2075 375 ,1οΛ
2084 319 2242 376 NNIS
2282 319 2483 376 SCOTI

3701 319 3805 374 872

529 433 688 490 mittit
724 438 772 488 et
802 429 1020 486 attrahit
1049 437 1226 494 mota,
1256 429 1476 500 proinde
1512 439 1566 482 ut
1610 428 1733 498 ﬁnis
1777 436 1824 483 et
1869 429 2006 496 ﬁnit.
2053 429 2114 484 Si
2143 435 2195 494 Α
2219 430 2306 486 vel
2343 431 2480 485 lucis
2515 429 2685 500 ipsius
2721 443 2940 486 occasu.
2985 430 3203 486 Sanitas
3230 444 3335 486 non
3364 430 3485 485 loco
3513 429 3802 498 deseritur,

529 536 705 581 autem
734 539 918 588 omne,
954 519 1092 592 quod
1120 530 1372 587 movetur,
1406 529 1481 575 est
1523 530 1572 575 et
1617 521 1846 590 factum,
1877 537 1970 590 per
1998 538 2119 575 cau-

527 633 643 671 sam
674 624 783 680 est,
816 623 863 668 et
897 621 1232 677 moretum-et
1263 613 1462 681 factum
1487 619 1596 677 est;
1631 627 1814 676 omne,
1845 611 1984 681 quod
2014 626 2118 665 non

521 724 615 780 per
652 719 870 760 causam
907 711 983 757 est
1009 741 1025 768 ,
1080 719 1243 772 neque
1291 703 1489 772 factum
1537 711 1649 769 est,
1688 719 1852 774 neque
1883 703 2118 773 profecto

521 795 736 852 mobile.
773 792 900 848 Non
934 794 1074 848 enim
1110 803 1366 860 mouetur,
1407 793 1548 864 quod
1590 809 1683 864 per
1711 796 1888 849 omnia
1918 797 1974 849 in
2007 811 2122 848 om.

524 885 676 941 nibus
727 883 934 940 essendi
981 899 1200 938 causam
1248 899 1352 937 non
1393 883 1590 938 habet:
1637 884 1683 938 si
1729 893 1937 951 autem,
1979 883 2119 954 quod

523 987 668 1034 caret
699 995 898 1044 causa,
931 977 1142 1032 omnino
1186 977 1346 1030 etiam
1385 974 1684 1043 immobile,
1725 977 1986 1031 immobile
2023 977 2122 1046 igi-

526 1081 614 1126 tur
641 1070 881 1125 divinum
907 1085 926 1134 ;
957 1067 1163 1123 essendi
1200 1069 1390 1139 quippe
1435 1066 1637 1120 nullam
1677 1066 1830 1120 habet
1869 1081 2116 1132 causam,

521 1171 570 1217 et
602 1161 858 1227 omnium,
889 1175 1020 1231 quae
1050 1168 1193 1225 sunt,
1224 1157 1458 1213 subsistit
1484 1174 1667 1213 causa.
1692 1158 2078 1214 Animadverte
2102 1197 2117 1224 ,

523 1253 796 1324 quomodo
826 1266 1048 1307 causam
1079 1251 1322 1305 omnium
1355 1265 1538 1306 rerum
1569 1258 1624 1305 et
1654 1251 1817 1306 linem
1850 1251 1903 1306 id
1943 1252 2118 1321 ipsum

519 1358 645 1400 esse
705 1341 1114 1400 evidentissime
1176 1341 1434 1411 disputat.
1500 1342 1648 1397 DISC.
1708 1344 2115 1398 Animadverto.

523 1434 633 1490 Sed
687 1433 818 1504 quid
867 1433 938 1488 ad
983 1442 1329 1503 praesentem
1378 1434 1755 1502 quaestionem
1805 1434 2116 1503 pertineat,

521 1543 631 1583 non
663 1525 923 1598 intelligo.
957 1523 1074 1580 Non
1103 1524 1252 1580 enim
1283 1523 1350 1579 de
1382 1523 1523 1592 Deo,
1557 1525 1648 1594 qui
1677 1533 1762 1580 est
1790 1525 2119 1595 principium

523 1627 578 1676 et
605 1618 731 1674 linis
757 1619 1037 1684 omnium,
1069 1617 1331 1687 quoniam
1359 1630 1427 1672 ex
1470 1617 1620 1687 ipso,
1666 1625 1723 1672 et
1764 1631 1862 1687 per
1910 1616 2116 1685 ipsum,

521 1721 577 1766 et
606 1712 660 1766 in
689 1711 806 1781 ipso
827 1751 842 1776 ,
877 1719 932 1765 et
963 1710 1032 1766 ad
1071 1709 1248 1780 ipsum
1282 1717 1411 1764 sunt
1447 1709 1627 1763 omnia
1648 1748 1663 1775 ,
1703 1708 1904 1764 videris
1943 1707 2120 1762 discu—

2224 523 2321 577 sed
2371 521 2572 577 dolore.
2637 521 2900 577 Similiter
2950 521 3098 589 vita,
3146 521 3450 583 beatitudo,
3503 521 3805 590 sapientia,

2222 626 2521 681 omnesque
2566 611 2803 669 virtutes
2849 627 2956 668 non
3005 612 3163 668 aliter
3210 612 3590 681 relinquuntur
3635 611 3736 666 nisi
3765 614 3803 645 “

2223 705 2337 761 suis
2366 705 2797 776 privationibus,
2838 715 3018 762 morte
3062 707 3300 773 scilicet,
3343 706 3594 772 miseria,
3635 706 3808 762 stulti-

2223 797 2298 850 tia
2316 837 2330 862 ,
2359 797 2636 867 vitiisque.
2667 797 2735 852 Et
2762 798 2906 853 sicut
2935 797 3079 854 cutis
3108 799 3331 853 humani
3361 798 3605 868 corporis
3631 797 3808 868 leprae

2223 887 2544 957 contagione
2587 887 3051 960 delormitateque
3090 889 3411 960 percutitur,
3455 889 3534 944 sic
3575 889 3804 945 humana

2223 987 2417 1031 natura
2445 977 2678 1048 superba
2709 979 3080 1034 inobedientia
3108 979 3306 1035 infecta
3335 989 3392 1034 et
3415 988 3667 1050 corrupta
3693 989 3801 1046 est,

2221 1069 2619 1141 delormisque,
2665 1079 2722 1126 et
2759 1072 3033 1127 conditori
3073 1087 3172 1127 suo
3208 1071 3490 1128 dissimilis
3531 1071 3692 1128 facta.
3727 1073 3802 1129 De

2221 1175 2329 1230 qua
2377 1159 2527 1231 lepra
2575 1176 2700 1216 cum
2751 1161 2967 1217 divinae
3013 1163 3222 1232 gratiae
3269 1162 3536 1218 medicina
3585 1161 3799 1218 liberata

2221 1251 2418 1317 luerit,
2453 1252 2507 1306 in
2536 1251 2824 1322 pristinam
2855 1253 3205 1309 revocabitur
3230 1251 3620 1308 formositatem
3649 1271 3661 1307 :
3695 1271 3802 1310 ma-

2221 1344 2411 1415 gisque
2439 1345 2759 1411 dicendum,
2791 1345 2937 1416 quod
2966 1345 3078 1416 ipsa
3110 1353 3334 1409 natura,
3373 1359 3514 1414 quae
3563 1345 3630 1399 ad
3671 1345 3798 1400 ima-

2222 1437 2403 1507 ginem
2431 1437 2526 1491 Dei
2553 1437 2693 1492 facta
2717 1446 2834 1504 est,
2858 1453 2990 1494 suae
3014 1437 3436 1509 pulchritudinis
3461 1437 3696 1508 vigorem
3721 1439 3797 1492 in-

2222 1530 2642 1600 tegritatemque
2674 1531 2947 1585 essentiae
2977 1544 3316 1601 nequaquam
3355 1528 3613 1599 perdidit,
3637 1545 3803 1600 neque

2219 1622 2448 1691 perdere
2491 1629 2690 1690 potest.
2738 1621 2928 1676 Divina
2972 1622 3248 1692 siquidem
3281 1620 3458 1675 forma
3490 1636 3700 1691 semper
3726 1621 3800 1676 in-

2223 1709 2620 1765 commutabilis
2669 1720 2981 1780 permanet,
3036 1725 3207 1781 capax
3261 1719 3442 1766 tamen
3493 1710 3801 1782 corruptibi-

521 1813 668 1870 tere,
701 1801 797 1858 sed
826 1802 894 1858 de
924 1801 1209 1872 principiis
1239 1802 1578 1858 sensibilium
1618 1816 1800 1857 rerum
1841 1810 2113 1871 tempora-
2146 1803 2196 1865 Β
2224 1801 2354 1857 lium
2400 1816 2569 1872 poena
2624 1803 2833 1872 peccati
2891 1802 3032 1858 facta
3057 1811 3161 1858 est.
3193 1802 3346 1870 Quod
3372 1819 3439 1858 ex
3462 1805 3642 1860 verbis
3667 1803 3802 1858 beati

520 1897 699 1962 libus,
750 1896 865 1951 sive
914 1910 1013 1964 per
1065 1895 1466 1965 generationis,
1522 1893 1639 1950 sive
1679 1909 1779 1964 per
1827 1892 2119 1949 localitatis

521 1997 760 2054 motum,
821 1988 996 2056 deque
1053 1986 1488 2057 contemplativis
1566 1984 1979 2055 intelligibilium
2037 1984 2120 2038 in-

523 2080 893 2144 choamentis,
944 2094 1087 2149 quae
1134 2081 1317 2135 animo
1365 2079 1716 2150 percipimus.
1757 2080 1838 2134 Ac
1887 2094 1982 2149 per
2016 2079 2120 2134 hoc

523 2188 785 2245 quorsum
842 2173 1012 2228 istaec
1040 2173 1083 2238 ί,
1113 2186 1255 2242 quae
1307 2187 1338 2226 a
1389 2180 1443 2226 te
1488 2171 1634 2227 dicta
1682 2179 1844 2237 sunt,
1893 2171 1961 2225 de
2009 2170 2120 2225 Deo

519 2265 770 2337 exempla
800 2266 1056 2330 tendant,
1089 2265 1328 2320 nondum
1361 2265 1495 2320 mihi
1525 2265 1670 2320 clare
1699 2264 1952 2335 patescit.

525 2395 531 2414 τ
593 2358 648 2413 6.
689 2358 829 2413 huc.
861 2356 1050 2422 Miror,
1079 2369 1178 2412 cur
1207 2364 1393 2411 tantae
1423 2356 1692 2412 tarditatis
1717 2357 1812 2422 sis,
1844 2364 1927 2422 ut,
1957 2371 2119 2427 quor-

520 2465 643 2507 sum
693 2449 823 2504 talia
874 2448 1139 2514 tendunt,
1201 2461 1309 2502 non
1360 2447 1505 2502 clare
1561 2447 1880 2518 perspicias.
1927 2445 2118 2500 Num”

522 2541 707 2598 omnia
752 2548 1106 2613 argumenta,
1147 2555 1288 2610 quae
1323 2554 1390 2595 ex
1439 2548 1636 2594 natura
1685 2538 2018 2594 sensibilium
2067 2547 2123 2593 et

520 2633 943 2706 intelligibilium
972 2631 1405 2699 introduximus,
1435 2631 1503 2688 ad
1546 2632 1651 2687 hoc
1691 2631 2010 2701 respiciunt,
2038 2638 2117 2696 ut,

520 2725 982 2797 quemadmodum
1006 2724 1429 2794 unumquodque
1462 2723 1531 2780 ad
1576 2739 1732 2779 suum
1759 2723 2084 2794 principium
2103 2762 2118 2788 ,

521 2821 637 2876 sive
668 2818 948 2884 sensibile,
992 2817 1105 2873 sive
1133 2816 1504 2887 intelligibilc,
1549 2814 1874 2871 naturaliter
1911 2815 2123 2886 cogitur

523 2912 740 2980 redire,
771 2912 845 2967 ita
873 2910 1039 2965 etiam
1067 2911 1360 2965 humanam
1389 2919 1644 2964 naturam
1683 2909 1752 2964 ad
1783 2924 1938 2963 suum
1966 2910 2119 2978 prin-

523 3006 762 3076 cipium,
797 3004 942 3075 quod
982 3002 1120 3058 nihil
1158 3003 1303 3059 aliud
1338 3012 1423 3059 est
1457 3012 1679 3074 praeter
1713 3002 1810 3058 Dei
1849 3001 2118 3069 Verbum,

519 3098 578 3151 in
608 3111 716 3167 quo
741 3104 797 3152 et
832 3095 976 3152 facta
1011 3102 1098 3150 est
1132 3104 1189 3150 et
1223 3093 1745 3151 incommutabiliter
1779 3093 2028 3150 subsistit
2064 3100 2120 3148 et

2221 1891 2470 1964 Gregorii
2515 1891 2740 1965 Nyssaei
2790 1909 3078 1964 possumus
3123 1895 3444 1964 approbare.
3473 1895 3562 1949 Ait
3583 1895 3720 1950 enim
3751 1895 3800 1949 in

2221 1981 2461 2052 capitulo
2486 1983 2748 2037 vicesimo
2782 1991 2836 2036 et
2861 1983 2902 2012 “
2929 1983 3159 2052 septimo
3181 1984 3246 2038 de
3294 1982 3548 2053 lmagine,
3573 1993 3801 2038 tractans

2222 2076 2288 2132 de
2307 2077 2732 2132 resurrectione:
2755 2076 2878 2131 Non
2893 2089 2964 2133 est
2981 2078 3303 2143 incredibile,
3322 2077 3543 2146 inquit“
3559 2117 3573 2144 ,
3593 2094 3655 2131 ex
3666 2094 3803 2130 eom-

2222 2168 2464 2221 munione
2488 2177 2739 2237 quattuor
2766 2167 3086 2239 generalium
3125 2167 3487 2222 elementorum
3526 2167 3706 2220 mundi
3729 2167 3800 2219 ad

2219 2257 2490 2326 proprith
2519 2265 2714 2311 statum
2747 2266 2970 2312 naturae
2997 2258 3060 2312 de
3092 2273 3305 2327 corpore
3333 2254 3598 2324 occultoet
3628 2256 3801 2308 incor-

2222 2348 2476 2418 ruptibili,
2507 2350 2645 2418 quod
2681 2359 2910 2420 resurget
2942 2347 3009 2414 “,
3045 2347 3434 2413 resolutionem,
3469 2347 3566 2400 hoc
3594 2354 3691 2411 est,
3721 2361 3802 2398 re-

2221 2443 2392 2497 ditum
2433 2445 2814 2516 resurgentium
2861 2461 3138 2515 corporum
3182 2443 3318 2513 ﬁeri.
3372 2443 3496 2498 Non
3539 2444 3673 2497 enim
3721 2459 3807 2513 per

2221 2535 2420 2599 omnia,
2452 2535 2589 2605 quod
2619 2545 2855 2588 nostrum
2892 2545 2990 2604 est,
3029 2536 3085 2589 in
3105 2535 3258 2606 ﬂuxu
3285 2543 3334 2590 et
3369 2536 3803 2590 transmutatione

2221 2634 2315 2678 est.
2366 2622 2425 2678 Si
2472 2626 2611 2680 enim
2655 2634 2806 2692 esset,
2845 2625 3245 2696 reprehensibile
3273 2625 3320 2656 ¹⁵
3343 2623 3808 2693 universaliterﬁe-

2221 2725 2318 2782 ret,
2347 2717 2486 2786 quod
2506 2715 2708 2770 nullum
2737 2727 2933 2772 statum
2975 2735 3040 2773 ea:
3087 2728 3279 2773 natura
3323 2717 3517 2784 habet;
3541 2718 3629 2773 sed
3647 2717 3804 2787 juxta

2222 2805 2544 2861 subtiliorem
2571 2809 2826 2864 rationem
2852 2825 3056 2877 eorum,
3082 2826 3216 2880 quae
3237 2810 3293 2864 in
3314 2811 3461 2864 nobis
3486 2819 3624 2876 sunt,
3649 2825 3804 2880 quae-

2222 2899 2346 2952 dam
2367 2900 2576 2972 quidem
2601 2911 2762 2968 stant,
2793 2902 3054 2972 quaedam
3082 2919 3200 2958 vero
3221 2919 3286 2958 ea:
3312 2903 3663 2958 mutabilitate
3691 2918 3807 2973 pro-

2221 2993 2452 3046 veniunt.
2493 2991 2736 3048 Mutatur
2765 2995 2904 3048 enim
2938 3010 3031 3065 per
3064 3004 3400 3066 augmentum
3430 2993 3476 3026 ¹⁶
3501 3005 3550 3048 et
3585 2995 3808 3049 diminu-

2224 3079 2417 3135 tionem
2444 3097 2654 3152 corpus,
2683 3081 2841 3138 veluti
2871 3083 3172 3137 vestimenta
3198 3084 3476 3154 quaedam,
3506 3099 3807 3154 consequen-

518 3187 684 3253 vivit,
737 3200 1083 3242 reversuram
1132 3199 1254 3240 esse
1303 3184 1684 3240 incunctanter
1723 3185 2011 3240 credamus
2064 3183 2118 3249 ³,
2148 3162 2195 3226 C
2227 3180 2303 3228 tes
2343 3183 2537 3229 aetates
2567 3175 2832 3228 indutum.
2862 3173 2978 3229 Stat
3011 3192 3132 3230 vero
3160 3192 3252 3246 per
3282 3193 3485 3231 omnem
3516 3179 3804 3232 conversio-

523 3277 953 3347 certissimisque
1012 3290 1197 3331 rerum
1265 3276 1827 3347 argumentationibus
1881 3277 2120 3333 roborati

521 3368 888 3437 intelligamus
912 3368 974 3420 ‘7
1006 3366 1066 3422 Si
1094 3368 1238 3422 enim
1269 3368 1510 3423 omnium
1552 3383 1764 3433 rerum,
1793 3383 1933 3437 quae
1954 3377 2117 3435 sunt,

519 3465 576 3510 et
618 3471 758 3523 quae
800 3473 909 3510 non
959 3465 1121 3520 sunt,
1177 3469 1366 3509 earum
1411 3455 1566 3521 dico,
1608 3471 1750 3526 quae
1800 3456 2122 3526 corporeis'

520 3546 774 3603 sensibus
822 3545 1101 3614 animique
1139 3545 1692 3615 contemplationibus
1724 3547 2118 3615 succumbunt,

519 3649 838 3706 carumque,
866 3649 1007 3706 quae
1027 3637 1116 3690 et°
1139 3635 1445 3706 corporales
1457 3651 1650 3694 sensus
1664 3638 1970 3707 mentisque
1991 3653 2122 3694 con-

524 3732 718 3786 tuitum
744 3744 873 3800 prae
893 3728 1060 3783 nimia
1083 3744 1213 3785 suae
1240 3729 1574 3786 substantiae
1605 3738 1662 3786 et
1689 3731 1711 3763 τ
1741 3730 2038 3787 subtilitate
2066 3739 2122 3787 et

524 3821 812 3877 altitudine
855 3819 1103 3891 fugiunt,
1147 3821 1290 3876 Deus
1329 3821 1654 3891 principium
1693 3830 1804 3887 est,
1847 3829 1902 3877 et
1943 3822 2118 3892 ipsum

522 3918 817 3982 appetunt,
848 3917 904 3965 et
927 3910 1200 3980 appetitus
1225 3925 1414 3966 earum
1441 3911 1591 3967 nulla
1619 3912 1861 3978 ratione,
1893 3928 1962 3969 ne
1993 3913 2120 3968 illuc

524 4003 841 4076 perveniat,
873 4002 1194 4074 prohibetur
1220 4021 1233 4058 :
1267 4003 1396 4074 quid
1426 4004 1656 4071 mirum,
1685 4004 1732 4060 si
1777 4004 1844 4060 de
1879 4004 2118 4060 humana

521 4102 754 4161 natura,
786 4109 926 4165 quae
967 4093 1279 4163 specialiter
1323 4094 1392 4149 ad
1438 4094 1730 4167 imaginem
1773 4103 1829 4150 et
1869 4095 2120 4151 similitu-

526 4185 709 4241 dinem
749 4185 911 4241 unius
954 4192 1009 4239 et
1047 4185 1352 4240 communis
1399 4186 1642 4241 omnium
1689 4187 1943 4257 principii
1974 4187 2117 4243 facta

523 4288 640 4345 est,
671 4286 736 4334 et"
753 4279 1012 4335 credatur
1042 4288 1097 4334 et
1125 4279 1480 4350 intelligatur,
1510 4280 1654 4350 quod
1683 4279 1808 4334 illuc
1833 4294 2117 4336 reversura

521 4369 625 4436 Sit,
652 4370 793 4426 unde
825 4369 1070 4439 profecta
1109 4380 1224 4437 est,
1256 4371 1580 4441 praesertim
1609 4385 1731 4426 cum
1759 4386 1865 4424 non
1894 4371 1966 4424 ita
1992 4369 2117 4426 inde

517 4459 763 4532 profecta
805 4460 876 4515 sit
901 4461 946 4525 ³,
973 4467 1035 4512 ut
1060 4461 1283 4514 omnino
1305 4460 1632 4530 principium
1662 4459 1746 4514 sui
1772 4459 2112 4525 deseruerit;

520 4524 580 4603 in
620 4550 731 4618 ipso
773 4548 918 4601 enim
933 4524 955 4612 ν,
987 4555 1046 4600 ut
1085 4547 1163 4601 ait
1197 4524 1520 4617 Apostolus,
1563 4549 1811 4614 vivimus,
1856 4557 1903 4603 et
1948 4524 2115 4603 mooe-
2146 4524 2194 4585 D

526 4649 670 4699 mur,
714 4641 763 4686 et
808 4649 1038 4698 sumus;
1089 4634 1182 4688 sed
1231 4635 1375 4704 quod
1410 4636 1645 4705 quadam
1681 4635 2117 4693 dissimilitudine

521 4732 745 4797 propter
773 4733 1062 4795 peccatum
1087 4725 1395 4781 decolorata
1424 4736 1540 4794 est,
1569 4727 1768 4783 dicitur
1797 4729 2113 4784 recessisse.

526 4815 842 4872 Similitudo
889 4831 1124 4886 namque
1168 4815 1299 4872 fecit
1339 4818 1647 4887 proximam
1675 4857 1690 4882 ,
1733 4818 2116 4875 dissimilitudo

522 4906 896 4977 longinquam.
927 4905 1045 4962 Non
1077 4907 1220 4963 enim
1246 4908 1525 4980 gressibus
1553 4908 1798 4978 corporis
1816 4948 1831 4974 ,
1862 4908 1956 4964 sed
1985 4908 2114 4964 all‘e-

525 4999 707 5055 ctibus
735 4998 932 5055 mentis
961 4998 1244 5071 elongatur
1271 5015 1303 5055 a
1328 5000 1468 5066 Deo,
1502 5009 1596 5056 aut
1622 5000 1672 5056 ei
1713 5001 2112 5074 appropinqua-

525 5100 636 5148 tur.
665 5074 955 5148 Localibus
999 5093 1297 5150 intervallis
1347 5092 1510 5149 solari
1548 5092 1569 5124 ⁸
1599 5093 1720 5150 luce
1763 5109 1870 5150 non
1908 5095 2114 5153 recedi-

521 5192 636 5254 tur,
663 5187 872 5258 sedvel
899 5185 1180 5244 oculorum
1205 5186 1529 5257 privatione,
1559 5186 1644 5243 vel
1672 5189 2014 5245 conniventia
2043 5189 2110 5256 ίο,

2223 3283 2338 3322 nem
2367 3269 2408 3300 ¹⁷
2430 3267 2902 3323 intransmutabilis
2928 3268 2982 3322 in
3009 3285 3064 3322 se
3093 3270 3207 3340 ipsa
3229 3269 3419 3339 forma,
3452 3271 3623 3325 insitis
3649 3271 3692 3303 ⁸⁸
3711 3270 3806 3325 sibi

2222 3357 2378 3414 semel
2406 3374 2471 3414 ea:
2501 3367 2693 3413 natura
2722 3359 2886 3430 signis
2915 3375 3018 3413 non
3060 3359 3347 3426 desistens,
3364 3361 3454 3415 sed
3485 3363 3540 3415 in
3571 3361 3802 3415 omnibus

2221 3451 2510 3507 secundum
2554 3466 2741 3522 corpus
2787 3451 3317 3506 transmutationibus
3368 3468 3487 3506 cum
3525 3453 3636 3507 suis
3675 3450 3804 3506 notis

2220 3544 2464 3614 ingenitis
2510 3540 2553 3574 “
2597 3551 2833 3613 apparet.
2883 3542 3309 3598 Subtrahetur"
3357 3553 3529 3598 autem
3576 3559 3667 3614 per
3714 3541 3805 3596 Dei

2237 3631 2458 3686 Verbum
2501 3632 2639 3702 ipsa,
2687 3649 2823 3702 quae
2863 3649 2928 3687 ea:
2957 3633 3197 3704 passione
3241 3643 3340 3701 est,
3388 3635 3636 3700 mutatio,
3675 3650 3804 3704 quae

2221 3722 2424 3794 formae
2477 3724 2846 3794 superaccidit.
2925 3723 3068 3778 Nam
3121 3724 3277 3778 veluti
3329 3726 3494 3796 facies
3551 3725 3803 3796 quaedam

2221 3815 2419 3882 aliena,
2442 3817 2559 3887 ipsa
2587 3833 2678 3886 per
2704 3816 3064 3885 inﬁrmitatem
3099 3817 3407 3887 deformitas
3450 3819 3676 3888 formam
3711 3817 3799 3870 de-

2218 3909 2511 3979 prehendit,
2536 3926 2642 3979 qua
2665 3909 2998 3979 deformitate
3025 3926 3119 3979 per
3146 3909 3244 3964 Dei
3274 3908 3499 3966 Verbum
3522 3912 3565 3942 '1
3587 3913 3801 3965 circum-

2219 3998 2420 4065 ablata,
2443 4000 2578 4054 sicut
2606 4001 2662 4055 in
2709 3997 2961 4054 Naaman
3008 3999 3290 4072 Syro,[seu
3332 4002 3388 4057 in
3424 4002 3528 4059 illis
3570 4002 3800 4074 leprosis,

2221 4093 2311 4162 qui
2343 4092 2400 4146 in
2435 4091 2724 4164 Evangelia
2760 4101 3068 4161 narrantur,
3109 4095 3297 4149 iterum
3343 4095 3548 4151 occulta
3571 4097 3665 4151 sub
3687 4112 3800 4168 pas-

2220 4185 2367 4240 sione
2402 4187 2598 4257 species
2622 4201 2716 4256 per
2740 4176 3018 4242 sanitatem
3056 4187 3110 4241 in
3148 4188 3257 4241 suis
3295 4189 3593 4243 nationibus
3619 4188 3801 4243 reluce-

2222 4276 2314 4330 bit.
2341 4275 2516 4348 Igitur
2553 4279 2609 4332 in
2645 4277 2998 4348 deiformitate
3027 4280 3074 4311 ”
3104 4280 3311 4336 animae
3360 4297 3462 4336 non
3504 4282 3685 4352 ﬂuxile
3714 4298 3800 4352 per

2219 4367 2622 4422 mutabilitatem
2667 4377 2714 4422 et
2759 4370 3160 4425 transmutabile
3205 4380 3280 4426 est
3306 4373 3377 4438 ³³,
3408 4371 3500 4426 sed
3527 4373 3665 4444 quod
3689 4387 3800 4444 pera

2220 4465 2418 4522 manet,
2467 4457 2808 4530 similiterque
2835 4461 2890 4515 in
2915 4471 3095 4517 nostra
3135 4464 3461 4519 concretione
3495 4465 3672 4532 habet,
3707 4465 3799 4518 hoc

2220 4547 2437 4602 insitum
2462 4558 2559 4604 est.
2591 4549 2996 4619 Animadverte,
3028 4569 3188 4624 quam
3225 4553 3394 4621 clare,
3419 4569 3584 4625 quam
3618 4562 3800 4626 aperte

2218 4636 2492 4708 praelatus
2518 4637 2790 4710 Nyssaeus
2827 4644 3042 4710 astruit,
3079 4644 3224 4714 quod
3263 4660 3371 4701 non
3419 4645 3600 4717 solum
3630 4645 3800 4702 forma

2220 4729 2433 4785 animae
2449 4729 2514 4784 ad
2538 4729 2824 4801 imaginem
2841 4734 2938 4789 Dei
2960 4733 3104 4790 facta
3129 4734 3290 4802 est”,
3315 4751 3504 4792 verum
3523 4738 3686 4792 etiam
3705 4753 3802 4792 na-

2221 4823 2410 4879 turalis
2437 4823 2612 4880 forma
2635 4828 2902 4896 corporis,
2934 4845 3074 4900 quae
3111 4831 3398 4902 imaginem
3426 4832 3636 4887 animae
3671 4832 3798 4888 imi-

2223 4921 2390 4980 tatur,
2423 4930 2638 4986 semper
2664 4917 3093 4990 incorruptihilis
3115 4932 3170 4978 et
3199 4921 3649 4980 incommutabilis
3676 4939 3801 4994 per-

2220 5015 2475 5062 maneat:
2503 5010 2760 5080 quicquid
2789 5025 2921 5068 vero
2955 5013 3192 5070 naturali
3220 5013 3435 5085 corpori
3471 5029 3542 5070 ex
3577 5030 3801 5072 concre-

2222 5097 2459 5155 tionibus
2502 5099 2913 5172 elementorum,
2950 5112 3006 5160 et
3034 5106 3249 5162 animae
3288 5120 3355 5162 ex
3393 5106 3644 5164 sordibus
3671 5107 3801 5162 irra-

2221 5188 2562 5247 tionabilium
2603 5203 2847 5250 motuum
2893 5196 3298 5266 superadditum
3337 5204 3446 5265 est,
3481 5197 3540 5254 in
3580 5195 3726 5254 ﬂuxu
3747 5205 3800 5253 et

1817 5301 2074 5359 VARIAE
2111 5303 2514 5362 LECTIONES.

595 5395 827 5474 [εἰς’-μ
928 5394 1044 5450 rad.
1073 5393 1347 5474 corr._ista
1371 5410 1391 5459 ,°
1421 5393 1462 5448 F
1487 5394 1646 5474 ἱιεςιαεΖ
1763 5393 1854 5449 Sic
1880 5393 1998 5474 CF;
2024 5396 2068 5474 ᾼ
2089 5396 2304 5474 qam;
2328 5398 2349 5429 ³
2371 5398 2472 5474 Sic
2499 5399 2606 5474 CF;
2637 5400 2683 5455 A
2711 5402 2990 5474 credimus.
3068 5402 3090 5433 ’⁸
3112 5401 3205 5474 Sic
3222 5403 3329 5468 CF;
3359 5403 3403 5457 A
3439 5402 3796 5474 intelligimus.

513 5466 548 5530 ,⁸
577 5467 668 5523 Sic
700 5464 808 5531 CF;
838 5465 1149 5535 Acorporis.
1227 5465 1248 5495 °
1274 5473 1322 5518 et
1347 5479 1453 5535 om.
1485 5465 1550 5517 A.
1612 5464 1646 5535 ΛΤ
1679 5473 1730 5535 et
1761 5479 1877 5535 om;
1901 5465 1965 5518 A.
2043 5465 2063 5494 ⁸
2103 5464 2193 5521 Sic
2219 5467 2326 5534 CF;
2356 5469 2396 5522 A

2427 5469 2668 5538 profecta
2695 5481 2788 5526 est.
2862 5475 2884 5506 ⁸
2912 5471 2960 5526 Α
2987 5489 3022 5527 a
3057 5473 3220 5528 solari
3256 5475 3392 5529 luce.
3470 5474 3514 5505 ¹⁰
3545 5469 3634 5529 Sic
3660 5474 3727 5534 At
3758 5474 3800 5528 F

505 5533 873 5614 'con'iuitione,
901 5532 943 5589 C
969 5532 1138 5614 ‘porr.
1195 5533 1533 5614 contuitione.
1608 5533 1649 5563 “
1679 5533 1770 5587 Sic
1794 5532 1900 5600 CF;
1932 5535 1975 5588 A
2007 5535 2062 5589 in
2085 5537 2223 5614 suis.
2264 5532 2574 5614 __“__Sic_l:;
2607 5550 2654 5614 et
2684 5556 2791 5614 om.
2818 5541 2896 5607 A;
2922 5541 2966 5614 C
2992 5543 3043 5596 in
3075 5560 3192 5614 cap.
3236 5559 3306 5597 xx
3326 5547 3454 5614 etin
3484 5561 3579 5598 vn.
3655 5543 3699 5575 "
3718 5532 3802 5598 in-

521 5610 634 5675 quit
685 5621 794 5681 om_.
826 5607 893 5658 Α.
968 5601 1013 5633 ¹⁸
1035 5603 1100 5681 de
1121 5620 1338 5681 gorpgge
1369 5603 1660 5681 occulto—.-
1680 5614 1907 5681 resurgef
1937 5619 2046 5681 9_r_n.
2069 5605 2186 5681 Cf.
2212 5678 2219 5681 _
2263 5609 2305 5639 ’⁸
2333 5608 2424 5664 Sic
2470 5601 2590 5674 CF';
2613 5601 3214 5681 A7incomprehensibile.
3294 5613 3339 5646 ¹⁶
3364 5602 3456 5670 Sic
3481 5614 3600 5681 CF;
3631 5614 3676 5668 Α
3711 5632 3802 5668 au-

525 5675 946 5740 gmentationem.

1049 5672 1090 5741 ‘7
1120 5672 1210 5726 Sic
1231 5672 1349 5735 CF;
1383 5672 1428 5725 A
1459 5673 1788 5727 eversionem.
1866 5674 1909 5705 ’⁸
1940 5673 2030 5728 Sic
2060 5675 2167 5741 CF;
2196 5678 2238 5731 A
2269 5681 2322 5732 in
2352 5681 2480 5733 suis.

2581 5681 2622 5753 ξ’
2653 5680 2742 5736 Sic
2772 5681 2855 5753 CF
2873 5699 2887 5746 ;
2927 5682 2973 5736 A
2995 5683 3265 5753 ingenuis.
3369 5685 3416 5716 ὀ
3445 5685 3540 5742 Sic
3589 5680 3717 5750 CF;
3751 5687 3793 5738 Α

530 5740 903 5794 Subtrahatur.
978 5741 1020 5770 “
1053 5740 1093 5792 A
1119 5756 1208 5808 per
1234 5742 1438 5794 verbum
1462 5743 1576 5795 Dei.
1651 5744 1696 5775 ”
1724 5743 1764 5798 C
1789 5754 1842 5799 et
1878 5760 2019 5801 corr.
2061 5745 2102 5800 F
2129 5740 2475 5808 deformitate.
2552 5751 2597 5782 ³³
2619 5763 2692 5806 cst
2713 5769 2801 5807 om
2825 5740 2886 5806 Αξ
2965 5751 3012 5783 ³⁸
3036 5740 3111 5809 ὧι
3142 5771 3251 5812 om.
3284 5754 3347 5810 F.
