4212 6272
535 445 638 501 873

1353 434 1439 490 DE
1480 433 1816 490 DIVISIONE
1852 431 2202 489 NATURAE.
2244 461 2314 474 —
2353 429 2553 486 LIBER
2592 427 2919 496 QUINTUS.

3690 427 3796 488 δτι

534 549 877 620 corruptione
908 561 1122 617 semper
1169 556 1270 600 est.
1317 545 1384 600 Et
1432 547 1556 612 hoc,
1615 555 1670 599 ut
1716 546 1790 599 ait
1829 545 1964 615 ipse,
2013 544 2113 598 sub
2141 547 2190 604 Α
2219 548 2438 595 nostrae
2476 548 2704 594 naturae
2727 539 3050 595 charactera
3076 553 3312 610 gessere,
3343 557 3483 613 quae
3512 559 3545 599 a
3565 559 3670 602 suo
3690 546 3797 602 Re-

535 649 703 717 iigura
742 643 982 698 Naaman
1033 641 1177 713 Syri,
1212 651 1267 696 et
1297 641 1510 696 illorum
1542 641 1752 707 decem,
1776 655 1913 711 quos
1940 641 2112 696 Evan-

531 742 726 811 gclium
776 744 1034 807 purgatos
1071 749 1100 788 a
1140 735 1368 789 Domino
1416 733 1584 790 fuisse
1634 742 1841 798 narrat,
1891 732 2114 802 pulchre

532 831 851 884 insinuatur.
896 826 994 880 llle
1031 841 1264 897 namque
1305 825 1494 898 Syrus,
1525 825 1734 895 ipsique
1773 825 1980 888 decem,
2013 822 2114 876 hu-

519 907 743 974 Itnanam
799 917 1030 990 efﬁgiem
1079 934 1184 972 non
1227 916 1603 987 perdiderant,
1646 918 1739 972 sed
1776 915 2111 971 solummodo

528 1023 738 1066 tumore
781 1021 836 1067 et
875 1011 1211 1081 turpitudine
1258 1011 1439 1079 leprae
1481 1009 1721 1081 percussi
1772 1017 1828 1063 et
1869 1007 2111 1077 cooperti

529 1114 675 1170 sunt,
707 1114 768 1158 ut
797 1121 893 1174 per
913 1105 1019 1159 hoc
1040 1103 1426 1174 intelligamus,
1458 1112 1706 1157 naturam
1732 1110 1974 1157 nostram
2002 1115 2110 1155 non

531 1213 651 1253 csse
677 1197 944 1269 perditam
979 1196 1063 1251 vel
1100 1204 1381 1261 mutatam,
1430 1195 1522 1250 sed
1564 1195 1818 1249 vitiorum
1860 1191 2112 1247 deformi-

535 1300 645 1345 tate
684 1288 1072 1343 decoloratam.
1119 1286 1189 1341 Et
1234 1287 1378 1351 vide,
1431 1293 1692 1356 quantum
1738 1285 2113 1340 incunctanter

534 1384 648 1452 ipse
679 1381 850 1454 Syrus
880 1380 1146 1434 humanae
1176 1387 1403 1433 naturae
1435 1377 1660 1448 gesserit
1691 1375 1934 1446 ﬁguram.
1968 1371 2108 1427 Naa-

535 1490 658 1528 man
703 1473 900 1543 quippe
943 1473 1162 1526 decorus
1200 1472 1612 1540 interpretatur,
1657 1468 1811 1540 Syria
1840 1482 1972 1523 vero
1995 1483 2113 1522 cae-

533 1565 740 1617 lestium
761 1561 1147 1632 contemplatio.
1185 1559 1439 1630 Nunquid
1467 1569 1522 1615 et
1547 1560 1626 1615 sic
1651 1561 1887 1614 humana
1918 1567 2111 1616 natura

532 1654 703 1716 ﬁeret,
750 1651 794 1706 si
843 1666 950 1705 non
993 1651 1336 1721 superbiret?
1382 1650 1584 1706 Decora
1624 1651 1768 1705 enim
1807 1659 1862 1705 et
1896 1650 1964 1704 ad
1988 1664 2112 1706 cae-

527 1743 741 1797 lestium
771 1743 1283 1814 contemplationem
1326 1743 1542 1799 condita
1575 1753 1680 1809 est,
1721 1743 1814 1798 sed
1836 1743 2110 1813 praevari-

527 1833 761 1888 cationis
790 1848 953 1889 causa
988 1834 1006 1865 ⁸
1043 1833 1190 1903 lepra
1229 1846 1314 1890 est
1341 1850 1616 1905 percussa.
1669 1834 1740 1890 At
1778 1834 2109 1890 descendens

2218 633 2496 702 demptore
2529 633 2805 702 redempta
2834 642 2941 697 est,
2971 640 3027 687 et
3051 636 3290 702 quotidie
3319 636 3372 691 in
3401 637 3628 707 singulis
3657 639 3800 696 redi-

2218 722 2400 788 mitur,
2431 732 2486 778 et
2510 724 2562 778 in
2594 725 3060 779 consummatione
3102 728 3286 780 mundi
3323 727 3701 784 universaliter
3742 731 3797 784 in

2215 815 2467 870 omnibus
2488 824 2543 868 et
2564 815 2860 870 redimetur
2881 827 2937 870 et
2959 817 3312 874 liberabitur?
3332 818 3576 874 Humana
3602 820 3800 890 quippe

2217 915 2408 962 natura
2445 908 2671 963 denaria
2716 909 3024 978 quantitate
3075 909 3212 966 solet
3253 909 3587 982 significari:
3619 912 3799 968 anima

2215 1013 2448 1070 namque
2479 1008 2534 1055 et
2553 1015 2782 1071 corpore
2802 1011 3054 1058 constare
3083 1002 3302 1058 dubium
3327 1017 3434 1057 non
3461 1012 3562 1059 est.
3589 1004 3800 1074 Corpus

2214 1104 2394 1152 autem
2446 1097 2696 1166 quinario
2743 1113 2972 1154 numero
3014 1098 3195 1168 pollet,
3251 1107 3510 1168 quattuor
3549 1099 3801 1156 videlicet

2213 1186 2499 1241 elementis
2532 1187 2923 1258 corporalibus,
2967 1196 3021 1242 et
3071 1188 3267 1254 forma,
3297 1204 3436 1258 quae
3466 1189 3554 1244 illa
3583 1205 3802 1261 compo-

2213 1280 2296 1335 nit
2325 1279 2594 1334 elementa
2639 1289 2697 1334 et
2744 1280 3050 1336 formilicat.
3089 1281 3283 1336 Anima
3306 1298 3522 1353 quoque
3549 1284 3799 1352 quinario

2215 1386 2442 1426 numero
2487 1385 2593 1425 non
2640 1371 2903 1426 dissonat.
2953 1369 3213 1428 Subsistit
3240 1387 3475 1443 namque
3501 1373 3794 1438 intellectu,

2213 1472 2270 1519 et
2310 1464 2540 1527 ratione,
2591 1471 2646 1518 et
2687 1463 2884 1532 duplici
2928 1479 3113 1529 sensu,
3167 1463 3412 1520 interiori
3457 1464 3700 1535 profecto
3745 1475 3802 1522 et

2213 1556 2492 1620 exteriori,
2521 1555 2779 1625 vitalique
2805 1566 2976 1622 motu,
3003 1571 3112 1626 quo
3141 1571 3337 1628 corpus
3364 1557 3796 1612 administratur.

2211 1646 2500 1702 Denariam
2541 1646 2774 1701 hominis
2819 1647 3173 1716 quantitatem
3229 1637 3419 1712 habes,
3476 1656 3537 1704 ut
3585 1647 3797 1718 opinor,

2213 1751 2353 1806 quae
2382 1737 2678 1792 conditoris
2721 1745 2776 1792 et
2816 1738 3193 1808 Redemptoris
3233 1739 3317 1793 sui
3356 1739 3530 1810 gratia
3555 1740 3621 1796 de
3651 1741 3797 1794 omni

2214 1828 2562 1898 superaddita
2614 1828 2716 1883 sibi
2769 1829 2986 1884 miseria
3033 1829 3201 1885 veluti
3249 1830 3316 1886 de
3369 1831 3600 1900 quadam
3650 1831 3798 1901 lepra

529 1924 581 1977 in
618 1923 876 1978 Judaeam
917 1921 1182 1989 Naaman,
1215 1903 1535 1994 rediensque
1563 1923 1759 1978 iterum
1787 1924 1840 1978 in
1871 1923 2108 1994 Syriam,
2140 1903 2186 1964 Β
2213 1920 2552 1986 liberabitur,
2602 1928 2657 1975 et
2696 1920 2752 1974 in
2796 1937 2962 1976 unum
3006 1923 3300 1993 redigetur,
3345 1934 3405 1978 ut
3439 1939 3546 1978 non
3572 1923 3797 1979 denaria

522 2016 748 2088 iubente
767 2015 1028 2087 propheta
1053 2015 1283 2081 Elisaeo,
1317 2015 1369 2070 in
1395 2014 1629 2070 Jordane
1656 2014 1878 2069 flumine
1904 2014 2108 2082 lepram

525 2109 796 2180 deposuit,
825 2109 1070 2178 cutisque
1093 2107 1336 2178 corporis
1359 2107 1526 2178 ipsius
1551 2115 1810 2162 renovata
1833 2116 1936 2161 est.
1968 2105 2108 2164 Num

523 2209 576 2254 et
623 2208 807 2254 nostra
846 2205 1063 2266 natura,
1113 2199 1237 2252 dum
1275 2199 1588 2270 languorem
1624 2214 1780 2253 suum
1812 2198 2108 2268 turpitudi-

526 2303 757 2358 nemque
803 2303 1024 2344 suorum
1069 2289 1324 2343 vitiorum
1370 2289 1766 2360 recognoverit,
1805 2289 1860 2342 in
1889 2289 2104 2344 confes-

527 2381 733 2434 sionem
764 2380 1018 2434 miseriae
1056 2395 1186 2434 suae
1231 2381 1523 2436 descendet
1546 2387 1569 2417 ³
1594 2423 1609 2446 ,
1653 2383 1816 2451 inque
1843 2396 1901 2436 se
1932 2381 2104 2450 ipsam

531 2483 811 2522 rcversura
828 2469 1168 2539 purgabitur?
1185 2469 1250 2522 Et
1265 2470 1386 2538 quis
1405 2483 1524 2524 eam
1540 2471 1824 2542 purgabit?
1839 2470 2100 2535 Elisaeus,

529 2558 619 2612 Dei
661 2556 912 2614 videlicet
959 2559 1216 2627 salvator,
1248 2561 1335 2615 vel
1364 2561 1460 2616 Dei
1501 2561 1666 2618 salus.
1708 2561 1894 2618 Nonne
1920 2574 2106 2619 noster

525 2646 770 2704 Elisaeus
793 2658 877 2705 est
902 2650 995 2704 Dei
1020 2651 1256 2706 Verbum
1283 2653 1545 2709 Dominus
1564 2663 1749 2709 noster
1766 2653 1923 2711 Jesus
1947 2656 2102 2712 Chri-

523 2732 676 2806 stus,‘
705 2742 796 2812 qui
834 2752 919 2798 est
944 2741 1043 2798 Dei
1083 2743 1322 2799 salvator
1342 2756 1392 2800 et
1421 2746 1513 2801 Dei
1543 2746 1722 2802 salus?
1746 2749 1802 2802 ln
1831 2749 2102 2804 redeundo

525 2834 577 2888 in
609 2832 826 2904 Syriam
866 2843 1109 2890 nostram
1139 2836 1370 2892 salvabit
1395 2846 1666 2903 naturam,
1699 2840 1802 2894 hoc
1829 2848 1932 2906 est,
1974 2841 2100 2896 dum

524 2925 589 2978 ad
615 2924 902 3002 pristinum
937 2934 1157 2991 statum,
1207 2927 1262 2981 in
1314 2927 1818 2998 contemplationem
1849 2928 2102 2984 videlicet

524 3016 935 3087 intelligihilium
964 3017 1245 3084 virtutum,
1274 3020 1472 3074 reverti
1501 3034 1598 3074 nos
1629 3017 1869 3087 jusserit.
1910 3019 1978 3074 Et
2006 3021 2098 3077 ubi

522 3109 774 3180 purgabit
816 3110 894 3164 '?
942 3110 1001 3165 ln
1049 3111 1282 3168 Jordane
1321 3131 1334 3166 :
1380 3111 1534 3182 cujus
1587 3113 1960 3182 interpretatio
2014 3123 2099 3170 est

519 3200 796 3256 descensus
823 3201 1053 3267 Domini,
1077 3201 1162 3256 vel
1189 3202 1468 3257 descensus
1491 3203 1703 3274 judicii,
1733 3205 1816 3259 vel
1841 3207 2092 3274 potentia,

2211 2011 2511 2082 quantitas,
2563 2011 2657 2066 sed
2703 2011 2849 2066 solus
2890 2012 3194 2068 intellectus
3245 2013 3504 2085 simplicis
3551 2015 3799 2070 veritatis

2207 2119 2343 2175 pura
2374 2104 2830 2174 contemplatione
2866 2106 3051 2161 unitus
3075 2115 3377 2163 remaneat.
3407 2105 3562 2174 Quod
3589 2105 3796 2177 signiﬁ-

2207 2195 2321 2250 cari
2357 2195 2594 2250 arbitror
2617 2211 2713 2266 per
2735 2196 2910 2266 ipsum
2937 2195 3230 2267 leprosum,
3271 2198 3363 2268 qui
3410 2197 3558 2254 solus
3588 2197 3654 2252 ad
3689 2199 3799 2253 Do-

2206 2285 2410 2340 minum
2453 2301 2705 2341 reversus
2751 2295 2853 2351 est,
2901 2287 3127 2356 gloriam
3175 2289 3281 2343 Deo
3327 2289 3394 2344 de
3439 2304 3536 2343 sua
3567 2288 3796 2344 munda-

2207 2377 2352 2432 tione
2392 2377 2660 2444 referens,
2689 2393 2757 2434 ac
2789 2379 2952 2434 veluti
2983 2381 3282 2452 alienigena
3311 2382 3376 2438 de
3400 2381 3792 2453 longinquitate

2210 2467 2674 2524 dissimilitudinis
2715 2470 2949 2534 rediens,
2991 2469 3266 2526 liberatori
3304 2480 3359 2526 et
3388 2474 3662 2542 purgatori
3694 2488 3794 2527 suo

2203 2563 2545 2619 adhaeserat.
2561 2562 2740 2619 Ceteri
2761 2572 2941 2618 autem
2967 2579 3161 2620 novem
3179 2579 3285 2620 non
3301 2566 3414 2636 jam
3429 2567 3628 2637 reperti
3643 2575 3790 2624 sunt.

2203 2653 2335 2710 Tota
2375 2655 2641 2725 siquidem
2687 2656 2921 2712 humana
2952 2665 3144 2712 natura
3169 2657 3226 2713 in
3255 2657 3431 2713 solum
3459 2658 3788 2714 intellectum

2201 2746 2541 2812 refundetur,
2581 2756 2642 2802 ut
2671 2748 2746 2803 nil
2777 2749 2829 2802 in
2861 2763 2922 2804 ea
2957 2757 3254 2816 remaneat,
3284 2758 3500 2819 praeter
3521 2749 3670 2804 illum
3695 2765 3785 2805 so-

2200 2836 2311 2892 lum
2362 2838 2713 2906 intellectum,
2759 2855 2866 2910 quo
2910 2839 3226 2896 Creatorem
3261 2856 3420 2897 suum
3453 2842 3787 2913 contempla.

2197 2929 2365 2984 bitur.

2271 3018 2324 3072 7.
2365 3017 2472 3074 Sed
2526 3029 2813 3090 antequam
2851 3021 2918 3076 de
2967 3023 3289 3095 purgatione
3324 3031 3551 3080 naturae
3593 3026 3785 3081 huma-

2199 3123 2322 3174 nae,
2369 3109 2543 3179 deque
2587 3111 2912 3168 adunatione
2953 3113 3120 3184 ipsius
3164 3114 3376 3172 sibimet
3421 3124 3478 3172 et
3517 3116 3786 3176 conditori

2199 3213 2316 3264 suo,
2373 3200 2442 3254 ad
2488 3199 2642 3269 cujus
2690 3202 2979 3272 imaginem
3013 3203 3156 3262 facta
3195 3215 3298 3272 est,
3352 3214 3669 3272 tractemus,
3715 3208 3784 3264 de

514 3287 597 3342 vel
627 3299 768 3343 terra
807 3266 1057 3358 extrema,
1108 3291 1196 3347 vel
1241 3266 1724 3348 ascensio'eornm.
1770 3294 1838 3349 Et
1880 3297 2095 3365 quando
2122 3266 2167 3330 ϐ
2198 3290 2317 3360 ipso
2346 3291 2522 3346 reditu
2550 3292 2816 3361 quaedam
2858 3295 3083 3351 dicenda
3123 3311 3246 3352 esse
3270 3312 3377 3353 non
3421 3297 3776 3368 incongruum

511 3379 784 3434 credimus
812 3388 867 3436 et
896 3395 1180 3450 speramus
1227 3383 1456 3440 salutem
1506 3394 1561 3440 et
1597 3387 1830 3440 reditum
1868 3397 2092 3444 naturae

510 3470 774 3526 nostrae‘
805 3472 861 3527 in
907 3473 1120 3545 Syriam
1164 3475 1412 3530 caelestis
1458 3478 1946 3548 contemplationis,
1986 3479 2090 3536 nisi

508 3565 725 3633 quando
753 3567 1046 3622 descendet
1084 3566 1345 3623 Dominus
1365 3569 1421 3623 in
1445 3569 1615 3641 gloria
1655 3585 1772 3636 sua,
1803 3571 2090 3626 descendet

507 3655 574 3710 ad
595 3655 861 3724 judicium
891 3658 1140 3713 vivorum
1175 3668 1232 3714 et
1259 3668 1623 3727 mortuorum,
1654 3675 1807 3716 suam
1838 3661 1860 3693 '
1899 3670 2092 3733 poten-

506 3746 642 3800 tiam
695 3747 1142 3802 manifestaturus
1175 3749 1226 3802 in
1259 3759 1401 3803 terra
1449 3759 1712 3817 extrema,
1759 3751 1864 3806 hoc
1911 3761 1994 3807 est
2031 3751 2086 3808 in

507 3835 615 3890 ﬁne
659 3837 867 3903 mundi,
915 3839 1130 3908 quando
1172 3839 1380 3914 caelum
1409 3849 1465 3896 et
1502 3850 1650 3896 terra
1685 3842 1990 3897 transibunt
2029 3841 2084 3896 in

507 3929 822 3984 ascensione
846 3944 1056 3996 eorum,
1080 3932 1183 3988 hoc
1206 3943 1309 4000 est,
1334 3935 1387 3988 in
1408 3934 1732 3990 exaltatione
1760 3935 2081 3990 Sanctorum

504 4020 560 4074 in
591 4031 866 4076 aeternam
915 4023 1322 4090 beatitudinem,
1377 4025 1463 4080 vel
1511 4035 1659 4081 certe
1704 4027 1756 4080 iu
1808 4027 2080 4082 communi

500 4114 749 4168 omnium
797 4117 1235 4172 resurrectione?
1269 4116 1546 4186 Siquidem
1589 4119 1914 4172 resurrectio
1934 4135 2082 4173 cont-

497 4205 680 4260 munis
717 4207 957 4262 omnium
1007 4208 1252 4263 ascensio
1295 4218 1473 4262 estex
1503 4215 1677 4263 morte
1703 4208 1757 4262 in
1784 4209 1970 4274 vitam,
2011 4225 2078 4264 ex

498 4295 720 4350 animali
767 4313 995 4368 corpore
1033 4306 1088 4354 et
1128 4297 1466 4370 corruptibili
1510 4298 1563 4352 in
1606 4299 1886 4371 spirituale
1911 4308 1966 4355 et
1996 4301 2080 4354 in-

499 4388 868 4457 corruptibile.
901 4389 1036 4444 Tota
1068 4399 1246 4445 autem
1285 4390 1436 4462 lepra
1471 4391 1740 4447 humanae
1771 4400 1996 4447 naturae
2023 4402 2079 4448 et

497 4480 776 4548 corruptio
833 4483 1248 4553 exaggerahitur
1304 4491 1359 4538 et
1405 4491 1748 4539 convertetur
1796 4484 1849 4539 in
1901 4484 2072 4541 Giezi.

2197 3383 2467 3439 existimo.
2497 3383 2611 3440 Nisi
2644 3387 2786 3440 enim
2836 3385 2960 3455 quis
3008 3388 3160 3458 prius
3196 3388 3466 3453 edisserit,
3517 3403 3778 3459 quorsum

2195 3473 2412 3538 cecidit,
2437 3480 2492 3528 et
2521 3473 2666 3528 unde
2690 3473 2880 3544 incipit
2919 3474 3126 3532 reditus
3153 3485 3400 3545 naturae,
3443 3487 3499 3534 et
3523 3494 3621 3549 per
3643 3495 3780 3549 quos

2192 3565 2392 3635 gradus
2421 3566 2682 3632 ascendit,
2715 3576 2771 3622 et
2806 3567 2936 3638 quid
2967 3571 3193 3640 appetit,
3227 3581 3286 3626 et
3321 3571 3378 3626 in
3418 3586 3528 3641 quo
3555 3572 3776 3639 desinit,

2188 3673 2295 3713 non
2345 3658 2522 3725 facile,
2546 3660 2690 3730 quod
2715 3661 2934 3727 astruit,
2968 3662 3238 3718 suadebit.
3270 3665 3415 3720 Dtsc.
3449 3663 3534 3719 Nil
3562 3666 3765 3732 verius,

2188 3756 2248 3802 ut
2274 3747 2527 3803 arbitror.
2557 3747 2689 3815 Quis
2718 3749 2861 3804 enim
2893 3758 3120 3808 naturae
3167 3751 3398 3807 reditum
3447 3751 3603 3809 facile
3649 3769 3779 3809 sua-

2185 3838 2340 3902 serit,
2388 3837 2434 3892 si
2478 3853 2587 3893 non
2634 3846 2780 3904 ante,
2808 3854 2916 3908 quo
2946 3841 3161 3906 cecidit,
3190 3849 3243 3895 et
3267 3857 3374 3912 quo
3405 3851 3460 3897 et
3500 3843 3768 3912 quomodo

2183 3943 2466 3985 reversura
2506 3930 2598 3995 sit,
2639 3932 2805 3986 certis
2834 3933 3264 3988 ratiocinationis
3289 3937 3772 4004 argumentationi-

2181 4017 2283 4074 bus
2313 4020 2333 4050 ⁸
2376 4020 2728 4091 approbarit?
2759 4021 2900 4077 Mss.
2930 4023 3082 4078 Unde
3107 4024 3326 4090 cecidit,
3358 4035 3414 4079 et
3439 4040 3548 4094 quo
3580 4042 3768 4096 perve-

2181 4111 2282 4175 nit,
2337 4110 2466 4165 nulli
2523 4111 2761 4166 iidelium
2811 4113 3140 4183 incognitum
3196 4123 3300 4180 est,
3348 4115 3637 4172 Psalmista
3679 4118 3762 4172 di-

2181 4207 2374 4256 cente:
2426 4197 2620 4265 Homo,
2660 4217 2780 4254 cum
2807 4202 2866 4256 in
2903 4203 3099 4257 honore
3134 4213 3288 4268 esset,
3334 4219 3438 4258 non
3483 4205 3763 4275 intellexit,

2179 4301 2512 4362 comparatus
2541 4301 2614 4346 est
2647 4293 2903 4363 jumentis
2941 4293 3335 4364 insipientibus,
3370 4307 3420 4353 et
3447 4298 3634 4353 similis
3680 4302 3766 4370 fa-

2178 4395 2291 4439 ctus
2311 4394 2384 4439 est
2409 4384 2535 4440 illis.
2567 4383 2817 4440 Deseruit
2865 4387 3049 4454 itaque
3084 4386 3344 4441 honorem
3387 4388 3600 4444 divinae
3625 4391 3766 4446 ima-

2178 4478 2341 4550 ginis,
2375 4477 2799 4548 caelestiumque
2846 4478 3108 4533 virtutum
3159 4479 3522 4548 aequalitatis,
3565 4482 3761 4538 cecidit

493 4565 646 4622 Giezi
687 4568 1078 4640 interpretatur
1113 4572 1289 4626 videns
1315 4571 1522 4639 vallem,
1570 4573 1654 4628 vel
1681 4573 1920 4628 discissio
1941 4590 1972 4627 a
1997 4576 2077 4629 vi-
2101 4620 2150 4640 “
2180 4580 2359 4624 autem
2404 4569 2458 4624 in
2501 4567 2907 4625 similitudinem
2938 4570 3391 4628 irrationabilium
3421 4572 3756 4630 animalium.

489 4620 668 4725 none,-
687 4620 886 4730 ἶέβέὲέ
901 4620 1532 4736 ξιέἷιῶιιιῶἐὲξηξίῖἐᾷᾇέ,
1572 4620 2072 4735 ἀῖιέξᾶιῖξζὲὲῖιιᾉ
2099 4620 2153 4682 θ
2179 4620 3578 4734 inissanisziiia'airig;“satis”...
3619 4620 3761 4721 ἐκεῖ-

488 4765 651 4820 quam
700 4751 1006 4809 Salvatoris
1046 4756 1216 4810 nostri
1253 4771 1455 4821 servus,
1499 4758 1616 4812 sine
1643 4757 1797 4828 cujus
1817 4757 2078 4828 iussioni-

486 4839 589 4893 bus
616 4849 707 4894 aut
735 4843 1184 4912 permissionibus
1209 4845 1447 4902 malitiae
1479 4862 1609 4901 suae
1637 4847 2071 4902 machinamenta

489 4943 596 4985 non
637 4933 834 4989 sinitur
870 4951 1153 5008 peragere,
1203 4951 1416 5007 semper
1452 4939 1504 4992 in
1542 4937 1864 5008 profundum
1893 4939 2070 5010 perdi-

491 5020 654 5076 tionis
680 5033 1044 5099 aeternaeque
1078 5029 1271 5084 mortis
1296 5042 1403 5084 non
1436 5028 1632 5083 desinit
1657 5031 1983 5100 prospicere,
2014 5040 2070 5086 et

491 5125 559 5165 ex
588 5114 834 5172 veritatis
879 5120 1332 5191 contemplatione
1379 5119 1572 5175 merito
1617 5135 1746 5177 suae
1785 5123 2066 5193 superbiae

489 5202 694 5261 divisus
721 5207 1016 5266 discedere.
1056 5212 1230 5283 Lepra
1269 5213 1450 5282 itaque
1489 5221 1694 5278 nostra,
1724 5229 1861 5283 quae
1897 5214 2066 5270 livore

482 5293 655 5366 ipsius
705 5298 939 5357 invidiae
983 5304 1269 5376 imaginem
1316 5303 1411 5358 Dei
1457 5306 1952 5371 contaminaverat,
2009 5305 2062 5360 in

482 5385 657 5455 ipsum
697 5389 990 5461 redigetur,
1030 5396 1154 5465 quia
1185 5394 1370 5451 dolore
1408 5394 1597 5451 salutis
1622 5403 1680 5450 et
1705 5397 2061 5452 restauratio-

482 5478 568 5533 nis
620 5490 837 5538 nostrae
889 5483 1234 5555 superfusus,
1294 5500 1464 5555 poena
1510 5483 1628 5554 ejus
1676 5485 2058 5542 cumulabitur.

477 5568 618 5638 Quid
647 5574 823 5633 dicam
847 5577 916 5634 de
934 5577 1122 5634 decem
1150 5576 1410 5648 leprosis?
1443 5577 1581 5634 Num
1607 5587 1664 5634 et
1688 5577 1791 5649 ipsi
1821 5577 2061 5647 ejusdem

2175 4751 2344 4806 deriis
2385 4753 2713 4822 opprimitur
2756 4762 2974 4820 natura,
3016 4768 3156 4826 quae
3185 4753 3254 4810 ad
3296 4756 3552 4814 caelestia
3597 4773 3760 4830 appe-

2173 4844 2332 4898 tenda
2360 4852 2418 4898 et
2448 4843 2718 4914 diligenda
2767 4845 3090 4902 naturaliter
3113 4853 3200 4902 est
3236 4847 3494 4916 condita;
3545 4848 3758 4904 irratio-

2171 4933 2336 4990 nabili
2371 4942 2520 4990 motu
2547 4935 2801 5002 volvitur,
2829 4952 2970 5007 quae
3010 4938 3222 4995 ratione
3251 4938 3358 4994 frui
3402 4939 3752 5009 comparaba-

2171 5032 2280 5080 tur.
2312 5021 2430 5079 Non
2470 5024 2616 5078 enim
2647 5032 2731 5080 est
2765 5025 3007 5081 bestialis
3034 5035 3231 5092 motus,
3259 5027 3352 5096 qui
3402 5042 3509 5081 non
3552 5027 3606 5082 in
3650 5027 3748 5081 ho-

2171 5116 2339 5181 mine,
2370 5124 2658 5186 postquam
2709 5115 2970 5185 peccavit,
3017 5129 3124 5169 non
3161 5116 3626 5184 deprehendatur;
3668 5128 3746 5184 et.

2170 5215 2230 5261 ut
2257 5216 2406 5261 certa
2436 5206 2596 5262 docet
2621 5205 2782 5272 ratio,
2808 5203 3217 5275 reprehenditur
3248 5205 3302 5260 in
3338 5205 3576 5271 homine,
3602 5209 3746 5276 quod

2168 5295 2420 5352 laudatur
2447 5296 2503 5350 in
2541 5295 2737 5350 bestia.
2791 5295 3014 5363 Quare?
3047 5295 3182 5362 Quia
3220 5295 3273 5350 in
3312 5294 3482 5350 bestia
3522 5297 3740 5353 irratio-

2168 5389 2363 5446 nabilis
2389 5396 2567 5445 motus
2607 5388 2928 5443 naturaliter
2963 5388 3223 5452 subsistit,
3269 5389 3324 5444 in
3368 5388 3586 5445 homine
3612 5405 3742 5445 vero

2168 5490 2357 5536 contra
2403 5489 2674 5534 naturam.
2720 5476 2987 5546 Quicquid
3035 5485 3212 5532 autent
3257 5479 3548 5534 secundum
3581 5488 3735 5534 natu-

2169 5590 2286 5630 ram
2319 5574 2538 5630 insitum
2571 5579 2676 5638 est,
2724 5571 2922 5626 bonum
2953 5578 3068 5638 est;
3105 5571 3362 5644 quicquid
3385 5587 3514 5630 vero
3549 5582 3740 5638 contra

1755 5692 2010 5750 VARIAE
2045 5692 2446 5750 LECTIONES.

554 5785 570 5815 ⁸
597 5801 760 5841 causa
779 5803 892 5844 om.
921 5790 1028 5845 CF.
1123 5790 1146 5821 ¹
1177 5788 1270 5844 Sic
1309 5787 1430 5854 CF;
1487 5789 1533 5843 A
1558 5787 1893 5846 descendens.

475 5865 650 5912 suam.
725 5856 750 5890 ⁸
787 5858 873 5914 CF
913 5860 1576 5931 argumentationibusque.

1997 5787 2018 5820 ³
2044 5786 2138 5844 Sic
2189 5785 2306 5852 CF;
2349 5787 2393 5840 Α
2426 5785 2754 5854 purgnbimr.

2850 5781 2873 5812 ⁸
2895 5783 2941 5837 Δ
2964 5792 3171 5838 nostrae
3203 5791 3446 5840 naturae.
3545 5782 3569 5815 '
3615 5779 3660 5836 Α
3688 5791 3738 5836 et
