4212 6272
456 372 573 427 875"

1757 379 1777 401 ί
1881 366 2162 425 JOANNIS
2204 366 2397 427 SCOTI

3605 377 3712 434 876

456 496 704 544 naturam
763 487 1166 558 superadditum
1210 496 1332 553 est,
1407 487 1656 560 quamvis
1722 486 1774 549 in
1824 484 2034 545 hestiali
2067 488 2111 549 Α
2140 495 2186 540 et
2211 487 2409 557 peccati
2429 484 2840 553 abolitionem“,
2859 498 2906 541 et
2927 488 3180 555 omnium,
3204 499 3259 544 ut
3288 494 3722 564 comprehenderis

459 580 760 637 substantia
807 581 1008 637 bonum
1047 581 1137 646 sit,
1166 581 1380 637 homini
1423 589 1601 637 tamen
1652 576 2041 637 inconveniens

457 680 517 728 et
542 670 797 729 alienum.
840 668 948 725 Nec
972 670 1188 727 aliunde
1218 672 1485 727 humanae
1509 678 1734 731 naturae
1756 668 2041 723 irrationa-

455 761 591 819 biles
616 768 798 817 motus
840 767 1294 830 supervenerunt,
1329 760 1430 823 nisi
1476 776 1543 817 ex
1590 760 1889 816 bestiarum
1920 756 2042 813 sub-

456 852 695 911 stantiali
724 852 950 922 impetu,
977 852 1177 923 quibus
1199 853 1473 921 peccando
1515 852 1707 919 similis
1752 850 1895 911 facta
1933 858 2040 907 est.

456 943 611 1012 Quod
650 944 813 1001 etiam
863 945 1007 1000 idem
1058 942 1353 1014 Gregorius
1396 943 1668 1023 Nyssaeus
1712 952 1939 998 testatur
1986 941 2042 998 in

455 1035 692 1105 capitulo
726 1036 936 1101 decimo
956 1045 1149 1103 octavo
1173 1036 1241 1092 de
1274 1036 1512 1108 lmagine
1554 1036 1571 1067 ⁸
1600 1076 1617 1103 ,
1680 1035 1866 1091 dicens
1893 1051 1909 1090 :
1942 1034 2042 1087 Ar-

455 1127 707 1185 bitrorex
736 1130 832 1183 bac
864 1128 1142 1197 principio,
1183 1126 1528 1185 similitudine
1558 1125 1789 1187 uidelicet
1828 1123 2043 1179 irratio-

456 1220 712 1277 nabilium
777 1221 1164 1286 animantium,
1225 1222 1382 1276 etiam
1441 1219 1677 1289 singulas
1741 1219 2043 1288 passiones,

456 1311 616 1371 veluti
662 1328 727 1367 ea:
774 1312 914 1381 fonte
960 1312 1191 1382 quodam
1215 1311 1609 1367 inundationem
1638 1311 1678 1375 ²,
1715 1310 1770 1364 in
1813 1309 2044 1365 humana

452 1404 561 1459 sita
588 1406 849 1473 conditas.
897 1403 1051 1465 Hanc
1093 1414 1268 1461 autem
1300 1405 1554 1460 rationem
1579 1403 1855 1472 conﬁrmat
1885 1402 1905 1433 ³
1931 1401 2045 1472 ipse

456 1496 762 1563 passionum
810 1498 1074 1567 cognatio,
1108 1495 1400 1577 aequaliter
1443 1506 1489 1551 et
1527 1497 1584 1579 in
1613 1495 1782 1559 nobis,
1817 1503 1864 1547 et
1909 1492 2046 1547 irra-

454 1587 788 1649 tionabilibue
812 1588 1204 1659 manifestam".
1230 1590 1352 1647 Non
1365 1591 1502 1644 enim
1520 1588 1725 1658 justum
1749 1594 1845 1652 est,
1865 1586 1918 1638 in
1947 1584 2047 1641 Itur

454 1691 611 1730 manu
639 1687 830 1732 natura
855 1678 960 1739 “ad
985 1682 1217 1739 diuinam
1243 1683 1462 1751 speciem
1487 1679 1713 1749 {cretata
1736 1677 1757 1709 °
1785 1673 2045 1746 passibilis

452 1768 671 1837 «tectu:
691 1770 960 1839 perhibere
987 1773 1006 1805 ⁷
1024 1773 1303 1843 principia,
1328 1773 1467 1829 Nam
1491 1789 1592 1829 non
1606 1769 1890 1837 secundum
1904 1766 2048 1836 furo-

2142 576 2331 657 dicunt,
2376 577 2637 641 malorum
2690 586 2987 639 terminum.
3034 580 3184 643 Finis
3229 581 3411 654 itaque
3467 601 3722 663 praesen-

2144 668 2210 737 tis
2237 669 2377 729 vitae
2402 669 2612 729 initium
2656 680 2741 728 est
2769 669 3002 735 futurae,
3042 681 3097 728 ct
3124 688 3271 735 mors
3312 674 3497 733 carnis
3543 681 3721 749 auspi-

2140 761 2284 823 cium
2326 770 2552 823 naturae
2581 764 2960 830 restitutionis,
3004 774 3059 825 et
3097 766 3151 821 in
3194 767 3472 841 antiquam
3520 769 3721 827 incolu-

2142 852 2386 923 mitatem
2427 855 2653 911 reditus.
2735 898 2754 919 ι
3330 844 3335 849 Ι

2210 942 2263 998 8.
2306 943 2491 1011 Prima
2519 946 2682 1020 igitur
2719 949 2988 1005 humanae
3038 958 3267 1007 naturae
3318 954 3564 1013 reversio
3613 964 3719 1026 est,

2142 1039 2357 1110 quando
2381 1055 2575 1115 corpus
2606 1041 2851 1108 solvitur,
2870 1051 2924 1099 et
2952 1043 3005 1101 in
3032 1052 3285 1114 quattuor
3304 1045 3574 1109 elementa
3597 1064 3718 1107 sen-

2144 1128 2318 1187 sibilis
2342 1130 2548 1196 mundi,
2573 1147 2641 1193 ex
2662 1132 2857 1205 quibus
2879 1138 3237 1206 compositqu
3267 1146 3381 1204 est,
3412 1150 3713 1201 revocatur.

2145 1216 2391 1277 Secunda
2415 1221 2471 1279 in
2512 1226 2911 1280 resurrectione
2943 1225 3280 1297 implebitur,
3311 1232 3530 1303 quando
3562 1249 3720 1291 unus-

2144 1312 2373 1383 quisque
2393 1328 2549 1371 suum
2572 1317 2848 1385 proprium
2872 1333 3068 1387 corpus
3082 1334 3150 1374 ex
3171 1306 3555 1385 communione
3574 1334 3723 1394 quat-

2148 1410 2269 1461 tuor
2291 1403 2678 1467 elementorum
2703 1408 2945 1478 recipiet.
2975 1410 3171 1478 Tcrtia,
3195 1415 3410 1485 quando
3435 1430 3630 1495 corpus
3673 1419 3721 1473 in

2146 1493 2397 1563 Spiritum
2442 1497 2754 1557 mutabitur.
2809 1500 3269 1570 Quarta,quando
3301 1493 3544 1583 spiritus,
3569 1515 3645 1571 ct,
3671 1516 3725 1562 ut

2147 1585 2385 1654 apertius
2407 1585 2604 1652 dicam,
2639 1596 2747 1647 tota
2777 1589 3011 1649 hominis
3038 1600 3230 1649 natura
3271 1594 3323 1648 in
3353 1596 3728 1666 primordialcs

2148 1692 2342 1737 causas
2375 1687 2696 1747 revertetur,
2729 1697 2868 1752 quae
2889 1692 3016 1739 sunt
3043 1699 3257 1757 semper
3285 1696 3341 1743 et
3372 1688 3724 1751 incommuta-

2148 1766 2327 1835 biliter
2353 1770 2406 1831 in
2439 1770 2569 1827 Deo.
2604 1770 2823 1839 Quinta,
2849 1776 3067 1845 quando
3091 1777 3209 1847 ipsa
3236 1788 3431 1839 natura
3462 1796 3583 1839 cum
3619 1782 3725 1837 suis

454 1874 561 1919 rem
578 1861 1021 1931 cstipsalwutinis
1036 1864 1104 1923 ed
1130 1863 1291 1919 Deum
1313 1863 1626 1931 similitudo,
1648 1857 2044 1930 nequeexuotuv
2074 1843 2118 1907 Β
2148 1860 2328 1916 causis
2356 1861 2661 1921 movebitur
2704 1864 2757 1925 in
2803 1843 3006 1933 Deum,
3053 1843 3192 1922 sicut
3237 1884 3334 1927 aer
3383 1881 3630 1930 movetur
3671 1876 3723 1931 iu

449 1959 592 2021 ρεαδ
604 1953 719 2023 ipsa
731 1956 1118 2025 supereminens
1135 1966 1329 2013 natura
1347 1957 1627 2027 formatur.
1647 1954 1901 2019 Formido
1916 1967 2041 2024 quo-

450 2058 570 2113 que,
595 2043 924 2113 “ferocitas,
944 2057 994 2103 et
1016 2047 1085 2107 ad
1110 2047 1186 2114 id,
1211 2048 1351 2119 quod
1373 2048 1490 2118 plus
1509 2056 1605 2114 est,
1630 2045 1968 2112 desiderium,
1993 2052 2041 2097 et

453 2134 524 2188 ad
570 2134 647 2202 id,
683 2137 822 2206 quod
853 2137 1026 2197 minus
1066 2139 1383 2205 est,odium,
1428 2148 1475 2195 et
1521 2141 1696 2199 omnia
1737 2133 2042 2207 hujusmodi

455 2229 883 2301 longePdiuinae
911 2233 1316 2303 pulchritudinis
1363 2235 1661 2289 charactere
1707 2239 1850 2287 sunt.
1897 2228 2041 2287 Haec

450 2321 628 2393 itaque
664 2338 728 2381 ea
756 2325 1107 2383 irrationabili
1140 2335 1288 2396 parte
1324 2326 1556 2383 humana
1606 2336 1796 2380 natura
1851 2324 1920 2377 ad
1957 2339 2041 2379 se-

451 2415 630 2484 ipsunt
663 2417 906 2481 attremit.
938 2415 1009 2469 In
1043 2416 1228 2487 quibus
1271 2417 1409 2475 enim
1440 2414 1817 2477 irrationabilis
1846 2414 1949 2469 vita
1973 2411 2042 2467 ad

455 2508 898 2565 concenationem
926 2525 1079 2573 suam
1115 2509 1319 2569 munita
1344 2519 1440 2575 est,
1487 2508 1614 2573 haec
1647 2508 1714 2561 ad
1756 2508 2043 2571 humanam

459 2598 623 2655 uitans
670 2597 963 2664 translate,
1010 2601 1276 2669 passiones
1317 2600 1487 2670 factae
1517 2610 1661 2665 sunt.
1691 2598 1749 2655 ln
1785 2598 1884 2665 hos
1936 2598 2041 2651 itai-

458 2708 565 2765 qne
590 2692 991 2765 irrationabiles
1033 2702 1232 2759 motus,
1275 2694 1365 2763 qui
1403 2692 1613 2753 bcstiali
1653 2693 1791 2756 vitae
1820 2703 2040 2753 natura-

456 2784 602 2855 liter,
640 2786 910 2845 humanae
958 2801 1087 2845 vero
1122 2786 1458 2856 passibiliter
1505 2787 1707 2849 insunt,
1767 2786 2042 2849 hominem

461 2875 721 2932 cecidisse
754 2875 931 2931 nullus
954 2876 1254 2947 sapientum
1287 2876 1529 2944 ambigit,
1561 2884 1615 2929 et
1644 2890 1711 2929 ex
1739 2874 1825 2929 his
1846 2875 2041 2933 iterum

460 2968 519 3023 in
560 2977 788 3025 mortem
810 2969 1057 3040 coeperis
1084 2978 1139 3027 et
1196 2968 1521 3034 solutionem
1571 2970 1796 3029 corruit.
1859 2967 2045 3038 Neque

460 3059 609 3116 enim
628 3060 750 3129 plus
772 3060 1069 3121 inferiusre
1090 3063 1286 3122 rueret
1330 3060 1520 3131 potuit.
1556 3059 1836 3131 Siquidem
1869 3061 1923 3115 in
1954 3076 2045 3119 nav

460 3163 583 3212 tura
612 3170 795 3213 rerum
837 3156 971 3212 nihil
1009 3154 1233 3212 inferius
1265 3164 1354 3211 est
1390 3155 1519 3219 vita,
1545 3155 1774 3222 ratione,
1799 3163 1856 3214 et
1882 3169 2042 3213 sensu

2145 1949 2339 2011 lucem.
2368 1951 2487 2007 Erit
2513 1952 2656 2009 enim
2691 1953 2832 2009 Deus
2867 1955 3049 2017 omnia
3095 1956 3150 2011 in
3188 1958 3464 2035 omnibus,
3514 1962 3726 2031 quando

2144 2040 2275 2097 nihil
2304 2041 2408 2097 erit
2440 2041 2545 2099 nisi
2595 2042 2743 2099 solus
2800 2043 2962 2109 Deus,
3013 2043 3120 2101 Nec
3171 2061 3267 2117 per
3318 2049 3419 2113 hoc
3467 2062 3726 2109 conamur

2146 2140 2407 2200 astruere,
2423 2135 2778 2199 substantiam
2799 2152 2978 2197 rerum
3001 2138 3113 2207 peri
3123 2146 3312 2203 turam,
3329 2142 3420 2202 sed
3444 2137 3496 2203 in
3528 2141 3718 2199 melius

2144 2238 2240 2293 per
2281 2225 2481 2296 gradus
2530 2226 2836 2296 praedictos
2884 2229 3200 2293 redituram.
3251 2231 3520 2299 Quomodo
3575 2236 3718 2288 enim

2144 2326 2324 2386 potest
2349 2318 2560 2387 perire,
2586 2319 2731 2388 quod
2771 2320 2823 2375 in
2853 2320 3044 2377 melius
3065 2325 3325 2394 probatur
3350 2326 3560 2387 redire?
3612 2326 3727 2381 Mu-

2149 2408 2281 2462 tatio
2310 2408 2492 2479 itaque
2516 2410 2783 2468 humanae
2808 2422 3032 2470 naturae
3054 2416 3110 2477 in
3144 2416 3310 2479 Deum
3338 2432 3445 2479 non
3480 2418 3731 2479 substan-

2146 2505 2253 2569 tiae
2282 2505 2532 2571 interitus
2555 2505 2598 2536 ί*
2621 2508 2955 2571 aestimanda
2977 2519 3079 2575 est,
3108 2513 3202 2578 sed
3229 2512 3282 2567 in
3306 2512 3594 2582 pristinum
3617 2521 3725 2569 sta-

2150 2604 2280 2660 tum,
2306 2612 2464 2667 quem
2487 2600 2907 2667 praevaricando
2930 2603 3256 2673 perdiderat,
3282 2604 3546 2669 mirabilis
3571 2615 3728 2681 atque

2148 2688 2432 2747 inell‘abilis
2453 2694 2714 2748 reversio.
2760 2693 2818 2757 Si
2850 2695 2994 2759 enim
3020 2710 3195 2760 omne,
3226 2698 3372 2767 quod
3410 2713 3541 2767 pure
3569 2697 3722 2752 intel-

2149 2783 2284 2854 ligit,
2312 2781 2541 2845 eliicitur
2566 2800 2728 2847 unum
2760 2801 2884 2847 cum
2930 2801 3016 2859 eo,
3042 2788 3186 2858 quod
3229 2788 3567 2867 intelligitur,
3596 2789 3722 2861 quid

2148 2876 2370 2941 mirum,
2401 2876 2445 2930 si
2474 2884 2659 2931 nostra
2687 2886 2898 2947 natura,
2927 2879 3142 2948 quando
3178 2880 3343 2951 Deum
3375 2880 3517 2937 facie
3548 2880 3614 2935 ad
3645 2879 3725 2933 ia-

2149 2966 2287 3021 ciem
2316 2966 2748 3038 contemplatura
2779 2969 2852 3024 sit
2888 2966 2956 3035 ",
3001 2969 3054 3027 in
3099 2970 3206 3037 his,
3238 2971 3331 3043 qui
3383 2972 3530 3043 digni
3585 2979 3729 3037 sunt.

2149 3064 2407 3129 quantum
2454 3058 2505 3113 ei
2552 3057 2709 3115 datur
2733 3059 3105 3129 contemplari.
3134 3061 3188 3127 in
3234 3062 3466 3121 nubibus
3496 3061 3732 3127 them-ine

2151 3164 2470 3217 ascensura,
2499 3165 2663 3207 unum
2693 3165 2814 3207 cum
2844 3150 2959 3220 ipso
3009 3159 3063 3207 et
3105 3152 3160 3215 in
3206 3138 3320 3223 ipso
3366 3150 3484 3209 ﬁeri
3533 3152 3733 3222 possit?

463 3255 719 3313 curante;
747 3246 993 3303 inﬁmum
1018 3256 1200 3304 autem
1239 3247 1482 3305 omnium
1505 3204 1724 3317 'corpus
1759 3204 2038 3317 λοι-ευμε-
2074 3204 2121 3277 c
2151 3242 2262 3309 Nec
2308 3244 2413 3309 hoc
2454 3242 2702 3309 dicimus,
2757 3242 2969 3308 illorum
3015 3258 3234 3309 sensum
3282 3244 3609 3311 refellentes,
3641 3244 3729 3313 qui

466 3337 599 3402 bile,
627 3339 884 3408 quoniam
913 3338 983 3392 ad
1009 3338 1236 3396 nihilum
1280 3338 1458 3413 redire
1498 3338 1643 3395 nulla
1676 3347 1871 3397 natura
1912 3337 2046 3393 sinis

466 3438 576 3493 tur,
605 3436 661 3481 et
682 3427 775 3491 ubi
824 3427 1013 3491 ruinae
1048 3442 1177 3482 suae
1206 3427 1370 3482 titiam
1420 3428 1621 3497 posuit,
1679 3427 1804 3483 inde
1849 3427 2044 3487 iterum

462 3517 649 3573 redire
672 3517 968 3583 inchoavit.
995 3516 1147 3581 Finis
1182 3524 1365 3581 autem
1399 3519 1594 3577 ruinae
1618 3516 1819 3575 solutio
1850 3532 2046 3586 oorpo-

467 3607 545 3667 ris
585 3614 689 3661 est.
717 3605 798 3661 Ex
824 3604 1097 3663 solutione
1131 3606 1316 3676 itaque
1355 3608 1600 3676 corporis
1646 3609 1852 3670 reditus
1889 3618 2047 3667 natu.

464 3713 560 3754 rae
587 3696 984 3767 proﬁciscitur;
1024 3712 1088 3754 ac
1122 3713 1219 3769 per
1259 3699 1362 3754 hoc
1410 3699 1530 3769 plus
1577 3700 1828 3761 utilitatis
1855 3703 2046 3759 huma.

463 3803 568 3845 uae
596 3798 824 3845 naturae
863 3790 1093 3853 contulit
1132 3805 1279 3845 mors
1312 3791 1515 3857 carnis,
1562 3808 1724 3862 quam
1755 3794 2043 3864 vindictae,

461 3880 711 3949 quamvis
740 3894 915 3953 poena
938 3882 1144 3953 peccati
1179 3882 1346 3939 fuisse
1384 3884 1669 3941 aestimata
1711 3885 1816 3955 sit;
1848 3887 1902 3943 in
1926 3895 2047 3945 tan,

463 3981 603 4039 tum,
614 3973 867 4035 utearnis
880 3973 1251 4046 solutio,quae
1264 3976 1457 4032 mortis
1477 3979 1693 4034 nomine
1704 3979 1846 4045 solet
1859 3980 2044 4052 appei-t

458 4066 576 4131 lari,
596 4065 969 4127 rationabilius
986 4084 1132 4125 mors
1146 4071 1336 4127 mortis
1348 4071 1581 4138 dicatur,
1599 4086 1757 4143 quam
1774 4088 1919 4145 mors
1933 4088 2050 4130 car,

458 4159 563 4214 nis.
581 4157 637 4215 Si
650 4162 798 4216 enim
817 4161 1050 4217 humana
1065 4162 1241 4217 vitain
1257 4163 1361 4218 hac
1372 4165 1706 4233 corruptibili
1732 4179 1894 4222 carne
1907 4175 2051 4223 recte

460 4270 494 4309 a
516 4254 850 4326 sapientibus
888 4272 1034 4313 mors
1056 4257 1346 4323 vocitatur,
1375 4273 1482 4327 qua
1502 4259 1711 4313 ratione
1741 4260 1863 4314 linis
1884 4261 2051 4330 ipsius

467 4346 608 4402 vitae
626 4350 819 4404 mortis
836 4350 1096 4406 vocabulo
1108 4351 1494 4416 censeretur“,
1509 4352 1634 4406 dum
1655 4352 1774 4421 plus
1796 4354 1863 4407 de
1878 4361 2052 4409 morte

464 4435 679 4503 liberat,
736 4454 900 4508 quam
950 4449 1181 4495 mortem
1238 4440 1597 4497 morientibus
1651 4440 1863 4496 infert?
1916 4444 2053 4499 Hinc

461 4533 654 4584 beatus
728 4530 993 4584 Maximus
1038 4533 1094 4585 in
1145 4534 1404 4589 vicesimo
1450 4544 1644 4591 octavo
1697 4536 1934 4602 capitulo
1981 4538 2048 4592 de

463 4623 743 4690 Ambiguis
787 4640 799 4674 :

852 4620 1069 4687 Finem,
1118 4625 1328 4693 inquit,
1375 4631 1663 4696 praesentis
1702 4630 1865 4700 hujus
1912 4620 2089 4686 vitae!

2148 3337 2354 3404 dicunt,
2383 3334 2585 3401 nullum
2614 3349 2812 3406 corpus
2858 3349 3018 3405 posse
3064 3333 3109 3365 ¹⁶
3162 3336 3356 3399 tuutari
3409 3336 3462 3391 iu
3528 3337 3726 3400 vitam,

2148 3442 2323 3499 neque
2355 3426 2705 3494 ullamyitam
2729 3426 2926 3489 mutari
2948 3426 3002 3485 in
3027 3442 3244 3497 corpus,
3266 3428 3583 3503 praesertim
3609 3443 3727 3484 cum

2147 3528 2366 3577 sanctus
2393 3519 2553 3575 Pater
2580 3520 2911 3590 Augustinus
2940 3521 3043 3587 hoc
3065 3521 3258 3587 decere
3284 3522 3325 3554 ¹⁷
3351 3523 3615 3599 videatur,
3640 3524 3731 3580 scd

2146 3613 2292 3682 quod
2320 3614 2375 3677 in
2409 3612 2513 3673 hac
2544 3612 2907 3683 disputatione
2937 3613 3004 3677 de
3040 3621 3264 3679 naturae
3310 3614 3485 3679 reditu
3527 3614 3729 3685 Grego-

2148 3707 2290 3767 rium
2342 3705 2619 3774 sequimur
2670 3703 3038 3777 Theologum,
3086 3704 3311 3776 ejusque
3369 3707 3726 3777 expositorem

2149 3796 2463 3861 Maximum,
2496 3809 2596 3853 nec
2623 3810 2729 3859 non
2753 3804 2808 3850 et
2828 3804 3069 3861 sanctum
3100 3797 3455 3867 Ambrosium
3472 3798 3528 3855 in
3551 3798 3732 3868 expia.

2151 3889 2367 3954 natione
2391 3888 2667 3961 Evangelii
2689 3890 2984 3955 secundum
3013 3888 3246 3957 Lucam;
3296 3905 3474 3960 neque
3500 3891 3733 3963 cuipiam

2150 3984 2438 4043 suademus
2465 3983 2706 4050 credere,
2727 3984 2869 4052 quod
2900 3982 2947 4041 ei
2972 3982 3288 4047 incredibile
3312 3983 3543 4047 videtur.
3576 3982 3734 4042 Prac-

2150 4076 2418 4135 dictorum
2448 4090 2681 4146 namque
2709 4074 3036 4129 reversionis
3071 4084 3295 4141 naturae
3323 4075 3587 4145 graduum
3618 4074 3733 4145 qui-

2152 4170 2273 4227 dam
2298 4178 2445 4234 sunt,
2469 4169 2521 4232 in
2549 4168 2745 4237 quibus
2776 4166 3145 4237 theologorum
3188 4167 3409 4233 traditio
3450 4167 3730 4229 universa-

2152 4260 2278 4315 liter
2301 4259 2595 4327 consentit,
2622 4259 2864 4328 quidam,
2886 4259 2941 4313 in
2974 4258 3169 4329 quibus
3195 4259 3415 4321 omnino
3444 4260 3730 4333 discrepat.

2153 4349 2288 4404 Nam
2317 4349 2382 4405 de
2408 4348 2581 4407 reditu
2607 4348 2851 4418 corporis
2876 4348 2931 4404 in
2959 4348 3243 4414 elementa.
3262 4363 3329 4409 et!
3349 4348 3546 4419 quibus
3568 4348 3733 4415 venit,

2156 4438 2328 4505 deque
2391 4437 2558 4507 ipsius
2619 4436 3035 4499 resurrectionis
3103 4447 3341 4507 tempore
3392 4437 3444 4490 in
3498 4438 3732 4509 seipsum

2158 4547 2399 4595 recursu,
2427 4530 2605 4593 nullus
2624 4530 2868 4593 dissouat
2888 4531 2956 4597 ab
2983 4530 3170 4595 altero,
3197 4531 3272 4594 De
3304 4531 3533 4597 transilit
3585 4546 3730 4595 vero,

2154 4624 2205 4680 id
2228 4633 2311 4681 est
2333 4624 2787 4687 transmutatione
2801 4625 3045 4694 corporis
3068 4626 3123 4680 in
3146 4626 3403 4691 animam,
3421 4624 3503 4680 rei
3526 4624 3736 4683 animae

460 4713 722 4781 injustam
748 4720 847 4775 est,
890 4721 948 4765 ut
992 4712 1244 4780 arbitror,
1301 4727 1519 4771 mortem
1572 4720 1860 4785 nominare,
1894 4723 1988 4776 sed
2013 4739 2049 4776 α
2144 4716 2206 4771 in
2235 4730 2450 4781 causas,
2472 4715 2557 4773 vel
2581 4715 2821 4773 omnium
2851 4716 2905 4775 in
2933 4716 3124 4784 Deum,
3144 4716 3298 4779 valde
3318 4716 3592 4779 dissimilis
3613 4731 3731 4768 scu-

463 4810 630 4857 morte
658 4801 1048 4867 elicuissent,
1092 4812 1139 4855 et
1175 4820 1210 4857 a
1244 4808 1582 4874 corruptione
1617 4811 2046 4878 segregetionem,

462 4906 508 4950 et
538 4912 571 4949 a
595 4895 838 4953 seruitute
882 4893 1193 4961 libertatem,
1233 4907 1282 4950 et
1309 4913 1342 4950 η
1372 4898 1762 4965 perturbatione
1800 4901 2045 4970 quietem,

462 4995 508 5039 et
536 4985 790 5040 bellorum
816 4985 1102 5051 interitum,
1139 4998 1185 5041 et
1211 5004 1245 5043 α
1268 4986 1311 5020 “
1338 4988 1643 5057 confusione
1662 4992 1968 5059 transitum,
1999 5004 2047 5048 et

465 5095 497 5131 α
533 5077 755 5132 tenebris
816 5076 1061 5146 reditum,
1103 5091 1152 5133 et
1204 5098 1235 5135 a
1281 5079 1549 5137 doloribus
1608 5084 1858 5153 requiem,
1900 5096 1947 5140 et
1983 5087 2047 5140 ab

464 5170 680 5241 ignobili
709 5186 897 5241 pompa
937 5171 1222 5239 silentium,
1250 5180 1300 5227 et
1332 5172 1399 5227 ab
1426 5172 1469 5202 ¹²
1491 5173 1832 5231 instabilitate
1861 5178 2046 5243 otium,

462 5270 513 5317 et
544 5261 890 5334 turpitudinis
929 5264 1180 5332 uelamen,
1226 5273 1276 5320 et
1322 5280 1356 5319 α
1383 5265 1716 5334 passionibus
1761 5269 2048 5340 refugium,

2153 4811 2320 4865 tentia
2348 4818 2453 4875 est,
2477 4808 2800 4879 variumque
2828 4806 2939 4863 fere
2962 4809 3017 4865 in
3043 4810 3292 4875 omnibus
3318 4809 3529 4877 dogma.
3578 4803 3727 4859 Multi

2154 4905 2299 4960 enim
2323 4904 2390 4959 de
2411 4903 2677 4971 solutione
2692 4902 2737 4937 ³⁸
2753 4902 3085 4963 solummodo
3107 4904 3344 4983 corporis
3367 4901 3418 4955 in
3440 4898 3731 4964 elementa,

2155 4999 2328 5066 deque
2348 4997 2468 5067 ejus
2490 4997 2667 5053 reditu
2700 4995 3109 5059 resurrectionis
3156 4999 3426 5055 momento
3472 4991 3529 5055 in
3577 5005 3737 5055 suum

2152 5087 2431 5158 proprium
2458 5094 2656 5142 statum
2681 5086 2978 5156 disputant,
3004 5094 3060 5149 et
3085 5100 3261 5155 neque
3282 5083 3402 5155 pius
3439 5081 3738 5147 ascendere

2156 5182 2427 5247 videntur,
2455 5179 2709 5250 quoniam
2738 5179 2790 5235 in
2820 5177 3083 5250 qualitate
3130 5191 3419 5249 corporum
3478 5182 3598 5245 post
3652 5186 3735 5233 re-

2153 5271 2545 5329 surrectionem
2578 5269 2957 5341 disputationis
2985 5284 3118 5335 suae
3146 5268 3310 5331 ﬁnem
3358 5264 3733 5333 consumunt;

1747 5422 2001 5481 VARIAE
2032 5425 2431 5483 LECTIONES.

536 5533 558 5613 ξ
592 5532 659 5613 In
685 5530 915 5613 capitulo
934 5532 1134 5613 desim}!
1146 5543 1339 5613 getting
1368 5536 1433 5613 de
1456 5536 1686 5613 imagine
1710 5550 1823 5592 om.
1853 5535 1960 5592 CF.
2039 5540 2059 5570 ⁸
2097 5539 2190 5613 _Sic
2212 5540 2329 5606 CF;
2360 5542 2413 5613 7A
2439 5543 2493 5598 in
2516 5542 2895 5613 inundatione,
2916 5541 2976 5613 ᾖ
3000 5543 3279 5613 conﬁrmet
3306 5556 3418 5613 om,
3438 5542 3515 5613 AA.
3569 5544 3635 5613 κζ
3649 5540 3741 5613 Sic

465 5602 583 5681 CF;
615 5604 662 5658 A
695 5604 1016 5681 manifestat.
1068 5604 1337 5681 _'h$ic_C_F
1363 5623 1377 5672 ;
1399 5606 1450 5681 ΔΑ
1476 5602 2047 5681 _humanae_naturac._
2093 5610 2185 5681 37A
2222 5602 2327 5681 non
2349 5602 2724 5679 foriti’ataefd
2746 5602 3353 5681 ‘Sic'CF;'A:referre.—J
3376 5602 3518 5667 l"‘Sic
3554 5612 3667 5676 CF;
3696 5610 3742 5667 Α

464 5673 622 5739 longe
646 5692 695 5739 _a
727 5673 960 5727 divinae.

469 5740 514 5778 “
544 5739 628 5791 CF
660 5740 1028 5793 abolicittttetlt.

476 5811 515 5843 ετ
544 5806 633 5863 Sic
663 5805 778 5869 CF;
812 5807 849 5859 A
879 5808 1067 5863 dicere.
1148 5810 1192 5841 ¹⁸
1219 5810 1307 5865 Sic
1333 5805 1449 5879 CFj
1478 5815 1521 5869 Α
1552 5816 1963 5877 dissolutionem.

1068 5671 1088 5701 ⁹
1118 5673 1339 5745 SicCF;
1365 5671 1423 5728 Ἀ
1468 5678 1687 5745 inferius
1719 5678 1904 5731 vivere.

2008 5678 2052 5710 ¹⁰
2084 5676 2177 5734 Sic
2207 5676 2325 5745 CF;
2359 5672 2699 5737 Aucensetur.

1135 5741 1181 5811 ‘7‘
1212 5742 1305 5811 Sic
1330 5745 1451 5809 CF;
1482 5741 1534 5800 A'
1554 5762 1659 5799 non
1690 5748 1742 5801 in
1775 5749 2099 5807 substantiae
2126 5741 2363 5811 interitu.

2797 5682 2837 5714 “
2867 5702 2899 5737 α
2940 5699 3049 5738 om.
3090 5682 3196 5738 CF.
3302 5684 3344 5714 ²²
3387 5683 3451 5737 ab
3483 5698 3592 5737 om.
3630 5682 3739 5737 CF.

2466 5754 2577 5813 “A
2600 5754 3028 5826 contemplanti-2
3064 5764 3161 5811 est.
3264 5755 3311 5799 *⁸
3337 5770 3491 5828 posse
3533 5768 3644 5824 om.
3671 5753 3737 5811 Α.
