4212 6272
429 414 540 478 877

1251 416 1342 473 DE
1378 415 1722 474 DIVISIONE
1765 416 2116 486 NATURAE.
2161 451 2228 460 —
2265 419 2468 480 LIBER
2505 420 2830 488 QUINTUS.

3609 423 3716 482 878

434 531 852 590 transfusionem
872 545 1002 596 vero
1030 545 1317 602 corporum
1347 531 1398 584 in
1443 531 1674 598 animas,
1705 542 1761 588 et
1806 534 2015 588 anima-
2043 537 2090 598 Α
2119 536 2198 590 nis
2219 537 2504 594 secundum
2549 537 2674 592 bene
2715 537 2950 608 [tutu-mn
2989 541 3368 598 conversionem
3416 542 3470 594 in
3510 541 3716 612 Spiritu

434 642 552 680 rtttn
579 626 630 680 in
653 634 932 688 causas,et
954 637 1240 678 causarum
1273 622 1324 676 in
1359 619 1525 676 Deum
1557 623 1775 694 quidam
1805 626 2018 694 penitus

433 725 650 790 negant,
674 716 891 796 quidam
921 723 1075 769 caute
1113 713 1380 782 dubitant,
1415 714 1467 767 in
1510 722 1739 780 tantum,
1774 725 1830 768 ut
1857 717 2020 769 etiam

435 805 823 860 humanitatem
847 801 1050 858 Christi
1076 801 1127 855 in
1146 801 1485 856 divinitatem
1509 815 1829 858 conversam
1856 801 2022 857 fuisse

434 895 614 950 dicere
639 909 745 948 non
789 893 1043 948 audeant.
1093 891 1162 946 Et
1214 892 1470 962 quoniam
1519 891 1730 948 illorum
1787 908 1894 947 non
1941 903 2024 948 est

431 985 915 1058 praetermittenda
964 986 1285 1051 auctoritas,
1308 984 1435 1056 quid
1468 985 1534 1040 de
1579 985 1682 1040 hoc
1711 985 1948 1046 sentiant
1981 987 2020 1052 ί,

431 1079 669 1134 breviter
713 1091 1145 1134 commemorare
1197 1077 1474 1132 debemus.
1521 1076 1721 1132 Beatus
1773 1063 2036 1132 Aurelius.

431 1171 765 1242 Augustinus
790 1171 841 1226 in
891 1169 1102 1224 decimo
1153 1167 1402 1224 Exemeri
1459 1169 1542 1224 sui
1581 1187 1594 1224 :
1632 1167 1894 1234 Primum,
1943 1169 2026 1223 in-

435 1264 576 1333 quit,
604 1261 735 1315 illud
759 1261 1063 1330 ﬁrmissime
1089 1271 1372 1322 teneamus,
1405 1261 1612 1314 animae
1648 1271 1894 1314 naturam
1935 1278 2025 1315 nec

439 1360 492 1412 in
522 1365 764 1410 naturam
788 1355 1019 1424 corporis
1041 1355 1290 1418 converti,
1314 1365 1389 1418 ut,
1419 1371 1552 1422 quae
1563 1353 1679 1424 jam
1703 1354 1804 1424 fuit
1827 1354 2024 1420 anima,

440 1449 530 1518 ﬁat
575 1465 783 1520 corpus,
815 1465 906 1502 nec
934 1437 990 1502 in
1036 1457 1282 1500 naturam
1335 1449 1542 1501 animae
1583 1445 1928 1511 irrationalis,
1971 1453 2030 1500 ut.

439 1557 570 1610 quae
599 1539 698 1608 fuit
723 1539 899 1592 anima
921 1537 1164 1600 hominis,
1190 1537 1285 1606 ﬁat
1316 1537 1553 1606 pecudis,
1583 1553 1672 1590 nec
1697 1537 1750 1589 in
1783 1545 2030 1596 naturam

443 1631 558 1696 Dei,
589 1640 644 1685 ut
687 1646 818 1698 quae
847 1628 946 1698 fuit
976 1631 1177 1690 anima,
1205 1627 1300 1696 ﬁat
1327 1629 1466 1700 quod
1496 1637 1570 1682 est
1609 1628 1745 1682 Deus
1777 1627 1796 1657 '
1824 1668 1838 1690 ,
1875 1636 2030 1698 atque

441 1725 511 1776 ita
549 1722 774 1776 vicissim
807 1737 899 1775 nec
930 1737 1139 1790 corpus,
1175 1736 1267 1772 nec
1307 1720 1540 1773 animam
1593 1717 2028 1784 irrationabilem,

439 1829 526 1865 nec
552 1811 924 1875 substantiam,
946 1827 1080 1881 quae
1107 1809 1246 1864 Deus
1273 1819 1369 1875 est,
1397 1809 1626 1862 converti
1666 1817 1712 1863 et
1758 1808 1872 1878 ﬁeri
1915 1809 2026 1860 ani-

2124 638 2304 684 sancto
2331 646 2423 700 per
2451 631 2674 700 gratiam
2703 629 2962 684 incarnati
2992 629 3089 684 Dei
3120 632 3473 688 absorbebitur
3503 649 3624 686 caro
3651 635 3715 690 ab

2125 723 2304 776 anima
2334 723 2388 776 in
2415 722 2630 792 spiritu,
2661 723 2838 776 anima
2867 737 2984 780 vero
3013 739 3044 776 a
3073 719 3204 786 Deo,
3234 724 3322 792 qui
3343 733 3414 778 est
3439 739 3551 778 vere
3573 723 3678 784 vita
3693 717 3730 792 ε’

2125 817 2294 885 ipsum
2320 816 2506 886 quippe
2533 814 3028 888 singularissimum
3057 831 3149 886 per
3187 816 3362 869 omnia
3404 823 3570 876 totum
3606 824 3720 874 tota

2126 908 2304 962 anima
2347 906 2620 982 manifeste
2663 907 2906 960 habitura
2952 916 3045 962 est.
3087 903 3156 960 Et
3201 893 3505 982 simpliciter
3543 906 3721 964 dicen-

2127 999 2300 1076 dum:
2332 1015 2423 1068 per
2467 1000 2852 1060 conversionem
2895 1015 2926 1052 a
2971 998 3344 1066 praesentibus,
3393 999 3531 1062 circa
3581 1015 3716 1070 quae

2129 1108 2265 1146 nunc
2289 1107 2467 1146 sumus
2491 1101 2535 1144 et
2565 1089 2934 1156 convolvimur,
2967 1092 3143 1146 omnia
3177 1091 3232 1144 in
3257 1090 3434 1160 futuro
3461 1093 3718 1162 ostendet,

2126 1199 2258 1254 quae
2281 1191 2458 1238 nostra
2483 1191 2623 1246 sunt,
2651 1181 2764 1250 ipsa
2789 1181 2967 1236 divina
2996 1182 3385 1236 resurrectionis
3407 1183 3604 1252 gratia,
3634 1192 3718 1249 ut,

2127 1278 2260 1331 sicut
2289 1276 2373 1330 hic
2411 1291 2503 1330 nos
2548 1274 2802 1338 absorpsit
2829 1290 2966 1332 mors
2996 1272 3168 1328 valida
3199 1291 3290 1342 per
3313 1285 3600 1342 peccatum,
3645 1275 3722 1328 sic

2127 1365 2237 1418 illic
2262 1363 2354 1418 illa
2383 1363 2528 1432 juste
2559 1363 2834 1438 inﬁrmata
2881 1364 3172 1434 deponatur
3207 1380 3301 1432 per
3343 1363 3588 1432 gratiam.
3627 1361 3719 1418 In-

2133 1463 2312 1520 tuere,
2331 1469 2492 1524 quam
2521 1453 2666 1510 clare
2699 1461 2755 1508 et
2790 1461 2974 1522 aperte
3017 1452 3246 1522 praefati
3296 1452 3526 1524 theologi
3577 1451 3720 1508 redi-

2135 1556 2244 1602 tum
2287 1547 2532 1618 corporis
2575 1547 2628 1602 in
2675 1547 2908 1602 animam
2955 1548 3330 1606 incunctanter
3368 1547 3612 1602 edocent.
3651 1545 3722 1602 Et

2131 1657 2200 1696 ne
2228 1641 2348 1710 quis
2375 1639 2517 1696 forte
2545 1655 2644 1702 nos
2677 1639 2966 1706 existimet,
3014 1639 3218 1694 nullum
3269 1638 3464 1694 latinae
3503 1638 3726 1708 linguae

2133 1743 2426 1798 auctorem,
2459 1733 2548 1801 qui
2577 1732 2704 1786 huic
2729 1733 3296 1794 rationiadunationis
3323 1741 3579 1799 naturae,
3611 1732 3714 1786 hoc

2132 1835 2236 1891 est,
2277 1825 2344 1880 de
2381 1825 2554 1884 reditu
2601 1825 2912 1882 inferiorum
2943 1825 2995 1880 in
3021 1826 3298 1894 superiora
3323 1822 3536 1888 faverit,
3561 1837 3723 1893 posse

436 1921 576 1957 mam
627 1904 933 1956 humanam.
987 1901 1151 1956 Vides
1174 1942 1187 1968 ,
1219 1900 1671 1970 quemadmodum
1700 1909 1881 1970 negat,
1909 1899 2030 1954 aui-
2061 1895 2106 1962 Β
2136 1920 2380 1976 invenire
2411 1959 2426 1984 ,
2482 1917 2627 1972 beati
2676 1917 2948 1978 Ambrosii
2999 1917 3320 1980 “ﬂuentiam
3375 1915 3722 1970 introducere

439 2011 582 2050 mam
615 1995 926 2058 humanam,
959 1995 1064 2052 hoc
1088 2001 1173 2048 est
1194 2001 1442 2048 naturam
1473 1991 1874 2058 rationabilem,
1902 2005 2030 2046 con-

436 2083 570 2136 verti
631 2099 788 2162 posse
841 2083 892 2136 in
945 2083 1134 2148 Deum,
1183 2097 1358 2151 neque
1407 2096 1604 2152 corpus
1658 2080 1712 2136 in
1766 2080 2026 2133 animam.

437 2173 690 2228 Boethius
745 2188 958 2246 quoque
1011 2173 1064 2230 in
1126 2172 1364 2228 secundo
1421 2171 1558 2226 libro
1611 2171 1676 2225 de
1705 2169 2024 2224 Trinitate:

441 2263 561 2320 Non
583 2275 678 2330 est,
704 2265 898 2334 inquit,
931 2266 1162 2320 humana
1189 2265 1363 2318 anima
1399 2265 1452 2318 in
1488 2263 1834 2330 divinitatem,
1867 2280 1899 2317 a
1928 2280 2032 2334 qua

441 2345 705 2424 assumpta
735 2366 830 2420 est,
853 2343 1166 2424 permutata.
1195 2354 1346 2420 Quod
1378 2357 1424 2410 si
1449 2371 1609 2426 neque
1632 2371 1842 2423 corpus,
1873 2372 2034 2423 neque

445 2445 623 2496 anima
657 2445 708 2496 in
735 2443 1060 2500 divinitatem
1106 2446 1270 2516 potuit
1317 2445 1464 2510 verti,
1516 2444 1661 2498 nullo
1713 2445 1864 2498 modo
1919 2445 2036 2514 ﬁeri

443 2535 634 2604 putuit,
675 2545 727 2586 ut
761 2537 1062 2588 humanitas
1115 2545 1494 2589 converteretur
1547 2537 1600 2588 in
1651 2535 1836 2588 Deum.
1869 2535 2036 2590 Multo

449 2625 622 2676 minus
648 2640 764 2677 vero
792 2625 932 2676 credi
954 2633 1214 2694 potest,ut
1243 2637 1465 2698 utraque
1507 2626 1560 2677 in
1600 2642 1653 2678 se
1687 2635 2038 2678 converteren-

443 2725 550 2780 tur,
581 2717 827 2788 quoniam
861 2733 1022 2788 neque
1053 2715 1456 2786 incorporalitas
1487 2717 1711 2776 transire
1742 2715 1811 2769 ad
1851 2732 2035 2786 corpus

445 2817 627 2877 potest,
662 2824 822 2880 neque
851 2823 1033 2862 rursus
1055 2825 1082 2864 e
1111 2825 1355 2866 converso
1387 2825 1572 2880 corpus
1602 2807 1670 2862 ad
1693 2809 2037 2877 incorporali-

449 2897 1064 2970 tatem,quandoquidem
1095 2897 1243 2954 nulla
1272 2899 1350 2952 his
1383 2897 1598 2952 materia
1630 2897 1866 2967 subjecta
1894 2915 2038 2952 com-

448 2990 622 3044 munis
646 2998 741 3056 est,
768 3007 900 3064 quae
927 2989 1192 3044 alterutris
1240 2991 1650 3046 substantiarum
1697 2987 2036 3058 qualitatibus

452 3089 788 3150 permutetur.
821 3079 874 3135 ln
903 3079 994 3140 his
1020 3081 1199 3137 verbis
1227 3083 1625 3156 praedictorum
1657 3089 1938 3134 auctorum
1965 3077 2040 3132 nil

455 3172 595 3228 aliud
620 3173 777 3230 datur
803 3173 1048 3248 intelligi,
1087 3191 1248 3248 quam
1276 3174 1473 3230 nullam
1513 3187 1826 3242 corpoream
1878 3181 2038 3226 natu-

455 3283 570 3326 ram
599 3265 652 3322 in
681 3265 1057 3336 incorporeum
1083 3281 1239 3344 posse
1276 3267 1498 3343 mutari.
1539 3265 1776 3334 Quorum
1827 3272 2041 3319 senten—
2068 3253 2113 3314 C

454 3356 579 3410 tiam
622 3373 728 3412 non
758 3357 928 3412 solum
962 3373 1068 3412 non
1115 3356 1582 3428 reprehendimus,
1631 3371 1820 3412 verum
1873 3355 2040 3410 etiam

449 3447 678 3510 libenter
698 3447 1022 3520 accipimus;
1044 3447 1318 3517 theologos
1337 3457 1537 3516 autem,
1557 3447 1646 3522 qui
1663 3461 1851 3522 graece
1881 3443 2044 3508 locuti

454 3547 595 3603 sunt,
625 3539 783 3594 aliter
812 3539 1052 3594 sensisse
1077 3554 1184 3593 non
1227 3539 1556 3609 ignoramus.
1581 3521 1586 3522 ί
1610 3521 1853 3608 Quorum
1903 3536 2044 3590 dicta

451 3632 699 3710 quamvis
725 3631 779 3690 in
807 3629 1258 3708 praecedentibus
1284 3632 1662 3704 disputationis
1704 3630 1865 3700 hujus
1892 3630 2046 3692 libris

456 3721 768 3804 frequenter
791 3721 854 3786 de
883 3721 1061 3776 reditu
1091 3731 1318 3778 naturae
1353 3723 1828 3788 introduxerimus,
1858 3723 2046 3782 eadem

457 3820 513 3866 ct
548 3828 691 3866 nunc
745 3820 990 3894 repetere
1044 3815 1409 3870 necessarium
1463 3814 1786 3890 iudicamus.
1849 3814 2048 3874 Beatus

458 3903 751 3974 Gregorius
774 3901 1082 3976 Theologus
1103 3905 1156 3962 in
1184 3907 1468 3978 Epitaphio
1493 3907 1676 3964 fratris
1699 3909 1780 3964 sui
1807 3905 2048 3966 Caesarii

461 3993 528 4051 de
556 3998 952 4060 resurrectione
983 3999 1306 4072 disputans:
1357 3999 1524 4054 Paulo
1563 4009 1677 4070 post
1724 4010 1921 4070 autem,
1965 3999 2048 4058 in-

458 4089 596 4164 quit,
619 4099 668 4144 et
685 4091 1261 4164 congenitum,carnale
1285 4107 1472 4161 corpus
1493 4089 1746 4152 videlicet,
1779 4099 2048 4158 receptura

455 4165 530 4234 est
559 4181 758 4248 anima,
777 4197 894 4234 cum
923 4198 1046 4256 quo,
1070 4199 1203 4252 quae
1229 4181 1335 4240 illic
1369 4179 1626 4244 sunt,hoc
1654 4188 1750 4252 est,
1781 4179 1835 4236 in
1869 4178 2048 4246 futura

455 4271 583 4338 vita,
605 4271 972 4342 philosophata
1011 4283 1105 4340 est,
1129 4290 1222 4344 per
1249 4273 1418 4346 ipsam
1446 4279 1493 4324 et
1520 4270 1700 4324 datam
1724 4278 1771 4328 et
1799 4269 2049 4330 creditam

458 4371 672 4428 terram,
703 4381 908 4424 carnem
955 4365 1209 4436 profecto,
1233 4366 1288 4424 in
1313 4362 1546 4430 modum,
1572 4379 1722 4434 quem
1769 4362 1927 4427 novit,
1963 4359 2052 4432 qui

460 4472 522 4510 ea
569 4455 828 4526 colligavit
877 4468 922 4512 et
979 4458 1232 4522 dissolvit,
1269 4457 1430 4522 Deus,
1473 4457 1594 4510 ltuit:
1644 4455 2051 4516 cohaereditabit

459 4544 569 4598 illic
639 4545 920 4618 gloriam
971 4559 1018 4610 et
1085 4547 1522 4620 quemadmodum
1583 4546 1820 4606 laborum
1890 4545 2048 4616 ejus,

459 4639 669 4700 animae
723 4641 982 4708 videlicet,
1035 4605 1127 4710 per
1181 4639 1660 4712 congenerationem
1720 4623 2048 4714 participavit

459 4747 684 4808 corpus,
741 4733 817 4794 sic
875 4749 939 4788 ea:
989 4730 1407 4804 jucunditatibus
1472 4731 1580 4784 suis
1643 4729 1810 4782 tradet
1885 4735 2049 4788 totum

461 4829 513 4881 in
559 4831 806 4902 seipsam,
845 4847 1036 4904 corpus
1083 4829 1300 4894 scilicet,
1350 4836 1742 4894 consumptura,
1781 4833 1828 4880 et
1867 4824 2052 4896 futura

465 4945 580 4988 cum
599 4930 712 5000 ipso
743 4947 879 4992 unus
911 4940 960 4988 et
990 4933 1010 4964 ³
1055 4931 1300 5000 spiritus,
1333 4939 1382 4984 et
1411 4930 1649 4990 animtts,
1679 4935 1726 4980 et
1753 4925 1895 4980 Deus
1915 4963 1930 4992 ,
1961 4923 2053 4988 ab-

467 5037 638 5094 scrpta
679 5045 710 5082 a
747 5031 848 5092 vita
887 5040 936 5088 at
979 5031 1192 5088 mortali
1215 5040 1262 5084 et
1285 5030 1488 5100 ﬂuenti.
1527 5027 1700 5094 Quam
1729 5025 2052 5080 sententiam

470 5128 732 5186 Maximus
773 5133 1068 5202 explanatis
1101 5153 1112 5188 :
1147 5132 1216 5187 Ut
1269 5133 1428 5196 enim,
1475 5129 1669 5198 inquit,
1699 5128 1946 5197 absorpta
1981 5133 2056 5178 est

465 5247 558 5301 per
581 5241 848 5301 peccatum
875 5251 1000 5289 caro
1025 5253 1056 5290 a
1081 5236 1434 5304 corruptione,
1473 5249 1505 5285 a
1547 5245 1706 5284 carne
1732 5245 1848 5283 vero
1879 5229 2058 5280 anima

467 5343 674 5389 terrena
702 5337 1088 5406 operationibus
1116 5339 1225 5393 suis
1252 5337 1414 5407 facta,
1445 5333 1508 5388 ab
1537 5333 1712 5386 anima
1759 5339 1932 5383 autem
1970 5343 2061 5398 per

465 5449 883 5494 consummatam
908 5441 1259 5513 ignorantiam
1292 5437 1520 5509 cognitio
1551 5433 1673 5499 Dei,
1703 5441 1760 5486 ut
1787 5445 1966 5500 neque,
2015 5429 2062 5482 si

468 5538 608 5598 Deus
630 5551 728 5612 est,
751 5555 1076 5628 cognosceret
1099 5560 1117 5599 .'
1139 5545 1212 5602 sic
1238 5542 1446 5600 omnino
1477 5551 1702 5610 tempore
1723 5531 2058 5590 resurrectio-

544 5821 560 5853 ¹
603 5821 695 5878 Sic
726 5819 844 5884 CF;
878 5821 926 5876 A
947 5821 1196 5874 sentiunt.
1272 5817 1292 5846 ³
1333 5815 1378 5868 Α
1405 5811 1543 5868 Deus
1576 5818 1667 5868 est.

476 5908 592 5966 cap.
619 5891 673 5947 5.
751 5891 772 5924 ‘
816 5889 910 5947 Sic
930 5887 1048 5960 CF};
1088 5889 1127 5942 A
1161 5887 1282 5957 quia
1313 5901 1451 5939 eum.

2137 2013 2388 2070 convenit
2435 2012 2488 2066 iu
2529 2010 2864 2078 expositione
2907 2009 2962 2064 in
3005 2009 3228 2075 Lucam,
3261 2023 3326 2066 eo
3363 2008 3486 2072 loci,
3527 2007 3618 2062 ubi
3649 2006 3720 2060 de

2138 2103 2364 2158 muliere
2416 2100 2505 2158 illa
2558 2099 2878 2170 Evangelica
2938 2107 3154 2164 tractat,
3205 2100 3308 2154 tria
3355 2107 3470 2154 sata
3517 2097 3728 2152 similae

2138 2193 2520 2256 abscondente,
2554 2191 2722 2252 donec
2753 2190 3204 2252 fermentarentur
3249 2189 3304 2244 in
3348 2203 3530 2250 unum.
3587 2187 3726 2256 Λροε

2135 2286 2322 2350 stolas,
2354 2283 2544 2355 inquit,
2571 2284 2750 2340 nonin
2776 2299 2952 2346 carne,
2995 2283 3085 2342 sed
3124 2283 3178 2336 in
3221 2281 3409 2350 spiritu
3453 2277 3726 2333 ambulare

2138 2397 2232 2436 nos
2259 2378 2535 2450 praecepit,
2579 2386 2635 2432 ut
2662 2376 2976 2444 sanctiﬁcati
3013 2392 3104 2446 per
3146 2375 3412 2432 lavacrum
3451 2389 3722 2442 regenera-

2138 2475 2314 2538 tionis,
2343 2480 2557 2528 veterem
2591 2468 2852 2522 hominem
2885 2484 3000 2522 cum
3027 2469 3136 2522 suis
3161 2467 3431 2522 desideriis
3457 2475 3724 2528 ementes,

2138 2565 2308 2620 induti
2334 2578 2541 2624 novum,
2563 2560 2650 2630 qui
2673 2557 2958 2612 secundum
2987 2556 3254 2612 Christum
3281 2567 3508 2624 creatur,
3537 2573 3642 2610 non
3669 2556 3726 2616 in

2139 2669 2386 2718 vetustate
2419 2659 2628 2720 literae,
2667 2654 2756 2708 sed
2781 2653 2834 2706 in
2869 2654 3080 2721 spiritus
3129 2653 3356 2706 novitate
3394 2651 3722 2720 gradiantur,

2138 2769 2239 2825 quo
2291 2752 2451 2822 possit
2499 2749 2644 2803 nobis
2695 2745 3088 2802 resurrectionis
3145 2755 3371 2812 tempore
3409 2743 3726 2810 incorrupta

2140 2846 2368 2911 corporis
2397 2853 2446 2896 et
2477 2843 2683 2895 animas
2717 2849 2764 2892 et
2803 2839 3020 2908 spiritus
3055 2851 3264 2890 manere
3303 2833 3616 2886 communio.
3661 2833 3730 2887 Et:

2141 2937 2302 3008 paulo
2349 2943 2469 3003 post
2509 2950 2522 2987 :
2575 2931 2762 3000 Itaque
2806 2931 2852 2982 si
2903 2929 2960 2982 in
3001 2928 3100 2980 hac
3141 2927 3242 2980 vita
3289 2934 3392 2978 tres
3429 2940 3728 2988 mensurae,

2142 3030 2372 3099 corporis
2405 3024 2632 3078 videlicet
2661 3033 2708 3078 et
2736 3023 2942 3076 animae
2965 3029 3012 3074 et
3039 3017 3274 3086 spiritus,
3307 3017 3364 3072 in
3393 3015 3572 3070 eodem
3620 3015 3726 3084 fer-

2143 3133 2332 3186 mento,
2359 3121 2454 3174 hoc
2475 3127 2572 3182 est,
2607 3118 2662 3170 in
2686 3116 2882 3170 unitate
2909 3111 3172 3166 Ecclesiae
3207 3109 3600 3180 permanserint,
3637 3110 3732 3160 do-

2145 3231 2236 3268 nec
2266 3213 2639 3282 fermententur
2663 3216 2708 3261 et
2732 3205 2862 3272 ﬁant
2889 3219 3072 3266 unum,
3103 3211 3160 3256 ut
3189 3199 3562 3270 aequalitatum
3583 3195 3732 3252 nulla

2145 3305 2396 3360 distantia
2422 3303 2488 3356 sit
2511 3342 2526 3366 ,
2555 3317 2647 3354 nec
2669 3296 2942 3366 compositi
2962 3310 3026 3348 ea:
3048 3293 3207 3346 trium
3233 3291 3528 3344 diversitate
3552 3287 3730 3342 videa-

2144 3415 2264 3454 mur
2281 3438 2294 3462 ,
2317 3396 2416 3450 erit
2441 3396 2498 3454 in
2518 3393 2696 3462 futuro
2725 3388 2754 3428 ’ν
2784 3384 3115 3456 diligentibus
3141 3383 3408 3438 Christum
3428 3381 3734 3448 incorrupta

2145 3489 2466 3550 contmttnio,
2510 3501 2602 3540 nec
2645 3481 2911 3550 compositi
2953 3476 3300 3540 manebimus.
3365 3472 3504 3526 Nam
3549 3479 3596 3524 et
3643 3470 3733 3540 qui

2146 3582 2417 3654 compositi
2445 3595 2584 3633 nunc
2609 3592 2810 3640 sumus,
2833 3589 3000 3628 unum
3025 3571 3238 3633 erimus,
3267 3579 3312 3622 et
3343 3568 3399 3622 in
3431 3581 3593 3619 unam
3614 3563 3736 3618 sub-

2146 3678 2394 3733 stantiam
2421 3669 2934 3741 transformabimur.
2999 3662 3183 3734 Neque
3225 3663 3362 3716 enim
3403 3663 3460 3714 in
3507 3673 3738 3714 resurre-

2147 3770 2312 3824 ctione
2339 3765 2486 3818 aliud
2507 3763 2600 3816 erit
2631 3760 2738 3814 alio
2769 3757 3010 3825 inferius,
3062 3755 3198 3807 sicut
3245 3767 3382 3812 nunc
3430 3749 3634 3820 fragilis
3681 3749 3738 3801 in

2147 3859 2294 3912 nobis
2341 3865 2416 3909 est
2461 3851 2638 3906 carnis
2687 3848 3004 3916 inﬁrmitas,
3053 3853 3103 3896 ct
3151 3840 3436 3912 corporalis
3487 3839 3736 3894 habitudo

2149 3959 2370 4003 naturae
2389 3943 2466 3998 vel
2493 3939 2790 4002 vulneribus
2821 3945 2984 4005 patet,
3009 3933 3086 3988 uel
3115 3931 3326 4000 injuriis
3361 3930 3616 3999 subjasct,
3659 3926 3736 3982 vel

2148 4041 2230 4094 sui
2263 4036 2432 4091 oneris
2465 4031 2602 4086 mole
2629 4029 2876 4096 depressa
2905 4038 3066 4092 supra
3095 4031 3262 4074 terras
3288 4019 3462 4086 nequit
3491 4015 3737 4072 euellere

2150 4133 2308 4188 altius
2337 4137 2491 4197 atque
2519 4124 2718 4178 elevare
2739 4118 3030 4186 vestigium,
3081 4112 3168 4166 sed
3209 4113 3266 4165 in
3315 4109 3564 4177 simplicis
3593 4123 3739 4159 crea-

2151 4238 2300 4282 turae
2344 4220 2568 4292 gratiam
2608 4211 2992 4286 ﬁgurabimur,
3039 4219 3156 4258 cum
3201 4199 3509 4270 comitiatum
3556 4199 3713 4292 fuerit

2151 4323 2286 4396 quod
2315 4291 2510 4375 dictant
2539 4323 2612 4370 est
2649 4331 2682 4367 a
2719 4311 2926 4366 Joanne
2973 4317 2992 4357 :
3039 4299 3312 4357 Carissimi
3351 4297 3372 4332 '
3398 4335 3423 4396 ,-
3451 4309 3599 4396 nunc
3641 4291 3738 4356 ﬁlii

2158 4387 2248 4473 Dei
2274 4429 2473 4477 sumus,
2513 4419 2562 4463 et
2615 4405 2844 4462 nondum
2903 4397 3184 4454 revelatum
3221 4401 3296 4448 est
3333 4388 3462 4461 quid
3509 4387 3736 4477 erimus;

2153 4511 2242 4567 sed
2282 4473 2502 4568 scimus,
2548 4501 2699 4571 quia,
2743 4509 2860 4550 cum
2911 4487 3189 4545 revelatum
3228 4483 3406 4556 fuerit,
3453 4476 3649 4571 similes
3691 4473 3738 4526 ei

2154 4605 2364 4656 erimus.
2419 4567 2602 4662 Itaque
2637 4603 2754 4642 cum
2793 4584 2888 4638 Dei
2929 4589 3119 4636 natura
3159 4578 3226 4631 sit
3251 4571 3489 4643 simplex,
3521 4567 3732 4662 spiritus

2156 4693 2292 4749 enim
2333 4689 2470 4741 Deus
2520 4661 2598 4738 est
2626 4724 2640 4748 ,
2689 4695 2782 4733 nos
2835 4691 3036 4746 quoque
3083 4673 3138 4726 in
3195 4667 3412 4723 eandem
3455 4661 3724 4730 imaginem

2156 4781 2540 4856 ﬁgurabimur,
2589 4783 2646 4828 ut
2696 4769 2867 4842 qualis
2911 4760 3338 4856 caelestia-tates
3383 4764 3432 4810 et
3473 4753 3732 4856 caelestes.

2159 4847 2327 4947 igitur
2348 4873 2479 4927 sicut
2508 4865 2824 4939 portavimus
2853 4860 3134 4928 imaginem
3155 4851 3297 4906 illius
3318 4847 3538 4947 terreni,
3565 4851 3742 4912 porte-
3768 4910 3777 4938 τ

2161 4937 2273 5024 nius
2297 4977 2342 5020 et
2373 4937 2652 5032 imaginem
2680 4957 2837 5024 hujus
2861 4949 3092 5004 caelestis
3112 4985 3126 5010 ,
3161 4958 3318 5014 quam
3349 4939 3374 4972 ⁸
3409 4937 3615 5032 animus
3645 4949 3741 4984 uo-

2159 5071 2264 5116 ster
2299 5057 2442 5112 debet
2465 5025 2696 5107 induere.
2739 5045 2844 5100 Sed
2869 5057 2974 5096 non
3007 5041 3080 5091 ita
3117 5036 3260 5088 hunc
3290 5025 3736 5116 excelsissimum,

2164 5115 2505 5208 Ambrosium
2557 5143 2715 5204 dico,
2759 5135 3076 5205 magistrum
3121 5125 3377 5178 debemus
3421 5115 3738 5208 intelligere,

2165 5241 2328 5299 veluti
2360 5202 2780 5294 substantiarum
2807 5202 3176 5281 confusionem
3196 5254 3211 5280 ,
3233 5211 3317 5266 vel
3343 5202 3744 5299 transmutatio-

2166 5297 2290 5394 nem
2317 5333 2448 5388 velit
2472 5329 2718 5389 suadere,
2738 5321 2828 5376 sed
2859 5313 3238 5371 adunationem
3267 5297 3744 5402 quandamitiella-

2163 5393 2327 5484 bilem
2375 5432 2536 5492 atque
2573 5407 3016 5479 inintelligibilem
3067 5407 3372 5492 nostrarum
3421 5393 3747 5492 substantiae

2171 5479 2286 5577 rum
2316 5479 2736 5572 ievidlentisslme
2781 5497 3043 5556 docuisse.
3105 5491 3160 5544 In
3197 5489 3433 5544 humana
3482 5479 3746 5552 siquidem

2191 5781 2268 5791 ρο...-
2279 5777 2298 5784 Α
2319 5778 2386 5786 ας...

3071 5773 3093 5806 ³
3127 5770 3222 5830 Sic
3267 5767 3382 5836 CF;
3425 5781 3523 5839 pro
3561 5763 3666 5820 kﬁi
3705 5762 3749 5828 Α
