4212 6272
375 431 473 488 881

1241 429 1330 484 DE
1366 428 1704 485 DIVISIONE
1741 429 2090 486 NA'I‘URAE.
2125 461 2196 473 --
2230 431 2433 487 LIBER
2469 432 2794 501 QUINTUS.

3538 425 3642 498 882

377 547 468 602 ille
488 546 634 601 eirea
677 546 854 601 divina
885 545 1240 611 solummodo,
1271 545 1358 598 illa
1388 559 1518 599 vero
1556 545 1699 599 circa
1744 555 1958 600 creatu-
1986 552 2040 610 Α
2065 550 2186 603 dam
2247 549 2575 604 adunatione
2616 548 2741 604 fons
2787 563 2928 604 unus
2978 562 3179 608 manat.
3222 554 3278 608 ln
3326 554 3440 625 ipsa
3495 559 3640 614 enim

380 657 470 696 ras
505 650 800 696 moveatur.
834 641 904 694 At
945 643 988 695 si
1034 642 1133 696 ista
1167 641 1247 695 sic
1270 655 1330 695 se
1367 639 1600 716 habeant
1628 650 1668 706 ι,
1693 640 1960 710 quomodo

375 749 482 811 non
508 733 918 788 contradictoria
938 733 1262 788 videbuntur
1282 733 1306 786 ?
1589 739 1615 768 ι’

389 816 399 833 ’
447 825 494 880 9.
541 823 676 879 MAG.
721 823 834 880 Cur
870 833 922 880 ιε
965 825 1088 880 talia
1133 831 1374 889 movent,
1421 823 1650 878 multum
1696 823 1956 889 admiror,

375 931 498 969 cum
528 915 643 980 tibi,
666 924 829 986 prout
854 917 1026 986 potui,
1052 917 1334 980 suaserim,
1361 915 1775 987 intelligibilium
1805 924 1962 970 natu-

374 1020 556 1058 rarum
579 1004 961 1061 adunationem
998 1006 1113 1061 ﬁeri
1152 1021 1313 1076 posse
1354 1007 1470 1062 sine
1495 1005 1710 1061 cumulo
1732 1016 1784 1060 et
1813 1021 1960 1061 com-

373 1096 662 1165 positione,
703 1098 1126 1168 proprietatibus
1162 1099 1467 1154 observatis
1504 1108 1560 1153 et
1599 1099 1958 1154 incommuta-

372 1186 556 1240 bilitcr
583 1189 948 1243 manentibus.
987 1187 1113 1244 Tria
1137 1190 1338 1244 etenim
1375 1201 1518 1254 sunt,
1549 1206 1688 1261 quae
1729 1192 1780 1244 in
1812 1191 1960 1246 omni

374 1274 704 1341 substantia,
747 1278 861 1333 sive
904 1279 1220 1349 corporibus
1264 1281 1612 1346 adhaerente,
1664 1283 1776 1336 sive
1815 1281 1960 1336 omni

373 1382 605 1437 corpore
651 1370 920 1436 absoluta,
975 1373 1018 1425 si
1073 1379 1248 1426 tamen
1305 1372 1482 1442 aliqua
1529 1373 1828 1428 substantia
1879 1383 1963 1429 est

373 1469 595 1528 praeter
639 1463 826 1531 Deum,
869 1477 1007 1534 quae
1041 1465 1154 1520 sive
1199 1465 1517 1536 intelligibili
1559 1467 1671 1520 sive
1718 1465 1960 1522 sensibili

374 1569 602 1624 corpore
646 1565 869 1622 careat,
913 1558 1373 1613 incommutabilia
1424 1569 1480 1615 et
1524 1558 1961 1614 iuconversibilia

375 1656 713 1716 permanent,
745 1657 803 1703 ut
841 1650 893 1704 in
928 1651 1201 1720 prioribus
1244 1651 1397 1707 libris
1425 1651 1797 1721 multipliciter
1835 1666 1960 1722 per-

370 1740 652 1795 docuimus
692 1759 704 1794 :
747 1743 1002 1805 essentia,
1055 1743 1247 1807 virtus,
1292 1752 1348 1800 et
1395 1743 1655 1798 naturalis
1695 1744 1957 1813 operatio.

372 1827 620 1899 Nunquid
650 1831 787 1887 haec
820 1833 921 1887 tria
952 1849 1118 1888 unum
1147 1843 1292 1900 sunt,
1325 1843 1378 1890 et
1403 1851 1510 1889 non
1542 1851 1708 1888 umun
1741 1848 1958 1903 compo-

367 1925 554 1991 situm,
609 1929 702 1982 sed
753 1930 1208 2001 simplicissimum
1259 1949 1425 1987 unum
1479 1941 1534 1988 et
1581 1933 1957 2004 inseparabilis

365 2016 596 2071 unitas?
620 2018 822 2075 Horum
855 2022 999 2076 enim
1029 2022 1232 2076 nullum
1263 2025 1379 2080 sine
1407 2027 1579 2083 altero
1605 2044 1725 2084 esse
1755 2040 1956 2100 potest,

365 2109 621 2175 quoniam
678 2113 836 2167 unius
893 2111 1242 2183 ejusdemque
1301 2117 1635 2172 substantiae
1687 2129 1813 2174 sunt
1851 2138 1864 2174 :
1899 2129 1957 2175 et

365 2207 545 2252 tamen
579 2200 788 2255 ratione
826 2202 1066 2256 consulta
1109 2203 1362 2258 nonnulla
1405 2205 1708 2262 diﬂ‘erentia
1751 2209 1956 2264 discer-

366 2303 588 2350 nuntur.
640 2295 799 2351 Aliud
839 2306 923 2353 est
965 2299 1110 2354 enim
1167 2316 1308 2365 esse,
1362 2302 1507 2358 aliud
1547 2320 1706 2376 posse
1752 2307 1956 2378 aliquid

366 2381 601 2448 cﬁicere,
645 2384 790 2439 aliud
834 2386 950 2456 ipse
995 2387 1239 2444 eﬂ‘ectus.
1274 2391 1432 2446 Aliud
1464 2402 1548 2448 est
1587 2396 1768 2451 arbori
1814 2413 1954 2464 esse,

367 2472 514 2526 aliud
555 2488 713 2542 posse
757 2492 1026 2543 crescere,
1073 2479 1217 2533 aliud
1247 2495 1510 2538 crescere.
1559 2485 1718 2540 Aliud
1754 2487 1956 2544 homini

365 2573 451 2617 cst
491 2579 649 2630 esse,
683 2566 826 2622 aliud
870 2584 1028 2639 posse
1081 2571 1414 2644 intelligere,
1463 2575 1609 2631 aliud
1661 2578 1956 2650 intelligere

366 2659 509 2727 quod
529 2667 708 2728 potest
740 2663 1058 2734 intelligere.
1099 2665 1166 2720 Et
1200 2667 1336 2723 haec
1366 2671 1469 2724 tria
1493 2673 1641 2727 omni
1674 2683 1956 2732 creaturae

364 2748 563 2803 visibili
600 2758 654 2804 et
686 2751 938 2809 invisibili
965 2755 1141 2811 inesse
1165 2758 1388 2814 dubium
1411 2777 1518 2816 non
1550 2772 1654 2818 εει.

437 2840 524 2893 10.
564 2842 764 2911 Accipe
795 2843 938 2899 aliud
967 2848 1276 2918 exemplum
1310 2851 1374 2905 de
1421 2854 1749 2909 adunationc
1798 2868 1952 2912 natu-

367 2947 553 2986 rarum
579 2933 695 2988 sine
714 2935 1050 3003 confusione,
1064 2940 1148 2994 vel
1175 2941 1428 3007 mixtura,
1442 2943 1525 2996 vel
1541 2947 1948 3015 compositione.

369 3023 508 3078 Num
542 3025 595 3079 in
623 3042 729 3081 una
761 3029 936 3098 specie
967 3030 1118 3084 multi
1149 3034 1356 3087 nmneri
1397 3035 1778 3092 substantiales
1801 3049 1947 3106 sunt,

369 3127 423 3170 et
453 3117 504 3171 in
530 3134 636 3172 uno
663 3134 858 3189 genere
899 3123 1098 3178 multae
1142 3125 1368 3193 species,
1396 3135 1451 3181 et
1481 3127 1532 3180 in
1579 3144 1682 3182 una
1714 3132 1946 3186 essentia

367 3209 533 3264 multa
561 3227 782 3280 genera,
809 3222 865 3267 et
891 3215 963 3268 ita
997 3225 1144 3282 sunt,
1187 3226 1246 3270 ut
1284 3233 1409 3272 vera
1449 3220 1638 3284 edocet
1686 3223 1842 3287 ratio,
1889 3234 1945 3278 ut

365 3299 421 3353 iu
453 3316 558 3356 una
587 3304 743 3358 οὐσία
761 3306 1180 3375 unumquodque
1222 3322 1392 3377 genus
1419 3324 1549 3364 suas
1575 3313 1822 3382 proprias
1859 3329 1948 3368 ra-

366 3391 537 3446 tiones
571 3394 867 3461 possideat,
894 3395 1115 3451 alterius
1140 3399 1354 3470 generis
1387 3402 1692 3457 rationibus
1739 3404 1945 3460 discre-

365 3489 464 3545 tas,
496 3495 672 3550 neque
695 3481 972 3550 confusas,
1017 3498 1192 3554 neque
1233 3488 1448 3554 mixtas,
1480 3507 1656 3561 neque
1679 3497 1947 3564 composi-

364 3578 466 3635 las,
514 3570 778 3626 adunatas
813 3581 1020 3641 tamen,
1073 3585 1254 3646 atque,
1285 3586 1344 3631 ut
1410 3578 1483 3632 ita
1533 3581 1729 3646 dicam,
1781 3600 1945 3639 unum

359 3664 664 3732 quoddam'
720 3665 998 3737 multiplex
1030 3677 1085 3723 et
1111 3670 1375 3741 simplex?
1416 3671 1678 3729 Similiter
1709 3677 1776 3731 de
1825 3692 1947 3747 spe-

360 3754 544 3809 ciebus
577 3755 630 3809 in
675 3771 892 3826 genere,
939 3766 995 3812 et
1042 3759 1108 3814 de
1161 3763 1401 3817 numeris
1451 3765 1852 3834 spccialissimis
1890 3768 1943 3824 in

362 3847 543 3915 specie
590 3848 990 3919 intelligendum
1041 3861 1144 3907 est.
1201 3854 1404 3909 Horum
1450 3870 1684 3928 namque
1736 3859 1944 3930 singula

361 3951 607 4007 quaeque
633 3947 686 3993 et
712 3941 1089 4010 proprietatem
1120 3959 1270 3999 suam
1298 3953 1352 3999 et
1386 3947 1765 4003 adunationem
1813 3964 1942 4018 pos-

360 4025 558 4091 sident,
581 4030 727 4082 omni
769 4032 1149 4101 compositione
1182 4043 1406 4088 remota.
1447 4033 1604 4088 Aliud
1635 4036 1941 4106 exemplum

360 4119 575 4173 intuere
595 4135 661 4174 ex
690 4123 929 4177 numeris
959 4125 1184 4180 materia
1210 4125 1492 4179 absolutis.
1529 4125 1720 4180 Nonne
1748 4140 1942 4181 omnes

359 4212 568 4266 numeri
601 4211 715 4267 sive
761 4213 900 4268 ﬁniti
931 4216 1045 4270 sive
1090 4215 1306 4279 inﬁniti,
1351 4215 1455 4270 hoc
1483 4224 1590 4280 est,
1626 4214 1743 4270 sive
1773 4215 1942 4271 ratio-

359 4302 442 4356 nis
484 4303 1028 4374 contemplationibus
1080 4317 1135 4362 ct
1183 4307 1641 4363 nominationibus
1694 4323 1940 4379 compre-

357 4391 673 4459 hcnsibiles,
697 4393 810 4450 sive
844 4395 1112 4452 humanae
1137 4398 1313 4453 adhuc
1355 4398 1408 4452 in
1435 4398 1538 4453 hac
1558 4398 1669 4454 vita
1693 4408 1937 4455 contem-

356 4483 611 4553 plationis
647 4493 703 4540 et
743 4489 1175 4545 ratiocinationis
1203 4491 1456 4547 virtutem
1503 4501 1842 4562 superantes,
1882 4493 1935 4548 in

357 4575 590 4631 monade
620 4590 784 4632 unum
827 4580 1170 4677 subsistunt?
1195 4582 1262 4636 Et
1301 4583 1518 4651 quidem
1549 4585 1601 4638 in
1644 4585 1759 4654 ipsa
1790 4585 1935 4640 nulla
1969 4617 2017 4677 ι)

356 4677 705 4724 numerorum
748 4672 1087 4742 compositio,
1126 4673 1211 4728 vel
1261 4674 1524 4740 confusio,
1577 4676 1660 4731 vel
1702 4678 1935 4732 mixtura

357 4771 704 4815 numerorum
727 4771 810 4817 est
835 4781 848 4816 :
870 4763 1067 4835 singuli
1094 4773 1272 4819 autem
1299 4782 1426 4820 suas
1448 4767 1748 4838 singulares
1776 4769 1944 4824 ratio-

359 4859 456 4899 nes
486 4849 541 4902 in
597 4864 663 4906 ea
704 4851 755 4905 vi
803 4862 859 4907 et
917 4861 1184 4923 potestate
1228 4857 1558 4911 custodiunt.
1604 4859 1734 4926 Quis
1795 4861 1938 4914 enim

362 4943 507 4989 recte
549 4939 939 5010 disputantium
972 4945 1192 5011 dixerit,
1232 4947 1502 5001 hinarium
1544 4963 1826 5004 numerum
1855 4951 1940 5007 vel

362 5026 655 5082 ternarium
685 5031 737 5084 in
785 5035 1017 5090 monade
1045 5037 1374 5106 compositos
1401 5051 1543 5103 esse,
1584 5038 1659 5093 ita
1690 5048 1749 5093 ut
1791 5042 1940 5096 bina-

358 5115 477 5169 rius
525 5115 579 5170 in
622 5132 686 5173 ea
729 5121 814 5176 bis
863 5125 1113 5195 singulis,
1167 5135 1220 5180 et
1272 5129 1544 5182 ternarius
1589 5138 1673 5184 tcr
1714 5132 1940 5202 singulis

355 5205 663 5261 subsistat?
690 5207 748 5264 Si
777 5215 920 5268 enim
947 5217 1050 5273 hoc
1079 5217 1252 5283 ﬁeret,
1283 5235 1389 5274 non
1419 5230 1566 5276 esset
1601 5239 1808 5291 monas,
1847 5227 1940 5280 sed

354 5297 652 5353 multarum
695 5301 1070 5362 diversitatum
1122 5318 1176 5364 et
1206 5311 1441 5380 partium
1484 5316 1846 5384 exaggeratio,
1886 5325 1943 5372 et

351 5391 776 5464 discrepantium
849 5416 1198 5458 numerorum
1253 5405 1517 5460 cumulus.
1603 5406 1700 5462 Est
1764 5417 1941 5464 autem

353 5496 566 5551 monas,
607 5485 661 5541 in
698 5503 806 5559 qua
841 5491 1083 5548 omnium
1130 5509 1476 5551 numerorum
1527 5498 1762 5553 mirabili
1810 5513 1942 5568 qua-

1975 3259 2022 3324 C

2061 638 2302 695 binarius
2331 649 2387 695 et
2417 641 2686 695 ternarius
2724 656 2892 696 unum
2920 651 3066 707 sunt,
3092 651 3148 696 et
3190 647 3438 716 proprias
3478 648 3642 702 ratio-

2061 748 2158 787 nes
2202 733 2542 799 custodiunt,
2572 747 2678 802 qua
2727 734 2749 764 ³
2796 732 2899 788 sibi
2947 734 3178 789 invicem
3220 727 3550 793 conveniunt
3586 738 3641 806 ’⁵,

2061 822 2263 892 absque
2285 821 2390 876 ulla
2426 822 2567 878 mole
2592 837 2878 892 corporea,
2924 824 3131 894 absque
3153 823 3260 880 ulla
3286 827 3643 885 humanarum

2060 917 2446 987 cogitationum
2470 918 2754 988 phantasia
2780 933 2874 974 seu
2902 919 3303 989 phantasmate,
3339 935 3433 976 seu
3475 923 3648 992 phan-

2061 1009 2232 1063 tasiae
2268 1016 2322 1062 et
2346 1009 2740 1077 phantasmatis
2762 1008 3126 1078 copulatione,
3156 1009 3248 1065 sed
3273 1011 3389 1066 solo
3409 1013 3644 1085 simplici

2060 1111 2116 1157 et
2161 1101 2485 1173 intelligibili
2547 1101 2824 1157 intellectu
2867 1103 3213 1169 subsistunt,
3263 1104 3404 1160 unde
3453 1108 3506 1160 in
3557 1122 3646 1162 res

2060 1207 2349 1263 corporeas
2372 1191 2486 1247 sive
2508 1193 2858 1262 incorporeas
2899 1192 3204 1262 procedunt
3241 1201 3366 1248 actu
3401 1203 3456 1250 et
3481 1210 3646 1264 opere

2061 1299 2156 1339 seu
2207 1293 2430 1338 naturae
2452 1283 2494 1348 ⁸,
2547 1282 2650 1336 Ιιοε
2696 1291 2802 1349 εει,
2845 1298 2938 1337 εευ
2967 1283 3202 1338 naturali
3237 1298 3330 1340 seu
3372 1285 3644 1342 artiﬁciali

2061 1375 2373 1445 operatione
2426 1375 2479 1441 °,
2543 1390 2638 1430 seu
2693 1375 3089 1431 arithmeticae.
3142 1373 3258 1430 Non
3312 1375 3498 1442 aliter,
3553 1378 3645 1432 sed

2060 1467 2250 1522 eadem
2290 1465 2498 1522 ratione
2537 1465 2604 1520 de
2631 1465 2884 1521 omnibus
2926 1466 3172 1522 numeris
3197 1481 3228 1520 a
3260 1468 3493 1522 monade
3519 1482 3646 1536 pro-

2061 1559 2452 1630 gredientibus,
2475 1566 2533 1613 et
2561 1558 2616 1612 in
2660 1559 2889 1614 eandem
2914 1559 3170 1615 resolutis
3206 1560 3637 1633 intelligendum.

2060 1648 2200 1715 Quid
2245 1648 2311 1703 de
2358 1656 2557 1718 puncto
2619 1649 2926 1715 dicendum,
2985 1665 3016 1704 a
3073 1664 3183 1719 quo
3227 1665 3416 1705 omnes
3471 1651 3646 1706 lineae

2060 1739 2433 1810 egrediuntur,
2476 1748 2532 1793 et
2561 1739 2614 1793 in
2641 1739 2784 1808 quod
2813 1739 3181 1806 resolvuntur,
3222 1749 3276 1796 et
3306 1743 3359 1796 in
3392 1757 3457 1797 eo
3478 1759 3644 1797 unum
3717 1765 3720 1767 λ

2063 1840 2212 1898 sunt,
2246 1846 2421 1900 neque
2451 1831 2582 1886 illud
2611 1847 2776 1886 unum
2823 1833 3206 1902 compositum,
3252 1832 3346 1888 sed
3383 1850 3448 1889 ex
3476 1836 3643 1890 ratio-

1990 1898 2034 1958 Β
2062 1926 2221 1978 nibus
2247 1923 2477 1978 diversis
2498 1924 2828 1978 adunatum?
2857 1923 2967 1979 Nec
2995 1925 3180 1979 talium
3207 1925 3450 1995 exempla
3479 1927 3642 1980 etiam

2061 2017 2115 2070 in
2141 2016 2302 2071 rebus
2341 2015 2690 2070 sensibilibus
2717 2016 2935 2070 desunt.
2983 2015 3100 2070 Non
3147 2015 3394 2085 negabis,
3425 2025 3484 2070 ut
3526 2017 3643 2070 exi-

2060 2109 2242 2171 stimo,
2293 2105 2572 2161 oculorum
2625 2106 2806 2161 radios
2833 2147 2848 2170 ,
2893 2103 3315 2174 caelestiumque
3358 2119 3645 2175 corporum

2059 2198 2316 2268 fulgores,
2345 2206 2760 2268 ceterorumque
2791 2196 3140 2252 luminarium
3171 2196 3456 2252 sensibiles
3483 2205 3644 2266 atque

2057 2304 2351 2360 corporeos
2376 2303 2518 2345 esse.
2555 2290 2701 2345 DISC.
2732 2290 2866 2356 Quis
2893 2288 3146 2360 negarit?
3173 2286 3229 2342 Si
3251 2288 3394 2343 enim
3418 2287 3648 2343 lumina-

2057 2383 2197 2437 rium
2233 2381 2486 2451 splendor
2513 2395 2810 2451 corporeus
2852 2391 2959 2448 est,
3001 2397 3100 2436 cur
3131 2396 3237 2435 non
3268 2382 3430 2436 etiam
3463 2381 3648 2436 oculo-

2057 2474 2224 2530 rum?
2254 2473 2390 2529 Nam
2428 2474 2679 2529 fortassis
2711 2474 2830 2529 loca
2870 2489 2977 2529 non
3028 2473 3338 2544 implerent,
3384 2483 3439 2528 et
3466 2473 3648 2529 locali-

2058 2577 2141 2622 ter
2176 2582 2282 2622 non
2339 2567 2770 2637 porrigerentur,
2823 2565 2868 2620 si
2918 2567 3226 2636 corporales
3281 2582 3388 2622 non
3439 2575 3641 2621 essent.

2054 2660 2194 2715 MAG.
2231 2659 2346 2731 Age
2381 2660 2495 2730 jam
2526 2659 2568 2724 ",
2618 2658 2733 2713 sive
2777 2656 2870 2711 lux
2897 2657 3174 2712 oculorum
3205 2666 3259 2711 et
3298 2655 3642 2710 luminarium

2053 2769 2314 2823 corporea
2358 2754 2448 2818 sit,
2483 2751 2567 2807 vel
2610 2766 2718 2806 non
2759 2751 2862 2816 sit,
2903 2750 3214 2806 sensibilem
3261 2751 3283 2782 ⁸
3327 2763 3446 2804 εεεε
3483 2755 3682 2803 nemo’

2052 2846 2350 2916 denegavit.
2405 2843 2522 2898 DIC.
2577 2841 2768 2897 Nemo.
2843 2839 2951 2896 Sed
3008 2856 3202 2911 quare'
3240 2838 3520 2904 haesitas,
3580 2855 3644 2894 ac

2050 2915 2216 2991 veluti
2273 2934 2468 2996 dubius
2511 2933 2713 2988 videris
2765 2931 2833 2988 de
2880 2931 3020 2995 luce,
3062 2939 3245 2986 utrum
3299 2945 3496 3000 corpus
3547 2915 3640 2998 sit,

2051 3045 2117 3083 an
2159 3027 2308 3082 non?
2344 3027 2521 3098 Atque
2567 3025 2688 3083 ideo
2727 3025 2890 3082 velim
2925 3034 3132 3082 certam
3167 3024 3293 3079 inde
3319 3023 3640 3080 sententiam

2049 3120 2254 3175 audire.

2126 3212 2211 3264 ll.
2253 3209 2393 3266 MAG.
2437 3209 2514 3264 Dc
2558 3209 2767 3264 ratione
2790 3208 2928 3264 lucis
2959 3223 3104 3263 nunc
3143 3222 3250 3262 non
3293 3207 3512 3277 agitur:
3547 3209 3640 3262 sed

2053 3301 2182 3372 quid
2203 3299 2272 3356 de
2300 3300 2415 3370 ipsa
2445 3299 2637 3364 sentio,
2669 3299 2926 3369 quoniam
2971 3313 3002 3352 a
3048 3313 3135 3352 me
3160 3297 3356 3368 exigis,
3398 3295 3639 3351 breviter

2051 3393 2247 3447 dicam.
2286 3391 2343 3444 ln
2375 3398 2568 3446 natura
2609 3403 2792 3444 rerum
2830 3389 2934 3442 tria
2978 3385 3317 3443 rationabilis
3359 3385 3638 3456 inquisitio

2049 3483 2275 3539 invenit.
2327 3481 2499 3538 Omne
2526 3481 2692 3546 enim,
2724 3480 2868 3550 quod
2906 3489 3014 3546 est,
3047 3488 3141 3534 aut
3170 3493 3368 3549 corpus
3410 3487 3514 3543 est,
3545 3487 3640 3533 aut

2050 3576 2449 3646 incorporeum,
2478 3582 2571 3627 aut
2602 3573 2860 3638 medium,
2902 3571 3046 3642 quod
3086 3572 3370 3642 corporale
3409 3571 3628 3635 dicitur,

2050 3679 2106 3723 et
2144 3683 2318 3737 neque
2343 3681 2540 3734 corpus
2569 3673 2684 3731 est,
2710 3679 2885 3734 neque
2917 3664 3316 3734 incorporeum,
3346 3663 3401 3717 in
3442 3677 3638 3730 corpo-

2050 3759 2199 3814 ribus
2226 3767 2404 3813 tamen
2427 3758 2680 3822 sentitur,
2710 3766 2766 3812 et
2789 3765 3080 3827 propterea
3111 3755 3394 3825 corporale
3419 3755 3634 3810 dicitur.

2051 3850 2120 3905 Et
2152 3857 2236 3904 est
2279 3849 2496 3920 quidem
2522 3848 2543 3879 ’
2575 3863 2772 3918 corpus
2801 3863 2985 3912 omne,
3008 3849 3152 3918 quod
3195 3846 3550 3917 longitudine,
3583 3853 3639 3899 et

2051 3941 2360 4004 latitudine,
2408 3947 2464 3994 et
2507 3938 2792 3993 altitudine
2841 3939 3178 4002 extenditur,
3226 3937 3342 3991 sive
3387 3933 3638 3990 naturale

2051 4031 2142 4094 sit,
2173 4029 2288 4083 sive
2312 4029 2724 4098 geometricum.
2751 4026 3133 4098 lncorporeum
3160 4033 3245 4079 est
3263 4039 3448 4088 omne,
3471 4022 3638 4091 quod-

2049 4133 2262 4190 cunque
2303 4118 2596 4190 praedictis
2655 4118 2848 4188 spatiis
2910 4117 3132 4173 omnino
3199 4124 3367 4180 caret,
3433 4121 3492 4167 ut
3553 4121 3638 4167 est

2046 4214 2180 4279 vita,
2211 4212 2356 4266 omni
2399 4211 2626 4266 materia
2679 4224 2894 4264 carens.
2949 4208 3242 4278 Corporale
3285 4221 3414 4262 vero
3442 4213 3548 4271 est,
3577 4213 3640 4260 ut

2048 4304 2218 4370 color,
2251 4312 2307 4358 et
2335 4302 2530 4366 forma,
2561 4310 2616 4357 et
2641 4299 2864 4365 similia,
2895 4313 3034 4368 quae
3063 4312 3238 4367 neque
3263 4310 3462 4365 corpus
3487 4304 3632 4359 sunt,

2047 4394 2172 4465 quia
2199 4393 2344 4449 circa
2371 4406 2602 4462 corpora
2642 4387 3039 4459 intelliguntur,
3088 4401 3267 4455 neque
3314 4385 3635 4454 incorporea

2045 4485 2344 4555 sunt,quia
2386 4499 2602 4553 semper
2653 4480 2974 4551 corporibus
3024 4479 3342 4536 adhaerent.
3398 4476 3456 4531 Si
3504 4491 3636 4546 ergo

2046 4580 2138 4634 lux
2175 4579 2324 4634 color
2351 4586 2454 4644 est,
2484 4586 2540 4632 et
2569 4575 2773 4632 formas
2817 4590 3000 4630 rerum
3031 4572 3374 4630 sensibilium
3404 4571 3631 4642 detegit,

2044 4671 2172 4742 quid
2213 4669 2456 4740 impedit,
2493 4681 2563 4722 ne
2589 4667 2822 4734 dicatur,
2855 4681 3031 4736 neque
3056 4678 3257 4735 corpus
3287 4678 3429 4730 esse,
3459 4677 3636 4732 neque

2042 4765 2438 4833 incorporeum,
2473 4761 2564 4816 sed
2593 4760 2826 4815 medium
2860 4761 3151 4828 quoddam,
3186 4758 3329 4828 quod
3353 4756 3636 4828 corporale

2044 4853 2243 4908 dicitur
2273 4861 2436 4923 atque
2456 4850 2754 4906 sensibile?
2785 4851 2930 4905 υιεε.
2963 4849 3098 4905 Redi
3128 4848 3196 4904 ad
3249 4848 3587 4921 propositum
3615 4865 3629 4902 :

2044 4960 2219 5016 neque
2245 4945 2388 5000 enim
2431 4944 2475 4975 ¹⁰
2512 4943 2601 4998 hic
2651 4943 2853 4998 diutius
2895 4941 3312 4997 immorandum.
3359 4939 3634 4995 Facillime

2045 5037 2244 5106 quippe
2286 5033 2638 5098 crediderim,
2671 5032 2849 5088 lumen
2894 5031 3173 5086 oculorum
3202 5045 3296 5084 seu
3326 5037 3630 5085 ceterorum

2045 5134 2392 5188 luminarium
2419 5132 2654 5187 colorem
2679 5145 2820 5195 esse,
2841 5138 2895 5182 ct
2916 5143 3089 5198 neque
3122 5141 3317 5196 corpus
3345 5141 3522 5195 neque
3546 5126 3633 5178 in-

2048 5242 2387 5297 corporeum.
2407 5225 2512 5281 Sed
2542 5226 2718 5278 adhuc
2737 5239 2841 5278 non
2866 5224 2998 5276 satis
3021 5220 3177 5275 video
3197 5259 3210 5283 ,
3234 5225 3416 5272 utrttm
3441 5216 3529 5271 ille
3553 5232 3636 5269 ra-

2047 5321 2191 5383 dius,
2217 5317 2368 5372 verbi
2393 5319 2590 5390 gratia,
2635 5316 2846 5379 solaris,
2872 5312 2959 5367 vel
2983 5311 3260 5367 oculorum
3295 5307 3630 5374 animalium,

2045 5426 2241 5481 corpus
2263 5409 2528 5480 quoddam
2553 5408 2639 5472 sit,
2668 5423 2734 5460 an
2754 5403 3058 5475 corporale,
3087 5419 3152 5458 ac
3181 5401 3519 5458 solummodo
3544 5415 3637 5455 co-

2044 5503 2128 5558 lor
2142 5503 2286 5558 circa
2301 5516 2526 5572 corpora
2550 5498 2822 5556 sensibilis
2848 5515 2861 5553 :
2888 5497 3114 5568 ideoque
3129 5495 3356 5552 deﬁnias
3377 5495 3632 5567 optarim,

1646 5606 1902 5665 VARIAE
1937 5612 2338 5671 LECTIONES.

359 5764 365 5769 .
421 5715 441 5781 ι
467 5710 557 5767 Sic
581 5711 687 5772 CF.
711 5731 726 5781 ;
749 5715 794 5768 Α
821 5717 1031 5773 habent.

348 5780 470 5848 CF;
499 5783 543 5836 A
571 5780 785 5841 natura.

347 5850 372 5882 θ
401 5853 611 5922 quidem
637 5871 744 5910 om.
780 5859 846 5912 Α.

1109 5720 1130 5750 ³
1161 5718 1244 5774 CF
1289 5719 1562 5788 quiddam.

929 5859 974 5890 ¹⁰
999 5860 1137 5913 enim
1182 5876 1290 5914 om.
1323 5861 1388 5913 A.

1640 5719 1661 5751 ³
1689 5720 1780 5796 Sic
1909 5740 1927 5796 ;7
1955 5725 1999 5778 A
2024 5743 2177 5796 quae.

886 5787 908 5818 ⁸
930 5790 1036 5867 [ioc
1057 5798 1132 5867 est
1161 5807 1251 5842 seu
1270 5787 1502 5867 naturali
1543 5808 1630 5846 seu
1678 5787 1950 5862 artificiali
1993 5787 2294 5867 operatione
2322 5787 2431 5852 ent.
2481 5793 2586 5850 CF.

2281 5725 2301 5756 ‘
2332 5726 2449 5794 fons
2493 5740 2626 5794 unus
2654 5721 3134 5794 este-conveniunt
3179 5719 3380 5794 om._C.
3483 5719 3631 5794 {Sic

2689 5793 2847 5864 ⁷Ϊίηη
2888 5808 2997 5849 om.
3043 5795 3109 5847 Α.
3233 5793 3253 5824 ⁸
3281 5792 3324 5846 Δ
3370 5792 3632 5849 sensibile.
