4212 6272
616 402 721 459 333
2003 383 2287 453 JOANNIS
2327 384 2521 443 sco'n
3785 395 3889 451 sat

614 516 741 593 quid
772 515 844 573 είι
873 514 1076 577 radius,
1102 512 1243 571 Μλο,
1268 511 1476 573 Radius
1514 515 1615 575 est,
1646 514 1707 567 ut
1737 506 1960 610 opinor,
1981 504 2197 573 igneum
2222 503 2278 564 Α
2303 500 2788 610 lemuresolvitur.‘
2818 500 3150 610 llisJi‘ta'que
3173 510 3335 575 atque
3707 523 3888 567 rerum

614 591 896 682 quiddam,
918 609 1167 687 simplex,
1207 605 1611 672 tenuissimum,
1636 616 1852 676 parum,
1881 596 2059 669 γριοι,
2086 610 2200 652 mo—
2269 591 2719 687 .intclligibilium
2740 600 2793 648 et
2818 592 3160 687 sensibilium
3189 595 3455 668 exemplis
3474 595 3734 656 facillime
3758 616 3887 671 pos-

613 675 740 769 ιίίιε,
768 675 1066 769 manuum,
1092 714 1158 763 ex
1198 713 1307 769 quo
1339 696 1594 770 splendor
1640 675 1940 767 procedens
1985 690 2101 745 loca
2144 694 2201 751 et
2269 675 2487 739 'sumus
2518 698 2871 754 cognoscere,
2923 682 3306 749 adunationem
3352 687 3625 753 humanae
3659 700 3887 751 naturae

725 740 1066 850 gara}:
1091 740 1671 850 3302;};,:"i'{i;,,ﬁ,.ai
1720 740 1885 850 a‘tque
1932 779 2193 845 declarat.
2298 776 2416 839 ﬁeri
2441 791 2623 848 posse,
2652 776 3075 848 proprietatibus
3106 777 3440 850 singularum
3457 781 3883 843 substantiarum

2299 865 2623 923 observatis.
2671 864 2780 922 Sed
2827 866 3085 939 quoniam
3131 866 3199 923 de
3228 869 3403 925 reditu
3434 885 3618 931 sermo
3656 884 3761 942 est,
3793 893 3885 939 ne-

2298 960 2595 1016 cessarium
2638 974 2923 1032 quaerere,
2947 961 3077 1034 quid
3105 964 3351 1037 corporis
3380 965 3435 1031 in
3473 968 3713 1031 animam
3736 972 3759 1005 ο
3801 990 3883 1033 τε.

2298 1064 2581 1107 versurum
2637 1051 2754 1116 sit,
2801 1059 2860 1111 ut
2899 1051 2996 1108 fiat
3037 1066 3161 1109 cum
3225 1054 3366 1125 ipsa,
3404 1056 3549 1115 sicut
3590 1058 3880 1134 Gregorius

2301 1138 2609 1211 Theologus
2637 1142 2732 1206 ait,
2756 1157 2893 1199 unus
2921 1150 2971 1198 et
3015 1144 3233 1215 spiritus
3260 1144 3282 1178 "
3312 1155 3360 1203 et
3390 1152 3601 1205 animus
3629 1162 3675 1206 et
3716 1153 3873 1223 Dem,

2301 1233 2383 1288 vel
2415 1243 2469 1287 ut
2507 1233 2846 1304 fermentetur
2872 1236 2928 1291 in
2972 1252 3136 1295 unum
3161 1239 3582 1310 incompositum,
3613 1252 3674 1301 ut
3696 1247 3875 1304 beatus

2300 1324 2621 1381 Ambrosius
2644 1325 2855 1394 edocet,
2884 1328 2929 1383 si
2968 1329 3272 1387 substantia
3309 1332 3500 1403 ipsius,
3536 1339 3773 1406 corporis
3798 1341 3874 1395 di-

2298 1428 2383 1481 co,
2417 1430 2632 1486 semper
2680 1416 3204 1475 incommutabiliter
3230 1421 3439 1494 absque
3477 1424 3582 1480 ulla
3612 1436 3874 1485 transmu—

2300 1506 2503 1563 tatione
2531 1507 2552 1539 ⁸
2577 1522 2931 1580 permansura
2962 1511 3054 1567 sil.
3094 1512 3241 1569 ldem
3289 1515 3475 1586 itaque
3509 1528 3730 1579 sanctus
3749 1520 3874 1581 Gre-

2299 1597 2483 1666 gorius
2542 1597 2824 1669 praefatus
2878 1603 3065 1673 paucis
3107 1605 3290 1661 verbis
3316 1606 3461 1663 banc
3508 1614 3868 1680 quaestionem

2300 1690 2476 1757 solvit,
2512 1692 2697 1749 (licens
2726 1712 2739 1748 :
2773 1694 3025 1767 Absorpto
3052 1713 3083 1751 a
3121 1699 3226 1752 vita
3255 1708 3301 1761 et
3343 1702 3558 1757 mortali
3602 1715 3650 1759 et
3674 1699 3865 1775 ﬂuenti.

2299 1781 2377 1843 Ac
2403 1784 2447 1839 si
2474 1794 2659 1856 aperte
2688 1786 2891 1843 diceret
2924 1807 2934 1841 :
2967 1789 3103 1844 Dum
3140 1790 3457 1862 absorptum
3500 1793 3666 1859 fuerit
3690 1815 3718 1855 a
3745 1799 3865 1866 vita,

613 804 865 859 corpora,
909 802 1051 863 quae
1091 794 1363 863 penetrat,
1398 783 1669 847 illuminat
1720 792 1885 855 atque
1932 779 2193 845 declarat.

617 881 758 939 DlSC.
779 880 927 939 Talis
951 878 1195 943 deﬁnitio
1216 876 1530 941 verisimilis
1553 875 1784 937 videtur.
1816 873 1922 930 Sed
1940 884 2194 947 quorsum

615 969 787 1027 istaec
811 968 870 1023 1?

688 1059 774 1113 l2.
816 1050 966 1122 Mac.
999 1058 1116 1114 Non
1150 1058 1430 1123 aliorsum,
1484 1055 1588 1117 nisi
1631 1064 1689 1115 ut
1726 1054 2020 1125 intelligas,
2061 1068 2198 1123 quo-

614 1151 776 1206 modo
800 1152 821 1183 ²
849 1150 1142 1214 multorum
1187 1158 1243 1206 et
1271 1148 1743 1205 innumerabilium
1768 1148 2068 1212 hominum,
2101 1161 2195 1202 seu

613 1250 920 1301 ceterorum
966 1241 1319 1307 animalium,
1372 1239 1590 1295 videndi
1644 1254 1839 1295 sensus
1894 1237 2195 1309 capacium,

614 1334 761 1389 visus
787 1335 931 1391 circa
958 1334 1176 1409 aliquod
1214 1332 1428 1387 visibilc
1462 1346 1569 1386 uno
1603 1330 1899 1399 eodemque
1924 1336 2198 1385 momento

612 1426 870 1495 temporis
896 1425 1163 1483 volvatur.
1198 1422 1361 1483 Verbi
1388 1422 1585 1495 gratia,
1611 1436 1775 1477 aurea
1808 1420 2117 1493 sphacrnla,
2142 1420 2195 1487 in

610 1517 923 1572 summitate
945 1516 1209 1573 altissima
1234 1515 1400 1575 turris
1427 1514 1627 1586 posita,
1660 1513 1821 1575 simul
1855 1514 1923 1568 ab
1945 1512 2198 1570 omnibus

608 1609 842 1680 undique
859 1608 1341 1673 circumstantibus
1357 1615 1535 1678 potest
1548 1604 1743 1669 videri,
1758 1612 1814 1660 et
1826 1605 2198 1676 unusquisque

608 1699 755 1755 illam
781 1698 1156 1767 aspicientium
1177 1698 1401 1754 obtutus
1429 1696 1512 1751 sui
1534 1695 1714 1751 radios
1734 1696 1789 1752 in
1815 1711 1879 1751 ca
1900 1696 2126 1767 ’infigit,
2145 1705 2201 1759 et

607 1790 784 1845 nullus
804 1789 894 1847 alii
926 1790 1079 1856 dicit,
1104 1789 1252 1847 Tolle
1284 1799 1436 1849 tuum
1458 1790 1651 1854 visum,
1685 1798 1743 1843 ut
1765 1798 1820 1845 et
1849 1804 1947 1862 ego
1986 1791 2195 1845 videam

604 1883 746 1955 quod
795 1883 968 1948 vides,
1028 1883 1155 1953 quia
1200 1882 1364 1939 simul
1419 1897 1611 1941 omnes
1666 1866 1897 1953 possunt
1929 1882 2194 1954 aspicere.
2225 1866 2273 1937 Β
2301 1877 2560 1951 quicquid
2601 1878 2828 1935 mortale
2867 1889 2922 1936 et
2967 1879 3151 1939 ﬂtlxile
3193 1891 3279 1937 est
3332 1885 3388 1940 iu
3429 1900 3674 1957 corpore.
3726 1888 3870 1957 Quod

609 1974 677 2049 Si.
730 1990 859 2045 ergo
890 1981 968 2027 tot
1009 1974 1145 2029 radii
1204 1974 1258 2029 in
1313 1990 1480 2031 unum
1546 1973 1845 2041 confluunt,
1900 1985 1956 2029 et
2018 1973 2196 2029 nullus

608 2063 764 2121 alteri
812 2064 1188 2131 confunditur,
1233 2065 1319 2121 vel
1367 2066 1648 2132 miscetur,
1693 2065 1781 2123 vel
1826 2066 2192 2135 componitur,

603 2155 859 2229 quoniam
910 2155 1107 2227 singuli
1162 2155 1488 2211 intuentium
1536 2158 1738 2228 quique
1807 2158 2194 2230 proprietatem

596 2263 756 2309 suam
770 2248 792 2280 ⁸
818 2249 1083 2313 obtinent,
1103 2248 1229 2307 dum
1254 2248 1400 2307 circa
1418 2265 1582 2313 unam
1601 2250 1939 2321 eandemque
1956 2266 2070 2309 rem
2090 2252 2193 2307 mi-

594 2338 760 2401 rabili
785 2340 1014 2412 quadam
1053 2340 1379 2405 adunatione,
1426 2353 1718 2405 versantur
1750 2360 1765 2400 :
1796 2344 1924 2415 quid
1970 2345 2189 2414 mirum,

605 2430 652 2489 si
683 2439 793 2488 tota
820 2432 1058 2495 humana
1092 2442 1285 2493 natura
1315 2434 1367 2495 in
1414 2436 1677 2493 unitatem
1708 2437 1983 2506 quandam
2006 2436 2193 2501 ineﬂ‘a-

604 2521 766 2585 bilem
799 2523 1097 2593 redigatur,
1146 2525 1571 2595 proprietatibus
1595 2536 1652 2583 et
1692 2528 1961 2598 corporis,
1987 2536 2044 2589 et
2068 2530 2190 2589 ani-

605 2628 749 2682 mae,
768 2622 823 2673 et
847 2615 1156 2683 intellectus
1186 2618 1701 2687 incommutabiliter
1714 2622 2191 2690 permanentibus?

546 2728 576 2755 α.
600 2703 760 2765 Aliud
781 2706 1088 2775 exemplum
1118 2722 1183 2771 ex
1213 2708 1557 2773 sensibilibtw
1588 2710 1820 2783 intuere,
1848 2712 1991 2785 quod
2020 2712 2186 2775 etiam

600 2793 791 2875 beatus
823 2795 1108 2873 Dionysius
1131 2798 1458 2872 Areopagita
1488 2799 1556 2861 de
1580 2800 1778 2861 talibus
1798 2802 2081 2875 disputans
2105 2803 2188 2859 in-

602 2883 859 2941 troduxit.
888 2884 1160 2953 Ponamus
1193 2888 1355 2959 veluti
1387 2890 1442 2948 in
1469 2892 1705 2965 quadam
1729 2894 1961 2953 ecclesia
1988 2896 2188 2955 multas

600 2972 852 3037 lucernas
874 2977 1035 3037 simul
1065 2980 1342 3049 ardentes,
1378 2989 1435 3038 et
1462 2997 1527 3053 ex
1559 2984 1792 3049 diversis
1817 2988 2035 3059 sedibus
2056 2988 2186 3045 lam-

600 3065 798 3133 padum
826 3064 1092 3138 fulgentes
1125 3087 1138 3123 :
1170 3086 1349 3127 nonne
1400 3088 1568 3128 unum
1604 3074 1783 3133 lumen
1822 3076 2082 3145 efﬁciunt,
2113 3080 2184 3136 ita

603 3162 663 3211 ut
684 3155 862 3215 nullus
903 3174 1196 3237 corporeus
1222 3166 1540 3234 sensus'sit,
1570 3168 1661 3241 qui
1687 3171 2079 3243 proprietatem
2103 3173 2184 3227 lu-

597 3247 760 3307 minis
788 3251 1124 3329 singularum
1149 3255 1455 3329 lampadum
1494 3261 1563 3327 ab
1586 3261 1808 3327 alterius
1838 3264 2038 3329 lumine
2055 3283 2181 3337 pos-

594 3340 671 3407 sit
717 3343 1061 3415 discernere?
1098 3347 1175 3411 Eo
1211 3359 1389 3416 autem
1435 3365 1761 3423 argutiiento
1798 3357 2180 3421 incunctanter

598 3435 997 3507 apertissimum
1039 3448 1144 3507 est,
1171 3443 1465 3507 multarum
1489 3445 1799 3515 lampadum
1826 3448 2030 3514 lumina
2054 3452 2178 3506 ιιιιιη

596 3521 652 3575 lo
675 3524 833 3591 modo
856 3541 974 3589 esse
1002 3527 1250 3596 confusa,
1278 3532 1372 3595 sed
1394 3533 1734 3595 solummodo
1758 3538 2015 3596 adunata.
2040 3542 2176 3609 Nam

596 3611 641 3675 si
676 3612 817 3681 quis,
847 3615 994 3683 verbi
1023 3618 1223 3691 gratia,
1273 3620 1447 3677 lucem
1476 3625 1635 3691 unius
1662 3627 1926 3701 lampadis
1965 3650 2031 3689 ex
2061 3634 2177 3705 ipsa

599 3701 780 3770 domo,
814 3703 867 3761 in
883 3721 988 3776 qua
1011 3706 1215 3776 lucent,
1237 3711 1587 3781 subtraxerit,
1604 3726 1659 3773 et
1684 3718 1938 3777 aliorsum
1960 3701 2178 3791 duxerit

596 3794 904 3871 ardentem,
948 3799 1015 3865 de
1041 3815 1141 3857 suo
1186 3804 1405 3876 proprio
1438 3805 1638 3865 lumine
1688 3810 1830 3875 inter
1866 3822 2173 3882 ceterarum

595 3884 900 3956 lampadum
939 3891 1256 3965 splendores
1287 3896 1418 3961 nihil
1450 3898 1741 3970 relinquet,
1770 3903 1904 3965 nihil
1941 3906 2173 3967 aliarum

592 3975 809 4039 luminis
829 3982 1127 4049 subtrahet,
1149 3984 1241 4049 Sic
1268 3988 1336 4049 de
1351 3991 1809 4060 ceterisomniltus
1834 3998 2175 4070 lampadibus

587 4070 945 4151 sentiendum.
994 4072 1126 4143 Nam
1151 4078 1273 4143 siet
1307 4079 1455 4150 ipsae
1494 4085 1806 4145 subtractae
1840 4088 2073 4159 fuerint,
2096 4094 2170 4155 nil

585 4160 740 4219 alieni
761 4162 976 4227 luminis
988 4182 1170 4237 secum
1192 4172 1532 4242 sulttrultent,
1556 4178 1630 4233 nil
1652 4181 1851 4251 proprii
1875 4183 2166 4245 dimittent.

598 4324 605 4333 ο
778 4252 911 4347 Num
958 4257 1122 4327 simili
1174 4266 1332 4330 modo
1372 4266 1451 4325 de
1483 4267 1735 4335 humanis
1785 4276 2169 4347 organicisque

585 4344 807 4411 vocibus
837 4346 1189 4421 intelligitur?
1220 4354 1443 4428 Singula
1491 4375 1741 4431 quaeque
1768 4344 1895 4430 vos,
1933 4366 2047 4424 sive
2066 4344 2166 4425 bu-

587 4449 765 4506 mana,
796 4436 914 4497 sive
961 4440 1239 4509 fistularis,
1290 4446 1372 4507 vel
1403 4448 1604 4520 lyrica,
1653 4453 1971 4522 qualitatem
2008 4473 2160 4519 suam

2298 1968 2459 2022 etiam
2499 1968 2792 2042 Apostolus
2837 1972 3283 2031 manifestissime
3317 1975 3492 2033 docet.
3536 1978 3626 2035 Ait
3675 1980 3862 2041 enim:

2297 2057 2605 2116 Seminalur
2649 2080 2838 2135 corpus
2875 2066 3124 2133 animale,
3154 2076 3329 2139 surget
3360 2084 3547 2141 corpus
3577 2071 3868 2141 spirituale.

2296 2150 2426 2205 [tem
2462 2170 2475 2207 :
2513 2153 2647 2209 Dum
2675 2156 3009 2226 corruptibile
3029 2157 3127 2212 hoc
3154 2156 3377 2214 induerit
3401 2160 3866 2231 incorruptionem,

2294 2252 2342 2299 et
2376 2246 2598 2303 mortale
2629 2248 2726 2302 hoc
2752 2248 2980 2302 induerit
3016 2249 3477 2305 immortalitatem.
3500 2250 3665 2308 Ioles
3685 2254 3872 2327 itaque

2295 2342 2537 2403 terrena,
2568 2338 2838 2405 mortalis,
2870 2339 3094 2409 fluxilis,
3127 2357 3267 2414 quae
3294 2357 3360 2401 ex
3395 2342 3622 2400 diversis
3644 2346 3871 2418 qualita-

2296 2431 2437 2488 tibus
2459 2433 2793 2493 sensibilium
2826 2435 3218 2495 elementorum
3249 2446 3307 2494 et
3332 2453 3608 2509 assumpta
3636 2451 3693 2497 et
3717 2457 3862 2497 com-

2290 2524 2466 2594 posita
2491 2535 2595 2589 est,
2640 2528 2742 2583 sub
2771 2528 2945 2585 forma
2986 2530 3112 2597 hac,
3138 2546 3280 2601 quae
3319 2531 3573 2595 sensibus
3600 2534 3866 2604 corporeis

2295 2612 2659 2681 succumbit’,
2695 2614 2836 2670 sicut
2862 2615 2915 2673 in
2958 2618 3413 2687 praecedentibus
3434 2618 3587 2678 libris
3619 2623 3866 2681 tractavi-

2294 2716 2413 2756 mus
2446 2743 2460 2767 ,
2521 2704 2774 2772 quoniam
2837 2708 3033 2762 merito
3091 2711 3297 2779 peccati
3356 2711 3581 2771 naturali
3624 2712 3865 2782 corporis

2292 2793 2744 2867 substantialiquc
2774 2800 3121 2868 superaddita
3161 2810 3265 2867 est,
3292 2801 3550 2871 solvetur,
3577 2811 3631 2858 et
3658 2804 3711 2858 in
3752 2819 3863 2858 me-

2290 2880 2392 2938 lius
2427 2885 2743 2957 mutabitur,
2800 2889 2853 2942 in
2904 2889 3153 2963 spiritum
3212 2893 3571 2965 stabilemque
3620 2896 3862 2953 substan-

2292 2973 2440 3043 tiam,
2495 2991 2633 3047 quae
2679 2977 2850 3035 nescit
2904 2980 3070 3036 liuere
3107 2983 3193 3039 vel
3237 2984 3399 3051 mori,
3456 2987 3863 3050 resurrectionis

2291 3070 2532 3141 tempore
2582 3085 2888 3129 reversuro.
2925 3070 3224 3135 Sanissima
3257 3090 3493 3149 namque
3520 3086 3576 3133 et
3602 3078 3861 3145 catholica

2290 3155 2394 3213 fide
2421 3159 2717 3228 credimus,
2752 3160 3058 3218 divinorum
3093 3164 3357 3231 virorum,
3390 3165 3650 3243 Theologi
3686 3168 3862 3225 videli-

2212 3230 2258 3297 C
2291 3258 2379 3304 cet
2405 3249 2649 3322 Gregorii
2680 3260 2735 3307 et
2788 3251 3027 3321 Maximi,
3061 3255 3125 3313 de
3161 3230 3357 3317 talibus
3386 3230 3734 3323 inconcussas
3775 3275 3860 3313 ra-

2288 3341 2462 3398 tiones
2506 3342 2847 3399 reddentium
2894 3345 3143 3419 dogmate
3191 3347 3574 3421 imbuti,quod
3618 3348 3859 3410 conditor

2287 3431 2557 3486 humanae
2589 3442 2815 3490 naturae
2849 3444 3013 3490 totam
3057 3437 3217 3495 simul
3237 3454 3356 3495 eam
3379 3441 3605 3515 creavit,
3631 3456 3731 3499 nec
3749 3443 3860 3499 ani-

2287 3536 2429 3575 mam
2453 3532 2579 3578 ante
2605 3538 2825 3594 corpus,
2851 3542 2949 3583 nec
2978 3543 3171 3601 corpus
3193 3538 3318 3586 ante
3339 3533 3576 3593 animant
3602 3533 3862 3597 condidit.

2284 3609 2516 3682 ideoque
2551 3627 2657 3667 non
2683 3612 3132 3673 irrationabiliter
3162 3626 3429 3687 tenemus,
3460 3621 3516 3679 in
3544 3623 3655 3692 ipsa
3681 3624 3859 3696 prima

2284 3703 2591 3760 conditione
2615 3705 2850 3762 animam
2879 3710 3038 3771 simul
3067 3720 3122 3766 et
3148 3726 3345 3787 corpus
3374 3715 3577 3786 absque
3596 3715 3704 3777 ulla
3732 3731 3857 3775 cor-

2284 3795 2650 3869 ruptibilitatis
2676 3808 2731 3855 et
2784 3804 2974 3859 mortis
3019 3806 3319 3889 capacitate
3354 3808 3688 3868 substitisse.
3740 3810 3855 3869 Non

2279 3889 2423 3945 enim
2455 3900 2637 3948 rectae
2658 3893 2855 3952 rationi
2882 3898 3138 3955 convenit
3166 3901 3368 3973 putari,
3399 3902 3737 3969 conditorem
3761 3918 3857 3967 ua-

2279 3989 2433 4035 turae
2486 3981 2645 4041 simul
2699 3982 2876 4047 laetae
2900 3994 3108 4067 partem
3137 3987 3253 4063 ejus
3297 3990 3658 4049 immortalem
3688 4004 3743 4059 et
3776 3994 3854 4051 iu—

2277 4075 2709 4151 corruptibilem,
2752 4077 3173 4148 animamdico,
3222 4091 3434 4155 partem
3485 4085 3769 4142 mortalem
3797 4094 3853 4141 et

2277 4167 2706 4241 corruptibilem,
2767 4184 2965 4253 corpus
3010 4172 3297 4241 videlicet,
3346 4190 3585 4235 creasse.
3622 4178 3853 4250 Ideoque

2278 4268 2442 4315 totam
2474 4269 2723 4317 naturam
2753 4261 3009 4331 hominis,
3034 4265 3270 4327 animam
3299 4276 3356 4323 et
3391 4284 3611 4341 corpus,
3633 4271 3851 4327 immor-

2275 4349 2437 4409 talem
2469 4361 2523 4406 et
2553 4352 3019 4435 incorruptibilem
3050 4365 3291 4419 creatam
3313 4358 3497 4425 fuisse,
3522 4378 3631 4423 non
3661 4362 3848 4427 iucun-

2271 4456 2424 4510 grue,
2453 4450 2512 4499 ut
2539 4444 2809 4519 arbitror,
2857 4447 3229 4513 aestimamus.
3268 4449 3405 4515 Nam
3436 4462 3492 4511 et
3518 4453 3741 4524 angelos
3769 4463 3848 4508 ta-

584 4524 783 4607 ltaberc
823 4543 928 4589 non
953 4528 1188 4600 desistit,
1212 4535 1337 4603 dum
1374 4554 1535 4607 unum
1566 4543 1902 4609 harmoniam
1929 4547 2069 4608 ίηιθι.
2102 4566 2160 4606 se
2189 4580 2243 4645 υ
2272 4532 2349 4588 les
2378 4542 2594 4590 creatos
2627 4535 2793 4592 fuisse
2822 4540 3095 4609 sapientes
3145 4543 3385 4599 tradunt.
3428 4544 3536 4602 Eos
3580 4546 3844 4619 siquidem

585 4615 765 4645 ..Ιηνηο
807 4618 1013 4645 “nun...
1039 4635 1267 4645 n-....._-_-
1499 4632 1509 4643 .
1616 4634 1660 4645 ...η
1702 4636 1712 4645 .
1872 4639 1929 4645 ---
1956 4640 1967 4645 -
2055 4642 2064 4645 -
2272 4623 2487 4645 --.:_:.--.-
2544 4624 2758 4645 :_‘--,__
2810 4643 2853 4645 _,
2979 4638 2989 4645 .
3130 4632 3141 4643 ι
3183 4633 3214 4645 ._
3300 4633 3332 4645 ι.
3831 4634 3843 4645 .

585 4615 768 4681 plures
807 4618 1014 4681 unitate
1036 4635 1273 4692 congrua
1301 4629 1545 4701 analogia
1576 4634 1834 4693 etlieiunt.
1872 4639 1968 4695 Ubi
1995 4642 2159 4697 etiam

585 4713 827 4772 apertum
852 4720 1233 4781 argumentum
1261 4716 1326 4770 de
1354 4722 1500 4779 sonis
1525 4725 1706 4791 datur,
1735 4732 1876 4796 quod
1907 4733 1958 4789 in
1984 4749 2043 4789 se
2074 4735 2159 4789 in-

585 4796 753 4877 vicem
801 4814 908 4857 non
956 4801 1380 4877 confunduntur,
1422 4815 1516 4877 sed
1545 4817 1883 4881 solummodo
1915 4826 2160 4885 adunan-

584 4898 687 4949 tur.
714 4888 846 4955 Nam
877 4892 922 4945 si
948 4890 1129 4963 aliqua
1159 4911 1259 4955 vox
1291 4912 1357 4954 ex
1382 4902 1522 4971 ipsis
1551 4906 1780 4974 siluerit,
1814 4912 1926 4975 sola
1956 4915 2156 4984 silebit,

580 4995 676 5037 nec
706 4979 769 5037 de
818 4981 1046 5043 melodia
1073 4984 1283 5045 silentis
1326 4990 1473 5048 inter
1499 4995 1676 5054 adhuc
1717 5012 1970 5063 sonantes
2005 4979 2157 5076 quic;

577 5084 737 5170 quant
766 5074 1012 5145 resultat.
1038 5076 1113 5133 Ex
1144 5096 1252 5152 quo
1279 5086 1627 5149 manifestum
1658 5101 1757 5156 est,
1789 5098 1951 5165 quod,
1984 5074 2190 5170 quan--

574 5160 642 5215 do
674 5162 812 5225 inter
850 5177 1060 5227 ceteras
1103 5175 1305 5239 sonuit,
1334 5181 1719 5250 proprietatem
1758 5160 1889 5245 suae
1919 5160 2152 5262 qualita-

574 5252 643 5346 tis
699 5255 1025 5321 observavit.
1058 5261 1191 5319 Nam
1250 5265 1295 5321 si
1340 5268 1462 5325 aliis
1520 5270 1540 5303 ⁸
1579 5252 2019 5346 confunderetur,
2043 5298 2150 5338 non

576 5338 755 5410 posset
788 5354 953 5405 totam
983 5366 1041 5406 se
1065 5353 1273 5411 silendo
1303 5360 1645 5419 subtrahere.
1671 5365 1824 5433 Quod
1854 5371 1997 5426 enim
2022 5388 2151 5428 con—

2270 4623 2490 4703 spiritus
2544 4624 2893 4696 incorporeus
2943 4638 2997 4685 et
3063 4632 3370 4701 spiritualia
3420 4650 3650 4708 corpora
3695 4634 3844 4690 onmi

2268 4715 2617 4786 corruptione
2646 4722 2892 4775 carentia
2920 4724 3246 4783 constitutos
3270 4741 3391 4784 esse
3419 4742 3522 4784 non
3550 4728 3800 4789 dubitant
3826 4743 3840 4778 :

2268 4809 2580 4865 hominibus
2613 4826 2740 4867 vero
2787 4822 2842 4867 et
2889 4819 3392 4887 praevaricantibus
3425 4820 3629 4889 angelis
3659 4833 3845 4889 paena

2263 4906 2470 4974 peccati
2489 4914 2703 4965 terrena
2720 4917 2775 4967 et
2805 4914 3174 4984 corruptibilia
3205 4932 3427 4988 corpora
3457 4917 3727 4985 aereaque
3754 4933 3845 4972 su,

2261 4996 2539 5065 peraddita
2562 5014 2701 5065 esse,
2721 5009 2934 5061 terrena
2957 5005 3174 5074 quidem
3192 5008 3518 5073 hominibus,
3534 5009 3695 5065 aerea
3711 5023 3841 5065 vero

2263 5087 2488 5158 angelis.
2506 5088 2610 5147 Sed
2625 5093 2765 5162 quod
2786 5094 2941 5151 nobis
2962 5098 3365 5165 superadditum
3381 5108 3483 5165 est,
3503 5100 3756 5169 quoniam
3768 5116 3838 5155 es

2261 5179 2623 5253 Itedemptore
2646 5193 2833 5243 nostro
2855 5197 3217 5259 assumptum,
3253 5192 3347 5262 qui
3374 5192 3615 5262 seipsum
3652 5191 3839 5249 exina-

2259 5270 2414 5341 nivit,
2454 5271 2685 5330 formam
2733 5277 2875 5343 servi
2935 5279 3227 5351 accipiens,
3257 5284 3564 5347 movebitur
3594 5285 3648 5342 in
3679 5283 3837 5353 spiriv

2256 5381 2392 5442 tum,
2421 5385 2476 5432 et
2500 5378 2554 5433 in
2581 5378 2753 5448 ipsam
2801 5380 3169 5441 substantiam
3197 5386 3453 5455 primitus
3477 5404 3508 5442 ει
3550 5388 3661 5443 Deo
3683 5400 3837 5449 (rea.

572 5431 816 5490 funditur
847 5440 929 5494 vel
962 5444 1240 5514 miscetur,
1265 5464 1369 5504 non
1403 5451 1560 5515 facile
1586 5455 1639 5519 in
1664 5431 1816 5520 suam
1845 5464 2150 5532 proprietas
2254 5431 2391 5533 tam;
2407 5431 2624 5538 quando
2644 5472 3004 5531 absorbebitur
3027 5493 3171 5533 mors
3198 5431 3255 5534 in
3279 5478 3576 5546 uictoriam,
3596 5488 3653 5535 et
3689 5486 3838 5535 totus

802 5542 807 5548 '
1853 5549 1935 5606 VA
1945 5551 2104 5609 BIAE
2139 5554 2546 5619 LECTIONES.

640 5638 658 5669 ¹
693 5636 779 5715 (ξιτ
805 5642 956 5715 ὶδιᾳ.
1027 5713 1037 5715 4
1066 5646 1090 5715 Ρ
1117 5653 1374 5715 quomodo
1404 5670 1512 5711 om.
1541 5658 1645 5714 Cl'.

1984 5683 2126 5756 εφη·
2147 5741 2169 5756 .
2202 5670 2534 5756 ‘.’““."'.,°m'
2565 5675 2915 5756 (Ἓξ.ίέῘο
2949 5681 3075 5756 ΕΓί
3125 5684 3165 5740 Α
3209 5702 3327 5743 σωκ
3367 5687 3507 5756 aliis.
3580 5687 3607 5733 ⁸
3633 5685 3729 5753 Sic
3752 5687 3831 5756 F;

567 5703 613 5757 Α
836 5727 849 5739 .
1127 5703 1140 5715 ,
1409 5703 1512 5711 π.-.
1545 5703 1607 5742 .1-
1633 5703 1645 5713 .
1799 5703 1861 5717 ν.
1993 5703 2126 5748 ξιιιι..
2246 5703 2400 5733 puum
2426 5703 2534 5733 um.
2565 5703 2672 5732 ur.
2752 5703 2772 5710 ν
2820 5703 2915 5738 mc
2960 5703 3001 5737 ι.
3060 5703 3075 5749 ;
3125 5703 3165 5740 Α
3209 5703 3327 5743 cum
3367 5703 3507 5756 alus,
3580 5703 3607 5733 ν
3633 5703 3729 5753 διβ
3753 5703 3831 5756 1";

567 5707 850 5825 ὥςπειῖ
878 5711 921 5767 C
946 5713 1078 5793 quid
1105 5728 1348 5788 corporis
1369 5726 1582 5785 humani
1613 5745 1955 5791 reversurum
1980 5746 2071 5793 snt.
2147 5741 2169 5772 '
2199 5750 2248 5799 et
2273 5744 2487 5823 spiritus
2508 5761 2617 5803 om.
2652 5747 2737 5807 CF
2781 5752 2803 5783 ⁸
2826 5748 2916 5809 Sic
2938 5703 3044 5823 Cir;
3069 5755 3115 5817 A
3140 5761 3565 5825 commutatum-
3602 5759 3679 5825 ’Λ
3708 5775 3836 5823 ⁸⁸⁸*

567 5772 836 5830 σηοω.
