4212 6272
294 428 409 488 885⁴

1150 420 1238 476 DE
1278 417 1622 475 DlVlSlONE
1662 411 2017 473 NATURAE.
2058 442 2129 457 --
2167 411 2368 468 LIBER
2407 411 2734 482 QUINTUS.

3476 410 3581 471 εδδ

296 547 481 607 homo,
504 540 747 595 exterior
773 535 1023 590 videlicet
1048 541 1102 587 et
1126 533 1377 599 interior,
1421 531 1693 587 sensibilis
1722 538 1778 585 et
1806 530 1884 584 in-
1910 529 1958 603 Α
1989 533 2220 605 (ἰάματα,
2251 531 2355 591 hoc
2411 539 2497 588 est
2538 531 2880 601 accidentia,
2906 552 2909 555 ν
2931 548 3070 603 quae
3112 535 3507 595 rationabiliter
3531 542 3582 593 ἰ

298 631 611 702 telligibilis,
642 629 694 682 in
725 641 888 682 unum
922 622 1267 679 adunabitur.
1298 620 1354 677 Si
1386 622 1470 678 cui
1500 631 1681 676 autem
1709 621 1882 676 incre-

299 725 466 780 dibile
489 723 720 784 videtur,
737 732 935 786 corpus
956 715 1178 786 quidem
1204 722 1483 769 terrenum
1508 712 1705 767 mutari
1720 728 1886 785 posse

303 813 357 866 in
402 810 647 882 spiritum
674 847 689 873 ,
738 806 943 871 videat,
998 805 1272 875 quomodo
1318 801 1653 859 sensibilium
1702 816 1884 857 rerum

301 906 589 978 qualitates
647 902 701 958 in
756 900 1078 975 semetipsas
1136 906 1606 964 transmutantur,
1663 912 1891 952 manen-

302 1000 443 1054 tibus
473 993 820 1060 substantiis,
860 1008 1092 1065 quarum
1135 993 1427 1063 qualitates
1467 1000 1592 1047 sunt
1626 1009 1640 1046 :
1680 990 1882 1067 videat,

298 1088 569 1163 quomodo
595 1084 853 1158 aquatilis
895 1083 1130 1154 qualitas
1147 1082 1200 1137 in
1227 1083 1439 1155 igneam
1460 1079 1693 1136 vertitur
1713 1080 1887 1152 quali-

297 1193 463 1238 tatem
499 1200 512 1236 :
557 1181 757 1245 videat,
781 1177 1056 1252 quomodo
1087 1177 1257 1231 nubes
1288 1175 1356 1231 de
1387 1175 1514 1232 aére
1534 1175 1891 1247 conglobatae

299 1276 353 1329 in
380 1274 507 1333 aéra
540 1271 895 1344 purissimum
925 1268 1290 1349 resolvuntur,
1326 1269 1397 1323 ita
1424 1278 1486 1325 ut
1513 1269 1646 1323 nihil
1670 1270 1737 1325 de
1767 1271 1893 1327 det»

298 1365 461 1419 sitate
486 1378 673 1418 earmn
705 1369 983 1417 remaneat
1013 1360 1252 1424 :videat,
1278 1360 1549 1431 quomodo
1580 1361 1761 1433 etipse
1775 1376 1891 1433 aer,

298 1464 359 1509 ut
388 1470 553 1524 saepe
584 1454 836 1519 diximus,
868 1452 1029 1508 solari
1092 1452 1343 1506 claritate
1398 1452 1777 1509 consumitur:
1816 1452 1894 1505 vi-

301 1548 445 1609 deat,
479 1549 748 1619 quomodo
777 1544 953 1602 fumus
985 1546 1034 1600 in
1066 1543 1341 1603 ﬂammam
1389 1545 1621 1599 vertitur
1650 1562 1664 1599 ς
1693 1544 1890 1615 videat,

303 1638 653 1693 fortissimam
683 1635 1115 1692 ratiocinationis
1149 1636 1427 1689 virtutem.
1467 1632 1522 1691 Si
1569 1633 1714 1691 enim
1760 1649 1895 1704 qua-

300 1730 480 1785 litates
496 1736 682 1784 rerum
705 1729 996 1787 visibilium
1028 1727 1401 1805 iucorporales
1438 1735 1584 1791 sunt,
1610 1726 1751 1780 umle
1777 1725 1895 1780 uul-

302 1822 382 1872 lus
404 1826 550 1873 recte
573 1816 965 1899 disputantium
1005 1816 1242 1882 dubitat,
1270 1824 1323 1871 et
1363 1817 1407 1872 si
1444 1815 1624 1871 omnia
1673 1825 1888 1879 terrena

1985 621 2322 699 sapientibus
2342 621 2629 703 passiones
2650 621 2829 685 solent
2853 623 3134 695 appellari.
3167 626 3235 685 ab
3256 628 3337 685 eis
3356 641 3583 698 progm

1986 713 2205 768 diantur
2238 712 2599 793 materialiter,
2617 712 2685 787 ad
2708 714 2853 781 hunc
2885 716 3147 781 mundum
3171 717 3436 777 visibilem
3457 734 3583 790 νην

1984 803 2309 872 creandum,
2336 810 2397 858 ut
2422 818 2489 865 eo
2516 804 2715 869 iterum
2740 806 2921 873 soluto
2952 807 3049 873 illa
3096 807 3397 873 solvantur,
3426 818 3493 865 et
3529 809 3582 863 in

1982 890 2114 959 suas
2151 897 2486 957 substantias
2535 907 2909 969 revertantur,
2944 909 3005 961 ut
3050 902 3103 963 in
3153 901 3233 959 eis
3276 901 3583 972 quiescant,

1986 993 2390 1064 terminumque
2417 1004 2551 1053 suae
2607 994 2989 1057 mutabilitatis
3040 995 3392 1061 constituant,
3434 993 3581 1050 omni

1987 1085 2133 1150 ﬂuxu
2166 1088 2531 1158 generationis
2559 1097 2616 1144 et
2641 1086 3006 1157 corruptionis
3029 1100 3124 1157 per
3164 1086 3501 1142 incrementa
3530 1093 3587 1142 et

1992 1176 2333 1235 decrementa
2359 1178 2412 1235 in
2442 1178 2596 1245 locis,
2620 1176 2976 1248 temporibus.
2999 1176 3188 1241 libera,
3210 1176 3433 1247 suisque
3453 1177 3582 1233 subc

1985 1269 2146 1351 jcctis
2183 1270 2504 1331 substantiis
2535 1270 2726 1337 unita,
2754 1278 2812 1333 ut
2857 1269 3209 1330 aeterualiter
3246 1285 3410 1325 unum
3461 1282 3583 1325 etim

1993 1364 2145 1441 ipsis,
2170 1363 2554 1432 inseparabile,
2603 1371 2659 1417 et
2711 1362 3153 1425 incommutabile
3190 1362 3444 1418 ineﬂ'ablli
3489 1362 3587 1416 ad,

1985 1454 2249 1526 ‘unalionc
2276 1452 2596 1511 efﬁciantur.
2636 1453 2772 1515 Mss.
2799 1452 2970 1513 Nimis
3012 1454 3114 1513 ista
3156 1453 3433 1523 inquisitio
3452 1453 3584 1519 alta,

1994 1561 2060 1607 ac
2089 1546 2326 1609 nondum
2358 1546 2411 1600 in
2450 1544 2665 1603 civilem
2694 1545 2861 1609 animi
2901 1545 3307 1615 conceptionem
3342 1542 3589 1615 promqu

1995 1643 2141 1706 gata.
2184 1635 2288 1691 Sed
2331 1636 2463 1711 quia
2491 1634 2588 1690 abs
2611 1644 2664 1689 te
2703 1635 3018 1695 cautissime
3041 1644 3100 1700 et
3120 1637 3372 1697 οηιὶηειιο
3390 1650 3589 1707 prope.

1994 1712 2097 1787 sita
2138 1735 2240 1792 est,
2271 1742 2376 1782 non
2410 1726 2577 1787 multa
2604 1739 2661 1782 et
2686 1726 2952 1783 laboriosa
2983 1728 3319 1789 reseratione
3344 1727 3587 1799 indiget;

1996 1806 2113 1877 lere
2150 1833 2383 1888 namque
2420 1833 2450 1877 a
2498 1827 2551 1873 te
2613 1818 2728 1889 ipso
2783 1818 2961 1873 soluta
3008 1828 3111 1874 est.
3157 1817 3362 1877 Caus“
3408 1820 3589 1889 itaque

299 1924 527 1979 corpora
558 1880 898 1979 eflpsarum
930 1908 1249 1978 qualitatum
1297 1906 1718 1981 exaggeratiollc
1766 1921 1897 1959 COII-
1922 1880 1973 1959 Β
1999 1913 2240 1977 omnium
2267 1927 2446 1967 rerum
2495 1911 2548 1966 in
2593 1912 2857 1982 sapientia
2905 1921 3119 1967 creatas
3159 1922 3215 1967 et
3261 1912 3586 1968 subslitutas

300 1999 587 2068 globautur
616 2016 628 2052 :
656 1998 786 2069 quid
808 1999 1004 2053 mirum
1025 1998 1108 2051 vel
1134 1997 1449 2053 incredibile
1481 2006 1564 2052 est
1592 1999 1632 2064 ί,
1654 1997 1796 2068 quod
1830 2012 1897 2052 ex

300 2089 735 2160 incorporalibus
758 2089 1109 2160 qualitatibus
1147 2089 1451 2155 coniicitur,
1504 2089 1557 2145 in
1601 2090 1624 2122 ⁹
1674 2104 1760 2143 res
1809 2086 1893 2141 in-

297 2181 609 2253 corporales
640 2197 799 2257 posse
828 2181 1046 2237 redire?
1080 2181 1225 2235 DISC.
1254 2178 1419 2234 Plane
1450 2179 1783 2234 intuentibus
1813 2192 1897 2231 re-

301 2289 423 2329 rum
465 2276 799 2330 substantias
827 2284 882 2329 et
913 2272 1224 2344 qualitates,
1263 2270 1661 2343 transfusiones
1681 2285 1899 2343 quoque

302 2379 358 2425 et
395 2369 834 2443 compositiones,
853 2384 953 2423 nec
976 2362 1080 2421 non
1108 2376 1163 2421 et
1185 2364 1544 2423 adunationcs
1571 2373 1625 2421 et
1653 2380 1898 2440 progres-

303 2461 485 2516 siones
513 2474 580 2513 ex
617 2458 1058 2527 primordialibus
1104 2458 1303 2522 causis,
1340 2458 1501 2526 inque
1549 2457 1769 2515 easdem
1815 2471 1901 2511 re-

306 2553 471 2616 ditus,
506 2551 752 2607 fortassis
779 2565 880 2607 nec
904 2551 1102 2605 mirqu
1128 2565 1225 2605 nec
1251 2550 1565 2607 incredibile
1609 2550 1898 2608 videbitur.

310 2643 438 2697 Mihi
505 2652 687 2697 autem
735 2641 934 2696 nullius
991 2641 1319 2696 sententiam
1373 2641 1784 2713 praescribenti,
1818 2638 1902 2698 vel

310 2732 539 2803 litigiosa
564 2730 853 2798 refellenti,
878 2730 978 2786 etsi
1002 2731 1069 2787 de
1096 2732 1292 2786 talibus
1318 2731 1475 2786 aliter
1500 2732 1748 2799 senserit,
1770 2733 1900 2791 satis

313 2831 516 2878 actum.
547 2821 664 2877 Non
690 2821 832 2877 enim
860 2821 982 2893 plus
1011 2836 1217 2892 quaero
1248 2822 1410 2876 certis
1435 2821 1734 2877 rationibus
1778 2836 1901 2879 sua-

310 2914 425 2969 deri
462 2912 889 2970 substantiarum
915 2912 1298 2968 adunationem
1332 2915 1534 2993 absque
1560 2911 1684 2969 ullis
1715 2911 1900 2967 confu-

309 3006 549 3073 sionum,
576 3006 659 3061 vel
696 3006 1080 3071 mixturarum,
1126 3005 1643 3076 compositionumve
1686 3014 1901 3077 pertur—

312 3097 619 3154 bationibus
666 3112 761 3153 seu
796 3096 1375 3162 ‘trausmutationibus,
1408 3096 1724 3177 qualitatum
1768 3111 1900 3166 quo-

312 3205 441 3259 que,
460 3207 527 3246 ex
556 3192 751 3261 quibus
778 3191 914 3246 haec
938 3190 1117 3244 omnia
1142 3190 1433 3269 sensibilis
1455 3205 1681 3261 corpora
1707 3189 1727 3221 ⁸
1749 3205 1898 3245 com-

310 3294 468 3356 pacta
494 3293 639 3352 sunt,
673 3286 902 3341 reditum
931 3293 985 3340 et
1033 3284 1355 3343 solutionem
1388 3287 1439 3340 in
1473 3286 1620 3359 ipsas
1645 3286 1899 3341 substan-

310 3378 432 3444 tias,
459 3378 576 3435 siue
602 3379 799 3451 quibus
820 3376 1117 3435 subsistere
1147 3394 1251 3435 non
1283 3388 1530 3451 possunt.
1571 3376 1724 3436 Nulla
1756 3377 1900 3434 enim

311 3467 565 3539 qualitas,
604 3487 696 3527 seu
734 3471 1034 3545 quantitas,
1063 3487 1158 3528 seu
1190 3470 1555 3551 quodcunque
1581 3470 1727 3533 aliud
1759 3467 1902 3525 acci-

308 3561 442 3615 dens
465 3578 563 3633 per
581 3576 641 3623 se
669 3561 810 3619 valet
843 3556 1270 3619 subsisterent:
1295 3576 1393 3631 per
1418 3561 1523 3616 hoc
1544 3576 1650 3618 non
1676 3569 1901 3639 temere,

308 3662 370 3709 ut
416 3657 675 3723 arbitror,
702 3656 950 3721 dixerim,
984 3656 1158 3727 ipsum
1199 3655 1466 3722 reditum,
1501 3656 1568 3713 de
1607 3672 1715 3728 quo
1762 3671 1905 3711 nunc

312 3755 628 3813 tractamus,
658 3764 764 3803 non
801 3747 1256 3815 substantiarum,
1303 3762 1444 3819 quae
1493 3747 1906 3808 immutabiliter

309 3849 370 3895 et
405 3839 764 3896 insolubiliter
792 3840 846 3895 in
881 3855 939 3896 se
964 3848 1305 3913 permanent,
1332 3837 1426 3895 sed
1474 3839 1795 3910 qualitatum
1849 3846 1906 3895 et

312 3927 681 3999 quantitatum
727 3927 1060 3998 aliorumque
1116 3924 1500 3995 accidentium,
1524 3942 1666 3999 quae
1703 3940 1798 3999 per
1844 3941 1903 3982 se

310 4027 368 4073 et
406 4017 686 4073 mutabilia
736 4027 860 4074 sunt
908 4025 963 4073 et
1004 4018 1332 4089 transitoria,
1378 4017 1509 4073 locis
1546 4019 1903 4088 temporibus-

308 4123 418 4179 que
447 4108 714 4181 subjecta,
746 4108 1183 4181 generationibus
1228 4119 1283 4163 et
1323 4110 1764 4180 corruptionibus
1803 4110 1904 4167 ob-

311 4202 497 4267 noxia,
527 4201 764 4257 futurum
788 4217 926 4257 esse.
950 4201 1017 4256 Et
1043 4201 1086 4257 si
1116 4202 1188 4256 ita
1220 4210 1321 4266 est,
1344 4211 1403 4255 ut
1439 4216 1572 4263 vera
1608 4201 1746 4257 ratio
1779 4216 1903 4256 sua-

313 4292 425 4356 det,
476 4308 582 4349 uon
633 4293 983 4360 transeunda,
1041 4293 1134 4348 sed
1180 4290 1423 4362 diligenti
1476 4292 1909 4357 consideratione

316 4382 691 4455 investiganda
722 4383 970 4455 sequitur
1018 4374 1284 4455 quaestio.
1332 4380 1471 4439 MAG.
1516 4382 1632 4449 Die,
1679 4397 1904 4453 quaeso,

314 4489 455 4545 quae
484 4482 539 4529 et
568 4473 743 4543 qualis
773 4474 843 4529 sit
868 4474 978 4541 ilia,
1010 4482 1163 4529 acuta
1196 4472 1546 4543 inquisitione
1568 4471 1905 4539 inventione-

314 4582 421 4637 que
446 4565 629 4638 digna.

385 4655 470 4711 14.
506 4656 652 4711 Dtsc.
680 4652 871 4711 Utrum
904 4669 1087 4711 rerum
1115 4652 1451 4709 conditarum
1479 4651 1827 4720 substantiae,
1853 4661 1908 4708 et

316 4748 615 4815 essentiae,
640 4755 696 4804 et
721 4748 965 4803 rationes
992 4762 1059 4801 ex
1098 4743 1535 4817 primordialibus
1582 4745 1761 4805 causis
1808 4760 1906 4815 per

317 4842 719 4909 generationem
756 4841 812 4895 in
852 4838 991 4893 locis
1038 4836 1508 4911 temporibusque,
1542 4835 1908 4891 diversorum-

317 4945 422 5000 que
453 4930 807 4987 accidentium
861 4932 1219 5004 capacitatem
1266 4929 1564 5007 procedunt
1606 4936 1769 4999 atque
1817 4926 1908 4984 de-

318 5022 607 5088 scendunt,
623 5032 679 5087 ut
699 5025 892 5081 iterum
921 5024 1087 5089 ﬁnitis
1110 5022 1460 5095 temporibus,
1479 5022 1581 5076 hoc
1599 5030 1683 5075 est
1708 5023 1907 5081 mundo

316 5112 561 5169 sensibili
608 5116 915 5184 terminato,
959 5118 1011 5170 in
1056 5115 1277 5173 easdem
1330 5128 1544 5181 causas,
1598 5127 1664 5168 ex
1712 5114 1908 5183 quibus

316 5206 698 5278 proﬂuxerint,
727 5211 946 5266 redeant
975 5228 989 5263 :
1021 5226 1090 5266 an
1120 5225 1335 5283 semper
1358 5209 1411 5264 in
1436 5208 1547 5265 suis
1568 5208 1747 5265 causis
1768 5207 1910 5261 ultra

316 5317 537 5361 omnetn
585 5300 987 5376 generationem
1035 5310 1090 5360 et
1142 5302 1497 5369 solutionem,
1545 5300 1687 5356 ultra
1728 5300 1910 5355 omnia

316 5393 433 5449 loca
464 5402 521 5449 et
560 5402 829 5466 tempora,
853 5403 929 5462 et,
953 5404 1009 5450 ut
1041 5392 1279 5459 breviter
1308 5395 1482 5451 dicam
1506 5435 1521 5464 ,
1551 5393 1694 5448 ultra
1730 5392 1910 5447 omnia

318 5485 618 5547 accidentia
649 5488 1167 5551 incommutabiliter
1206 5495 1548 5564 permanent,
1574 5487 1648 5547 ita
1684 5495 1744 5542 ut
1765 5487 1910 5557 ipsa-

320 5591 438 5631 rum
467 5577 578 5634 sola
604 5577 769 5635 insita
800 5578 880 5637 eis
916 5580 1239 5638 naturaliter
1279 5590 1336 5637 et
1384 5578 1727 5651 superaddita
1775 5599 1911 5657 συμ-

1937 4611 1987 4673 D

1999 2002 2054 2069 in
2084 2003 2196 2072 ipsa
2227 2000 2578 2063 aeternaliter
2593 2011 2651 2057 et
2674 2001 3195 2061 iucommutabiliter
3217 2017 3323 2057 nou
3352 2002 3588 2067 dubitas,

2000 2101 2060 2153 ut
2091 2093 2303 2171 opinor,
2337 2106 2678 2162 permanere,
2694 2100 2750 2149 et
2773 2093 2843 2149 ab
2883 2093 2998 2162 ipsa
3022 2108 3288 2162 nusquam
3309 2106 3587 2162 nunquam

2001 2185 2276 2250 recedere,
2301 2184 2385 2241 vel
2412 2183 2613 2241 ﬂuxum
2647 2185 2879 2258 aliquem
2940 2186 3054 2255 pati
3100 2187 3168 2245 ad
3214 2200 3280 2243 ea
3325 2200 3464 2256 quae
3502 2185 3585 2245 im

2002 2276 2202 2337 feriora
2237 2285 2380 2344 sunt.
2415 2275 2529 2333 Non
2556 2277 2699 2341 enim
2732 2292 2828 2348 per
2848 2292 2907 2341 se
2930 2277 3305 2342 subsisterent,
3328 2278 3377 2335 si
3406 2277 3590 2346 aliquo

1998 2365 2161 2439 modo
2189 2367 2258 2425 ab
2287 2366 2401 2443 ipsa
2430 2368 2764 2431 recederent.
2817 2369 2964 2433 Disc.
3008 2369 3086 2429 De
3133 2378 3418 2431 causarum
3466 2383 3590 2425 om»

2003 2459 2153 2523 nium
2213 2459 2639 2523 incommutabili
2688 2459 3088 2528 perseverantia
3139 2458 3197 2522 in
3244 2459 3359 2528 ipsa
3406 2458 3590 2521 divina

2003 2552 2290 2625 sapientia,
2318 2554 2461 2623 quod
2488 2559 2571 2613 est
2614 2549 2848 2605 Verbum
2897 2549 2992 2614 Dei
3037 2548 3240 2614 Patris.
3281 2550 3337 2611 lu
3381 2561 3493 2618 quo
3533 2555 3591 2607 et

2001 2658 2100 2723 per
2122 2644 2269 2715 quod
2305 2651 2360 2701 et
2408 2641 2550 2707 facta
2596 2649 2722 2697 sunt
2763 2647 2819 2695 et
2863 2640 3188 2706 subsistunt.
3231 2638 3376 2697 nullo
3431 2639 3593 2701 motio

2004 2734 2318 2799 dubitarim.
2351 2734 2485 2799 Illud
2530 2732 2801 2809 siquidem
2842 2740 2898 2787 et
2946 2731 3129 2795 divina
3180 2729 3485 2800 Scriptura,
3537 2735 3594 2785 et
3664 2738 3673 2745 ‘

2003 2836 2314 2883 sanctorum
2366 2826 2585 2881 Patrum
2666 2824 2881 2880 traditio
2933 2823 3310 2878 incunctanter
3371 2819 3587 2883 asserit.

2005 2917 2147 2983 MAG.
2182 2919 2320 2987 Quid
2349 2917 2444 2983 tibi
2472 2917 2683 2977 videtur
2728 2916 2794 2973 de
2837 2914 3156 2977 substantiis
3194 2927 3401 2978 rerum,
3450 2923 3593 2981 quae

2002 3014 2056 3075 in
2080 3012 2371 3089 praedictis
2395 3012 2575 3077 causis
2606 3010 2627 3041 ⁸
2666 3019 2726 3067 et
2763 3007 2940 3065 factae
2965 3016 3021 3069 et
3050 3007 3380 3073 substitutam
3421 3005 3585 3067 sunt?

2005 3106 2140 3171 Num
2166 3103 2480 3169 verisimile,
2503 3104 2612 3163 imo
2638 3100 3002 3168 verissimum,
3018 3109 3077 3166 ut
3094 3099 3402 3165 credamus,
3423 3097 3592 3155 etiam

2005 3199 2170 3269 ipsas,
2197 3194 2529 3253 substantias
2553 3194 2695 3260 dico,
2720 3193 2775 3249 in
2805 3192 2918 3248 suis
2943 3191 3121 3255 musis
3147 3205 3362 3262 semper
3404 3198 3463 3247 et
3507 3189 3593 3247 in-

2006 3284 2461 3349 commutabiliter
2482 3298 2831 3356 permanere,
2859 3291 2916 3341 et
2938 3281 3009 3346 ab
3035 3283 3118 3345 eis
3146 3295 3423 3352 nunquam
3458 3294 3593 3337 mlh

2005 3392 2165 3448 quam
2195 3375 2345 3435 nullo
2374 3375 2531 3433 modo
2556 3373 2845 3437 recedere?
2888 3373 2960 3441 Ut
3003 3372 3150 3437 enim
3203 3372 3353 3441 ipsae
3397 3384 3596 3432 causae

2002 3468 2380 3544 primordiales
2408 3483 2514 3531 non
2544 3468 2793 3527 deserunt
2823 3464 3170 3537 sapientiam,
3191 3463 3272 3528 sic
3301 3464 3450 3533 ipsae
3469 3461 3598 3523 sub.

2006 3559 2239 3625 stantiae
2269 3573 2373 3617 non
2399 3558 2659 3613 deserunt
2680 3571 2893 3622 causas,
2920 3555 3014 3612 sed
3036 3554 3094 3611 in
3119 3553 3200 3619 eis
3219 3567 3435 3624 semper
3463 3552 3597 3613 sub-

2005 3642 2218 3706 Sistuut.
2238 3648 2308 3706 Et
2329 3648 2779 3717 quemadmodum
2803 3660 3001 3709 causae
3029 3652 3184 3703 extra
3210 3642 3545 3707 substantias
3575 3642 3597 3679 ⁵

2007 3743 2254 3803 nesciunt
2282 3754 2426 3807 esse,
2458 3741 2529 3803 ita
2559 3739 2896 3799 substantiae
2923 3744 3081 3793 extra
3106 3750 3303 3801 causas
3331 3750 3439 3793 non
3477 3747 3597 3805 pom

2007 3842 2133 3897 sunt
2172 3833 2360 3893 ﬂuere.
2394 3829 2539 3887 Dtsc.
2572 3828 2656 3885 Nil
2684 3828 3064 3892 verisimilius,
3088 3834 3144 3885 et
3177 3827 3247 3889 ad
3295 3824 3596 3893 intelliget].

2006 3926 2132 3983 dum
2163 3923 2396 3988 facilius,
2425 3931 2479 3979 et
2500 3920 2718 3977 veritati
2745 3918 3119 3991 propinquius,
3149 3931 3314 3987 quam
3354 3923 3414 3971 ut
3442 3915 3512 3968 ita
3540 3923 3599 3971 et

2008 4017 2311 4079 credamus,
2364 4022 2420 4077 et
2478 4013 2799 4068 inconcusse
2856 4019 3157 4071 teneamus.
3212 4006 3352 4061 ιω.
3405 4004 3600 4058 Restat

2007 4112 2221 4187 itaque.
2250 4108 2317 4162 de
2355 4104 2706 4177 qualitatibus
2740 4099 3169 4159 substantiarum
3202 4126 3273 4137 —
3307 4094 3596 4187 qualitates

2008 4182 2188 4263 autem
2209 4197 2351 4262 dico,
2378 4193 2534 4250 sicuti
2564 4190 2737 4249 solent
2760 4192 3028 4261 sapientes
3055 4187 3260 4253 omnia,
3290 4199 3433 4256 quae
3467 4182 3595 4245 sub-

2008 4287 2223 4351 stantiis
2282 4283 2561 4348 accidunt,
2610 4279 2899 4352 appellare,
2946 4279 3075 4347 quia
3114 4274 3406 4341 mutabiles
3445 4280 3597 4341 sunt,

2008 4387 2063 4437 et
2085 4379 2228 4443 circa
2254 4374 2588 4433 substantias
2617 4387 2743 4429 suas
2767 4370 3056 4435 volvuntur
3076 4396 3139 4408 --
3161 4366 3307 4431 hunc
3334 4362 3594 4427 mundum

2012 4466 2330 4527 fabricatum
2362 4471 2811 4541 compactumque
2832 4459 3020 4527 fuisse.
3046 4468 3103 4521 et
3141 4458 3198 4523 in
3248 4454 3465 4519 easdem
3510 4469 3603 4515 re-

2011 4559 2325 4616 solvendum
2353 4556 2487 4612 fore.
2522 4554 2693 4610 Omne
2721 4552 2888 4618 enim,
2914 4550 3059 4627 quod
3088 4545 3457 4619 temperanter
3497 4557 3596 4614 per

2014 4653 2416 4726 generationem
2444 4647 2630 4718 incipit
2648 4660 2789 4712 esse,
2814 4657 3035 4701 necesse
3061 4648 3147 4703 est
3171 4637 3387 4705 essendi
3430 4636 3596 4697 tinem

2016 4744 2235 4801 habere.
2264 4741 2374 4801 Nec
2392 4741 2473 4803 sic
2492 4749 2669 4801 tamen
2695 4737 2999 4821 praedictas
3016 4732 3444 4801 substantiarum
3466 4744 3599 4800 qua-

2014 4839 2191 4899 litates
2218 4850 2345 4897 suas
2366 4831 2720 4897 substantias,
2735 4830 2878 4886 circa
2901 4842 3035 4907 quas
3051 4826 3360 4893 volvuntur,
3375 4822 3599 4881 omnino

2013 4928 2291 4995 deserere,
2324 4926 2456 4983 etin
2488 4923 2771 4985 materiem
2797 4918 3066 4979 sensibilis
3098 4916 3284 4975 mundi
3310 4914 3601 4979 convenire

2014 5023 2379 5085 arbitramur;
2424 5016 2519 5077 sed
2568 5012 2803 5071 mirabili
2828 5020 2883 5071 et
2908 5006 3166 5067 ineﬂ‘abili
3188 5006 3366 5068 modo,
3394 5002 3494 5067 soli
3522 5001 3600 5056 fa-

2017 5111 2272 5169 bricatori
2296 5110 2436 5171 illius
2458 5107 2693 5178 cognito.
2708 5112 2763 5171 et
2782 5104 2925 5161 circa
2951 5113 3078 5167 suas
3108 5094 3599 5165 subst_antias,qui-

2017 5206 2116 5261 bus
2147 5199 2577 5275 inseparabiliter
2623 5196 2955 5256 adhaerent,
3000 5201 3215 5261 semper
3251 5189 3595 5275 permanent,

2016 5306 2070 5351 et
2105 5298 2248 5351 hunc
2268 5272 2532 5351 mundum
2570 5288 2730 5347 modo
2765 5286 2786 5317 ⁸
2825 5282 3058 5355 quodam
3098 5272 3593 5346 intelligibilicom-

2014 5385 2369 5461 positionibus
2407 5382 2518 5440 suis
2554 5379 2841 5457 perﬁciunt
2862 5385 3023 5446 atque
3066 5372 3416 5461 componunt.
3459 5364 3597 5461 Nam

2015 5456 2178 5551 supra
2204 5456 2616 5539 universitatem
2656 5466 2917 5527 visibilem
2950 5476 3141 5529 causas
3165 5467 3221 5523 et
3263 5456 3597 5551 substantias

2014 5548 2255 5628 omnium
2291 5580 2580 5640 corporum
2609 5562 2723 5617 sive
2746 5557 3137 5615 catholicorum
3169 5553 3282 5608 sive
3307 5548 3599 5621 particula-

1608 5666 1864 5726 VARIAE
1897 5662 2298 5727 LECTIONES.

387 5752 662 5855 ﬁcetum.
701 5768 809 5855 QP.
883 5772 907 5804 θ
946 5772 1005 5839 in
1038 5786 1151 5839 om.
1192 5771 1256 5841 Δ.
1336 5768 1605 5855 ἐρνροηι
1641 5782 1752 5839 om.
1780 5768 1847 5839 tt.
1923 5763 1948 5801 ι
1974 5763 2283 5849 causeam.
2311 5758 2378 5827 Α,
2469 5751 2492 5797 ⁵
2534 5748 2769 5825 sic“;
2821 5747 2869 5821 Δ
2912 5743 3281 5817 cavamine-
3357 5734 3596 5813 ‘Sihi.

316 5832 403 5897 CF
424 5849 571 5897 metu
597 5843 853 5916 quodam.
