4212 6272
628 417 730 474 887

2022 412 2138 469 JOA
2148 413 2304 471 NNIS
2344 414 2542 472 SCOTl

3831 412 3949 467 888

628 538 792 604 rium,
819 534 1017 606 quibus
1045 534 1413 602 constituitur,
1431 549 1538 591 non
1569 533 2022 591 irrationabiliter
2046 533 2226 588 credi-
2255 539 2303 597 Α
2331 535 2458 590 xisti
2487 534 2660 599 enim,
2693 546 2787 588 eas
2813 540 2941 586 ante
2979 546 3142 586 omne
3185 540 3396 600 tempus
3418 545 3746 602 omnemque
3773 548 3947 588 crea-

629 642 750 684 mus
770 641 912 682 esse.
942 625 1020 681 Ex
1045 627 1475 698 incorporalibus
1505 627 1650 683 enim
1673 635 1728 682 et
1753 625 2177 698 intelligibilibus
2201 627 2220 658 ¹

630 717 932 788 corporalia
964 727 1020 774 et
1044 719 1320 774 sensibilia
1351 719 1620 789 originem
1650 719 1871 774 ducunt.

701 809 790 865 15.
831 811 976 866 Βιεο.
1019 810 1257 866 Restat:
1297 825 1399 866 nec
1445 810 1584 866 alius
1628 811 1806 866 exitus
1854 811 1920 866 de
1956 809 2226 881 praesenti

633 900 954 972 quaestione
981 900 1195 956 videtur
1224 915 1384 972 posse
1421 901 1673 956 inveniri.
1703 901 1895 957 Adhuc
1923 910 2105 957 tamen
2130 916 2226 958 ve-

634 990 729 1046 lim
759 991 1000 1045 breviter
1030 990 1279 1053 deﬁnias,
1311 989 1489 1058 qualis
1516 989 1661 1044 inter
1684 1003 1877 1046 causas
1899 997 1954 1045 et
1977 990 2230 1046 substan-

635 1081 742 1135 tias
769 1079 1074 1135 differentia
1113 1081 1202 1134 sit.
1251 1079 1527 1149 Utraeque
1573 1093 1805 1149 namque
1858 1079 2230 1150 incorporales

636 1184 692 1230 et
722 1174 1088 1246 intelligibiles
1127 1184 1272 1230 sunt.
1311 1173 1452 1230 MAG.
1490 1173 1696 1229 Causas
1736 1174 1965 1228 dicimus
2008 1189 2233 1244 genera-

637 1265 874 1321 lissimas
903 1266 1144 1320 omnium
1179 1281 1363 1321 rerum
1392 1265 1554 1321 simul
1583 1266 1822 1321 rationes
1850 1266 1902 1320 in
1925 1264 2103 1322 Verbo
2136 1265 2235 1322 Dei

637 1357 980 1412 constitutas.
1032 1357 1378 1414 Substantias
1407 1373 1536 1413 vero
1562 1357 1805 1429 singulas
1850 1359 1871 1389 ²
1929 1366 1984 1412 et
2029 1359 2236 1428 specia-

639 1449 878 1505 lissimas
913 1451 1244 1522 singularum
1275 1461 1332 1508 et
1356 1453 1871 1523 specialissimarum
1901 1468 2084 1508 rerum
2109 1467 2237 1522 pro-

640 1541 900 1612 prietates
934 1552 990 1598 et
1023 1543 1293 1610 rationes,
1348 1545 1402 1599 in
1437 1545 1569 1617 ipsis
1617 1545 1798 1600 causis
1829 1544 2147 1600 distributas
2183 1551 2240 1598 et

642 1633 993 1690 constitutas.
1022 1635 1171 1692 Disc.
1202 1637 1405 1707 Aperte
1442 1651 1504 1691 ac
1543 1637 1778 1692 breviter
1805 1645 1891 1692 est
1918 1637 2234 1691 discretum.

641 1725 720 1780 Ex
761 1725 894 1796 ipsis
925 1728 1108 1797 itaque
1156 1728 1338 1784 causis
1380 1737 1437 1783 et
1481 1728 1798 1784 substantiis
1833 1728 2065 1783 mundus
2113 1727 2235 1793 iste,

643 1819 942 1891 coagulatis
963 1820 1213 1876 videlicet
1235 1821 1450 1878 illarum
1473 1821 1849 1892 qualitatibus,
1873 1830 2236 1892 processerat,

2331 637 2508 684 turam
2556 627 2728 682 factas
2767 625 2953 680 fuisse.
2995 624 3135 680 MAG.
3174 623 3292 678 Non
3335 633 3623 696 computo;
3667 640 3770 682 nec
3816 627 3947 682 sine

2328 723 2561 789 ratione,
2591 718 2847 790 quoniam
2872 717 3089 788 proprie
3115 724 3402 772 creaturae
3426 716 3690 771 vocabulo
3720 718 3946 789 signiﬁ-

2328 819 2544 877 cantur,
2571 824 2712 881 quae
2735 823 2834 880 per
2860 807 3269 878 generationem
3294 815 3442 860 motu
3469 807 3702 875 quodam
3727 814 3946 877 tempo-

2330 903 2430 957 rali
2459 903 2512 956 in
2552 900 2762 971 species
2789 898 3034 970 proprias
3074 897 3188 952 sive
3221 895 3460 951 visibiles
3487 897 3603 952 sive
3627 897 3943 953 invisibiles

2329 992 2622 1064 proﬂuunt.
2651 989 2804 1057 Quod
2838 998 3020 1044 autem
3053 997 3179 1044 ante
3217 988 3398 1042 omnia
3441 997 3686 1058 tempora
3727 997 3781 1043 et
3812 989 3942 1045 loca

2333 1083 2682 1140 substitutum
2709 1089 2812 1145 est,
2844 1079 3097 1149 quoniam
3132 1077 3273 1131 ultra
3310 1084 3552 1146 tempora
3583 1088 3638 1131 et
3667 1077 3784 1133 loca
3825 1089 3936 1144 est,

2333 1183 2578 1229 creatura
2605 1170 2820 1241 proprie
2846 1184 2954 1224 non
2985 1168 3200 1232 dicitur,
3221 1167 3470 1237 quamvis
3507 1168 3666 1223 modo
3694 1169 3937 1240 quodam

2334 1263 2586 1334 loquendi
2615 1259 2992 1333 συνεκδοχικῶς
3023 1257 3580 1328 universalitas,quae
3608 1270 3731 1332 post
3758 1261 3934 1319 Deum

2335 1365 2436 1419 est,
2479 1355 2547 1409 ab
2591 1355 2708 1424 ipso
2749 1353 2964 1407 condita
3016 1359 3267 1406 creatura
3302 1351 3594 1407 vocitetur.

2409 1446 2494 1502 l7.
2539 1445 2645 1500 Sed
2691 1459 2905 1500 rursum
2959 1443 3260 1514 quaeritur,
3313 1450 3494 1497 utrum
3543 1459 3740 1511 omne,
3784 1447 3937 1517 quod

2339 1539 2713 1609 temporaliter
2737 1546 3004 1602 movetur,
3038 1536 3284 1592 localiter
3313 1537 3478 1591 etiam
3509 1539 3714 1594 moveri
3745 1556 3936 1596 neces-

2338 1633 2541 1688 sarium
2580 1631 2668 1686 sit.
2706 1628 2763 1684 ln
2793 1644 2900 1700 qua
2939 1629 3256 1700 quaestione
3296 1628 3590 1684 multorum
3623 1645 3730 1685 non
3755 1632 3935 1686 solum

2341 1725 2630 1792 catholico,
2663 1739 2854 1778 verum
2889 1723 3052 1778 etiam
3080 1722 3401 1778 seculariter
3429 1723 3497 1779 de
3525 1725 3726 1780 mundo
3757 1726 3939 1796 dispu-

2343 1820 2573 1876 tantium
2615 1816 2883 1874 sententia
2926 1816 3185 1871 variatur.
3228 1815 3368 1871 Sunt
3395 1817 3694 1888 enim,'qui
3724 1818 3937 1877 dicunt,

643 1921 700 1965 et
744 1910 797 1964 in
841 1911 1060 1965 easdem
1089 1909 1110 1942 ³
1170 1912 1366 1966 iterum
1418 1927 1550 1967 suae
1603 1912 1948 1968 resolutionis
2000 1922 2244 1982 tempore
2270 1903 2320 1964 B
2348 1914 2481 1970 haec
2507 1912 2633 1976 duo,
2660 1910 2840 1966 locum
2875 1909 2996 1964 dico
3026 1917 3082 1964 et
3109 1917 3339 1978 tempus,
3377 1910 3521 1964 circa
3551 1919 3606 1965 et
3634 1918 3785 1964 extra
3811 1925 3941 1965 cor-

644 2015 965 2056 reversurus
1001 2008 1058 2055 et
1087 2002 1414 2056 transiturus
1443 2003 1566 2057 erit.
1601 2002 1741 2058 MAc.
1773 2002 1858 2056 Nil
1889 2003 2069 2056 verius
2094 2001 2238 2057 veri-

651 2091 858 2161 tatique
886 2092 1241 2160 propinquius
1270 2093 1602 2148 credendum
1631 2103 1714 2147 est
1740 2101 1794 2147 et
1815 2092 2243 2164 intelligendum.

652 2184 773 2253 Ipsa
819 2183 1085 2253 siquidem
1117 2184 1334 2239 Veritas
1369 2185 1447 2239 ait
1488 2203 1501 2239 :
1543 2185 1759 2240 Caelum
1796 2196 1842 2240 et
1890 2195 2030 2240 terra
2068 2195 2244 2239 trans-

647 2276 820 2341 ibunt,
853 2275 1005 2330 verba
1035 2283 1211 2329 autem
1249 2293 1366 2331 mea
1411 2293 1515 2331 non
1547 2278 1839 2332 transibunt
1871 2280 1913 2333 ⁸.
1946 2278 2052 2334 Sed
2081 2293 2247 2348 quor-

651 2383 770 2421 sum
801 2367 1007 2422 caelum
1055 2377 1112 2422 et
1151 2375 1294 2424 terra
1342 2368 1688 2423 transibunt?
1719 2368 1970 2440 Nunquid
2015 2369 2067 2423 in
2106 2369 2249 2424 nihi-

650 2459 804 2514 lum?
833 2461 978 2516 Dlsc.
1011 2460 1191 2517 Absit.
1232 2460 1350 2516 Non
1390 2462 1536 2516 enim
1575 2462 1703 2516 illud
1733 2463 1841 2518 ullo
1869 2463 2029 2518 modo
2058 2463 2246 2518 dicen-

655 2549 803 2604 dum.
835 2547 1071 2604 Nihilum
1104 2557 1284 2604 autem
1326 2565 1468 2604 nunc
1497 2551 1617 2606 dico
1654 2551 1957 2606 absentiam
1987 2561 2043 2607 et
2071 2552 2250 2623 priva-

654 2642 854 2696 tionem
898 2642 1166 2708 omnium,
1213 2657 1353 2712 quae
1399 2650 1543 2706 sunt,
1575 2652 1633 2698 et
1672 2659 1811 2714 quae
1857 2660 1962 2698 non
2011 2652 2155 2710 sunt,
2195 2644 2248 2700 in

654 2734 798 2802 quod
830 2732 854 2766 '
882 2734 1029 2789 nulla
1075 2741 1328 2790 creatura
1357 2745 1412 2790 et
1431 2735 1661 2791 visibilis
1689 2745 1745 2791 et
1779 2735 2066 2793 invisibilis
2095 2751 2252 2794 occa-

656 2838 781 2879 sura
811 2825 902 2880 sit.

730 2915 818 2971 16.
861 2917 1000 2974 MAG.
1041 2916 1310 2984 Quorsum
1341 2909 1508 2992 igitur
1550 2922 1761 2979 caelum
1798 2931 1853 2978 et
1897 2932 2097 2979 terram
2129 2937 2254 2978 cum

656 3007 936 3073 omnibus,
965 3023 1104 3078 quae
1154 3010 1210 3065 in
1258 3011 1338 3066 eis
1377 3022 1521 3078 sunt,
1554 3014 1884 3069 transitura?
1912 3013 2066 3082 Quod
2111 3012 2256 3068 enim

659 3100 863 3154 veritas
888 3101 1157 3169 promisit,
1190 3102 1581 3162 inevitabiliter
1605 3107 1730 3162 erit.
1775 3106 1924 3162 Disc.
1957 3106 2074 3162 Non
2101 3105 2258 3160 alior-

661 3207 805 3258 sum,
835 3202 894 3247 nt
926 3208 1142 3260 censeo,
1179 3196 1285 3252 nisi
1317 3197 1368 3251 in
1397 3213 1481 3263 ea,
1519 3214 1587 3253 ex
1625 3201 1819 3269 quibus
1846 3207 2254 3270 processerunt.

661 3282 1049 3338 Processerunt
1078 3293 1259 3340 autem
1281 3300 1349 3341 ex
1375 3287 1558 3342 causis
1585 3259 2011 3358 generalissimis
2050 3296 2105 3342 et
2143 3303 2261 3358 spe-
2285 3259 2332 3323 (ἶ

661 3372 970 3427 cialissimis
1011 3374 1350 3440 substantiis,
1392 3391 1490 3444 per
1528 3386 1838 3446 compactas
1885 3377 1940 3430 in
1977 3379 2259 3432 materiam

663 3467 977 3535 qualltates,
1003 3466 1186 3522 addita
1208 3467 1403 3522 forma.
1432 3469 1490 3523 ln
1513 3470 1730 3524 easdem
1759 3469 1922 3540 igitur
1945 3469 2260 3525 incunctan-

667 3565 753 3610 ter
779 3556 1106 3610 transibunt.
1154 3555 1260 3610 Sed
1305 3572 1444 3626 quae
1487 3567 1615 3612 sunt
1655 3557 1745 3612 illa
1783 3559 1949 3614 verba
1992 3559 2259 3627 veritatis,

665 3662 807 3716 quae
835 3661 1109 3716 nunquam
1151 3649 1480 3714 transibunt,
1516 3665 1677 3706 nosse
1718 3650 1900 3706 velim.
1949 3650 2064 3708 Non
2116 3653 2260 3708 enim

665 3736 778 3803 illa,
817 3751 958 3807 quae
995 3736 1100 3791 ictu
1140 3739 1282 3793 aéris
1330 3738 1701 3809 proferuntur,
1732 3741 1931 3812 quibus
1974 3743 2088 3813 ipsa
2123 3743 2262 3798 veri-

666 3835 768 3893 tas,
801 3827 926 3882 dum
953 3842 1208 3897 praesens
1233 3829 1287 3885 in
1313 3845 1478 3886 carne
1504 3830 1704 3899 fuerat,
1732 3834 2043 3892 hominibus
2082 3835 2261 3892 locuta

665 3928 769 3985 est,
798 3916 1125 3974 crediderim
1159 3936 1298 3978 esse.
1334 3922 1670 3980 Transitoria
1697 3941 1931 3997 namque
1952 3936 2130 3995 erant,
2157 3929 2264 3985 sic-

665 4018 725 4064 ut
773 4019 828 4066 et
868 4019 1172 4066 ceterorum
1221 4014 1500 4069 hominum
1551 4018 1737 4072 verba.
1788 4017 1931 4075 MAG.
1985 4019 2102 4076 Non
2155 4021 2261 4077 alia

669 4108 899 4164 dixerim
925 4108 1092 4165 verba
1119 4109 1386 4175 veritatis,
1409 4110 1512 4176 vel,
1539 4120 1598 4165 ut
1628 4113 1702 4166 ita
1722 4114 1919 4180 dicam,
1945 4114 2106 4169 verba
2134 4114 2262 4170 Ver-

667 4200 742 4267 bi,
771 4201 896 4271 quia
921 4201 1126 4256 veritas
1158 4201 1395 4258 Verbum
1425 4211 1530 4269 est,
1558 4204 1661 4258 nisi
1692 4221 1886 4260 causas
1913 4205 2182 4275 praefatas
2207 4214 2263 4261 et

665 4293 1028 4358 substantias,
1057 4293 1160 4349 hoc
1185 4302 1270 4348 est
1310 4294 1780 4351 incommutabiles
1807 4311 1990 4350 rerum
2018 4296 2260 4352 rationes

663 4385 718 4439 in
744 4385 1012 4454 sapientia
1051 4385 1148 4440 Dei
1193 4386 1398 4452 factas,
1431 4388 1724 4441 secundum
1765 4402 1899 4456 quas
1926 4387 2158 4441 visibilia
2205 4397 2260 4443 et

666 4476 958 4530 invisibilia
987 4475 1203 4529 condita
1248 4485 1396 4542 sunt,
1427 4485 1482 4530 et
1520 4476 1572 4530 in
1618 4491 1753 4547 quas
1791 4477 1998 4533 caelum
2029 4486 2084 4532 et
2115 4487 2260 4533 terra

663 4566 994 4620 transibunt.
1024 4563 1144 4632 lpsa
1176 4566 1197 4597 ⁸
1242 4577 1422 4622 autem
1475 4585 1750 4639 nunquam
1780 4585 2047 4640 nusquam
2081 4579 2257 4625 trans-

664 4655 818 4708 ibunt
843 4655 889 4720 ⁷,
912 4655 1171 4725 quoniam
1203 4656 1257 4710 in
1282 4655 1464 4712 Verbo
1485 4659 1577 4712 Dei
1603 4661 1878 4730 unigenito
1906 4661 2066 4716 veluti
2093 4676 2256 4732 quae-

663 4745 787 4799 dam
807 4747 976 4802 verba
994 4743 1284 4802 inell‘abilia
1307 4757 1362 4802 et
1387 4749 1846 4806 incommutabilia
1872 4754 2260 4823 perpetualiter

667 4843 905 4890 manent.
948 4835 1099 4902 Quae
1127 4837 1314 4904 verba,
1345 4847 1406 4892 ut
1452 4840 1666 4908 opinor,
1703 4841 1908 4896 audivit
1943 4843 2256 4914 Apostolus,

667 4928 882 4998 quando
911 4929 966 4983 in
994 4928 1303 4998 paradisum
1331 4938 1518 5000 raptus
1560 4942 1662 4987 est.
1697 4932 1828 5000 Quis
1864 4936 2008 4989 enim
2036 4939 2256 5008 angelo-

662 5035 783 5073 rum
808 5019 893 5074 vel
920 5020 1198 5076 hominum
1232 5020 1332 5077 fari
1373 5023 1552 5079 verbis
1589 5024 1674 5080 vel
1711 5034 1892 5082 mente
1932 5043 2259 5101 cognoscere

661 5109 854 5182 possit,
885 5126 1040 5183 quas,
1067 5119 1124 5166 et
1145 5111 1355 5182 quales,
1377 5121 1440 5167 et
1467 5124 1698 5184 quantas
1723 5117 1965 5175 rationes
1993 5135 2173 5175 rerum
2203 5121 2253 5177 in

660 5203 948 5276 principio,
1011 5201 1184 5259 Verbo
1229 5205 1481 5261 videlicet
1527 5223 1645 5274 suo,
1698 5208 1859 5265 Pater
1906 5220 2030 5268 ante
2073 5213 2252 5268 omnia

663 5305 906 5369 tempora
935 5307 991 5356 et
1017 5307 1144 5355 ante
1163 5315 1378 5356 omnem
1403 5311 1707 5358 creaturam
1733 5304 1941 5361 fecerit.
1967 5306 2111 5363 Dtsc.
2136 5307 2252 5362 Non

661 5389 848 5461 itaque
891 5407 1086 5448 causas
1135 5401 1191 5447 et
1227 5394 1559 5449 substantias
1597 5411 1800 5460 rerum,
1844 5397 1897 5452 in
1937 5397 2114 5455 Verbo
2157 5399 2252 5454 Dei

661 5482 985 5540 substitutas
1010 5525 1025 5552 ,
1054 5485 1108 5542 in
1146 5500 1374 5542 nmnero
1411 5496 1694 5560 computos
1717 5492 2126 5546 creaturarum?
2159 5493 2251 5548 Di-

2344 2023 2565 2080 poream
2594 2018 2897 2063 creaturam
2928 2018 3069 2070 esse,
3118 2011 3173 2059 et
3206 2003 3272 2057 ab
3310 2003 3390 2059 eis
3437 2003 3700 2059 contineri
3739 2012 3796 2058 et
3836 2003 3942 2056 cir-

2345 2101 2660 2157 cumscribi.
2699 2099 2768 2154 Et
2811 2099 2934 2169 quia
2978 2096 3210 2152 naturali
3252 2097 3459 2152 ratione
3496 2097 3615 2167 plus
3667 2106 3752 2152 est
3789 2097 3947 2167 quod

2347 2193 2610 2255 continet,
2662 2205 2824 2260 quam
2864 2188 3006 2260 quod
3049 2188 3372 2254 continetur,
3406 2202 3511 2242 non
3560 2189 3702 2242 intra
3746 2197 3945 2258 partes

2347 2285 2565 2350 mundi,
2598 2284 2690 2338 scd
2732 2293 2886 2338 extra
2931 2281 3102 2353 ipsius
3136 2281 3543 2335 universitatem
3571 2280 3691 2335 loca
3720 2287 3775 2334 et
3803 2289 3944 2335 tem-

2347 2391 2482 2449 pora
2522 2374 2883 2446 computanda
2929 2372 3291 2427 existimant:
3323 2371 3644 2442 praesertim
3687 2371 3811 2424 dum
3857 2371 3943 2424 in-

2350 2468 2652 2540 corporalia
2685 2477 2844 2531 sunt,
2876 2466 2927 2520 in
2958 2479 3187 2520 numero
3226 2462 3592 2534 corporalium
3639 2477 3746 2516 non
3795 2470 3943 2516 recte

2352 2558 2793 2616 connumeranda
2823 2572 2942 2612 esse
2975 2554 3240 2624 iudicant.
3283 2553 3389 2608 Alii
3421 2568 3552 2608 vero
3585 2553 3701 2608 loca
3728 2561 3778 2606 et
3808 2560 3943 2605 tem—

2350 2669 2482 2726 pora
2526 2653 2665 2707 intra
2711 2649 3041 2704 mundanam
3080 2646 3542 2701 universalitatem
3591 2643 3940 2699 concludunt.

2351 2743 2561 2800 Aiunt“
2588 2742 2753 2807 enim,
2808 2739 2969 2795 simul
2997 2754 3118 2794 cum
3159 2737 3374 2803 ceteris,
3417 2751 3552 2807 quae
3603 2735 3742 2790 intra
3781 2752 3948 2790 mun-

2355 2838 2482 2893 dum
2517 2835 2888 2897 continentur,
2923 2831 3211 2902 eongenita
3245 2837 3299 2884 et
3343 2836 3628 2884 concrcata
3663 2827 3854 2892 fuisse,
3889 2835 3944 2881 et

2355 2927 2808 3000 quemadmodum
2841 2932 3032 2979 cuncta
3085 2937 3150 2976 ex
3182 2922 3361 2977 causis
3406 2920 3520 2974 suis
3567 2919 3773 2989 prolata
3797 2927 3941 2981 sunt,

2359 3023 2434 3077 ita
2463 3029 2518 3074 et
2547 3019 2656 3074 illa.
2699 3017 2960 3072 Rationes
2994 3014 3262 3085 siquidem
3288 3016 3309 3047 °
3347 3011 3589 3068 locorum
3638 3019 3693 3066 et
3735 3022 3942 3078 tempo-

2361 3128 2503 3177 rum,
2527 3111 2840 3182 priusquam
2871 3107 2923 3160 in
2949 3105 3148 3160 mundo
3173 3110 3509 3166 crearentur,
3541 3102 3594 3155 in
3622 3099 3797 3155 Verbo
3825 3098 3942 3161 Dei,

2361 3203 2416 3257 in
2466 3215 2573 3271 quo
2621 3198 2766 3253 facta
2817 3205 2943 3252 sunt
2993 3194 3204 3258 omnia,
3250 3199 3686 3263 praecesserunt.
3734 3189 3944 3244 Addunt

2363 3294 2528 3350 etiam
2585 3290 3056 3346 ratiocinationem
3111 3306 3126 3341 :
3173 3285 3220 3340 si
3259 3285 3376 3340 loca
3421 3293 3475 3338 et
3531 3293 3766 3352 tempora
3818 3289 3944 3335 ante

2364 3383 2624 3440 mundum
2654 3382 2828 3447 fuere,
2857 3378 3102 3450 profecto
3130 3386 3348 3432 aeterna
3378 3381 3536 3440 sunt;
3575 3383 3632 3428 et
3657 3373 3703 3427 si
3726 3379 3943 3427 aeterna

2364 3483 2512 3540 sunt,
2538 3482 2633 3528 aut
2660 3473 2802 3527 Deus
2831 3480 2982 3536 sunt,
3010 3480 3103 3524 aut
3133 3467 3458 3540 principales
3486 3466 3727 3521 omnium
3753 3480 3947 3519 causae

2363 3567 2416 3621 in
2466 3564 2727 3633 sapientia
2765 3562 2946 3618 divina
3000 3561 3322 3616 substitutae
3352 3579 3364 3613 :
3401 3558 3543 3628 quod
3570 3556 3945 3611 stultissimum

2363 3666 2446 3713 est
2473 3656 2768 3710 aestimari.
2803 3653 2919 3707 Duo
2948 3654 3090 3708 enim
3122 3651 3343 3706 maximi
3372 3666 3587 3706 errores
3615 3659 3737 3705 sunt
3767 3649 3945 3703 homi-

2363 3765 2491 3805 num
2510 3791 2525 3815 ,
2555 3756 2615 3802 ut
2642 3748 2718 3802 ait
2745 3746 3078 3818 Augustinus
3107 3763 3121 3800 :
3153 3745 3269 3799 loca
3295 3761 3456 3814 supra
3486 3743 3718 3807 caelum,
3748 3751 3794 3795 et
3819 3750 3948 3795 tem-

2363 3856 2492 3911 pora
2522 3848 2642 3892 ante
2672 3837 2930 3892 mundum
2951 3845 3155 3906 putare.
3179 3835 3256 3889 Ac
3279 3849 3376 3905 per
3402 3835 3504 3888 hoc
3524 3833 3858 3887 concluditur
3880 3831 3942 3892 ¹⁰,

2367 3937 2611 3999 tempora
2640 3927 2907 3982 secularia
2949 3925 3110 3981 simul
3150 3941 3272 3980 cum
3303 3925 3504 3979 mundo
3534 3933 3651 3978 orta
3683 3933 3735 3978 et
3763 3929 3944 3977 coorta

2364 4035 2506 4084 esse,
2536 4029 2591 4074 et
2619 4017 2764 4072 nullo
2809 4017 2970 4072 modo
3010 4017 3186 4086 ipsum
3214 4015 3592 4085 praecessisse.
3633 4013 3689 4066 ln
3727 4027 3947 4066 numero

2363 4111 2549 4180 itaque
2573 4124 2794 4174 eorum,
2826 4123 2965 4177 quae
2996 4107 3135 4160 intra
3177 4106 3434 4160 mundum
3473 4105 3833 4166 continentur,
3870 4103 3948 4154 lo-

2364 4218 2487 4259 cum
2517 4210 2573 4257 et
2604 4211 2814 4272 tempus
2841 4197 3342 4256 connumerandutn
3368 4212 3496 4250 vera
3525 4197 3664 4250 ratio
3693 4195 3852 4264 cogit,
3883 4210 3948 4247 ac

2362 4309 2460 4366 per
2507 4293 2634 4358 hoc,
2683 4307 2790 4348 non
2843 4289 3016 4345 solum
3065 4289 3120 4344 in
3176 4289 3326 4358 ipsis,
3383 4288 3638 4357 quicquid
3690 4287 3744 4341 in
3791 4302 3947 4340 mun-

2366 4387 2492 4441 dum
2519 4385 2687 4451 venit,
2713 4383 2960 4455 generari
2989 4413 3060 4423 —
3087 4381 3330 4438 locorum
3363 4395 3598 4450 namque
3622 4388 3948 4448 temporum-

2364 4493 2470 4549 que
2495 4477 2738 4532 numeris
2765 4486 2820 4532 et
2845 4476 3088 4531 nascitur
3131 4481 3187 4528 et
3219 4481 3468 4528 movetur
3489 4503 3556 4511 —
3579 4486 3763 4524 verum
3785 4470 3949 4522 etiam

2363 4568 2634 4634 onmibus,
2680 4583 2818 4640 quae
2867 4567 2921 4622 in
2960 4566 3040 4621 eis
3079 4570 3426 4636 generantur,
3475 4561 3849 4632 congenerari,
3896 4567 3953 4613 et

2364 4675 2431 4718 ex
2480 4660 2823 4729 generalibus
2867 4659 3070 4724 causis,
3116 4672 3256 4727 quae
3300 4653 3558 4709 mundum
3597 4652 3947 4722 praecedunt,

2364 4754 2601 4828 prodire.
2647 4752 2801 4820 Quod
2855 4761 3037 4808 autem
3089 4749 3487 4822 proposuimus,
3534 4757 3711 4800 utrum
3764 4760 3950 4806 omne,

2364 4846 2507 4918 quod
2538 4855 2785 4902 movetur
2810 4845 3182 4916 temporalitcr
3201 4885 3216 4910 ,
3245 4855 3466 4898 necesse
3509 4839 3576 4894 sit
3604 4836 3774 4891 etiam
3805 4836 3951 4891 loca-

2363 4935 2491 4992 liter
2511 4937 2736 5002 moveri,
2773 4937 2962 4992 eodem
2992 4935 3152 4990 modo
3192 4931 3575 4989 catholicorum
3596 4937 3879 4983 auctorum
3907 4929 3946 4957 “

2365 5027 2586 5084 traditio
2635 5029 2971 5085 dissimiliter
3019 5028 3204 5083 sentit.
3249 5025 3491 5081 Primum
3521 5021 3742 5094 quidem
3784 5021 3944 5076 Deum

2366 5121 2538 5177 solum
2587 5138 2685 5194 per
2729 5123 2965 5193 seipsum
3013 5121 3132 5175 sine
3170 5119 3289 5175 loco
3330 5127 3387 5172 et
3436 5127 3678 5187 tempore
3725 5113 3946 5177 moveri,

2360 5215 2565 5284 absque
2587 5214 2692 5268 ulla
2720 5213 3082 5296 discrepantia
3119 5211 3509 5283 dogmatizant.
3542 5207 3619 5263 De
3645 5215 3794 5262 motu
3823 5219 3947 5259 vero

2360 5309 2656 5380 spiritualis
2723 5316 3032 5373 creaturae,
3073 5304 3250 5360 omnis
3303 5303 3566 5359 materiae
3618 5297 3946 5370 corpulentia

2360 5402 2580 5467 liberae,
2614 5400 2887 5456 nonnullis
2908 5400 3190 5454 dissonant
3212 5395 3457 5452 tbeoriis.
3488 5392 3720 5461 Quidam
3750 5389 3946 5444 etenim

2361 5493 2535 5566 ipsum
2583 5493 2697 5550 solo
2748 5500 3008 5566 tempore,
3060 5490 3178 5547 sine
3202 5474 3612 5556 .loco,'moveri
3661 5481 3944 5544 allirmaut,

1963 5607 2219 5666 VARIAE
2257 5609 2656 5668 LECTIONES.

741 5693 760 5768 ξ
863 5690 1392 5768 ἱηιειιίρίιρέξὸαεφις.
1472 5696 1493 5729 ⁸
1520 5695 1825 5768 Αίεξηςιιιαε
1859 5713 1978 5753 vero
2006 5699 2348 5757 substantias.
2425 5700 2445 5732 ³
2477 5701 2518 5754 Α
2547 5699 2747 5754 eadem.
2825 5698 2848 5730 ⁸
2870 5698 2956 5755 CF
2989 5699 3266 5768 transient.
3316 5695 3365 5768 ηδ
3401 5693 3494 5749 Sic
3519 5690 3719 5768 _;_A
3749 5691 3801 5768 i_l_t
3801 5707 3946 5768 1180;

667 5757 968 5836 '-Arlpsae.
1035 5757 1065 5798 '7
1093 5761 1177 5816 CF
1213 5757 1486 5821 transient.
1562 5767 1586 5801 ⁸
1620 5757 1710 5823 Sic
1741 5768 1826 5825 CF
1855 5787 1870 5836 ;
1900 5771 1943 5825 A
1976 5768 2188 5828 Dicunt.

674 5825 968 5881 declarant.

2269 5772 2291 5802 ⁹
2323 5775 2368 5828 Α
2399 5771 2628 5843 quidem.
2707 5771 2752 5803 ¹⁰
2784 5770 2876 5827 Sic
2907 5771 2980 5838 A;
3019 5769 3104 5826 CF
3145 5766 3457 5824 includitur.
3537 5765 3585 5795 “'
3608 5763 3701 5818 Sic
3756 5761 3874 5826 CF;
3904 5761 3948 5814 Α
