4212 6272
388 377 494 434 889

1239 358 1328 413 DE
1364 351 1700 412 DIVISIONE
1737 344 2088 404 NATURAE.
2127 375 2196 386 ——
2234 346 2435 402 LIBER
2473 347 2798 418 QUINTUS.

3552 349 3658 406 890

389 507 607 551 omnem
646 502 776 544 vero
797 481 1129 555 corporalem
1164 486 1471 534 creaturam
1503 487 1609 526 non
1635 468 1805 525 solum
1829 474 1967 520 tem-
1994 465 2050 526 Α
2071 478 2218 519 mere
2238 465 2466 521 dixerim
2490 465 2543 519 in
2563 464 2644 520 eis
2663 461 3000 534 praevalere,
3027 465 3283 536 quamdiu
3313 473 3480 522 totum
3503 465 3654 533 illud,

391 583 669 658 poraliter,
699 592 886 634 verum
920 575 1082 630 etiam
1109 569 1354 658 localiter
1383 561 1837 658 mutabilem-esse
1861 571 1969 612 non

394 652 688 745 incongrue
725 668 1075 723 arbitrantur.
1123 659 1234 716 Nec
1277 659 1295 691 ¹
1336 657 1410 713 ibi
1446 652 1968 745 omnesdissonant.

397 741 635 834 Quorum
663 757 959 815 sententiae
980 753 1170 808 beatus
1199 750 1364 805 etiam
1391 749 1413 778 ⁸
1431 743 1764 816 Augustinus
1789 741 1968 834 lavet‘,

397 832 464 910 de
490 854 597 908 Deo
624 851 846 918 loquens
870 863 883 901 :
919 845 1112 908 Movet,
1143 841 1346 918 inquit,
1385 838 1613 906 seipsum
1640 834 1752 888 sine
1781 832 1896 884 loco
1922 839 1970 882 et

393 958 636 1016 tempore,
685 916 852 995 movet
890 937 1157 992 conditum
1199 916 1584 1003 spiritum‘per
1625 935 1824 994 tempus
1860 922 1972 1016 sine

394 1014 528 1105 loco,
552 1046 714 1090 movet
741 1049 929 1104 corpus
973 1046 1064 1101 per
1091 1037 1290 1096 tempus
1316 1034 1362 1078 et
1389 1023 1578 1076 locum.
1602 1017 1706 1073 Alii
1731 1031 1860 1071 vero
1889 1014 1970 1069 lo-

393 1143 518 1184 cum
548 1136 604 1181 et
631 1135 866 1195 tempus,
914 1128 1052 1175 teste
1087 1116 1318 1171 Maximo
1353 1113 1406 1168 in
1431 1107 1730 1179 Ambiguis,
1771 1105 1974 1175 Grego-

397 1219 537 1272 rium
563 1215 897 1284 Theologum
923 1217 1209 1279 sequentes
1239 1206 1281 1271 ³,
1335 1199 1716 1272 inseparabilia
1741 1211 1863 1253 esse
1894 1196 1976 1249 iu-

398 1315 718 1364 cunctanter
745 1310 1013 1366 astruunt,
1064 1299 1116 1354 in
1158 1305 1383 1359 tantum,
1428 1303 1483 1347 ut
1509 1307 1657 1346 omne
1695 1285 1976 1358 temporale

401 1399 568 1454 locale
609 1397 696 1462 sit,
739 1403 786 1448 et
838 1389 1118 1446 conversim
1169 1403 1317 1441 omne
1361 1382 1528 1438 locale
1575 1377 1877 1452 temporale,
1927 1386 1977 1431 et

403 1487 548 1542 nullo
574 1485 728 1539 modo
764 1484 820 1536 in
860 1491 1048 1534 natura
1076 1493 1250 1532 rerum
1279 1473 1519 1536 inveniri,
1550 1471 1688 1542 quod
1716 1469 1830 1524 solo
1849 1477 1980 1522 tent-

401 1596 526 1651 pore
560 1579 668 1632 sine
700 1574 832 1636 loco,
860 1571 939 1626 vel
975 1569 1086 1624 solo
1120 1567 1232 1622 loco
1272 1566 1384 1620 sine
1416 1573 1643 1632 tempore
1679 1560 1841 1631 possit
1867 1573 1979 1651 rno-

402 1648 525 1725 reri.
564 1667 667 1723 Sed
697 1664 825 1736 quid
869 1663 1062 1718 borum
1104 1655 1512 1714 convenientius
1542 1651 1832 1707 tenendum
1884 1648 1974 1713 sit,

396 1776 503 1816 non
529 1769 613 1814 est
636 1765 878 1812 nostrum
903 1751 1200 1824 dijudicare
1223 1751 1278 1814 ";
1309 1745 1675 1816 unusquisque
1695 1743 1761 1798 de
1783 1739 1976 1794 talibus

2072 554 2225 624 cujus
2251 566 2434 625 partes
2462 566 2612 622 sunt,
2657 554 3037 624 permanserit.
3071 554 3148 610 Eo
3184 569 3314 611 vero
3343 565 3658 612 transeunte

2071 647 2232 703 simul
2266 656 2323 703 et
2360 648 2504 704 illius
2547 647 2794 705 vocabuli
2826 649 2999 702 virtus
3043 649 3394 704 evacuabitur
3431 648 3476 701 ⁸.
3522 648 3658 702 Cum

2072 737 2218 792 enim
2247 752 2354 792 non
2395 737 2582 805 fuerit,
2628 739 2771 808 quod
2805 737 2969 794 locari
3000 747 3057 792 et
3101 737 3473 794 circumscribi
3522 738 3634 792 indi

2073 837 2217 898 geat,
2247 830 2518 898 quomodo
2553 829 2659 885 erit
2692 829 2876 886 locus?
2919 829 2975 884 Si
3021 829 3165 884 enim
3205 829 3227 860 ’
3261 829 3395 883 nihil
3443 829 3648 883 locave-

2077 919 2167 985 rit,
2215 919 2366 975 locus
2415 937 2525 976 non
2569 921 2692 976 erit.
2732 922 2809 976 Eo
2855 922 3121 992 siquidem
3169 928 3451 991 pereunte,
3513 921 3656 990 quod

2077 1007 2368 1065 collocatur
2400 1009 2468 1077 ³⁸,
2497 1026 2603 1080 qua
2650 1011 2861 1066 ratione
2894 1011 3046 1067 locus
3071 1010 3211 1065 erit?
3243 1009 3418 1066 Locus
3463 1011 3662 1082 quippe

2078 1101 2298 1156 omnino
2322 1117 2427 1156 non
2459 1113 2562 1168 est,
2591 1104 2735 1174 quod
2763 1103 2891 1172 quid
2935 1117 3042 1158 non
3079 1102 3325 1158 collocat.
3361 1102 3478 1158 Non
3505 1104 3662 1158 aliter

2079 1193 2145 1248 de
2167 1201 2425 1264 tempore.
2475 1195 2700 1262 Quando
2742 1195 2884 1249 enim
2916 1194 3093 1249 nullus
3131 1203 3308 1249 motus
3345 1193 3467 1260 erit,
3499 1209 3658 1264 quem

2080 1297 2331 1338 mensura
2361 1285 2619 1354 temporis
2641 1300 2746 1338 non
2769 1284 2970 1339 dividet
2991 1293 3046 1339 et
3066 1284 3507 1353 comprehendet,
3531 1301 3662 1352 quo-

2080 1375 2240 1428 modo
2271 1383 2478 1444 tempus
2519 1374 2659 1429 erit?
2696 1374 2793 1429 Est
2838 1374 2980 1429 enim
3030 1382 3241 1444 tempus
3274 1389 3546 1430 morarum
3577 1374 3660 1428 vel

2081 1474 2323 1520 motuum
2368 1474 2518 1522 certa
2555 1474 2610 1521 et
2637 1465 2901 1520 naturalis
2944 1465 3230 1521 dimensio.
3274 1465 3539 1521 Pereuute
3567 1465 3664 1536 igi-

2085 1567 2190 1628 tur,
2225 1559 2366 1628 quod
2414 1568 2782 1625 mensuratur,
2833 1567 2887 1614 et
2917 1559 3069 1626 illud,
3107 1561 3248 1629 quod
3291 1561 3531 1625 metitur,
3564 1575 3660 1614 ne-

2084 1651 2320 1706 cessario
2363 1651 2579 1720 peribit.
2621 1650 2678 1704 ln
2722 1664 2829 1721 quo
2875 1651 3018 1705 enim
3056 1651 3381 1722 intelligetur
3429 1660 3662 1722 tempus,

2086 1741 2304 1812 quando
2328 1741 2508 1798 nullus
2555 1741 2816 1798 sentietur
2859 1743 3074 1798 motus?
3102 1741 3172 1798 Ut
3218 1743 3363 1799 enim
3405 1753 3584 1800 motus
3609 1745 3663 1800 iu

397 1851 789 1923 disputantium
820 1821 967 1902 intra
1007 1845 1241 1914 seipsum
1282 1839 1560 1904 deliberet,
1597 1835 1726 1906 quid
1755 1833 1856 1888 sibi
1897 1846 1977 1885 ra-
2004 1821 2055 1882 B
2081 1832 2314 1902 quodam
2338 1841 2486 1917 moto
2523 1832 2848 1898 continetur,
2893 1833 2967 1887 ita
3001 1841 3209 1904 tempus
3235 1833 3291 1890 in
3330 1833 3564 1902 quodam
3585 1835 3666 1887 di-

395 1943 708 2000 tionabilius
737 1937 1072 2009 sequendum
1113 1933 1218 1989 sit:
1248 1945 1347 1986 nos
1377 1938 1558 1984 autem
1601 1927 1884 1982 redeamus
1909 1923 1977 1977 ad

395 2035 752 2108 propositum.
792 2032 936 2085 DISC.
973 2027 1142 2084 Caute
1186 2039 1253 2078 ac
1312 2022 1614 2092 vigilanter.
1657 2017 1775 2072 Non
1833 2016 1978 2071 enim

395 2133 655 2188 debemus
692 2130 758 2184 de
789 2124 1068 2182 sententiis
1122 2133 1437 2190 magnorum
1487 2125 1541 2171 et
1587 2111 1977 2168 venerabilium

394 2225 636 2278 virorum
677 2229 880 2275 temere
913 2204 1178 2287 judicare.
1226 2209 1362 2264 Nam
1413 2207 1460 2263 si
1488 2221 1655 2262 unum
1685 2203 1980 2261 dixerimus

399 2314 606 2369 rectius
630 2309 882 2371 sensisse,
925 2305 1230 2359 videbimur
1271 2300 1500 2354 alterum
1526 2295 1814 2360 refellere;
1841 2307 1982 2364 quae

400 2403 640 2458 maxima
677 2408 732 2453 et
771 2394 1174 2468 promptissima
1212 2405 1376 2446 causa
1414 2387 1657 2456 litigandi
1682 2385 1823 2440 solet
1860 2397 1984 2438 eve-

400 2509 542 2549 mre.

477 2581 564 2637 18.
588 2580 728 2635 MAG.
770 2575 960 2631 Nullus
997 2574 1086 2644 pie
1120 2578 1281 2642 atque
1313 2568 1582 2625 catholice
1605 2564 1986 2638 philosophan-

405 2676 560 2738 tium,
585 2672 905 2738 divinaeque
927 2666 1240 2734 Scripturae
1259 2663 1516 2716 virtutem
1530 2657 1985 2714 considerantium

402 2763 619 2829 dixerit,
666 2769 726 2816 ut
770 2759 984 2829 opinor,
1025 2756 1141 2811 loca
1175 2764 1232 2809 et
1268 2763 1511 2824 tempora
1558 2759 1685 2807 ante
1731 2749 1984 2804 mundum

405 2852 591 2908 fuisse.
633 2853 776 2907 DISC.
827 2850 999 2904 Istaec
1042 2845 1433 2902 l‘credentibus
1467 2853 1523 2898 et
1564 2838 1986 2912 intelligentibus

407 2959 515 2998 non
544 2941 984 2999 contradixerim.
1024 2937 1322 2992 Sanissime
1346 2933 1492 2989 enim
1533 2932 1778 2996 credunt,
1803 2939 1858 2986 et
1887 2944 1986 2998 pu-

407 3033 624 3090 rissime
652 3031 972 3100 intelligunt.
997 3026 1298 3095 Quidnam“
1332 3022 1680 3094 praecederet
1701 3019 1980 3085 mundum,

409 3125 513 3180 nisi
541 3123 652 3180 sola
695 3123 1009 3185 aeternitas,
1049 3115 1368 3188 praesertim
1417 3129 1538 3169 cum
1563 3113 1823 3183 scriptum
1867 3112 1976 3166 sit:

411 3215 604 3269 Omnia
625 3215 685 3268 in
709 3222 963 3267 momento
991 3209 1129 3264 oculi
1167 3209 1310 3277 facta
1347 3215 1467 3260 sunt
1489 3207 1514 3258 7
1549 3204 1692 3260 Loca
1725 3212 1904 3259 autem
1930 3210 1984 3257 et
2009 3172 2056 3235 Ο

409 3312 651 3370 tempora
677 3301 732 3356 in
755 3313 983 3356 numero
1007 3297 1247 3352 omnium
1270 3302 1413 3350 sunt.
1443 3293 1574 3348 Item
1611 3311 1624 3347 :
1653 3291 1757 3359 Qui
1785 3293 1902 3347 vivit
1930 3293 1986 3346 in

405 3400 692 3456 aeternum,
733 3391 928 3444 creavit
969 3389 1145 3444 omnia
1194 3385 1370 3443 simul.
1403 3383 1544 3442 MAG.
1576 3383 1716 3451 Quid
1743 3399 1873 3454 ergo
1908 3383 1987 3438 di-

407 3493 609 3543 cemus,
639 3479 685 3533 si
707 3477 825 3534 loca
850 3486 906 3534 et
945 3487 1186 3548 tempora
1235 3483 1362 3530 ante
1401 3475 1658 3529 mundum
1682 3488 1790 3527 non
1811 3472 1984 3538 fuere,

408 3569 502 3625 scd
527 3569 640 3625 sola
667 3569 962 3624 aeternitas
999 3569 1173 3639 ipsum
1201 3565 1539 3638 praecessit?
1573 3563 1824 3634 Nunquid
1845 3565 1988 3619 veri-

409 3660 582 3717 simile
607 3668 711 3725 est,
735 3667 794 3714 ut
815 3660 1005 3716 eodem
1031 3658 1194 3714 modo
1221 3659 1527 3721 credamus,
1563 3670 1664 3710 nec
1688 3665 1810 3726 post
1833 3673 1989 3712 mun-

409 3751 539 3804 dum
560 3749 906 3804 remansura?
929 3747 987 3803 Si
1015 3749 1160 3802 enim
1191 3747 1244 3801 in
1288 3747 1638 3802 universitate
1664 3747 1847 3802 mundi
1867 3747 1988 3805 loca

412 3849 468 3894 et
495 3848 735 3910 tempora
757 3847 1158 3910 computantur,
1181 3854 1288 3909 qua
1313 3839 1544 3906 ratione,
1568 3838 1743 3895 soluto
1763 3840 1983 3904 mundo,

410 3932 847 4002 permanebunt?
895 3930 1088 3984 Totum
1135 3930 1398 4000 siquidem
1445 3939 1540 3985 aut
1609 3931 1989 3987 universaliter

413 4031 615 4088 manet,
660 4031 750 4076 aut
787 4020 1160 4076 universaliter
1197 4022 1376 4090 perit;
1411 4030 1470 4075 ut
1503 4029 1684 4075 autem
1727 4036 1794 4075 ex
1834 4029 1989 4091 parte

410 4121 654 4178 maneat,
680 4127 748 4166 ex
777 4113 797 4144 "
826 4121 980 4183 parte
1011 4120 1218 4180 pereat,
1255 4110 1590 4180 impossibile
1619 4120 1722 4167 est.
1757 4112 1814 4164 Si
1844 4111 1988 4165 enim

408 4219 515 4258 una
535 4217 664 4273 pars
693 4217 762 4259 ex
807 4210 918 4258 toto
949 4203 1191 4273 perierit,
1236 4211 1407 4258 totum
1455 4201 1662 4256 interit.
1697 4199 1812 4256 Una
1836 4217 1991 4257 nam-

409 4308 514 4364 que
542 4294 780 4363 dcmpta,
817 4302 989 4349 totum
1028 4310 1137 4348 non
1179 4301 1283 4350 est.
1311 4290 1572 4346 Similiter
1617 4291 1665 4346 si
1720 4307 1829 4347 una
1867 4305 1992 4362 pars

410 4385 560 4442 salva
589 4384 770 4451 fuerit,
808 4395 863 4441 et
907 4396 1124 4441 ceterae
1169 4383 1498 4449 interierint,
1559 4390 1729 4438 totum
1781 4383 1988 4438 interit.

2082 1940 2272 1981 menso
2308 1934 2477 1980 motu.
2521 1923 2674 1979 Sicut
2717 1939 2844 1996 ergo
2906 1932 3081 1980 motus
3118 1940 3226 1979 non
3277 1924 3402 1992 erit,
3451 1924 3666 1993 quando

2080 2019 2225 2074 nulla
2270 2033 2399 2088 pars
2445 2017 2630 2073 mundi
2686 2018 3006 2084 movebitur,
3044 2019 3119 2073 ita
3171 2027 3405 2087 tempus,
3452 2017 3666 2087 quando

2081 2109 2260 2164 nullus
2286 2109 2692 2165 mensurabitur
2719 2119 2916 2164 motus.
2955 2109 3032 2163 De
3063 2109 3280 2164 interitu
3310 2119 3490 2163 autem
3517 2125 3668 2163 mun-

2082 2200 2134 2256 di
2157 2215 2223 2254 ac
2251 2201 2317 2253 de
2350 2199 2457 2254 ﬁne
2484 2198 2662 2254 nullus
2685 2186 3074 2254 catholicorum
3103 2199 3344 2270 ambigit.
3379 2199 3494 2254 Non
3521 2199 3664 2254 enim

2081 2287 2194 2345 sola
2225 2288 2364 2343 ratio
2403 2296 2458 2342 et
2511 2288 2773 2344 naturalis
2821 2289 3138 2354 necessitas,
3175 2289 3319 2358 quod
3349 2287 3668 2343 interiturus

2083 2381 2173 2444 sit,
2196 2395 2384 2436 verum
2411 2380 2572 2435 etiam
2614 2380 2919 2436 divinarum
2949 2381 3228 2436 literarum
3255 2379 3540 2435 verissima
3571 2395 3670 2433 au-

2084 2473 2312 2528 ctoritas
2349 2472 2686 2541 comprobat.
2726 2471 2942 2526 Maximi
2984 2487 3220 2542 namque
3258 2471 3328 2526 ob
3374 2472 3478 2527 hoc
3504 2472 3545 2502 “
3577 2487 3665 2526 sa-

2084 2565 2294 2635 pientes
2321 2563 2505 2620 mundi
2550 2579 2658 2619 non
2699 2563 2818 2618 ausi
2845 2571 2970 2618 sunt
3008 2564 3204 2620 docere
3232 2563 3315 2616 vel
3345 2563 3665 2630 concedere,

2083 2657 2227 2712 hunc
2248 2657 2507 2712 mundum
2537 2654 2816 2725 temporali
2845 2654 3111 2724 principio
3141 2668 3238 2724 per
3262 2654 3664 2724 generationem

2085 2750 2394 2815 inchoasse,
2419 2762 2486 2802 ne
2527 2755 2850 2819 cogerentur
2876 2745 3058 2811 fateri,
3088 2745 3248 2800 linem
3291 2743 3548 2814 temporis
3573 2759 3668 2812 per

2083 2857 2335 2898 occasum
2365 2841 2672 2896 habiturum
2709 2853 2848 2894 esse.
2877 2837 3009 2892 Nam
3033 2838 3078 2892 si
3101 2837 3360 2892 mundum
3386 2836 3666 2906 temporali

2083 2932 2348 3001 principio
2370 2930 2626 2986 inchoare
2668 2929 3044 2992 concederent,
3073 2929 3181 2982 line
3205 2941 3420 2996 quoque
3463 2935 3670 2996 tempo-

2084 3024 2160 3079 ris
2186 3021 2463 3078 terminari
2509 3035 2707 3090 negare
2751 3034 2859 3074 non
2904 3025 3140 3089 possent.
3191 3017 3422 3087 Ideoque
3453 3015 3666 3071 illorum

2083 3114 2300 3184 quidam
2325 3111 2602 3185 imundum
2632 3119 2824 3175 totum,
2874 3111 2978 3165 hoc
3003 3117 3088 3165 est
3136 3108 3418 3164 materiem
3457 3105 3573 3176 ejus
3617 3115 3672 3159 ct

2086 3202 2340 3268 formam,
2363 3210 2714 3257 coaeternum
2762 3201 2872 3254 Deo
2908 3198 3094 3264 fuisse,
3135 3199 3352 3269 quidam
3377 3195 3550 3253 solam
3589 3197 3672 3252 in-

2086 3296 2316 3352 formem
2349 3295 2633 3348 materiem
2671 3303 2919 3349 astruere
2945 3291 3125 3349 conati
3163 3300 3309 3358 sunt,
3331 3289 3562 3346 formam
3589 3305 3670 3344 so-

2086 3384 2195 3440 lam
2216 3393 2271 3439 et
2298 3383 2678 3439 formationem
2725 3381 2912 3438 mundi
2954 3381 3064 3437 Deo
3091 3381 3470 3444 attribuentes,
3507 3388 3675 3434 mate-

2086 3477 2221 3532 riem
2279 3491 2408 3531 vero
2452 3475 2569 3546 ejus
2617 3485 2895 3531 aeternam
2941 3485 2997 3530 et
3043 3485 3392 3531 coaeternam
3430 3471 3542 3526 Deo
3579 3486 3674 3540 per

2087 3568 2320 3638 seipsam
2342 3567 2668 3631 substitisse,
2700 3565 2796 3622 Dei
2818 3575 2999 3622 tamen
3022 3565 3336 3622 formatoris
3357 3563 3672 3635 indiguisse,

2086 3665 2141 3714 et
2168 3673 2228 3714 se
2256 3659 2428 3729 ipsam
2457 3657 2692 3713 formare
2718 3673 2826 3714 non
2850 3657 3104 3714 valuisse.

2157 3748 2247 3803 19.
2261 3746 2406 3803 Sana
2433 3757 2612 3804 autem
2634 3758 2690 3803 et
2714 3747 3080 3805 ecclesiastica
3101 3745 3348 3804 doctrina
3369 3746 3676 3803 ﬁrmissime

2087 3840 2279 3900 credit.
2295 3849 2350 3896 et
2362 3839 2788 3896 luculentissime
2797 3840 3079 3910 perspicit,
3094 3855 3260 3895 unum
3277 3848 3331 3895 et
3346 3839 3678 3908 omnipoten-

2089 3939 2198 3987 tem
2212 3930 2405 3997 Deum,
2422 3931 2746 4000 principium
2757 3947 3082 4000 causamque
3097 3933 3362 3997 omnium,
3378 3946 3518 4001 quae
3531 3940 3678 3994 sunt,

2088 4033 2143 4080 et
2163 4037 2303 4093 quae
2318 4037 2424 4078 non
2442 4031 2588 4087 sunt,
2617 4021 2899 4077 materiem
2917 4021 3130 4076 dedisse
3146 4022 3344 4077 mundo
3357 4021 3677 4086 etformam,

2090 4115 2306 4187 quando
2341 4113 2531 4180 voluit,
2563 4112 2834 4184 ﬁnemque
2863 4113 3115 4167 daturum
3150 4127 3291 4179 esse,
3325 4113 3542 4181 quando
3565 4122 3678 4166 sta-

2093 4209 2232 4264 tuit:
2265 4208 2359 4280 qui
2403 4205 2530 4263 fecit
2558 4206 2739 4262 omnia
2778 4206 2834 4261 in
2871 4205 3238 4262 aeternalibus
3261 4206 3462 4272 causis,
3494 4205 3675 4276 prius-

2091 4316 2252 4372 quam
2283 4300 2476 4355 ﬁerent
2510 4297 2895 4368 temporalibus
2925 4296 3214 4352 momentis
3255 4314 3268 4349 :
3301 4295 3392 4366 qui
3437 4303 3522 4352 est
3555 4295 3680 4350 ﬁnis

2091 4393 2350 4457 omnium,
2393 4391 2520 4462 quia
2556 4391 2612 4444 in
2653 4389 2829 4460 ipsum
2869 4395 3224 4451 revertentur,
3268 4401 3409 4457 quae
3449 4386 3518 4441 ab
3563 4386 3680 4456 ipso

413 4477 582 4532 Totus
606 4477 788 4546 itaque
831 4480 1064 4533 mundus
1099 4485 1194 4531 aut
1236 4485 1381 4532 totus
1422 4476 1686 4542 interibit,
1729 4485 1823 4531 aut
1849 4485 1991 4532 totus
2017 4519 2071 4578 Β
2095 4482 2334 4554 profecta
2359 4491 2504 4544 sunt.
2527 4479 2656 4534 etin
2679 4478 2796 4547 ipso
2823 4485 3106 4534 moventur
3131 4485 3185 4531 ct
3208 4483 3371 4534 stant.
3419 4475 3680 4532 Dominus

411 4581 626 4638 semper
665 4566 788 4621 erit.
843 4566 1050 4623 Peribit
1097 4575 1298 4622 autem.
1337 4563 1508 4620 Totus
1553 4565 1719 4637 igitur
1769 4567 1991 4636 peribit,

408 4675 587 4730 neque
621 4658 728 4714 ulla
766 4674 896 4729 pars
921 4659 1005 4715 sui
1030 4667 1154 4729 post
1183 4673 1337 4714 suum
1371 4658 1651 4713 interitum
1694 4660 1996 4715 remanebit

411 4753 532 4809 sine
562 4753 806 4809 interitu.
838 4753 979 4808 Sunt
1022 4761 1203 4808 autem
1239 4761 1422 4822 partes
1449 4753 1568 4824 ejus
1609 4753 1758 4810 locus
1781 4761 1837 4808 et
1863 4762 1997 4809 tem-

413 4860 535 4915 pus.
583 4846 643 4900 ln
699 4846 817 4917 ipso
868 4845 1032 4916 igitur
1058 4853 1258 4900 etcum
1303 4846 1421 4914 ipso
1460 4845 1716 4915 peribunt
1744 4845 1896 4902 locus
1941 4855 1997 4902 et

419 4946 646 5005 tempus.
669 4921 872 4993 Locum
895 4952 1040 4993 nunc
1063 4937 1186 4993 dico
1235 4952 1344 4992 non
1384 4951 1566 4992 rerum
1603 4937 1993 5007 deﬁnitionem,

414 5039 560 5096 quae
602 5041 812 5097 semper
857 5036 1042 5084 manet
1088 5029 1144 5083 in
1195 5029 1398 5095 animo,
1451 5029 1545 5084 sed
1588 5029 1841 5098 spatium,
1889 5046 1996 5100 quo

415 5132 708 5187 corporum
760 5121 1034 5189 quantitas
1075 5121 1404 5177 extenditur.
1434 5119 1567 5174 Nam
1613 5122 1756 5190 quod
1804 5121 2000 5178 Graeci

415 5208 554 5263 duas
606 5207 728 5264 illas
769 5209 951 5265 mundi
999 5219 1216 5279 partes,
1274 5211 1447 5266 locum
1491 5211 1613 5266 dico
1664 5220 1720 5266 et
1767 5221 2000 5283 tempus,

415 5300 484 5358 ὧν
511 5299 658 5368 ἄνευ,
689 5302 792 5357 hoc
811 5311 916 5368 est,
946 5303 1064 5360 sine
1088 5306 1284 5376 quibus
1307 5313 1524 5360 ceterae
1547 5313 1732 5374 partes
1753 5318 1872 5361 esse
1894 5319 1998 5360 non

415 5401 662 5461 possunt,
702 5393 994 5465 appellant,
1039 5396 1241 5451 tamdiu
1262 5396 1390 5452 illud
1431 5396 1750 5454 vocabulum
1789 5411 1897 5452 non
1923 5405 2003 5453 te-

2099 4577 2212 4648 ipse
2246 4577 2312 4632 de
2339 4574 2566 4630 transitu
2595 4571 2800 4638 mundi,
2827 4580 2888 4627 ut
2911 4570 3069 4642 paulo
3094 4571 3342 4641 superius
3377 4570 3676 4627 introduxi-

2101 4681 2245 4732 mus,
2274 4666 2349 4720 ait
2377 4679 2392 4719 :
2421 4664 2638 4719 Caelum
2671 4673 2720 4718 et
2759 4673 2899 4718 terra
2948 4662 3262 4730 transibunt,
3309 4661 3463 4717 verba
3504 4672 3679 4718 autem

2100 4774 2216 4813 mea
2245 4773 2349 4812 non
2374 4755 2688 4810 transibunt.
2726 4754 2795 4811 Et
2823 4769 2892 4810 ne
2927 4754 3048 4823 quis
3083 4754 3367 4810 transitum
3388 4753 3576 4810 mundi
3617 4752 3685 4808 de

2101 4849 2222 4906 loco
2251 4849 2304 4904 in
2337 4849 2534 4914 locum,
2577 4846 2663 4903 vel
2707 4847 2774 4903 de
2818 4855 3058 4916 tempore
3104 4846 3160 4900 in
3200 4853 3433 4916 tempus,
3482 4843 3568 4898 vel
3618 4843 3686 4898 de

2102 4942 2278 4998 forma
2319 4940 2520 4997 visibili
2550 4940 2606 4995 in
2635 4938 2865 4996 formam
2895 4937 3158 4994 visibilem
3177 4977 3193 5004 ,
3222 4937 3308 4992 vel
3332 4938 3398 4992 de
3427 4935 3686 5006 qualitate

2102 5037 2162 5092 in
2196 5036 2531 5107 qualitatem,
2569 5031 2657 5088 vel
2707 5033 2774 5088 de
2808 5031 3107 5101 quantitate
3145 5029 3198 5083 in
3235 5028 3587 5096 quantitatem
3628 5025 3686 5081 in

2102 5126 2190 5182 bis
2208 5125 2389 5181 verbis
2411 5123 2704 5180 arbitretur
2725 5121 2771 5154 “
2797 5135 2957 5192 posse
2977 5116 3222 5187 intelligi,
3244 5116 3428 5171 audiat
3449 5115 3686 5183 Prophe-

2103 5230 2218 5277 tam
2271 5219 2586 5276 fabricatori
2631 5215 2818 5272 mundi
2866 5214 3180 5270 dicentem:
3218 5207 3392 5279 Opera
3433 5221 3686 5260 manuum

2103 5320 2315 5367 tuarum
2340 5319 2458 5365 sunt
2483 5308 2647 5374 caeli;
2677 5307 2775 5378 ipsi
2803 5304 3063 5377 peribunt,
3098 5310 3158 5354 tu
3190 5308 3364 5354 autem
3396 5309 3686 5369 permanes.

2103 5401 2198 5458 llle
2223 5409 2404 5457 autem
2441 5407 2628 5472 aperte
2671 5396 2828 5466 dixit,
2858 5394 3120 5469 peribunt,
3151 5399 3212 5447 ut
3242 5389 3532 5463 intelligas,
3557 5388 3687 5460 quid

1700 5509 1956 5570 VARIAE
1992 5514 2400 5574 LECTIONES.

487 5620 504 5653 ί
534 5621 624 5677 Sic
649 5620 771 5689 CF;
811 5622 854 5679 A
888 5622 1034 5680 Non.
1137 5626 1159 5656 ¹
1185 5625 1345 5679 etiam
1387 5641 1496 5682 om.
1525 5624 1594 5680 Α.

1688 5625 1711 5658 ³
1732 5625 1929 5704 Sic_A_;_
1960 5627 2288 5704 Cf_sequens
2343 5633 2459 5703 (pro
2499 5622 3186 5704 sequenteL‘scLyaaimo).
3263 5624 3284 5704 ξ
3303 5620 3356 5704 _A
3381 5621 3685 5704 dijudicart.

419 5688 439 5720 ⁸
477 5690 518 5745 C
546 5692 681 5770 (ista,
709 5688 1036 5770 Ρςλιειᾳστωθ
1069 5694 1160 5770 Sic
1195 5695 1309 5760 CF;
1339 5695 1380 5749 A
1405 5694 1561 5770 Quid
1591 5698 1746 5770 enim.
1823 5699 1844 5730 "
1873 5688 1964 5756 Sic
1992 5698 2110 5766 CF;
2133 5688 2185 5764 Ἀ.
2205 5712 2295 5756 aut
2346 5688 2409 5756 ἴτε
2436 5688 2610 5770 parte.
2685 5701 2706 5733 ⁸
2735 5688 2826 5754 Sic
2853 5697 2964 5765 CF;
2995 5688 3445 5753 A-m‘ocabiturf
3497 5694 3519 5726 ’
3549 5696 3686 5751 enim

417 5775 526 5814 om.
560 5763 664 5818 Cl".
739 5765 784 5795 ¹⁰
811 5765 901 5820 Sic
927 5765 1045 5834 Cl“;
1072 5767 1114 5820 A
1135 5766 1358 5820 locatur.
1438 5765 1478 5796 “
1509 5766 1571 5819 ab
1593 5769 1688 5823 hoc
1716 5784 1826 5824 om.
1853 5771 1918 5822 Α.

2009 5772 2052 5803 ¹⁹
2080 5772 2172 5828 Sic
2194 5772 2278 5829 CF
2305 5789 2318 5839 ;
2357 5773 2400 5827 Λ
2425 5781 2587 5842 putet.
