4212 6272
347 359 452 416 895

1198 346 1286 427 DE
1328 341 1667 419 DlVlSlONE
1708 324 2060 395 NATURAE.
2102 364 2170 376 —
2209 331 2410 387 LIBER
2448 296 2773 398 Qumrus.

3519 314 3625 375 894

348 474 471 528 ﬁnis
500 470 684 527 mundi
717 478 802 526 est
834 456 877 537 ί,
920 468 974 524 in
1005 481 1165 538 quam
1197 460 1430 529 desinet,
1472 461 1687 532 quando
1734 454 1935 519 omnia,
1964 448 2016 518 Α
2044 460 2127 509 est
2157 452 2279 509 linis
2306 449 2548 507 omnium
2578 418 2873 502 visibilium
2900 448 2955 499 et
2975 422 3348 507 invisibiliuni,
3372 434 3626 523 quoniam
3656 474 3659 477 μ

351 580 489 636 quae
535 563 589 618 in
622 570 768 618 motu
820 570 964 626 sunt,
997 558 1050 613 in
1081 573 1167 625 eo,
1216 552 1360 626 quod
1404 560 1678 624 appetunt,
1725 549 1778 603 in
1823 546 1941 619 ipso

346 654 598 713 videlicet
627 654 720 710 Dei
764 650 960 717 Verbo,
994 659 1171 706 motus
1209 647 1291 704 sui
1330 645 1492 701 linem
1528 642 1860 700 constituant
1896 638 1939 704 ',

349 751 492 806 ultra
525 765 680 823 quem
710 747 871 803 linem
901 742 1080 802 nullus
1118 743 1280 798 ullius
1306 741 1326 774 ³
1368 747 1652 797 creaturae
1673 732 1941 823 appetitus

348 845 491 901 erit?
518 812 632 899 ἀοι]
659 841 802 895 enim
834 838 999 894 habet
1028 836 1279 901 ulterius,
1307 850 1417 905 quo
1457 830 1666 895 tendat,
1699 827 1783 882 vel
1811 812 1938 905 quid

347 944 514 1009 petat.
550 928 886 988 Universalis
917 927 1118 998 quippe
1161 925 1326 982 totius
1359 930 1645 979 creaturae
1684 917 1807 972 ﬁnis
1844 914 1939 970 Dei

346 1002 584 1080 Verbum
623 1028 727 1076 est.
778 1016 1116 1088 Principium
1172 1016 1352 1084 itaque
1383 1020 1436 1068 et
1485 1004 1607 1065 linis
1653 1004 1838 1063 mundi
1884 1002 1937 1058 in

347 1117 528 1173 Verbo
554 1112 649 1170 Dei
691 1111 1016 1175 subsistunt,
1048 1117 1126 1176 et,
1155 1116 1217 1162 ut
1241 1105 1485 1178 apertius
1510 1102 1710 1166 dicam,
1763 1099 1938 1169 ipsum

349 1204 593 1263 Verbum
636 1213 781 1267 sunt,
825 1201 969 1273 quod
1006 1210 1091 1255 est
1135 1190 1413 1268 multiplex
1452 1194 1571 1250 sine
1599 1186 1708 1247 line
1734 1188 1859 1245 linis
1889 1195 1944 1243 et

352 1300 680 1375 principium
706 1293 934 1374 ἄναρχον
961 1292 1002 1359 ⁸,
1034 1293 1136 1346 hoc
1160 1297 1262 1355 est,
1293 1287 1411 1344 sine
1442 1282 1707 1357 principio
1728 1287 1943 1351 praeter

350 1393 595 1449 Patrem.
638 1387 779 1442 Hinc
826 1384 991 1440 etiam
1038 1380 1274 1437 breviter
1320 1376 1575 1448 colligere
1623 1385 1940 1445 possumus,

353 1478 511 1557 quod
539 1464 720 1534 multis
747 1471 1251 1530 ratiocinationibus
1299 1465 1530 1522 suadere
1565 1477 1847 1526 conamur,
1879 1473 1945 1514 ac

352 1552 434 1632 sic
464 1568 733 1630 delinire:
762 1554 845 1623 Ab
880 1568 996 1636 ipso
1021 1572 1075 1620 et
1103 1561 1169 1616 ad
1213 1561 1388 1633 ipsum
1427 1556 1639 1637 omnia;
1688 1563 1771 1611 est
1797 1552 1942 1608 enim

352 1662 679 1736 principium
703 1665 757 1714 et
775 1655 916 1711 linis.
932 1652 1085 1723 Quod
1100 1652 1267 1707 etiam
1292 1646 1583 1720 Apostolus
1602 1642 1945 1718 apertissime

354 1751 622 1811 conclusit
643 1748 831 1805 dicens
860 1765 872 1800 :
906 1742 1171 1812 Quoniam
1211 1758 1275 1796 ea:
1316 1742 1453 1808 ipso,
1479 1749 1528 1793 et
1551 1755 1644 1809 per
1670 1736 1863 1807 ipsum,
1893 1742 1943 1787 et

2043 545 2226 603 omnia
2279 539 2509 599 visibilia
2558 541 2613 595 in
2662 533 3042 605 intelligibilia,
3085 543 3141 589 et
3186 520 3540 603 intelligibllla
3571 531 3626 586 in

2042 636 2216 705 ipsum
2248 633 2417 688 Deum
2446 628 2757 686 transibunt:
2794 622 3029 680 mirabili
3060 620 3114 677 et
3148 621 3405 678 inetfabill
3430 621 3630 676 adulta.

2043 724 2212 789 tione,
2257 736 2363 778 non
2409 730 2612 785 autem,
2662 726 2725 773 ut
2753 730 2915 787 saepe
2967 712 3222 779 diximus,
3268 711 3629 767 essential-um

2043 824 2137 870 aut
2167 815 2190 847 ⁸
2218 812 2640 868 substantiarum
2691 806 3010 864 confusione
3037 804 3137 858 aut
3160 802 3406 857 interitu.
3432 800 3501 854 Et
3526 800 3633 854 hoc

2043 915 2214 985 totum
2240 904 2520 966 .Dominus
2569 910 2623 957 et
2660 897 2924 955 Salvator
2955 900 3141 952 uoster
3183 892 3342 949 Jesus
3387 886 3636 947 Christus

2043 981 2378 1069 resurgendo
2408 1010 2438 1049 a
2470 991 2700 1049 mortuis
2728 990 2782 1045 in
2811 990 2996 1059 seipso
3018 995 3071 1041 et
3096 982 3349 1057 perfecit,
3375 978 3635 1037 eletan-

2041 1092 2188 1164 plum
2234 1086 2497 1152 omnium,
2550 1096 2689 1154 quae
2728 1070 2907 1137 futura
2947 1076 3107 1144 sunt,
3157 1072 3631 1146 praemonstravit.

2043 1163 2352 1254 Resurgens
2393 1178 2590 1248 quippe
2635 1173 2837 1229 nullum
2881 1186 3069 1228 sexum
3119 1167 3326 1223 habuit.
3375 1163 3637 1233 Quamvis

2043 1277 2188 1333 enim
2222 1274 2273 1328 in
2306 1272 2422 1341 ipso
2452 1282 2608 1334 sexu,
2639 1264 2863 1321 maseuli
2892 1260 3165 1326 videlicet,
3199 1259 3251 1313 in
3279 1272 3387 1327 quo
3423 1268 3491 1313 ex
3520 1256 3634 1310 Vir~

2046 1352 2172 1438 gine
2207 1371 2387 1427 natus,
2418 1358 2474 1416 et
2512 1360 2655 1414 inter
2695 1356 2942 1414 homines
2975 1368 3146 1424 usque
3175 1358 3197 1392 ο
3239 1350 3307 1405 ad
3333 1349 3654 1419 passionem

2044 1463 2419 1520 conversatus,
2465 1458 2587 1523 post
2624 1447 3078 1506 resurrectionem
3117 1440 3398 1514 discipulis
3432 1442 3546 1498 suis
3571 1439 3640 1495 ad

2043 1547 2467 1605 conﬁrmandam
2518 1536 2730 1597 illorum
2778 1536 2939 1597 iidem
2989 1538 3269 1610 apparuit;
3334 1550 3441 1591 non
3490 1533 3634 1590 enim

2044 1639 2200 1696 aliter
2221 1639 2394 1710 ipsum
2418 1622 2829 1707 cognoscerent,
2859 1630 2960 1687 nisi
2986 1630 3039 1686 in
3081 1627 3264 1685 habitu
3290 1627 3397 1684 illis
3423 1628 3641 1698 cognito

2045 1746 2107 1788 se
2132 1732 2308 1802 ipsum
2342 1722 2718 1783 maniiestaret
2746 1741 2760 1778 :
2793 1721 2923 1778 nulli
2967 1719 3211 1776 tamen"
3237 1717 3473 1797 ﬁdelium
3512 1715 3640 1770 licet

353 1847 409 1900 in
437 1844 570 1915 ipso,
598 1851 647 1897 et
669 1840 738 1895 ad
766 1832 937 1911 ipsum
971 1835 1168 1890 omnia.
1198 1827 1266 1887 Et
1293 1832 1397 1887 hoc
1431 1831 1592 1886 etiam
1621 1836 1939 1882 naturarum
1967 1817 2017 1878 B
2043 1824 2287 1891 credere,
2320 1814 2407 1877 vel
2433 1812 2479 1852 η
2512 1818 2620 1875 ullo
2648 1816 2807 1872 modo
2836 1815 3096 1886 cogitate,
3126 1813 3296 1884 ipsum
3319 1817 3442 1881 post
3458 1820 3640 1863 resur-

353 1900 620 1999 omnium,
652 1900 796 2002 quae
838 1927 1014 1982 factae
1068 1930 1212 1990 sunt,
1251 1919 1688 1993 quinquepertita
1714 1915 1908 2002 divisio
1925 1956 1942 1983 ,
2046 1911 2343 1972 rectionem
2367 1906 2474 1967 ullo
2490 1912 2622 1966 sexu
2646 1907 2893 1963 detineri.
2920 1904 2986 1960 tn
3009 1900 3218 1961 Christo
3238 1904 3377 1958 enim
3396 1901 3525 1956 1m
3550 1910 3640 1954 me

354 2043 491 2099 quae
520 2023 585 2079 ab
605 1994 896 2095 apostolica
925 2014 1253 2097 auuoritnte,
1284 2023 1344 2068 ut
1379 2006 1647 2087 Maximus
1670 2010 1724 2064 in
1755 1996 1943 2062 Ambi-
2044 2024 2144 2079 que
2173 1998 2446 2060 masculus
2481 1998 2557 2056 est
2598 1999 2767 2072 neque
2790 1997 3008 2069 femina,
3041 1996 3137 2052 sed
3165 1994 3341 2051 solum
3367 1996 3563 2099 vernn:
3584 1996 3640 2046 ει

354 2068 475 2192 guis
500 2068 774 2172 tricesimo
801 2110 1030 2181 septimo
1068 2106 1303 2192 capitulo
1341 2083 1545 2170 scribit,
1599 2092 1797 2157 tradita
1845 2107 1944 2165 est,
2048 2068 2219 2155 ictum
2246 2084 2540 2162 hominem,
2582 2068 3033 2164 corpusdico,et
3059 2087 3318 2154 animant,
3352 2090 3409 2142 ct
3436 2068 3661 2140 intelle—'

353 2174 686 2262 lucidissime
727 2174 983 2263 declarat,
1034 2174 1346 2267 reditusque
1383 2194 1577 2250 iterum
1606 2198 1661 2247 et
1688 2188 1946 2246 adunatio
2048 2205 2216 2261 cium;
2260 2191 2467 2263 absque
2506 2176 2616 2245 ullo
2663 2202 2797 2244 sexu
2831 2184 2919 2241 vel
2950 2184 3131 2255 aliqua
3172 2174 3642 2252 comprehensiblli

357 2293 652 2377 earundem
696 2307 793 2362 per
834 2288 1052 2344 easdeln
1101 2282 1393 2341 divisiones
1436 2290 1491 2338 et
1540 2279 1949 2338 convolutiones
2050 2286 2242 2364 fgrma,
2269 2285 2524 2356 quoniam
2551 2282 2690 2337 haec
2716 2268 2820 2336 ma
2845 2280 2900 2335 in
2925 2278 3043 2348 ipso
3072 2286 3237 2331 unum
3264 2267 3643 2338 sumamus

362 2374 528 2439 ῑοιῖυέ
574 2386 863 2437 creaturae
908 2376 964 2431 in
1013 2391 1202 2440 unum:
1250 2387 1306 2429 ει
1352 2379 1626 2445 Ροεῑνεῐηο
1670 2370 1723 2424 in
1772 2369 1948 2439 ipsum
2052 2352 2237 2447 facta,
2269 2352 2385 2434 sine
2423 2372 2814 2448 pr0prietatum
2874 2352 3325 2425 transmutatidne
3372 2361 3456 2419 vel
3508 2368 3642 2416 con-

363 2472 554 2529 Deum.
590 2460 770 2525 Prima
807 2467 1071 2538 siquidem
1118 2465 1360 2521 omnium
1407 2471 1724 2518 naturarum
1761 2458 1951 2514 divisio

2054 2468 2483 2528 fusione.'Totus
2511 2480 2742 2537 namque
2770 2464 2913 2519 Deus
2941 2470 3044 2528 est,
3074 2469 3129 2517 et
3165 2466 3309 2514 tutus
3333 2457 3516 2523 homo,
3534 2456 3641 2510 una

365 2572 475 2630 est,
507 2576 645 2632 quae
670 2568 908 2616 dreatam
938 2574 970 2612 a
1015 2572 1123 2612 non
1151 2563 1357 2620 creata,
1399 2569 1539 2625 quae
1562 2560 1647 2607 est
1672 2552 1835 2616 Deus,
1869 2564 1951 2613 se-

2056 2554 2377 2626 substantia,
2402 2544 2508 2623 vel,
2538 2563 2597 2612 ut
2624 2554 2876 2611 usitatius
2904 2552 3104 2617 dicam,
3133 2562 3239 2605 una
3277 2549 3532 2629 persona,
3567 2542 3645 2599 l0-

367 2664 569 2729 gregat.
625 2645 873 2709 Secunda
919 2658 1161 2707 creatam
1203 2647 1394 2705 dividit
1416 2622 1495 2702 —in
1544 2643 1852 2701 sensibilem
1903 2650 1951 2699 et

2057 2654 2160 2712 cali
2186 2662 2242 2710 et
2265 2622 2547 2723 temporali
2580 2654 2729 2703 motu
2762 2656 2981 2711 carens,
3009 2632 3138 2699 dum
3163 2638 3233 2697 sit
3267 2622 3429 2709 super
3462 2637 3643 2692 omnia

367 2720 776 2814 intelligibilem.
813 2738 989 2795 Tertia
1036 2730 1347 2795 sensibilem
1384 2737 1438 2792 in
1467 2732 1489 2769 '
1516 2736 1723 2791 caelum
1753 2734 1956 2789 discer-
2057 2752 2175 2807 loca
2199 2758 2256 2805 ει
2294 2720 2536 2816 ten—mora
2570 2740 2713 2797 Deus
2747 2746 2802 2795 ει
2843 2735 3031 2802 homo,
3062 2728 3267 2802 absque
3291 2728 3399 2786 ulla
3445 2720 3642 2792 forma,

369 2836 450 2892 nit
475 2812 780 2891 etterram.
815 2832 1022 2899 Quarta
1068 2840 1285 2901 separat
1327 2828 1635 2900 paradisum
1679 2834 1735 2882 et
1768 2825 1951 2882 orbem

2058 2856 2180 2898 cum
2210 2839 2281 2894 sit
2316 2812 2490 2892 forma
2523 2833 2765 2890 omnium
2795 2837 2850 2885 et
2873 2824 3132 2899 paternae
3157 2816 3490 2879 substantiae
3517 2812 3663 2874 cna-"

373 2934 662 3029 terrarum.
696 2923 897 2989 Quinta
925 2921 1276 2991 omniumque
1309 2920 1496 2976 ultima
1528 2917 1721 2974 divisio
1745 2924 1827 2973 est
1852 2912 1951 2971 ho-

432 3017 445 3029 .
490 3014 504 3029 ο
612 3026 625 3029 _
680 3020 703 3029 ι.
868 3008 882 3029 I
962 3028 969 3029 ,
1044 3021 1074 3029 ,.
1114 3010 1359 3029 raA.,-,,-,-A
1434 3008 1483 3029 ι.-
1538 3018 1632 3029 -.ΑΛ
1705 3004 1951 3029 ..ΞΔηὶιηΑδ

2059 2940 2258 2996 racter,
2283 2928 2487 2999 absque
2509 2924 2614 2980 ulla
2645 2919 3028 2985 similitudine,
3068 2914 3194 2971 dum
3237 2912 3417 3029 omnia
3451 2910 3645 2968 similia

2086 3024 2111 3029 Α
2415 3027 2421 3029 -
2510 3017 2584 3029 λι·
2629 3013 2675 3029 π
2716 3026 2723 3029 -
2782 3028 2791 3029 κ
2845 3012 2947 3029 ηε-
2980 3000 3297 3029 ΑἎω-ηέ-ὶνΙ-δ-ι-ΙἾ
3341 2998 3461 3029 ξμιι
3481 3002 3645 3029 ...ηιηιι

371 3014 537 3073 minis
582 3006 640 3070 in
678 3008 977 3070 masculum
1025 3021 1081 3068 θί
1110 3010 1385 3067 Γθωίηθίη·
1431 3008 1489 3065 In
1531 3018 1661 3078 quo,
1705 3004 1957 3062 Videlicet
2059 3024 2111 3081 si
2271 2992 2604 3091 appetunt“.
2629 3012 2948 3070 Humanitas
2976 2992 3461 3078 siquidemChilsli
3481 3002 3647 3058 unum

372 3109 612 3174 homine,
638 3106 817 3163 omnis
842 3106 1091 3161 creatura
1116 3100 1338 3158 visibilis
1364 3110 1420 3156 et
1443 3096 1723 3155 invisibilis
1739 3097 1955 3155 condita
2062 3131 2186 3173 cum
2210 3090 2417 3168 penam
2445 3108 2584 3164 facta
2628 3106 2774 3161 ηυηο
2796 3102 2915 3160 ioco
2954 3101 3285 3165 ροηιίηεωιυ,
3328 3090 3478 3153 mmo
3511 3105 3647 3151 tem-

372 3207 477 3257 εδι-
507 3199 737 3269 ιάθοιιιιθ
763 3197 965 3268 σητάνια
1007 3195 1239 3249 omnium
1269 3193 1481 3258 diem",
1527 3190 1784 3281 Ψίδυίδηι
1810 3189 1863 3281 Ῐη
1891 3202 1959 3243 ea
1986 3177 2031 3241 ε
2061 3222 2195 3280 pore
2222 3209 2488 3267 movetur,
2524 3199 2669 3254 nulla
2719 3197 2895 3252 l'orma
2932 3208 3026 3250 seu
3075 3204 3207 3249 sexu
3243 3184 3648 3247 cii-cumscribi-

373 3298 578 3364 omnia,
630 3310 768 3366 quae
814 3300 935 3365 post
985 3284 1154 3347 Deum
1200 3292 1359 3377 sunt,
1394 3278 1765 3346 continentur.
1819 3272 1951 3341 Hinc

2062 3272 2173 3362 tur,
2201 3294 2326 3367 quia
2354 3307 2517 3363 super
2540 3284 2677 3346 haec
2703 3289 2885 3345 omnia
2926 3284 3163 3341 exaltata
3202 3291 3306 3348 est,
3343 3284 3397 3336 et
3427 3292 3534 3336 non
3566 3296 3651 3336 so-

370 3392 535 3450 θιίῖιιη
574 3390 822 3445 medietas
870 3386 1005 3443 δοίθί
1052 3383 1309 3457 θρβθηθτῖ
1332 3425 1346 3449 ν
1397 3384 1641 3440 “imula
1691 3374 1963 3463 siquidem,
2062 3387 2172 3443 lum
2203 3362 2365 3457 super
2386 3362 2537 3448 haec,
2564 3394 2750 3437 verum
2779 3379 2945 3461 etiam
2967 3388 3127 3447 super
3146 3377 3323 3431 omnes
3346 3362 3582 3437 virtutes,
3604 3379 3659 3425 et

370 3483 635 3557 longeque
660 3498 691 3537 a
722 3497 781 3537 se
818 3479 1100 3545 distantia,
1129 3477 1431 3548 spiritualia
1457 3472 1661 3532 scilicet
1692 3484 1746 3529 et
1771 3460 1964 3543 θοι-ρος
2063 3454 2362 3551 potestates,
2391 3482 2711 3541 ceterosque
2745 3454 3055 3540 spirituales
3077 3466 3320 3528 ordines,
3361 3463 3486 3533 quia
3513 3460 3659 3516 sedet

374 3553 635 3640 raliaiin
681 3587 741 3627 se
767 3567 1179 3640 comprehendit
1225 3574 1281 3622 et
1323 3566 1379 3621 in
1424 3562 1688 3620 unitatem
1732 3560 1951 3633 colligit,

2066 3566 2137 3625 ad
2165 3565 2402 3623 dextram
2437 3562 2643 3627 Patris,
2673 3574 2837 3631 quam
2865 3558 3163 3614 sessionem
3216 3553 3360 3611 nulla
3406 3556 3656 3607 creatura

374 3680 600 3749 θοτβίξτθ
628 3670 682 3718 εί
710 3663 889 3717 anima
919 3659 1229 3749 εοηείειθηε
1267 3648 1309 3711 ⁸·
1358 3658 1590 3727 Ideoque
1625 3644 1681 3711 ἶιι
1706 3670 1964 3711 οοηευιη·
2066 3666 2250 3730 potest
2278 3658 2564 3728 attingere.
2602 3651 2839 3707 Proinde
2864 3665 2973 3706 non
3001 3647 3274 3703 immerito
3298 3642 3654 3715 redarguendi

376 3755 616 3811 natione
655 3764 837 3808 rerum
880 3751 1121 3807 omnium
1167 3747 1542 3804 fabricationis
1580 3748 1755 3816 ipsum
1786 3744 1967 3799 divina
2070 3744 2217 3824 sum,
2250 3748 2345 3818 qui
2368 3760 2565 3815 corpus
2591 3743 2929 3798 Dominicum
2956 3747 3080 3812 post
3123 3736 3574 3795 τεεηηθριίοηεω
3603 3735 3657 3789 in

380 3846 681 3905 introduxit
705 3845 953 3911 historia,
991 3841 1320 3915 signiﬁcans,
1354 3839 1761 3896 universitatem
1804 3837 1968 3891 facta—
2072 3822 2250 3911 aliqua
2281 3847 2436 3909 parte
2464 3835 2648 3891 mundi
2686 3841 2951 3890 conantur
2986 3831 3316 3887 constituere
3338 3822 3404 3893 τ’,
3435 3836 3488 3883 et
3516 3824 3661 3883 loca-

382 3957 507 3997 rum
540 3955 719 3996 rerum
746 3938 800 3993 in
830 3938 945 4008 ipso
975 3935 1259 3990 contineri.
1286 3932 1519 3988 Proinde
1546 3946 1613 3987 ex
1644 3929 1970 3985 adunatione
2072 3922 2199 3987 liter
2222 3940 2276 3986 et
2309 3928 2673 4000 temperanter
2703 3924 2927 3990 moveri,
2963 3926 3021 3979 et-
3046 3924 3102 3977 in
3149 3932 3213 3977 eo
3263 3937 3419 3985 sexu,
3453 3921 3505 3974 in
3554 3935 3661 3988 quo

382 4033 668 4093 divisionis
696 4022 931 4088 hominis
957 4028 1011 4085 in
1054 4028 1320 4097 duplicem
1349 4041 1538 4081 sexum
1568 4021 1970 4092 praedictarum
2075 4022 2327 4092 apparuit
2358 4017 2578 4081 mundo,
2606 4016 2745 4070 intra
2786 4012 3044 4069 mundum
3072 4008 3324 4065 detineri.
3381 4002 3662 4076 Quomodo

382 4127 705 4183 divisionum
729 4120 917 4192 incipit
943 4135 1198 4203 ascensus
1221 4128 1275 4173 et
1313 4115 1588 4193 adunatio.
1642 4112 1701 4166 In
1731 4124 1974 4166 resurre-
2076 4113 2220 4170 eniiu
2253 4112 2396 4165 inter
2415 4108 2596 4165 omnia
2621 4112 2803 4177 potest
2826 4119 2949 4159 esse
2973 4116 3190 4171 corpus,
3215 4096 3362 4168 quod
3379 4101 3431 4153 in
3456 4098 3662 4152 unitate

383 4217 561 4273 ctione
581 4216 723 4271 enim
747 4228 908 4270 sexus
928 4196 1224 4275 auferetur,
1262 4215 1317 4262 et
1338 4192 1530 4260 natura
1553 4200 1899 4265 adunabitur,
1922 4214 1951 4253 e

2079 4204 2376 4264 divinitatis
2405 4218 2567 4274 super
2601 4199 2780 4255 omnia
2805 4194 3101 4253 exaltatum
3141 4193 3259 4249 est?
3287 4182 3491 4247 Deinde
3532 4207 3661 4246 con-

386 4307 490 4363 θτίι
517 4303 855 4362 δοῖιιιῐιιηοάο
879 4303 1065 4367 homo.
1099 4301 1240 4356 Sicut
1282 4296 1457 4362 ﬁeret,
1492 4296 1537 4351 Si
1565 4306 1670 4350 "0n
1701 4300 1973 4365 Peccaret-
2080 4295 2448 4362 siderandum,
2476 4290 2618 4364 quod
2648 4292 2762 4362 ipse
2791 4298 3142 4358 resurgens‘a
3169 4282 3397 4338 mortuis
3430 4283 3481 4336 in
3508 4297 3662 4351 para-

385 4399 589 4455 Deinde
613 4395 763 4452 orbis
792 4404 1059 4450 terrarum
1090 4391 1380 4463 paradiso'
1424 4387 1771 4454 adunabitur,
1795 4393 1849 4441 et
1868 4386 1979 4441 non
2081 4392 2259 4449 disum
2293 4403 2543 4445 reversus
2584 4393 2684 4440 εει,
2734 4370 2852 4438 Non
2881 4380 3025 4436 enim
3061 4375 3385 4434 credendum
3417 4380 3522 4439 εει,
3571 4370 3665 4425 ειη-

385 4488 491 4545 erit
514 4486 616 4543 nisi
642 4485 941 4558 paradisus.
973 4454 1176 4541 Deinde
1198 4481 1407 4539 caelum
1427 4487 1483 4536 et
1503 4487 1641 4534 terra
1664 4475 1951 4533 adunabun

2054 4556 2057 4560 _
2082 4487 2227 4560 quod
2258 4483 2414 4555 spatii
2445 4478 2701 4551 temporis
2724 4477 2866 4532 inter
2892 4472 3123 4528 reditum
3164 4469 3331 4539 ipsius
3358 4482 3387 4521 a
3412 4464 3662 4530 mortuis,
3704 4454 3713 4465 ’

390 4589 497 4648 tur,
543 4587 598 4636 et
630 4539 737 4635 lion
773 4578 879 4633 erit
916 4576 1023 4632 nisi
1068 4576 1243 4632 solum
1273 4573 1502 4629 caelum.
1554 4572 1622 4628 Et
1650 4573 1944 4628 notandum

2054 4556 2058 4586 ’
2084 4539 2139 4635 ἐι
2159 4572 2395 4649 paradisi
2419 4569 2696 4626 introitum
2725 4566 2911 4630 fuisse,
2944 4578 3043 4618 nec
3066 4563 3235 4632 ipsum
3259 4558 3587 4629 paradisum,
3612 4555 3663 4609 in

388 4673 534 4745 quod
566 4687 782 4743 semper
819 4669 1075 4726 inleriora
1121 4669 1177 4724 in
1207 4667 1487 4738 superiora
1518 4672 1972 4722 transmutantur.
2082 4644 2243 4742 quem
2269 4684 2298 4723 a
2329 4661 2556 4720 mortuis
2581 4673 2869 4732 resurgens
2893 4655 3135 4719 intravit,
3164 4648 3388 4707 localem
3417 4663 3557 4713 esse,
3584 4644 3668 4703 vel

393 4765 567 4822 Sexus
586 4766 785 4836 quippe
805 4765 858 4819 in
884 4763 1159 4819 hominem
1186 4768 1453 4828 movetur,
1480 4759 1734 4832 quoniam
1755 4758 1980 4813 inferior
2084 4732 2139 4818 iii
2167 4748 2344 4831 aliqua
2377 4764 2528 4829 parte
2559 4751 2718 4822 hujus
2749 4748 2932 4805 mundi
2962 4745 3232 4803 sensibilis
3254 4740 3539 4799 contineri.
3566 4732 3672 4794 Ne-

393 4866 477 4913 est
502 4846 663 4914 sexus
693 4849 942 4914 homine.
965 4852 1127 4911 Orbis
1172 4862 1458 4919 terrarum,
1500 4851 1592 4921 qui
1629 4851 1855 4906 inferior
1874 4858 1978 4916 est,

397 4949 454 5004 in
509 4951 836 5019 paradisum.
893 4942 1168 5014 Terrena,
1227 4946 1353 5016 quia
1406 4942 1663 5000 inferiora
1710 4953 1865 5011 sunt,
1924 4944 1982 4999 in

399 5038 655 5095 caelestia
691 5041 1041 5096 mutabuntur
1068 5052 1320 5109 corpora.
1355 5036 1560 5091 Deinde
1605 5034 1769 5090 totius
1812 5033 1983 5090 sensi-

398 5131 526 5189 bilis
546 5139 825 5187 creaturae
843 5132 1100 5188 adunatio
1129 5140 1185 5188 et
1212 5132 1269 5186 in
1301 5127 1686 5200 intelligibilem
1714 5140 1984 5183 transmu-

380 5222 539 5281 .tatio
570 5221 833 5293 sequitur,
865 5222 941 5277 ita
963 5231 1023 5276 ut
1059 5224 1315 5279 universa
1347 5228 1594 5276 creatura
1634 5218 1984 5290 intelligibilis

2084 4867 2210 4925 que,
2237 4826 2453 4921 quando
2482 4840 2868 4901 manifestabat
2894 4854 2952 4894 se
2979 4826 3256 4925 discipulis
3284 4834 3416 4901 suis,
3447 4831 3670 4917 creden-

2086 4950 2212 5004 dum
2245 4954 2349 5011 est,
2398 4950 2549 4999 extra
2598 4937 2910 5010 paradisum
2958 4919 3145 4995 fuisse,
3190 4928 3284 4984 sed
3327 4912 3487 4983 simul
3531 4926 3584 4978 et
3613 4924 3667 4977 in

2088 5037 2338 5111 paradiso
2363 5042 2503 5099 erat,
2528 5041 2584 5086 et
2611 5044 2670 5084 se
2695 5029 2869 5098 ipsum
2897 5024 3011 5080 suis
3036 5016 3311 5089 discipulis
3333 5016 3672 5111 demonstra—

2090 5092 2201 5185 bat.
2230 5126 2321 5181 Ille
2349 5092 2500 5179 enim,
2515 5119 2628 5189 jam
2657 5092 2987 5188 in-paradiso
3006 5117 3144 5189 erat,
3168 5106 3299 5176 quia
3333 5105 3389 5158 in
3413 5092 3529 5174 ipso
3570 5092 3674 5157 lm-

2080 5203 2249 5276 vmana
2302 5225 2494 5272 natura
2548 5204 2854 5267 restaurata
2899 5213 3024 5260 est:
3061 5185 3134 5255 illi
3167 5211 3321 5259 vero,
3375 5192 3575 5276 quibus
3613 5209 3674 5249 se

403 5273 530 5278 ηπ-
571 5273 833 5293 Ἠγέρθη
868 5273 1018 5277 __
1067 5273 1315 5279 ---η-υ-
1509 5273 1516 5274 ,
1636 5273 1639 5274 ν
1704 5273 1707 5274 ν
1806 5273 1836 5290 υ
1966 5273 1976 5275 -

399 5311 691 5371 eﬁiciatur.
729 5309 1013 5369 Postremo
1058 5311 1384 5369 universalis
1440 5319 1691 5366 creatura
1741 5309 1987 5366 Creatori
2088 5298 2479 5372 'manifestavit,
2507 5304 2744 5360 nondum
2784 5300 2839 5355 in
2869 5293 3141 5368 paradiso,
3171 5291 3274 5346 hoc
3317 5297 3400 5342 est
3436 5273 3672 5342 nbndum

402 5410 752 5481 adunabitur,
781 5420 838 5468 et
860 5406 968 5468 et‘it
1000 5402 1059 5468 in
1082 5410 1199 5483 ipso
1225 5420 1280 5468 et
1304 5426 1428 5467 eum
1452 5409 1569 5479 ipso
1593 5424 1781 5464 unum.
1811 5404 1880 5462 Et
1900 5406 1988 5461 hic
2073 5393 2397 5469 ,restaurata
2424 5398 2480 5453 in
2508 5402 2701 5451 natura
2728 5397 2887 5447 erant
2912 5384 2977 5441 “.
3007 5381 3193 5453 Neque
3231 5377 3447 5451 quando
3474 5376 3673 5433 evane-

1674 5531 1932 5602 vAtuAE
1973 5520 2378 5601 munem.

483 5664 505 5700 ’
530 5664 575 5719 Α
609 5661 732 5719 linis
752 5674 827 5719 est
851 5659 1057 5719 mundi.
1123 5663 1149 5694 ⁸
1172 5658 1265 5721 Sic
1293 5657 1399 5725 CF;
1428 5656 1473 5714 Α
1499 5656 1828 5713 constituent.
1900 5653 1930 5726 ξ
1946 5652 1951 5709 l

2063 5638 2237 5726 CFLA
2268 5641 2684 5726 "nume"!!!
2745 5635 2780 5726 Γ
2796 5632 3118 5726 ait???"

1848 5727 1871 5758 ⁸
1899 5692 2689 5785 sﬁ‘kﬁ‘fﬁ'd‘fTsﬁ
2733 5707 2780 5764 Α
2804 5692 3093 5811 quous'q'ie:
3173 5701 3219 5784 ξο
3267 5698 3441 5782 tamen
3469 5709 3576 5750 om.

1848 5796 1911 5850 ia.
2012 5795 2056 5827 ¹⁹
2090 5794 2181 5850 Sic
2208 5789 2322 5850 CF;
2358 5785 2402 5842 Α
2424 5792 2675 5840 astruere.
2789 5782 2806 5812 ι
2872 5770 2971 5832 Hie
3006 5790 3142 5831 emm
3166 5788 3279 5845 1am
3320 5786 3375 5825 τη
3432 5765 3675 5841 purath

2148 5808 2181 5849 Β
2208 5798 2322 5855 Cl";
2358 5798 2402 5842 Δ
2424 5798 2675 5840 astruere.

403 5733 520 5797 CF;
551 5735 596 5788 Α
619 5733 937 5790 subsistens.
1007 5734 1138 5789 'S'rc
1167 5729 1284 5798 CF;
1317 5729 1362 5784 A
1391 5730 1446 5784 in
1474 5728 1742 5798 paradiso.

408 5807 447 5838 ”
486 5806 528 5859 A
559 5815 665 5859 aut.
749 5807 793 5840 ¹²
821 5802 913 5860 Sic
940 5802 1065 5867 CF;
1101 5804 1144 5859 Α
1182 5803 1230 5858 ei
1258 5796 1369 5859 esse
1416 5796 1661 5871 appetant
1696 5796 1911 5853 similia.

406 5889 517 5933 erat
538 5908 607 5918 —
639 5886 789 5934 erant
826 5890 933 5933 om.
964 5874 1068 5931 CF.

3193 5612 3461 5683 “AW.
3536 5608 3679 5675 ‘Sic

2872 5764 3142 5832 Me'euim
3166 5773 3279 5845 jam
3320 5771 3375 5825 in
3432 5764 3678 5841 paradiso
