4212 6272
612 290 727 354 896

1998 248 2279 334 tomus
2315 272 2514 331 sco'n

3787 278 3891 334 896

611 406 804 467 scebat
827 405 898 462 ab
942 400 1117 461 oculis
1160 412 1368 465 eorum,
1420 396 1667 454 localiter
1691 394 1761 450 ab
1786 391 1867 448 eis
1893 390 2204 451 recedebat,
2232 387 2287 449 Α
2312 395 2503 441 terram
2524 395 2574 441 et
2600 386 2825 454 caelum,
2859 386 3132 443 ostendens
3158 401 3319 441 unam
3354 385 3495 457 apud
3525 393 3687 440 semet
3728 385 3891 454 ipsam

616 502 715 563 sed
766 500 823 556 in
875 496 1236 555 subtilitatem
1264 491 1564 564 spiritualis
1612 487 1859 559 corporis
1895 483 2204 540 carnalibus

616 595 795 651 adhuc
839 588 1207 660 apostolorum
1253 580 1427 643 oculis
1471 582 1882 653 inconspicuam
1938 593 1998 634 se
2044 577 2061 609 ¹
2112 592 2205 632 oc-

617 682 877 739 cultabat.
909 666 1236 735 Hinc'datur
1265 674 1512 745 intelligi,
1543 689 1649 728 non
1676 671 1820 727 aliud
1850 685 1971 725 esse
1991 665 2205 739 paradi-

617 787 758 839 sum,
810 769 866 825 in
892 782 1053 839 quem
1105 780 1395 834 resurgens
1450 760 1775 834 ingressus’
1825 768 1944 823 est,
1988 764 2205 827 praeter

617 865 793 934 ipsam
834 861 1107 916 humanae
1145 865 1374 914 naturae
1416 854 1802 926 integritatem,
1832 866 1996 923 quam
2024 851 2080 905 in
2120 863 2206 904 sec

616 954 734 1025 ipso
760 959 1180 1015 restauraverat,
1220 957 1277 1005 et
1303 949 1357 1003 in
1393 963 1499 1018 qua
1530 947 1739 1017 primus
1786 945 1971 1011 homo,
2002 945 2049 999 si
2096 958 2206 999 non

615 1050 887 1115 peccaret,
913 1042 1180 1115 gloriosus
1206 1047 1570 1111 permaneret.
1623 1037 1743 1108 lpsc
1777 1044 1863 1092 est
1897 1035 2202 1107 paradisus,

616 1139 707 1209 qui
767 1138 971 1194 sanctis
1018 1135 1371 1208 promittitur,
1407 1133 1462 1188 in
1491 1146 1654 1202 quem
1685 1145 1752 1185 ex
1800 1136 1977 1201 parte,
2025 1127 2207 1182 anima

616 1228 890 1295 videlicet,
914 1228 1027 1299 jam
1059 1226 1290 1298 ingressi
1320 1233 1463 1287 sunt,
1488 1239 1553 1279 ex
1580 1230 1756 1294 parte,
1774 1236 2001 1292 corpore
2023 1218 2144 1275 dico
2161 1218 2201 1283 ³,

621 1328 776 1377 extra
801 1319 977 1375 adhuc
1006 1326 1150 1374 sunt.
1196 1316 1467 1372 Adunavit
1495 1316 1679 1385 itaque
1707 1314 1761 1369 in
1793 1327 1853 1370 se
1881 1311 2070 1369 orbem
2099 1323 2207 1381 ter-

619 1427 802 1467 rarum
831 1409 1104 1482 paradiso.
1134 1407 1242 1479 Ipsi
1268 1406 1533 1477 siquidem
1564 1406 1713 1462 orbis
1752 1413 2019 1460 terrarum
2047 1418 2206 1473 para-

617 1502 768 1558 disus
800 1510 937 1557 erat.
968 1500 1163 1555 Totum
1194 1512 1450 1568 namque,
1489 1499 1631 1568 quod
1660 1499 1726 1555 de
1762 1498 1895 1553 orbe
1933 1504 2204 1551 terrarum

618 1601 928 1665 acceperat,
979 1589 1317 1647 matcrialem
1364 1589 1620 1645 videlicet
1667 1602 1888 1645 carnem
1929 1602 2051 1644 cum
2093 1586 2206 1642 suis

617 1686 989 1743 accidentibus
1012 1686 1215 1755 absque
1237 1689 1483 1755 peccato,
1515 1691 1571 1738 et
1599 1682 1810 1737 virilem
1855 1679 2120 1745 habitum,
2149 1680 2204 1733 in

2307 479 2588 534 visibilium
2601 490 2868 535 naturam.
2888 481 3151 535 Adunavit
3173 479 3442 536 sensibilia
3455 489 3504 535 et
3520 479 3891 551 intelligibilia,

2306 587 2567 642 unamque
2593 573 2818 626 ostendit
2850 573 3156 627 existentem
3179 589 3383 638 eorum,
3407 590 3542 645 quae
3564 574 3716 643 facta
3753 585 3894 641 sunt,

2308 672 2574 730 naturam,
2599 663 2831 735 quadam
2857 664 3080 735 mystica
3103 665 3308 720 ratione
3328 674 3646 735 coaptatam.
3678 665 3897 722 Aduna-

2306 755 2373 809 vit
2402 772 2496 826 per
2526 758 2782 811 rationem
2823 757 3281 828 supernaturalem
3305 775 3368 813 ac
3414 761 3629 815 modum
3667 772 3897 817 creatam

2308 857 2555 903 naturam
2578 864 2683 903 non
2704 858 2931 904 creatae.
2957 847 3107 905 DISC.
3129 849 3269 916 Quid
3291 850 3453 920 igitur
3476 850 3757 908 dicemus?
3785 852 3898 920 Qua

2307 939 2516 994 ratione
2556 940 2640 995 vel
2682 940 3034 996 similitudine
3080 942 3407 998 credendum
3446 955 3563 1010 est,
3611 943 3897 1003 Dominum

2308 1028 2515 1098 absque
2537 1028 2648 1083 ulla
2668 1029 2909 1085 sensibili
2932 1038 2987 1085 et
3003 1031 3414 1103 circumscripta
3443 1032 3713 1101 forma,et
3731 1039 3899 1091 niaxi-

2309 1133 2397 1175 me
2418 1119 2623 1189 absque
2648 1119 2757 1185 illa,
2787 1134 2951 1191 quam
2982 1121 3257 1178 nascendo
3298 1139 3365 1178 ex
3411 1121 3634 1196 Virgine
3664 1129 3894 1197 accepit,

2307 1211 2708 1267 resurrexisse?
2723 1211 2791 1267 Et
2805 1212 3064 1283 quoniam
3084 1213 3173 1269 ille
3194 1214 3502 1285 exemplum
3530 1218 3796 1287 generalis
3817 1230 3894 1274 at-

2307 1319 2434 1380 que.
2463 1303 2677 1360 futurae
2725 1306 3140 1362 resurrectionis
3178 1315 3232 1363 et
3268 1317 3408 1374 erat,
3445 1316 3501 1364 et
3550 1318 3654 1378 est,
3684 1310 3729 1366 si
3768 1312 3894 1368 abs—

2307 1409 2413 1465 que
2454 1394 2566 1452 ullo
2612 1411 2747 1452 sexu
2796 1398 3115 1464 resurrexit,
3158 1399 3472 1456 necessario
3514 1401 3781 1471 sequitur,
3843 1414 3899 1460 ut

2306 1500 2496 1541 omnes
2546 1486 2795 1543 homines
2842 1487 2896 1542 in
2960 1491 3360 1546 resurrectione
3398 1499 3457 1547 et
3488 1501 3627 1563 post,
3652 1509 3895 1553 resurre—

2307 1576 2541 1632 ctionem
2566 1576 2948 1633 universaliter
2973 1594 3104 1635 sexu
3127 1589 3370 1636 careant.
3399 1580 3540 1639 MAG.
3572 1582 3689 1642 Hoc
3712 1600 3895 1657 super-

2304 1666 2470 1722 ﬂuum
2484 1678 2569 1723 est
2589 1683 2875 1738 quaerere,
2890 1672 3145 1741 quoniam
3170 1671 3224 1725 in
3240 1672 3514 1741 prioribus
3551 1674 3573 1707 ⁷
3590 1675 3743 1733 libris
3756 1679 3894 1732 mul-

617 1779 953 1851 spiriumlem
999 1778 1055 1833 in
1085 1744 1264 1848 εᾷίρεδ
1308 1744 1541 1831 mutam
1575 1783 1850 1830 naturam,
1889 1772 1969 1829 Ac
2009 1772 2204 1829 deinde
2233 1744 2280 1803 Β
2312 1758 2569 1851 tipliciter
2594 1771 2650 1851 et
2698 1761 2907 1817 ratione
2949 1778 3171 1818 suasum
3200 1772 3315 1831 est,
3345 1773 3401 1820 et
3444 1768 3727 1823 sententiis
3753 1769 3897 1826 beati

616 1888 724 1927 non
753 1870 930 1928 solum
973 1869 1387 1934 humanitatem,
1437 1882 1600 1939 quam
1634 1873 1916 1937 acceperat
1945 1873 2001 1921 et
2048 1879 2207 1920 reno-

614 1969 839 2017 vaverat
863 1961 917 2016 in
945 1961 1144 2030 seipso,
1176 1960 1231 2015 in
1269 1959 1649 2029 aequalitatem
1676 1958 1952 2031 angelicae
1979 1966 2207 2014 naturae

615 2049 875 2106 esaltavit
902 2057 959 2103 et
986 2048 1220 2114 reduxit,
1258 2048 1402 2118 quod
1444 2062 1542 2118 per
1588 2049 1963 2103 ascensionem
2003 2046 2123 2116 ejus
2151 2046 2205 2101 in

617 2139 826 2195 caelum
847 2138 1209 2209 significatum
1234 2145 1339 2203 est,
1362 2138 1579 2209 quando
1599 2137 1905 2193 videntibus
1929 2135 2205 2206 discipulis

617 2231 861 2287 elevatus
889 2238 973 2285 est
999 2230 1052 2284 in
1081 2229 1231 2294 aéra,
1262 2229 1408 2284 nube
1436 2243 1559 2284 eum
1585 2229 1914 2299 suscipiente
1942 2229 2008 2284 ab
2033 2228 2206 2284 oculis

614 2336 827 2388 eorum,
860 2335 999 2390 quae
1027 2328 1084 2375 et
1128 2319 1428 2375 claritatem
1462 2319 1632 2389 ipsius
1661 2328 1715 2375 et
1764 2317 2205 2389 spiritualitatem

617 2410 930 2478 indicabat;
969 2409 1105 2466 dixit
1132 2409 1297 2476 enim,
1333 2409 1650 2481 priusquam
1675 2416 1958 2479 pateretur
1980 2423 1995 2463 :
2021 2407 2202 2473 Pater,

615 2500 855 2571 clariﬁca
904 2498 1107 2554 Filium
1157 2508 1355 2554 tuum:
1388 2490 1773 2555 verum’etiam
1805 2513 1968 2569 super
2016 2513 2206 2554 omnes

617 2591 839 2663 angelos
865 2601 923 2647 et
966 2592 1196 2648 virtutes
1221 2590 1506 2657 caelestes,
1541 2598 1617 2657 et,
1650 2597 1710 2645 ut
1737 2590 1976 2645 breviter
2003 2590 2204 2659 dicam,

618 2698 782 2755 super
817 2685 1023 2750 omnia,
1065 2698 1206 2754 quae
1235 2691 1442 2739 suntet
1469 2698 1609 2754 quae
1632 2698 1741 2738 non
1770 2691 1914 2749 sunt,
1948 2681 2206 2738 sublima-

614 2777 709 2832 vit.
747 2777 816 2833 Et
836 2778 980 2848 quod
1013 2777 1066 2831 in
1090 2778 1271 2847 seipse
1308 2776 1714 2848 particulariter
1758 2774 2005 2847 perfecit,
2039 2790 2204 2848 gene-

617 2868 808 2924 raliter
854 2869 1268 2926 resurrectionis
1301 2877 1543 2939 tempore
1581 2869 1636 2923 in
1675 2877 1785 2924 tota
1833 2869 2066 2923 humana
2108 2883 2205 2922 na-

621 2969 739 3017 tura
780 2963 1120 3032 perfecturus
1168 2970 1271 3028 est,
1324 2962 1428 3017 hoc
1467 2971 1576 3029 est,
1620 2978 1731 3017 non
1771 2961 1945 3018 solum
1996 2961 2201 3026 omnia,

617 3064 758 3119 quae
786 3051 900 3122 ipsa
931 3060 1053 3121 post
1100 3061 1384 3123 peccatum
1437 3053 1506 3109 de
1552 3054 1656 3109 hoc
1692 3052 1896 3108 mundo
1936 3051 2203 3108 materiali

617 3149 938 3211 attraxerat,
971 3153 1253 3201 convertet
1290 3143 1346 3199 in
1389 3144 1668 3216 spiritum,
1704 3159 1890 3200 verum
1921 3146 2085 3201 etiam
2138 3143 2209 3199 ad

619 3233 1006 3303 aequalitatem
1048 3235 1299 3292 caelestis
1347 3235 1571 3308 gloriae,
1619 3254 1782 3308 quam
1823 3238 1999 3307 angeli
2037 3236 2211 3308 possi-

617 3325 769 3391 dent,
818 3326 1095 3396 perducet.
1148 3327 1218 3382 Et
1240 3342 1312 3383 ne
1348 3328 1589 3395 mireris,
1632 3330 1776 3399 quod
1807 3331 1874 3385 de
1919 3330 2118 3386 talibus
2153 3331 2210 3386 in

618 3413 738 3469 aliis
760 3412 912 3471 libris
935 3414 1097 3485 hujus
1120 3424 1342 3470 nostrae
1371 3416 1752 3485 disputationis
1777 3418 1944 3473 multa
1975 3426 2209 3475 tractata

616 3513 765 3568 sunt,
811 3513 869 3560 et
918 3520 1063 3558 nunc
1099 3505 1300 3560 iterum
1339 3507 1786 3577 recapitulantur,
1839 3510 2095 3580 quoniam
2128 3513 2209 3567 sic

615 3592 750 3648 ordo
775 3600 831 3646 et
870 3592 1168 3647 necessitas
1213 3590 1663 3649 inveniendarum
1714 3610 1917 3662 rerum,
1951 3614 2086 3671 quas
2129 3600 2211 3656 in-

616 3680 907 3752 quirimus,
934 3681 1120 3753 exigit,
1152 3690 1213 3736 ut
1245 3681 1462 3739 easdem
1506 3684 1805 3742 sententias
1831 3696 1885 3742 et
1915 3704 2206 3760 argumen-

622 3771 855 3827 tationes
882 3770 1258 3844 multipliciter
1284 3780 1597 3844 repetamus
1616 3782 1670 3830 et
1699 3776 2060 3846 revolvamus,
2085 3796 2150 3837 ac
2186 3779 2210 3810 ‘

617 3862 787 3919 veluti
823 3863 1057 3935 quadam
1097 3867 1531 3943 ἀνακεφαλαιώσιι
1574 3868 1629 3924 in
1653 3873 1970 3927 memoriam
1994 3889 2210 3931 revoce-

617 3970 758 4011 mus.
788 3955 904 4013 Hoc
929 3965 1110 4013 autem
1136 3958 1278 4025 dico,
1308 3960 1562 4029 quoniam
1585 3960 1639 4016 in
1663 3963 2034 4032 superioribus
2056 3966 2209 4023 libris

620 4045 837 4102 multa'
880 4047 949 4104 de
977 4049 1150 4105 reditu
1194 4058 1424 4104 naturae
1450 4048 1599 4109 beati
1644 4051 1863 4109 Maximi
1909 4057 2208 4113 sententias

617 4140 1025 4198 introducentes
1058 4141 1081 4174 ⁸
1127 4144 1635 4215 praegustavimus:
1670 4147 1763 4201 sed
1807 4163 1951 4203 nunc
1997 4148 2209 4219 plenius

619 4237 859 4287 tractare
886 4231 1165 4289 debemus.
1195 4232 1342 4289 Idem
1376 4235 1562 4307 itaque
1596 4234 1866 4292 Maximus
1896 4252 2004 4293 non
2031 4239 2208 4295 solum

618 4325 673 4381 in
699 4327 1003 4401 Ambiguis,
1034 4343 1225 4388 verum
1254 4329 1420 4384 etiam
1447 4329 1501 4385 in
1527 4330 1749 4386 sclioliis
1779 4331 1845 4386 de
1872 4332 2208 4388 adunatione

2308 1848 2555 1922 Gregorii
2585 1850 2809 1924 ejusque
2835 1854 3180 1925 cxpositoris,
3221 1855 3444 1912 Maximi
3478 1859 3630 1927 dico,
3656 1869 3737 1917 est
3762 1876 3895 1918 con-

2308 1940 2548 2011 clusum,
2593 1946 2736 2014 quod
2787 1946 2840 2000 in
2886 1945 3064 2000 futura
3116 1947 3226 2001 vita
3268 1956 3404 2017 post.
3439 1952 3895 2008 resurrectionem

2308 2046 2502 2092 natura
2544 2038 2824 2094 hominum
2853 2041 3075 2097 omnino
3102 2056 3235 2097 sexu
3256 2082 3271 2108 ,
3311 2042 3416 2098 hoc
3438 2053 3539 2111 est,
3569 2045 3709 2100 virili
3737 2054 3792 2102 et
3823 2036 3915 2102 fe?

2308 2128 2486 2183 minea
2531 2127 2709 2184 forma
2756 2130 2995 2197 carebit,
3042 2131 3298 2201 quoniam
3329 2134 3381 2188 in
3422 2134 3591 2204 ipsam
3630 2135 3897 2203 formam,

2308 2234 2448 2289 quae
2477 2219 2544 2274 ad
2572 2218 2862 2290 imaginem
2883 2218 2978 2274 Dei
3008 2218 3153 2275 facta
3179 2231 3284 2289 est,
3323 2238 3600 2278 reversura
3624 2232 3727 2281 est.
3750 2225 3901 2279 Ima-

2307 2327 2375 2382 go
2402 2320 2585 2366 autem
2614 2312 2707 2368 Dei
2738 2328 2842 2369 non
2892 2322 2976 2370 est
3012 2314 3286 2371 masculus
3324 2330 3493 2386 neque
3530 2316 3765 2381 femina;
3792 2316 3902 2371 ista

2308 2404 2452 2459 enim
2467 2404 2661 2460 divisio
2677 2413 2902 2461 naturae
2928 2415 3152 2477 propter
3162 2414 3444 2477 peccatum
3458 2404 3603 2461 facta
3629 2405 3897 2463 est.th.

2307 2497 2364 2551 In
2395 2495 2575 2552 futura
2602 2498 2785 2567 itaque
2810 2499 2918 2554 vita
2966 2516 3141 2570 neque
3172 2499 3442 2556 masculus
3467 2499 3594 2567 erit,
3627 2515 3800 2571 neque
3824 2501 3901 2557 fe-

2309 2585 2476 2652 mina,
2510 2587 2557 2641 si
2585 2587 2696 2642 sola
2726 2588 3043 2659 simplicitas
3072 2600 3300 2646 naturae
3321 2590 3614 2661 duplicem,
3642 2595 3733 2661 qui
3759 2609 3900 2647 nunc

2308 2686 2412 2743 est,
2456 2693 2643 2734 sexum
2678 2680 2731 2734 in
2756 2681 2989 2751 seipsam
3021 2683 3370 2753 absorpserit.
3406 2681 3546 2739 Msa.
3571 2681 3678 2738 Cur
3701 2682 3766 2738 de
3792 2684 3902 2738 hoc

2308 2770 2583 2837 haesitas,
2635 2787 2759 2828 cum
2784 2773 2853 2828 de
2883 2774 3193 2831 hominibus
3220 2775 3274 2830 in
3308 2775 3701 2831 resurrectione
3726 2790 3899 2845 gene-

2310 2862 2503 2918 raliter
2529 2864 2746 2921 Veritas
2767 2865 2912 2922 dicat
2939 2885 2951 2921 :
2985 2866 3168 2938 Neque
3193 2868 3411 2935 nubent,
3435 2885 3594 2940 neque
3618 2868 3900 2934 nubentur,

2307 2954 2399 3009 sed
2425 2964 2579 3009 erunt
2605 2957 2739 3011 sicut
2766 2957 2940 3029 angeli
2976 2959 3033 3013 in
3062 2960 3207 3014 caelo
3226 2960 3252 3014 ἵ
3280 2958 3532 3030 Nunquid
3579 2946 3801 3030 angelos
3835 2975 3904 3014 ex

2313 3047 2589 3105 intellectu
2625 3059 2681 3107 et
2719 3052 2983 3123 spirituali
3025 3069 3254 3126 corpore
3298 3064 3552 3112 constare
3596 3054 3903 3112 credimus!

2336 3102 2345 3103 ,
2407 3102 2417 3104 ν
2473 3102 2589 3105 _--_
2632 3102 2680 3107 -_
2720 3102 2983 3123 τηηπ--
3029 3102 3254 3126 ---νη
3301 3102 3551 3112 "an---
3601 3102 3898 3112 ---πη-ν-

2233 3102 2286 3173 G
2315 3140 2476 3200 Omni
2523 3150 2703 3200 tamen
2742 3140 3151 3217 circumscripta
3199 3146 3374 3202 forma
3417 3162 3514 3202 eos
3560 3162 3751 3203 carere
3794 3161 3904 3202 non

2315 3234 2644 3292 dubitamus.
2677 3236 2814 3292 Nam
2858 3240 3003 3309 quod
3049 3253 3210 3310 saepe
3242 3239 3298 3294 in
3344 3242 3581 3294 humana
3610 3237 3783 3310 efﬁgie
3808 3253 3905 3307 ap~

2312 3326 2559 3396 paruisse
2587 3326 2707 3382 illos
2736 3328 2918 3383 divina
2947 3338 3136 3384 narrat
3182 3329 3442 3397 historia,
3473 3345 3583 3387 non
3621 3345 3720 3386 nos
3757 3329 3905 3399 cogit

2313 3418 2625 3485 aestimare,
2658 3435 2753 3475 eos
2779 3421 2871 3475 tali
2919 3420 3093 3494 elligie
3129 3422 3449 3478 naturaliter
3476 3422 3728 3477 detineri.
3767 3419 3904 3475 Illud

2312 3509 2456 3564 enim
2483 3525 2584 3580 pro
2608 3518 2851 3581 tempore
2882 3510 3087 3569 factum
3120 3522 3225 3580 est,
3254 3514 3510 3585 quoniam
3540 3513 3700 3569 aliter
3724 3513 3903 3568 homi-

2312 3600 2471 3656 nibus
2501 3616 2764 3672 apparere
2804 3602 2844 3667 ⁸,
2879 3610 2934 3659 ει
2963 3619 3087 3660 cum
3136 3604 3444 3661 hominibus
3486 3604 3653 3674 loqui,
3679 3613 3772 3658 aut
3799 3604 3907 3657 im-

2312 3691 2568 3762 possibile
2597 3701 2692 3747 aut
2733 3709 2843 3749 non
2888 3694 3048 3751 facile
3089 3704 3228 3751 erat.
3280 3695 3338 3750 Si
3366 3710 3497 3768 ergo
3535 3694 3708 3767 angeli
3740 3694 3905 3750 omni

2313 3781 2485 3836 forma
2516 3782 2929 3856 circumscripta
2969 3795 3159 3842 carent
3183 3826 3199 3852 ,
3227 3787 3355 3856 quid
3379 3787 3601 3853 mirum,
3631 3785 3901 3850 homines,

2313 3873 2439 3928 dum
2465 3874 2718 3943 aequales
2740 3875 2946 3947 angelis
2969 3875 3188 3943 fuerint,
3220 3877 3365 3931 omni
3399 3891 3531 3932 sexu
3555 3875 3578 3906 ’
3608 3885 3666 3931 et
3705 3875 3902 3931 forma-

2313 3976 2434 4016 rum
2469 3963 2977 4033 circumscriptione
3024 3965 3328 4021 carituros?
3356 3964 3542 4036 Neque
3568 3965 3716 4021 enim
3746 3964 3903 4019 aliter

2312 4053 2567 4123 aequales
2604 4056 2684 4111 eis
2721 4063 2904 4122 erunt,
2946 4070 3124 4127 neque
3166 4057 3270 4111 hoc
3306 4056 3620 4113 incredibile
3667 4057 3900 4112 videtur.

2312 4144 2586 4212 Quaedam
2609 4162 2844 4217 namque
2857 4162 3087 4218 corpora
3105 4155 3232 4203 sunt
3251 4147 3454 4220 liquida
3485 4163 3550 4203 ac
3575 4147 3902 4218 spiritualia,

2312 4240 2740 4321 circumscriptis
2759 4239 2952 4297 formis
2973 4243 3237 4297 carentia.
3260 4242 3415 4309 Quod
3438 4251 3622 4297 autem
3637 4240 3902 4312 liquidum

2311 4341 2368 4389 et
2399 4333 2443 4366 ¹⁰
2469 4334 2746 4404 spirituale
2769 4343 2876 4402 est,
2905 4336 3340 4407 purissimaeque
3377 4334 3719 4391 substantiae
3737 4374 3753 4400 ,
3780 4349 3904 4388 cor-

615 4426 992 4474 creaturarum
1018 4418 1257 4488 disputat
1282 4419 1701 4491 quadragesimo
1727 4431 1919 4476 octavo
1942 4422 2205 4493 capitulo,
2233 4435 2285 4495 1)
2311 4425 2587 4496 poralibus
2639 4426 3032 4497 quantitatibus
3079 4443 3145 4482 ac
3185 4427 3530 4484 lineamentis
3576 4442 3676 4483 seu
3721 4425 3903 4496 aliqua

615 4506 709 4562 ubi
738 4509 990 4570 turrium,
1044 4521 1182 4576 quas
1219 4506 1379 4564 Ozias
1420 4509 1727 4565 aedificavit
1772 4509 1827 4564 in
1878 4509 2203 4581 Jerusalem,

618 4596 888 4649 theoriam
917 4596 1190 4664 exposuit.
1222 4595 1454 4667 Angulos
1503 4599 1770 4669 fortassis,
1806 4603 2003 4676 inquit,
2034 4623 2206 4662 sermo

618 4682 923 4752 Scripturae
951 4686 1084 4738 dixit
1110 4687 1250 4755 ipsas
1289 4704 1379 4756 per
1410 4688 1678 4746 Christum
1701 4695 1869 4762 factas
1908 4697 2206 4767 diﬂ'erentcs

616 4781 981 4841 separatarum
1009 4783 1369 4829 creaturarum
1390 4780 1756 4836 adunationes.
1781 4785 2046 4841 Adunavit
2069 4791 2208 4843 enim

617 4860 902 4929 hominem,
930 4863 1100 4933 ipsam
1126 4864 1409 4920 secundum
1436 4869 1728 4923 masculum
1752 4880 1800 4924 et
1821 4873 2071 4942 feminam
2096 4878 2206 4947 dif.
2237 4931 2242 4936 _

618 4949 894 5020 ferentium
924 4953 1140 5023 mystice
1167 4954 1224 5009 in
1256 4956 1501 5026 spiritum
1540 4959 1808 5029 auferens,
1832 4971 1881 5019 et
1911 4968 2204 5036 proprieta-

617 5043 778 5111 tibus,
806 5060 942 5117 quae
980 5062 1076 5119 per
1118 5048 1387 5118 passiones
1433 5063 1556 5108 sunt
1594 5053 1649 5110 in
1678 5056 1952 5125 ambobus,
1985 5057 2203 5117 liberam

617 5141 841 5191 naturae
865 5138 1122 5194 rationem
1150 5141 1488 5200 constituens.
1518 5143 1782 5203 Adunavit
1822 5162 1997 5208 autem
2026 5164 2074 5209 et
2105 5165 2206 5210 ter-

616 5242 755 5296 ram,
781 5245 916 5302 quae
940 5240 1014 5287 est
1036 5233 1323 5288 secundum
1356 5237 1651 5294 sensibilem
1678 5244 1984 5313 paradisum
2028 5257 2075 5302 et
2111 5266 2201 5303 or-

615 5315 733 5374 bem
772 5328 1057 5393 terrarum,
1108 5327 1493 5397 separationem
1536 5331 1817 5402 expellens.
1860 5336 2126 5393 Adunavit
2154 5349 2203 5395 et

2314 4514 2457 4570 mole
2486 4515 2896 4586 circumscripta
2925 4516 3189 4573 contineri
3229 4531 3388 4586 posse
3417 4531 3527 4571 non
3563 4516 3739 4581 video,
3772 4530 3902 4584 quo-

2314 4608 2460 4659 niam
2485 4620 2613 4660 vera
2643 4607 2781 4662 ratio
2809 4607 2935 4664 talia
2962 4608 3279 4664 existimare
3311 4622 3420 4663 non
3443 4623 3530 4662 me
3560 4607 3708 4662 sinit.
3733 4605 3904 4674 Quat-

2316 4703 2438 4753 tuor
2462 4695 2730 4766 siquidem
2760 4697 3029 4767 simplicia
3053 4696 3241 4752 mundi
3268 4695 3538 4752 elementa
3563 4694 3727 4751 nullis
3746 4711 3901 4752 coar-

2316 4796 2500 4844 tantur
2542 4787 2770 4856 formis;
2814 4789 3017 4861 ubique
3057 4790 3201 4845 enim
3231 4789 3286 4844 in
3316 4788 3516 4844 mundo
3552 4795 3699 4853 sunt,
3740 4788 3903 4858 cujus

2315 4879 2460 4935 nulla
2498 4895 2625 4950 pars
2648 4890 2733 4936 est
2760 4880 2975 4937 illorum
3003 4896 3269 4937 concursu
3290 4894 3499 4936 carens.
3526 4877 3683 4946 Quod
3713 4887 3899 4933 autem

2313 4973 2514 5046 ubique
2538 4984 2624 5031 est
2665 4975 2719 5030 in
2768 4976 2990 5044 mundo,
3035 4978 3307 5048 quomodo
3348 4974 3525 5045 aliqua
3571 4972 3750 5029 forma
3793 4974 3897 5029 cir-

2311 5070 2605 5126 cumscribi
2637 5070 2839 5142 possit?
2888 5069 3027 5126 Sunt
3063 5071 3227 5141 igitur
3252 5083 3483 5141 corpora
3510 5067 3703 5124 formis
3728 5066 3898 5124 sensi-

2311 5162 2513 5221 bilihus
2535 5163 2799 5220 carentia.
2828 5160 2967 5230 Quid
2989 5162 3057 5217 de
3083 5161 3251 5218 radiis
3269 5161 3553 5218 oculorum
3581 5155 3896 5216 dicendum?

2310 5253 2502 5311 Nonne
2534 5264 2592 5312 et
2618 5256 2720 5326 ipsi
2746 5255 2997 5327 corporei
3029 5263 3177 5323 sunt,
3226 5255 3375 5312 omni
3406 5253 3583 5310 forma
3607 5248 3895 5310 carentes?

2313 5344 2375 5400 Si
2404 5354 2585 5403 autem
2613 5346 2817 5403 dixeris
2842 5345 3064 5421 angelos
3088 5344 3454 5418 intelligibiles
3477 5344 3679 5403 formas
3703 5341 3767 5408 “,
3795 5340 3891 5395 ha-

1909 5472 2165 5535 VARIAE
2203 5466 2613 5541 LEGTIONESL

674 5586 707 5628 ’ί
735 5611 791 5651 se
809 5611 920 5652 om.
941 5595 1008 5651 Δ.

621 5681 749 5730 pora
773 5667 913 5739 dico.
990 5664 1213 5739 *ΔΑ-ειη
1233 5668 1280 5739 ξ
1311 5664 1404 5727 Sic
1422 5668 1509 5726 CF
1569 5676 1616 5729 A
1641 5675 1857 5733 multas.

1103 5596 1248 5695 ’.βίθ
1258 5598 1867 5695 Ρέἔ-ὲὲη⁸9ἱ⁶⁸ἓὲε,99⁸ο
1948 5609 1975 5695 ἶ
2000 5610 2091 5695 ἓὶο
2112 5612 2291 5695 ἓέςᾌ
2315 5634 2383 5695 ex
2408 5631 2565 5695 parte
2586 5621 2797 5695 animae
2817 5619 3200 5695 videlicetiam
3223 5621 3506 5695 ingressae
3521 5634 3590 5675 ex
3610 5626 3762 5695 Parte
3788 5630 3896 5670 ευτ’

1954 5680 1977 5712 ⁸
2004 5682 2098 5739 Sic
2114 5680 2227 5754 CF
2252 5690 2306 5762 Ar
2324 5680 2755 5762 introducendas.
2831 5695 2852 5726 ⁷
2883 5694 2975 5749 Sic
2999 5680 3117 5758 CF';
3143 5694 3189 5747 A
3225 5680 3627 5762 superioribus.-
3677 5689 3699 5721 ⁸
3737 5704 3894 5757 (φρα-

620 5745 731 5784 rcre
760 5748 848 5787 om
881 5734 945 5787 A.
1021 5733 1042 5764 ’
1073 5736 1166 5791 Sic
1184 5737 1303 5804 CF;
1327 5741 1374 5794 A
1398 5733 1547 5798 omni
1577 5755 1625 5799 et
1658 5762 1792 5804 sexu
1819 5758 1875 5807 et
1894 5733 2227 5814 formarunt:
2252 5733 3350 5836 "15X52."???iui-.uZLVtZieiiEstiig
