4212 6272
353 433 459 492 897

1207 427 1294 481 DE
1332 424 1671 482 DIVISIONE
1708 421 2054 479 NATURAE.
2095 452 2165 464 ---
2201 417 2404 479 LIBER
2440 415 2767 485 QUINTUS.

3528 412 3633 470 898

356 550 509 613 here,
537 543 759 601 omnino
786 540 1024 598 concedo
1044 579 1059 605 ,
1104 553 1169 594 ac
1198 554 1296 609 per
1340 540 1444 594 hoc
1486 511 1733 594 homines
1777 538 1943 592 etiam
1970 541 2020 599 Α
2047 548 2169 589 esse
2202 531 2526 588 substitutas
2549 568 2565 595 ,
2607 541 2772 584 nemo
2802 525 3039 582 fidelium
3071 526 3298 583 dubitat.
3346 526 3448 594 Qui
3491 530 3636 583 enim

359 638 415 693 in
476 634 878 693 resurrectione
940 633 956 663 ⁸
1018 630 1268 687 similiter
1321 628 1688 701 intelligibiles
1742 627 1949 683 formas

360 727 640 783 habituros
667 741 802 791 esse,
830 739 937 779 non
964 722 1137 779 solum
1164 736 1276 777 non
1311 722 1540 793 denego,
1567 736 1757 778 verum
1783 721 1947 776 etiam

361 816 590 874 allirmo.
633 815 740 871 Sed
760 828 899 884 quae
924 821 981 868 et
1014 812 1206 884 quales
1231 826 1375 867 nunc
1403 811 1457 867 in
1486 810 1691 881 angelis
1718 816 1862 875 sunt,
1896 817 1954 863 et

366 908 418 962 in
448 906 755 963 hominibus
790 905 1036 971 futurae,
1081 892 1301 960 omnino
1344 917 1432 958 me
1461 902 1713 974 ignorare
1756 901 1953 965 lateor,

364 999 524 1054 donec
547 1006 801 1063 transeat,
834 1005 896 1052 ut
935 997 1012 1053 ait
1054 994 1422 1067 Augustinus,
1468 1010 1656 1065 corpus
1684 1008 1859 1048 meum
1899 992 1957 1044 in

366 1093 611 1164 aﬁ'ectum
639 1090 926 1146 voluntatis
954 1104 1122 1145 meae.
1167 1087 1284 1144 Non
1329 1088 1521 1159 ignoro
1549 1095 1730 1142 tamen
1758 1084 1958 1141 multos

367 1196 703 1252 magnosque
730 1180 1042 1249 sapientes,‘
1054 1178 1147 1248 qui
1180 1177 1400 1233 omnino
1425 1176 1584 1232 aliter
1603 1176 1673 1232 de
1710 1175 1961 1231 humanis

370 1272 693 1341 corporibus
738 1278 864 1342 post
906 1269 1362 1326 resurrectionem
1411 1267 1682 1332 sentiunt,
1731 1279 1961 1337 quorum

375 1363 677 1419 sententias
700 1348 1041 1433 in'processu
1074 1360 1237 1430 hujus
1272 1360 1398 1416 libri
1426 1375 1533 1416 non
1570 1359 1773 1432 pigebit
1802 1358 1967 1413 intro-

378 1453 613 1519 ducere,
643 1467 711 1507 ne
750 1452 1031 1508 videamur
1072 1467 1166 1508 eos
1211 1450 1298 1505 vel
1326 1463 1587 1522 spernere
1633 1449 1718 1506 vel
1745 1464 1851 1504 non
1892 1449 1966 1505 lc-

378 1545 540 1617 gisse.
564 1545 709 1600 Dtsc.
731 1543 1078 1614 Consequens
1101 1543 1482 1615 disputationis
1507 1543 1641 1599 ordo
1668 1542 1855 1614 exigit,
1886 1549 1966 1608 ut,

379 1638 510 1709 quid
546 1637 775 1708 quisque
815 1636 1310 1694 ecclesiasticorum
1338 1636 1674 1706 sapientum,
1726 1649 1863 1704 quos
1892 1634 1970 1688 lc-

379 1729 506 1801 gisti
526 1758 597 1770 —
620 1743 727 1801 non
751 1726 897 1784 enim
925 1742 1114 1784 omnes
1144 1736 1196 1781 te
1230 1726 1423 1798 legisse
1449 1710 1662 1798 opinor,
1698 1726 1838 1795 quod
1863 1723 1973 1779 cui-

376 1834 541 1891 quam
566 1818 898 1890 impossibile
919 1827 1004 1876 est
1023 1848 1094 1860 —-
1120 1819 1191 1875 de
1211 1818 1406 1876 talibus
1432 1818 1684 1883 senserit,
1702 1816 1970 1888 proferas,

2052 622 2282 688 dubitat,
2307 628 2403 677 aut
2423 619 2656 676 inﬁdelis
2679 627 2766 674 est
2779 626 2873 673 aut
2895 617 3175 686 insipiens.
3200 617 3434 674 Proinde
3453 633 3635 685 omne,

2053 716 2195 787 quod
2226 716 2281 770 in
2329 729 2551 771 causam
2587 725 2743 769 suam
2791 710 3092 777 reducitur,
3134 711 3190 765 in
3241 711 3411 766 Deum
3464 711 3645 766 redire

2054 822 2154 862 cur
2201 805 2576 862 dubitaretur?
2628 804 2696 859 Et
2740 818 2811 860 ne
2858 802 3063 869 rearis,
3119 815 3209 857 me
3240 811 3444 857 temere
3476 803 3647 857 Deum

2054 909 2284 952 vocasse
2312 896 2448 951 nihil
2468 936 2483 961 ,
2515 903 2573 950 et
2602 893 2745 950 nulla
2794 895 3122 950 auctoritate
3153 889 3429 965 sulfultum
3456 932 3472 960 ,
3519 892 3650 949 audi

2056 986 2277 1042 beatum
2313 987 2628 1058 Dionysium
2670 986 3052 1057 Are0pagitam
3097 985 3149 1039 in
3185 984 3364 1054 primo
3409 984 3650 1054 capitulo

2059 1078 2126 1135 de
2167 1078 2367 1134 divinis
2395 1075 2717 1133 Nominibus
2759 1095 2775 1131 :
2806 1077 3078 1141 Diximus,
3116 1075 3316 1147 inquit,
3350 1093 3469 1131 cum
3503 1078 3652 1133 theo-

2061 1176 2257 1249 logicos
2305 1175 2634 1231 characteres
2682 1175 3040 1245 exposuimus,
3084 1189 3270 1240 unum,
3299 1175 3650 1245 incognitum,

2063 1260 2497 1340 supéressentiale
2521 1307 2537 1334 ,
2581 1283 2675 1338 per
2708 1283 2764 1322 se
2799 1266 3085 1336 optimum,
3122 1265 3262 1336 quod
3303 1265 3511 1337 quidem
3543 1276 3655 1333 est,

2065 1363 2260 1417 trinam
2285 1362 2540 1415 unitatem
2566 1360 2706 1425 dico,
2737 1356 2945 1429 ὀμόθεον
2975 1368 3021 1413 et
3057 1356 3356 1433 ὃμοάναθον,
3385 1373 3549 1429 neque
3577 1359 3658 1411 di-

2068 1472 2182 1511 cere
2208 1469 2371 1526 neque
2393 1451 2683 1523 intelligere
2712 1451 2962 1522 possibile
2983 1461 3057 1506 est
3087 1465 3103 1503 :
3133 1451 3225 1506 sed
3262 1461 3311 1506 et
3348 1460 3657 1505 sanctarum

2070 1545 2320 1600 uirtutum
2367 1541 2633 1614 angelicae
2668 1544 2928 1609 unitates,
2955 1558 3088 1613 quas
3126 1542 3231 1596 sive
3275 1541 3658 1612 spcculativas,

2070 1638 2175 1691 sive
2200 1635 2492 1704 acceptivas
2527 1642 2727 1704 oportet
2754 1634 2927 1687 dicere
2951 1674 2966 1697 ,
2998 1633 3454 1703 superincognitae
3486 1644 3533 1688 ct
3571 1650 3661 1688 suo

2070 1725 2386 1796 perlucentis
2427 1725 2675 1779 bonitatis
2694 1765 2708 1790 ,
2737 1733 2784 1779 et
2819 1740 3050 1779 arcanae
3078 1735 3198 1778 sum
3229 1735 3277 1779 et
3318 1726 3619 1797 incognitae
3641 1766 3661 1793 ,

2072 1826 2119 1870 et
2155 1814 2281 1870 solis
2318 1815 2445 1885 ipsis
2482 1814 2795 1880 subsistunt,
2829 1815 2922 1884 qui
2954 1831 3111 1886 super
3149 1815 3420 1870 scientiam
3460 1814 3661 1886 angeli-

376 1911 520 1965 utin
560 1911 790 1966 arbitrio
812 1910 1042 1982 legentis
1069 1918 1325 1982 ponatur,
1376 1926 1536 1981 quem
1584 1911 1605 1940 ²
1635 1909 1761 1964 velit
1795 1908 1968 1978 sequi.
2000 1920 2047 1982 Β
2076 1922 2228 1973 cam,
2267 1906 2439 1976 dignis
2471 1905 2579 1961 suis
2618 1907 2638 1938 ⁷
2681 1904 2901 1976 angelis.
2957 1904 3057 1960 His
3106 1905 3386 1976 deiformes
3423 1906 3665 1977 angelica

377 2004 535 2060 Nunc
563 2013 743 2061 autem
772 2010 879 2060 ate
902 2019 1127 2075 quaero,
1155 2018 1260 2075 qua
1290 2002 1505 2058 ratione
1537 2001 1737 2057 dicitur
1767 2000 1972 2071 perire,

377 2093 525 2162 quod
572 2093 628 2149 in
678 2093 1051 2163 primordiales
1102 2107 1292 2147 causas
1316 2131 1332 2158 ,
1381 2091 1469 2146 vel
1514 2100 1662 2147 certe
1709 2091 1762 2145 in
1799 2091 1975 2161 ipsum

379 2186 550 2241 Deum
598 2184 916 2257 perhibetur
952 2198 1340 2247 reversurum,
1390 2183 1518 2238 dum
1571 2181 1692 2253 plus
1738 2195 1976 2252 pronun-

377 2278 632 2336 ciandum
673 2277 746 2333 sit
768 2277 952 2332 vivere
995 2284 1051 2331 et
1094 2287 1437 2346 permanere,
1477 2287 1640 2344 quam
1668 2271 1895 2328 interire
1920 2278 1978 2328 et

385 2367 621 2423 transire
639 2365 663 2420 ?

455 2459 519 2513 21
532 2498 545 2512 .
567 2458 708 2513 hinc.
729 2457 870 2513 Huic
892 2467 1014 2513 tuae
1034 2454 1445 2527 interrogationi
1468 2453 1711 2510 breviter
1729 2466 1795 2508 ac
1820 2449 1981 2508 facile

389 2551 712 2623 respondeo,
743 2551 889 2606 beati
934 2550 1175 2620 Dionysii
1201 2547 1562 2619 Areopagitae
1603 2545 1979 2617 propheticam

386 2640 718 2699 sententiam
738 2640 1058 2711 exponentis
1078 2655 1294 2697 sensum
1321 2638 1672 2694 considerans
1696 2653 1712 2691 :
1736 2633 1980 2692 Pretiosa

388 2735 441 2786 in
464 2742 741 2804 conspectu
760 2731 969 2786 Domini
994 2747 1134 2786 mors
1159 2738 1463 2786 sanctorum
1484 2728 1619 2801 ejus.
1652 2728 1979 2785 Sanctorum

390 2825 657 2896 siquidem
687 2833 917 2880 mortem
942 2839 1049 2891 non
1071 2824 1232 2881 aliam
1259 2822 1315 2878 in
1341 2823 1446 2878 hoc
1469 2835 1629 2877 versu
1649 2819 1978 2891 Prophetam

390 2918 595 2973 dixisse
633 2917 858 2983 astruit,
892 2924 1110 2984 praeter
1139 2915 1355 2973 illorum
1385 2912 1669 2969 transitum
1720 2911 1777 2967 in
1807 2910 1977 2967 Deum

392 3005 870 3077 contemplationis
895 3006 1235 3071 celsitudine,
1264 3003 1447 3060 omnia
1484 3000 1719 3057 visibilia
1747 3009 1804 3057 et
1844 2999 1979 3055 invi-

397 3100 576 3155 sibilia
605 3107 924 3171 superantes
949 3099 1125 3154 adhuc
1170 3096 1225 3152 in
1254 3110 1480 3166 corpore
1504 3094 1804 3151 constituti.
1838 3091 1980 3148 Num

395 3200 452 3247 et
482 3190 678 3247 Petrus
705 3189 795 3246 ille
817 3187 1180 3260 apostolorum
1205 3193 1397 3242 vertex
1419 3192 1664 3241 mortuus
1685 3189 1807 3239 erat
1830 3182 1980 3237 omni

2075 1998 2368 2052 imitatione
2399 2006 2444 2064 ⁸,
2483 2008 2739 2068 quantum
2763 1999 2904 2064 licet,
2928 2000 3213 2055 coadunati
3233 2000 3454 2056 humani
3474 2003 3665 2071 animi,

2073 2090 2373 2161 quoniam!
2408 2091 2692 2145 secundum
2747 2107 2953 2147 omnem
3018 2092 3423 2149 intellectualem
3480 2110 3669 2165 opera-

2074 2180 2269 2236 tionem
2325 2182 2682 2252 requicscunt,
2746 2182 2872 2238 talis
2937 2193 3113 2239 autem
3178 2185 3240 2253 [it
3301 2185 3670 2256 deiﬁcatoruns

2076 2269 2376 2326 animorum
2415 2270 2486 2326 ad
2547 2288 2809 2328 summum
2864 2272 3059 2343 lumen,
3109 2274 3280 2331 Deum
3316 2275 3586 2343 videlicet,
3620 2274 3666 2309 ¹⁰

2078 2365 2257 2419 unitas
2283 2364 2322 2396 ¹¹
2351 2378 2370 2416 :
2400 2363 2623 2420 laudant
2650 2368 2820 2436 ipsum
2839 2369 3107 2438 potissime
3126 2385 3218 2438 per
3245 2372 3500 2437 omnium,
3531 2386 3669 2442 quae

2077 2465 2221 2524 sunt,
2247 2455 2582 2512 oblationem.
2611 2457 2681 2512 In
2709 2459 2807 2513 hoc
2836 2475 2952 2515 vere
2989 2468 3037 2514 et
3075 2461 3554 2532 supernaturaliter
3592 2461 3663 2516 il-

2078 2548 2328 2605 luminati
2361 2566 2429 2606 ea:
2466 2551 2768 2608 beatissima
2799 2568 2918 2606 cum
2951 2553 3065 2624 ipso
3104 2556 3329 2622 unitate,
3369 2571 3506 2626 quae
3542 2571 3662 2609 om-

2079 2645 2226 2700 nium
2263 2646 2479 2718 quidem
2512 2655 2588 2702 est
2609 2685 2626 2714 ,
2651 2662 2787 2717 quae
2813 2654 2970 2714 sunt,
3001 2646 3246 2715 causale,
3280 2648 3455 2718 ipsum
3488 2657 3669 2704 autem

2079 2738 2233 2806 nihil,
2262 2749 2321 2795 ut
2348 2738 2610 2805 omnibus,
2631 2755 2766 2809 quae
2801 2749 2943 2806 sunt,
2973 2738 3477 2810 superessentialiter
3510 2738 3663 2795 exal-

2081 2838 2271 2885 tatum.
2295 2828 2682 2886 Animadverte
2709 2829 3013 2900 praefatum
3038 2830 3366 2902 theologum,
3388 2831 3667 2901 quomodo

2080 2919 2474 3026 incunctanter.
2494 2921 3021 3026 summunilumen,
3049 2921 3222 2979 Deum
3255 2923 3530 2993 videlicet,
3569 2925 3671 2998 qui

2082 3030 2299 3071 omnem
2327 3014 2833 3072 intellectualem—et
2856 3016 3178 3073 rationalem
3218 3016 3483 3075 illuminat
3512 3033 3673 3075 crea-

2078 3115 2285 3177 turam,
2311 3107 2532 3165 nomine
2556 3107 2702 3178 quod
2727 3116 2812 3164 est
2851 3108 3005 3176 nihil,
3035 3109 3298 3168 insinuat.
3339 3111 3408 3167 Et
3437 3112 3674 3184 subjecit

2084 3198 2371 3264 rationem,
2398 3212 2497 3253 cur
2522 3197 2658 3253 nihil
2685 3206 2929 3255 vocatur.
2960 3197 3102 3266 Quia
3122 3216 3280 3270 super
3300 3201 3501 3268 omnia,
3535 3217 3674 3272 quae

396 3291 703 3347 creaturae,
731 3288 788 3337 et
825 3278 1077 3335 transivit
1100 3277 1153 3332 in
1188 3276 1377 3343 Deum,
1405 3276 1621 3347 quando
1647 3274 1878 3331 Domino
1905 3275 1976 3328 in-

2084 3298 2205 3347 sunt
2228 3331 2245 3357 ,
2286 3290 2791 3362 superessentialiter
2828 3278 3116 3347 excitatur.
3159 3291 3459 3351 Commune
3506 3293 3676 3365 igitur

398 3376 729 3449 terroganti,
751 3388 911 3445 quem
951 3387 1012 3429 se
1047 3385 1165 3430 esse
1193 3371 1417 3437 diceret,
1446 3369 1724 3441 respondit
1752 3385 1765 3423 :
1790 3366 1887 3439 .Tu
1925 3384 1979 3422 es

394 3468 635 3523 Christus
693 3464 866 3520 Filius
913 3464 1011 3520 Dei
1064 3464 1206 3519 vivi?
1255 3462 1394 3518 Num
1446 3462 1696 3518 similiter
1743 3460 1981 3519 Joannes

393 3558 724 3630 evangelista
752 3556 1023 3623 omnibus,
1051 3570 1193 3626 quae
1219 3554 1368 3611 facta
1393 3562 1538 3621 sunt,
1567 3552 1855 3609 defunctus
1873 3561 1979 3620 est,

395 3651 679 3708 altitudine
719 3649 963 3707 theoriae
985 3658 1183 3705 cuncta
1214 3662 1478 3719 superans
1508 3654 1563 3703 et
1587 3647 1833 3703 clamans
1864 3663 1878 3699 :
1912 3644 1982 3700 In

392 3745 647 3814 principio
689 3753 800 3798 erat
834 3740 1095 3808 Verbum,
1128 3749 1177 3795 et
1219 3738 1442 3794 Verbum
1472 3748 1583 3794 erat
1612 3737 1753 3808 apud
1789 3737 1979 3803 Deum,

394 3845 445 3890 et
488 3834 627 3888 Dens
661 3842 774 3888 erat
826 3831 1089 3897 Verbum,
1140 3838 1356 3900 totaque
1401 3829 1568 3901 ipsius
1615 3827 1880 3883 mirabilis
1928 3834 1985 3882 et

400 3920 691 3979 inefl'abilis
721 3919 977 3993 Theologi
1001 3920 1248 3977 tlteoria?
1275 3920 1413 3976 Audi
1449 3918 1769 3991 Apostolum
1807 3919 1985 3975 adhuc

400 4010 619 4068 mortali
663 4025 888 4081 corpore
927 4011 1226 4079 detentum,
1286 4017 1560 4066 mortuum
1608 4019 1789 4064 tamen
1830 4024 1890 4065 se
1930 4015 1987 4064 et

399 4107 722 4164 cruciﬁxum
780 4107 1227 4178 pronunciantem
1277 4123 1291 4160 :
1342 4104 1477 4161 Mihi
1543 4106 1771 4161 mundus
1823 4108 1988 4163 cruci-

398 4200 540 4272 ﬁxus
563 4207 661 4265 est,
685 4198 881 4270 inquit,
914 4209 963 4254 et
983 4216 1077 4271 ego
1100 4198 1318 4254 mundo.
1343 4196 1489 4253 Talis
1515 4197 1698 4267 itaque
1717 4206 1803 4254 est
1820 4198 1987 4255 inter-

402 4291 510 4346 itus
559 4300 873 4347 sanctorum
919 4289 1392 4361 contemplationis
1438 4288 1639 4344 virtute
1689 4289 1746 4344 in
1811 4289 1988 4361 ipsum

399 4384 571 4439 Deum
601 4385 1017 4452 transeuntium,
1047 4394 1102 4440 et
1122 4385 1497 4456 omnia,.quae
1524 4395 1669 4452 sunt,
1699 4395 1758 4442 et.
1779 4385 1987 4457 seipsos

402 4474 642 4531 deiﬁcati
672 4474 694 4507 ³
736 4476 1016 4533 altitudine
1075 4477 1293 4532 divinae
1337 4478 1544 4548 gratiae
1591 4478 1986 4549 superantium.

2082 3381 2349 3449 omnium,
2388 3396 2528 3453 quae
2570 3381 2715 3439 facta
2757 3392 2908 3450 sunt,
2942 3383 3110 3439 veluti
3163 3385 3397 3456 quodam
3444 3385 3674 3443 interitu

2082 3471 2263 3528 redire
2284 3471 2341 3527 in
2364 3486 2582 3541 causas,
2612 3487 2751 3542 quae
2793 3473 2849 3528 in
2877 3472 2990 3530 Deo
3013 3474 3351 3543 subsistunt;
3384 3477 3669 3548 proprium

2082 3578 2214 3621 vero
2248 3562 2628 3621 intellectualis
2671 3573 2728 3621 et
2766 3564 3052 3622 rationalis
3086 3567 3425 3624 substantiae
3446 3608 3463 3635 ,
3502 3582 3672 3624 unum

2083 3674 2212 3716 cum
2244 3658 2355 3715 Deo
2380 3657 2584 3721 virtute
2613 3657 3089 3730 contemplationis
3108 3697 3124 3725 ,
3151 3667 3206 3716 et
3248 3659 3392 3716 Deus
3425 3674 3524 3731 per
3556 3676 3678 3735 gra-

2085 3748 2220 3803 tiam
2265 3746 2409 3803 ﬁeri.
2453 3746 2604 3803 DIBG.
2654 3746 2823 3803 Plane
2863 3747 3157 3820 perspicio,
3207 3764 3317 3805 non
3357 3748 3505 3806 aliud
3554 3765 3679 3807 esse

2086 3840 2291 3896 mundo
2333 3839 2535 3910 perire,
2575 3854 2742 3911 quam
2783 3840 2839 3895 in
2881 3856 3080 3898 causas
3112 3855 3242 3898 suae
3279 3843 3495 3911 redire,
3525 3851 3581 3898 et
3622 3843 3682 3899 in

2087 3930 2282 3987 melius
2327 3932 2549 3987 mutari.
2604 3930 2715 3987 Sed
2774 3932 2902 4001 quia
2958 3947 3089 4001 pars
3149 3932 3424 3989 sensibilis
3485 3933 3678 3989 mundi

2090 4021 2325 4083 maxima
2351 4030 2436 4079 est
2467 4036 2666 4092 corpus
2688 4022 3018 4089 humanum,
3052 4036 3163 4079 non
3199 4022 3343 4078 mole
3372 4023 3469 4079 sed
3503 4024 3680 4093 digni-

2091 4123 2219 4169 tate.
2240 4112 2523 4170 rationalis
2563 4114 2801 4180 animae,
2840 4128 2948 4185 qua
2972 4112 3243 4170 formatur
3278 4121 3336 4170 et
3370 4113 3678 4170 vivificatur

2089 4216 2146 4265 et
2207 4205 2415 4278 regitur
2444 4213 2521 4270 ,et
2573 4205 2918 4272 continetur,
2974 4204 3042 4260 de
3088 4203 3262 4275 ipsius
3324 4205 3501 4261 reditu
3565 4214 3678 4262 tra-

2090 4307 2243 4354 ctare
2289 4297 2425 4355 ordo
2447 4310 2629 4353 rerum
2681 4295 2850 4368 exigit
2887 4303 2946 4352 et
2971 4294 3351 4367 disputationis
3387 4296 3578 4364 series,
3618 4299 3684 4354 ni

2090 4386 2270 4444 fallor.

2291 4479 2434 4537 Mss.
2472 4479 2533 4536 In
2570 4479 2676 4537 hoc
2714 4492 2822 4536 non
2857 4477 3103 4548 falleris;
3150 4478 3226 4535 ita
3270 4479 3416 4539 enim
3466 4487 3679 4539 instans
3766 4442 3769 4445 θ

402 4566 479 4622 Eo
507 4567 693 4638 itaque
738 4570 919 4635 modo,
946 4585 1055 4642 quo
1087 4570 1144 4635 ii,
1174 4570 1266 4639 qui
1313 4571 1513 4626 virtute
1552 4578 1715 4641 atque
1760 4571 1990 4629 scientia
2022 4633 2062 4642 __
2093 4571 2180 4629 via
2206 4570 2476 4641 carpenda
2523 4578 2625 4625 est.
2656 4568 2803 4624 DlSC.
2832 4567 3121 4641 Ingredere
3147 4569 3349 4639 itaque.
3381 4566 3525 4627 ιω.
3566 4568 3679 4627 Be-

403 4660 719 4732 implentur,
757 4662 933 4720 adhuc
964 4664 1020 4729 in
1049 4662 1155 4718 hac
1198 4663 1305 4718 vita
1336 4665 1613 4719 constituti
1652 4664 1770 4720 solo
1810 4665 1992 4720 animo
2022 4633 2072 4695 θ
2095 4662 2268 4717 ditum
2296 4662 2592 4718 secundum
2615 4662 2836 4717 humani
2862 4662 3198 4733 corporis—
3230 4677 3357 4719 nam
3384 4664 3590 4734 primus
3618 4664 3680 4722 in

401 4751 709 4818 intereunt,
739 4761 883 4809 totus
910 4754 1176 4820 mundus,
1213 4754 1428 4824 quando
1469 4755 1867 4822 terminabitur,
1911 4755 1992 4811 in-

406 4844 606 4899 teribit.
648 4844 709 4898 ln
738 4845 912 4915 ipsum
941 4844 1111 4911 enim,
1142 4845 1233 4915 qui
1274 4853 1492 4917 propter
1532 4846 1995 4916 superessentiali—

407 4941 573 4986 tatem
620 4948 750 4989 suae
778 4943 1007 4989 naturae
1035 4935 1169 4990 nihil
1198 4935 1395 4991 dicitur
1421 4977 1435 5002 ,
1489 4952 1806 4992 reversurus
1827 4938 1850 4969 ⁸
1884 4945 1990 5004 est,

409 5037 517 5078 non
538 5031 600 5077 ut
618 5034 765 5082 totus
783 5026 1089 5095 deificetur,
1115 5037 1212 5084 aut
1235 5044 1357 5097 eum
1381 5027 1492 5083 Deo
1513 5044 1676 5084 unum
1700 5030 1988 5098 efﬁciatur,

407 5127 471 5172 ut
515 5115 780 5172 caelestes
819 5119 1070 5188 virtutes,
1111 5130 1167 5176 et
1193 5121 1415 5176 humani
1457 5121 1625 5175 animi
1674 5122 1983 5194 illuminati,

409 5205 648 5277 purgati,
696 5206 942 5276 perfecti,
990 5210 1086 5266 sed
1146 5224 1206 5266 ut
1252 5212 1669 5285 unumquodque
1706 5215 1728 5246 ⁸
1777 5231 1988 5284 eorum,

408 5299 611 5369 quibus
651 5299 1071 5369 constituitur“,
1116 5304 1167 5358 in
1208 5319 1358 5370 suas,
1401 5313 1460 5358 ut
1513 5319 1674 5375 saepe
1719 5306 1987 5377 diximus,

409 5399 721 5446 revertatur
770 5406 985 5467 causas.
1012 5393 1219 5454 Causas
1267 5404 1447 5452 autem
1496 5400 1735 5455 omnium
1778 5400 1831 5455 in
1880 5401 1991 5458 Deo

2096 4753 2366 4810 elementa
2407 4753 2605 4809 solutio
2639 4753 2758 4824 ejus
2798 4763 2883 4811 est
2909 4785 2980 4796 —
3009 4755 3469 4813 resurrectionem
3510 4758 3683 4829 ipsius

2095 4862 2251 4916 csse,
2311 4849 2670 4904 communiter
2724 4849 2903 4905 omnis
2956 4848 3201 4908 Ecclesia
3256 4850 3480 4909 fatetur.
3526 4844 3694 4909 Diae.

2095 4940 2349 4997 Omnium
2401 4942 2621 5012 proprie
2676 4950 2931 5012 recteque
2977 4943 3315 4999 credentium
3372 4945 3680 5002 communis

2095 5033 2364 5089 confessio
2390 5041 2494 5100 est,
2543 5047 2651 5087 non
2694 5033 2842 5089 aliud
2881 5047 3003 5089 esse
3050 5033 3286 5089 reditum
3307 5036 3605 5092 secundum
3634 5036 3679 5085 ξ’

2096 5139 2382 5195 corporum
2397 5132 2613 5195 praeter
2642 5138 2831 5181 eorum
2854 5122 3336 5190 resurrectionem,
3359 5133 3416 5178 et
3436 5139 3504 5179 ex
3521 5133 3680 5193 quat-

2098 5227 2218 5273 tuor
2239 5217 2425 5272 mundi
2446 5214 2749 5282 elementis,
2779 5216 2835 5271 in
2855 5214 3363 5286 quael'solvuntur,
3381 5216 3683 5270 revocatio-

2097 5326 2242 5367 nem.
2276 5308 2467 5365 Utrum
2514 5322 2646 5364 vero
2689 5306 3016 5367 resurrectio
3049 5320 3338 5378 corporum
3381 5305 3677 5364 secundum

2096 5403 2351 5474 gratiam,
2376 5416 2447 5456 an
2474 5399 2770 5458 secundum
2807 5406 3088 5466 naturam,
3112 5411 3183 5452 an
3222 5404 3454 5468 utraque
3478 5398 3521 5431 ί*
3552 5414 3682 5456 con-

1694 5513 1949 5573 VARIAE
1985 5514 2381 5577 LECTlONES.

482 5617 625 5705 iSic
648 5619 769 5688 CF;
816 5621 1004 5696 Apost
1051 5625 1502 5680 resurrectionem.
1580 5626 1600 5655 ²
1633 5624 1724 5681 Sic
1750 5625 1868 5693 CF;
1914 5626 1961 5682 Α
1997 5629 2158 5701 quod.
2230 5627 2252 5659 ³
2299 5625 2531 5695 deiﬁcati
2576 5638 2697 5678 omr
2723 5621 2789 5675 A.

482 5706 555 5746 sic
579 5690 665 5746 CF
690 5709 707 5748 :
733 5693 780 5748 A
805 5711 969 5748 unum
990 5696 1153 5748 auorl.
1251 5702 1272 5733 °
1312 5693 1403 5748 Sic
1428 5695 1547 5748 CF:
1579 5695 1622 5748 Λ
1670 5698 2041 5748 constituatur.
2157 5700 2177 5731 "
2221 5696 2313 5748 Sic
2351 5694 2473 5748 CF:
2517 5694 2562 5748 A
2592 5693 2789 5748 dianan

1251 5702 1272 5733 ο
1312 5695 1403 5749 Sic
1428 5695 1547 5760 CF;
1579 5695 1622 5749 Α
1670 5695 2041 5753 constituatur.
2157 5700 2177 5753 ."
2221 5696 2313 5752 Sic
2351 5695 2473 5759 CF;
2517 5695 2562 5748 A
2592 5695 2623 5747 ά

1169 5766 1217 5796 ’³
1256 5764 1421 5818 Deum
1462 5765 1697 5822 videlicet
1729 5782 1838 5823 om.
1869 5767 1975 5825 CF.
2053 5771 2093 5801 “
2124 5769 2215 5824 Sic
2242 5766 2327 5823 CF
2353 5783 2368 5833 ;
2391 5766 2436 5819 Α
2476 5766 2623 5819 unio.

409 5691 439 5766 ξ
463 5687 665 5766 Sic_CF
690 5709 707 5757 ;
733 5687 780 5748 A
805 5687 969 5751 unum
990 5696 1153 5766 quod.

412 5758 458 5837 Α
479 5761 697 5837 unitate.
785 5770 807 5801 ⁸
846 5765 891 5820 Α
923 5758 1068 5837 quia.

418 5827 463 5861 ιδ
503 5830 548 5883 Α
571 5840 811 5903 utroque.

820 5928 1093 5989 PA’I'BOL.
1148 5928 1249 5986 CX
1266 5931 1309 5987 ἶκζ
1330 5926 1406 5987 Η.

2884 5620 2909 5652 ⁵
2937 5619 3029 5678 Sic
3065 5621 3188 5690 CF;
3222 5624 3268 5678 Α
3312 5638 3544 5681 reuersus
3572 5633 3676 5679 est.

2157 5700 2177 5753 ."
2221 5696 2313 5752 Sic
2351 5692 2435 5751 CF
2458 5710 2473 5759 ;
2517 5694 2562 5748 A
2592 5693 2880 5765 dignantur
2916 5692 3023 5748 illis
3068 5694 3293 5765 angelis.
3369 5694 3390 5725 ⁸
3430 5694 3522 5765 Sic
3559 5694 3677 5759 CF;

2732 5763 2775 5794 ¹⁹
2807 5765 3093 5820 secundum
3123 5763 3230 5822 om.
3264 5766 3326 5818 A.
3410 5764 3454 5796 ¹³
3488 5766 3673 5836 Aqua.

3205 5937 3284 5997 es
