  <div class='ocr_page' id='page_1' title='image "/cluster/home/n/w/nwhite01/storage/ocr_20150623/122/pst.000018028355/487.png"; bbox 0 0 4212 6272; ppageno 0'>
   <div class='ocr_carea' id='block_1_1' title="bbox 609 391 715 447">
    <p class='ocr_par' dir='ltr' id='par_1_1' title="bbox 609 391 715 447">
     <span class='ocr_line' id='line_1_1' title="bbox 609 391 715 447; baseline -0.009 0"><span class='ocrx_word' id='word_1_1' title='bbox 609 391 715 447; x_wconf 83' lang='grc'><strong>899</strong></span> 
     </span>
    </p>
   </div>
   <div class='ocr_carea' id='block_1_2' title="bbox 1998 374 2517 433">
    <p class='ocr_par' dir='ltr' id='par_1_2' title="bbox 1998 374 2517 433">
     <span class='ocr_line' id='line_1_2' title="bbox 1998 374 2517 433; baseline -0.002 -2"><span class='ocrx_word' id='word_1_2' title='bbox 1998 375 2280 433; x_wconf 74' lang='lat' dir='ltr'><strong>JOANMS</strong></span> <span class='ocrx_word' id='word_1_3' title='bbox 2321 374 2517 432; x_wconf 82' lang='lat' dir='ltr'><strong>SCOTI</strong></span> 
     </span>
    </p>
   </div>
   <div class='ocr_carea' id='block_1_3' title="bbox 3805 372 3913 431">
    <p class='ocr_par' dir='ltr' id='par_1_3' title="bbox 3805 372 3913 431">
     <span class='ocr_line' id='line_1_3' title="bbox 3805 372 3913 431; baseline 0.009 -1"><span class='ocrx_word' id='word_1_4' title='bbox 3805 372 3913 431; x_wconf 64' lang='grc'><strong>906</strong></span> 
     </span>
    </p>
   </div>
   <div class='ocr_carea' id='block_1_4' title="bbox 584 490 3911 569">
    <p class='ocr_par' dir='ltr' id='par_1_4' title="bbox 584 490 3911 569">
     <span class='ocr_line' id='line_1_4' title="bbox 584 490 3911 569; baseline -0.004 -10"><span class='ocrx_word' id='word_1_5' title='bbox 584 509 867 561; x_wconf 78' lang='lat' dir='ltr'><strong>currente</strong></span> <span class='ocrx_word' id='word_1_6' title='bbox 897 508 989 565; x_wconf 71' lang='lat' dir='ltr'><strong>snt,</strong></span> <span class='ocrx_word' id='word_1_7' title='bbox 1012 497 1417 569; x_wconf 77' lang='lat' dir='ltr'><strong>quaerendum;</strong></span> <span class='ocrx_word' id='word_1_8' title='bbox 1452 507 1574 549; x_wconf 86' lang='lat' dir='ltr'><strong>nam</strong></span> <span class='ocrx_word' id='word_1_9' title='bbox 1604 490 1720 548; x_wconf 81' lang='lat' dir='ltr'><strong>fere</strong></span> <span class='ocrx_word' id='word_1_10' title='bbox 1746 504 1951 563; x_wconf 87' lang='lat' dir='ltr'><strong>paucos</strong></span> <span class='ocrx_word' id='word_1_11' title='bbox 1992 491 2056 545; x_wconf 83' lang='lat' dir='ltr'><strong>de</strong></span> <span class='ocrx_word' id='word_1_12' title='bbox 2097 490 2199 545; x_wconf 85' lang='lat' dir='ltr'><strong>hoc</strong></span> <span class='ocrx_word' id='word_1_13' title='bbox 2228 497 2275 555; x_wconf 81' lang='grc' dir='ltr'><strong>Α</strong></span> <span class='ocrx_word' id='word_1_14' title='bbox 2301 491 2449 559; x_wconf 86' lang='lat' dir='ltr'><strong>pitur</strong></span> <span class='ocrx_word' id='word_1_15' title='bbox 2497 490 2519 520; x_wconf 79' lang='grc'><strong>⁸</strong></span> <span class='ocrx_word' id='word_1_16' title='bbox 2567 492 2619 543; x_wconf 84' lang='lat' dir='ltr'><strong>in</strong></span> <span class='ocrx_word' id='word_1_17' title='bbox 2677 498 2836 553; x_wconf 85' lang='lat' dir='ltr'><strong>terra,</strong></span> <span class='ocrx_word' id='word_1_18' title='bbox 2900 496 2947 541; x_wconf 86' lang='lat' dir='ltr'><strong>et</strong></span> <span class='ocrx_word' id='word_1_19' title='bbox 2994 497 3106 556; x_wconf 85' lang='lat' dir='ltr'><strong>post</strong></span> <span class='ocrx_word' id='word_1_20' title='bbox 3160 496 3361 555; x_wconf 83' lang='lat' dir='ltr'><strong>tempus</strong></span> <span class='ocrx_word' id='word_1_21' title='bbox 3413 497 3556 542; x_wconf 85' lang='lat' dir='ltr'><strong>terra</strong></span> <span class='ocrx_word' id='word_1_22' title='bbox 3582 527 3596 555; x_wconf 93' lang='lat'><strong>,</strong></span> <span class='ocrx_word' id='word_1_23' title='bbox 3655 496 3823 560; x_wconf 76' lang='lat' dir='ltr'><strong>quae</strong></span> <span class='ocrx_word' id='word_1_24' title='bbox 3864 496 3911 547; x_wconf 83' lang='lat' dir='ltr'><strong>ei</strong></span> 
     </span>
    </p>
   </div>
   <div class='ocr_carea' id='block_1_5' title="bbox 611 592 1133 662">
    <p class='ocr_par' dir='ltr' id='par_1_5' title="bbox 611 592 1133 662">
     <span class='ocr_line' id='line_1_5' title="bbox 611 592 1133 662; baseline -0.013 -10"><span class='ocrx_word' id='word_1_25' title='bbox 611 601 910 652; x_wconf 72' lang='lat' dir='ltr'><strong>tractantes</strong></span> <span class='ocrx_word' id='word_1_26' title='bbox 938 592 1133 662; x_wconf 84' lang='lat' dir='ltr'><strong>reperi.</strong></span> 
     </span>
    </p>
   </div>
   <div class='ocr_carea' id='block_1_6' title="bbox 679 676 2192 755">
    <p class='ocr_par' dir='ltr' id='par_1_6' title="bbox 679 676 2192 755">
     <span class='ocr_line' id='line_1_6' title="bbox 679 676 2192 755; baseline -0.008 -12"><span class='ocrx_word' id='word_1_27' title='bbox 679 688 770 743; x_wconf 70' lang='lat'><strong>25.</strong></span> <span class='ocrx_word' id='word_1_28' title='bbox 804 685 943 739; x_wconf 76' lang='lat' dir='ltr'><strong>MAG.</strong></span> <span class='ocrx_word' id='word_1_29' title='bbox 977 682 1087 739; x_wconf 86' lang='lat' dir='ltr'><strong>Nec</strong></span> <span class='ocrx_word' id='word_1_30' title='bbox 1121 697 1221 755; x_wconf 90' lang='lat' dir='ltr'><strong>ego</strong></span> <span class='ocrx_word' id='word_1_31' title='bbox 1255 682 1533 747; x_wconf 82' lang='lat' dir='ltr'><strong>recordor,</strong></span> <span class='ocrx_word' id='word_1_32' title='bbox 1560 694 1647 736; x_wconf 87' lang='lat' dir='ltr'><strong>me</strong></span> <span class='ocrx_word' id='word_1_33' title='bbox 1689 679 1745 734; x_wconf 91' lang='lat' dir='ltr'><strong>in</strong></span> <span class='ocrx_word' id='word_1_34' title='bbox 1774 677 1957 733; x_wconf 89' lang='lat' dir='ltr'><strong>latinis</strong></span> <span class='ocrx_word' id='word_1_35' title='bbox 1989 676 2192 733; x_wconf 87' lang='lat' dir='ltr'><strong>codici-</strong></span> 
     </span>
    </p>
   </div>
   <div class='ocr_carea' id='block_1_7' title="bbox 612 770 2197 850">
    <p class='ocr_par' dir='ltr' id='par_1_7' title="bbox 612 770 2197 850">
     <span class='ocr_line' id='line_1_7' title="bbox 612 770 2197 850; baseline -0.009 -13"><span class='ocrx_word' id='word_1_36' title='bbox 612 782 716 837; x_wconf 97' lang='lat' dir='ltr'><strong>bus</strong></span> <span class='ocrx_word' id='word_1_37' title='bbox 745 778 960 850; x_wconf 77' lang='lat' dir='ltr'><strong>legisse,</strong></span> <span class='ocrx_word' id='word_1_38' title='bbox 992 792 1097 831; x_wconf 89' lang='lat' dir='ltr'><strong>non</strong></span> <span class='ocrx_word' id='word_1_39' title='bbox 1139 776 1280 846; x_wconf 90' lang='lat' dir='ltr'><strong>quod</strong></span> <span class='ocrx_word' id='word_1_40' title='bbox 1323 772 1575 829; x_wconf 78' lang='lat' dir='ltr'><strong>fortassis</strong></span> <span class='ocrx_word' id='word_1_41' title='bbox 1613 772 1679 827; x_wconf 88' lang='lat' dir='ltr'><strong>de</strong></span> <span class='ocrx_word' id='word_1_42' title='bbox 1723 772 1826 826; x_wconf 90' lang='lat' dir='ltr'><strong>bac</strong></span> <span class='ocrx_word' id='word_1_43' title='bbox 1873 770 2197 841; x_wconf 83' lang='lat' dir='ltr'><strong>quaestione</strong></span> 
     </span>
    </p>
   </div>
   <div class='ocr_carea' id='block_1_8' title="bbox 613 862 2194 940">
    <p class='ocr_par' dir='ltr' id='par_1_8' title="bbox 613 862 2194 940">
     <span class='ocr_line' id='line_1_8' title="bbox 613 862 2194 940; baseline -0.006 -15"><span class='ocrx_word' id='word_1_44' title='bbox 613 862 906 927; x_wconf 80' lang='lat' dir='ltr'><strong>tractatum</strong></span> <span class='ocrx_word' id='word_1_45' title='bbox 938 884 967 940; x_wconf 90' lang='lat' dir='ltr'><strong>a_</strong></span> <span class='ocrx_word' id='word_1_46' title='bbox 994 868 1225 940; x_wconf 88' lang='lat' dir='ltr'><strong>quodam</strong></span> <span class='ocrx_word' id='word_1_47' title='bbox 1256 866 1413 922; x_wconf 88' lang='lat' dir='ltr'><strong>nobis</strong></span> <span class='ocrx_word' id='word_1_48' title='bbox 1441 865 1617 921; x_wconf 91' lang='lat' dir='ltr'><strong>adhuc</strong></span> <span class='ocrx_word' id='word_1_49' title='bbox 1647 864 1919 934; x_wconf 88' lang='lat' dir='ltr'><strong>incognito</strong></span> <span class='ocrx_word' id='word_1_50' title='bbox 1955 879 2061 918; x_wconf 91' lang='lat' dir='ltr'><strong>non</strong></span> <span class='ocrx_word' id='word_1_51' title='bbox 2092 863 2194 927; x_wconf 89' lang='lat' dir='ltr'><strong>sit,</strong></span> 
     </span>
    </p>
   </div>
   <div class='ocr_carea' id='block_1_9' title="bbox 610 952 2199 1033">
    <p class='ocr_par' dir='ltr' id='par_1_9' title="bbox 610 952 2199 1033">
     <span class='ocr_line' id='line_1_9' title="bbox 610 952 2199 1033; baseline -0.008 -16"><span class='ocrx_word' id='word_1_52' title='bbox 610 970 692 1032; x_wconf 62' lang='lat' dir='ltr'><strong>ut.</strong></span> <span class='ocrx_word' id='word_1_53' title='bbox 711 962 931 1033; x_wconf 88' lang='lat' dir='ltr'><strong>opinor;</strong></span> <span class='ocrx_word' id='word_1_54' title='bbox 966 976 1070 1016; x_wconf 91' lang='lat' dir='ltr'><strong>non</strong></span> <span class='ocrx_word' id='word_1_55' title='bbox 1114 960 1256 1014; x_wconf 89' lang='lat' dir='ltr'><strong>enim</strong></span> <span class='ocrx_word' id='word_1_56' title='bbox 1298 955 1595 1029; x_wconf 84' lang='lat' dir='ltr'><strong>putandum</strong></span> <span class='ocrx_word' id='word_1_57' title='bbox 1629 962 1734 1017; x_wconf 88' lang='lat' dir='ltr'><strong>est,</strong></span> <span class='ocrx_word' id='word_1_58' title='bbox 1780 953 2054 1007; x_wconf 79' lang='lat' dir='ltr'><strong>Romanae</strong></span> <span class='ocrx_word' id='word_1_59' title='bbox 2092 952 2199 1006; x_wconf 86' lang='lat' dir='ltr'><strong>lin-</strong></span> 
     </span>
    </p>
   </div>
   <div class='ocr_carea' id='block_1_10' title="bbox 615 1045 2195 1126">
    <p class='ocr_par' dir='ltr' id='par_1_10' title="bbox 615 1045 2195 1126">
     <span class='ocr_line' id='line_1_10' title="bbox 615 1045 2195 1126; baseline -0.006 -19"><span class='ocrx_word' id='word_1_60' title='bbox 615 1069 754 1126; x_wconf 87' lang='lat' dir='ltr'><strong>guae</strong></span> <span class='ocrx_word' id='word_1_61' title='bbox 790 1060 1044 1109; x_wconf 86' lang='lat' dir='ltr'><strong>auctores</strong></span> <span class='ocrx_word' id='word_1_62' title='bbox 1072 1051 1213 1105; x_wconf 81' lang='lat' dir='ltr'><strong>hanc</strong></span> <span class='ocrx_word' id='word_1_63' title='bbox 1242 1064 1490 1121; x_wconf 87' lang='lat' dir='ltr'><strong>magnam</strong></span> <span class='ocrx_word' id='word_1_64' title='bbox 1520 1045 1896 1118; x_wconf 87' lang='lat' dir='ltr'><strong>quaestionem</strong></span> <span class='ocrx_word' id='word_1_65' title='bbox 1938 1045 2195 1099; x_wconf 88' lang='lat' dir='ltr'><strong>intactam</strong></span> 
     </span>
    </p>
   </div>
   <div class='ocr_carea' id='block_1_11' title="bbox 608 1135 2200 1215">
    <p class='ocr_par' dir='ltr' id='par_1_11' title="bbox 608 1135 2200 1215">
     <span class='ocr_line' id='line_1_11' title="bbox 608 1135 2200 1215; baseline -0.005 -17"><span class='ocrx_word' id='word_1_66' title='bbox 608 1143 1068 1215; x_wconf 76' lang='lat' dir='ltr'><strong>praetermisisse,</strong></span> <span class='ocrx_word' id='word_1_67' title='bbox 1094 1149 1187 1196; x_wconf 86' lang='lat' dir='ltr'><strong>aut</strong></span> <span class='ocrx_word' id='word_1_68' title='bbox 1210 1149 1447 1196; x_wconf 88' lang='lat' dir='ltr'><strong>notatam</strong></span> <span class='ocrx_word' id='word_1_69' title='bbox 1471 1155 1578 1194; x_wconf 88' lang='lat' dir='ltr'><strong>non</strong></span> <span class='ocrx_word' id='word_1_70' title='bbox 1610 1146 1871 1215; x_wconf 81' lang='lat' dir='ltr'><strong>tractasse</strong></span> <span class='ocrx_word' id='word_1_71' title='bbox 1895 1149 1909 1188; x_wconf 91' lang='lat'><strong>:</strong></span> <span class='ocrx_word' id='word_1_72' title='bbox 1936 1135 2031 1191; x_wconf 89' lang='lat' dir='ltr'><strong>sed</strong></span> <span class='ocrx_word' id='word_1_73' title='bbox 2054 1135 2200 1206; x_wconf 83' lang='lat' dir='ltr'><strong>quod</strong></span> 
     </span>
    </p>
   </div>
   <div class='ocr_carea' id='block_1_12' title="bbox 612 1213 2199 1304">
    <p class='ocr_par' dir='ltr' id='par_1_12' title="bbox 612 1213 2199 1304">
     <span class='ocr_line' id='line_1_12' title="bbox 612 1213 2199 1304; baseline -0.006 -12"><span class='ocrx_word' id='word_1_74' title='bbox 612 1213 669 1293; x_wconf 81' lang='lat' dir='ltr'><strong>in</strong></span> <span class='ocrx_word' id='word_1_75' title='bbox 715 1252 908 1291; x_wconf 89' lang='lat' dir='ltr'><strong>manus</strong></span> <span class='ocrx_word' id='word_1_76' title='bbox 924 1243 1140 1291; x_wconf 90' lang='lat' dir='ltr'><strong>nostras</strong></span> <span class='ocrx_word' id='word_1_77' title='bbox 1176 1235 1210 1298; x_wconf 76' lang='grc' dir='ltr'><strong>ί,</strong></span> <span class='ocrx_word' id='word_1_78' title='bbox 1249 1234 1292 1288; x_wconf 90' lang='lat' dir='ltr'><strong>si</strong></span> <span class='ocrx_word' id='word_1_79' title='bbox 1321 1233 1449 1304; x_wconf 91' lang='lat' dir='ltr'><strong>quid</strong></span> <span class='ocrx_word' id='word_1_80' title='bbox 1487 1231 1610 1287; x_wconf 91' lang='lat' dir='ltr'><strong>inde</strong></span> <span class='ocrx_word' id='word_1_81' title='bbox 1639 1213 1921 1286; x_wconf 79' lang='lat' dir='ltr'><strong>delinitum</strong></span> <span class='ocrx_word' id='word_1_82' title='bbox 1962 1237 2063 1294; x_wconf 88' lang='lat' dir='ltr'><strong>est,</strong></span> <span class='ocrx_word' id='word_1_83' title='bbox 2092 1243 2199 1283; x_wconf 87' lang='lat' dir='ltr'><strong>non</strong></span> 
     </span>
    </p>
   </div>
   <div class='ocr_carea' id='block_1_13' title="bbox 612 1319 2198 1400">
    <p class='ocr_par' dir='ltr' id='par_1_13' title="bbox 612 1319 2198 1400">
     <span class='ocr_line' id='line_1_13' title="bbox 612 1319 2198 1400; baseline -0.008 -16"><span class='ocrx_word' id='word_1_84' title='bbox 612 1328 877 1400; x_wconf 85' lang='lat' dir='ltr'><strong>pervenit.</strong></span> <span class='ocrx_word' id='word_1_85' title='bbox 911 1327 1141 1396; x_wconf 90' lang='lat' dir='ltr'><strong>Ideoque</strong></span> <span class='ocrx_word' id='word_1_86' title='bbox 1170 1326 1297 1381; x_wconf 91' lang='lat' dir='ltr'><strong>dum</strong></span> <span class='ocrx_word' id='word_1_87' title='bbox 1328 1323 1421 1378; x_wconf 91' lang='lat' dir='ltr'><strong>diu</strong></span> <span class='ocrx_word' id='word_1_88' title='bbox 1445 1337 1545 1394; x_wconf 88' lang='lat' dir='ltr'><strong>per</strong></span> <span class='ocrx_word' id='word_1_89' title='bbox 1572 1334 1658 1376; x_wconf 93' lang='lat' dir='ltr'><strong>me</strong></span> <span class='ocrx_word' id='word_1_90' title='bbox 1678 1322 1850 1390; x_wconf 87' lang='lat' dir='ltr'><strong>ipsum</strong></span> <span class='ocrx_word' id='word_1_91' title='bbox 1883 1319 1947 1373; x_wconf 91' lang='lat' dir='ltr'><strong>de</strong></span> <span class='ocrx_word' id='word_1_92' title='bbox 1977 1319 2079 1375; x_wconf 87' lang='lat' dir='ltr'><strong>hoc</strong></span> <span class='ocrx_word' id='word_1_93' title='bbox 2108 1332 2198 1372; x_wconf 92' lang='lat' dir='ltr'><strong>co-</strong></span> 
     </span>
    </p>
   </div>
   <div class='ocr_carea' id='block_1_14' title="bbox 526 1408 2197 1498">
    <p class='ocr_par' dir='ltr' id='par_1_14' title="bbox 526 1408 2197 1498">
     <span class='ocr_line' id='line_1_14' title="bbox 526 1408 2197 1498; baseline -0.008 -23"><span class='ocrx_word' id='word_1_94' title='bbox 526 1424 549 1498; x_wconf 37' lang='lat'><strong>&quot;,</strong></span> <span class='ocrx_word' id='word_1_95' title='bbox 617 1420 877 1492; x_wconf 84' lang='lat' dir='ltr'><strong>gitabam,</strong></span> <span class='ocrx_word' id='word_1_96' title='bbox 918 1417 995 1473; x_wconf 89' lang='lat' dir='ltr'><strong>nil</strong></span> <span class='ocrx_word' id='word_1_97' title='bbox 1046 1416 1188 1471; x_wconf 85' lang='lat' dir='ltr'><strong>aliud</strong></span> <span class='ocrx_word' id='word_1_98' title='bbox 1239 1414 1371 1469; x_wconf 89' lang='lat' dir='ltr'><strong>mihi</strong></span> <span class='ocrx_word' id='word_1_99' title='bbox 1416 1412 1757 1476; x_wconf 82' lang='lat' dir='ltr'><strong>occurrebat,</strong></span> <span class='ocrx_word' id='word_1_100' title='bbox 1799 1420 2018 1481; x_wconf 89' lang='lat' dir='ltr'><strong>praeter</strong></span> <span class='ocrx_word' id='word_1_101' title='bbox 2055 1408 2197 1478; x_wconf 86' lang='lat' dir='ltr'><strong>quod</strong></span> 
     </span>
    </p>
   </div>
   <div class='ocr_carea' id='block_1_15' title="bbox 610 1498 2207 1575">
    <p class='ocr_par' dir='ltr' id='par_1_15' title="bbox 610 1498 2207 1575">
     <span class='ocr_line' id='line_1_15' title="bbox 610 1498 2207 1575; baseline -0.008 -9"><span class='ocrx_word' id='word_1_102' title='bbox 610 1508 947 1566; x_wconf 85' lang='lat' dir='ltr'><strong>resurrectio</strong></span> <span class='ocrx_word' id='word_1_103' title='bbox 985 1514 1324 1563; x_wconf 90' lang='lat' dir='ltr'><strong>mortuorum</strong></span> <span class='ocrx_word' id='word_1_104' title='bbox 1356 1501 1685 1575; x_wconf 79' lang='lat' dir='ltr'><strong>generaliter</strong></span> <span class='ocrx_word' id='word_1_105' title='bbox 1721 1499 1991 1555; x_wconf 88' lang='lat' dir='ltr'><strong>bonorum</strong></span> <span class='ocrx_word' id='word_1_106' title='bbox 2028 1498 2207 1554; x_wconf 85' lang='lat' dir='ltr'><strong>malo-</strong></span> 
     </span>
    </p>
   </div>
   <div class='ocr_carea' id='block_1_16' title="bbox 528 1589 2197 1671">
    <p class='ocr_par' dir='ltr' id='par_1_16' title="bbox 528 1589 2197 1671">
     <span class='ocr_line' id='line_1_16' title="bbox 528 1589 2197 1671; baseline -0.008 -14"><span class='ocrx_word' id='word_1_107' title='bbox 528 1590 551 1609; x_wconf 38' lang='lat'><strong>1&#39;</strong></span> <span class='ocrx_word' id='word_1_108' title='bbox 612 1614 846 1671; x_wconf 81' lang='lat' dir='ltr'><strong>rumque</strong></span> <span class='ocrx_word' id='word_1_109' title='bbox 890 1613 997 1654; x_wconf 92' lang='lat' dir='ltr'><strong>non</strong></span> <span class='ocrx_word' id='word_1_110' title='bbox 1037 1596 1141 1653; x_wconf 86' lang='lat' dir='ltr'><strong>nisi</strong></span> <span class='ocrx_word' id='word_1_111' title='bbox 1189 1594 1303 1652; x_wconf 89' lang='lat' dir='ltr'><strong>sola</strong></span> <span class='ocrx_word' id='word_1_112' title='bbox 1356 1591 1737 1663; x_wconf 80' lang='lat' dir='ltr'><strong>Redemptoris</strong></span> <span class='ocrx_word' id='word_1_113' title='bbox 1788 1589 1975 1645; x_wconf 90' lang='lat' dir='ltr'><strong>mundi</strong></span> <span class='ocrx_word' id='word_1_114' title='bbox 2023 1590 2197 1661; x_wconf 90' lang='lat' dir='ltr'><strong>gratia</strong></span> 
     </span>
    </p>
   </div>
   <div class='ocr_carea' id='block_1_17' title="bbox 609 1681 2193 1756">
    <p class='ocr_par' dir='ltr' id='par_1_17' title="bbox 609 1681 2193 1756">
     <span class='ocr_line' id='line_1_17' title="bbox 609 1681 2193 1756; baseline -0.008 -8"><span class='ocrx_word' id='word_1_115' title='bbox 609 1692 793 1747; x_wconf 70' lang='lat' dir='ltr'><strong>futura</strong></span> <span class='ocrx_word' id='word_1_116' title='bbox 819 1689 913 1756; x_wconf 87' lang='lat' dir='ltr'><strong>sit,</strong></span> <span class='ocrx_word' id='word_1_117' title='bbox 942 1687 1087 1743; x_wconf 88' lang='lat' dir='ltr'><strong>nulla</strong></span> <span class='ocrx_word' id='word_1_118' title='bbox 1114 1685 1348 1742; x_wconf 86' lang='lat' dir='ltr'><strong>naturali</strong></span> <span class='ocrx_word' id='word_1_119' title='bbox 1377 1684 1574 1739; x_wconf 85' lang='lat' dir='ltr'><strong>virtute</strong></span> <span class='ocrx_word' id='word_1_120' title='bbox 1596 1690 1843 1753; x_wconf 77' lang='lat' dir='ltr'><strong>cogente,</strong></span> <span class='ocrx_word' id='word_1_121' title='bbox 1870 1681 1927 1736; x_wconf 89' lang='lat' dir='ltr'><strong>in</strong></span> <span class='ocrx_word' id='word_1_122' title='bbox 1962 1689 2193 1748; x_wconf 84' lang='lat' dir='ltr'><strong>tantum,</strong></span> 
     </span>
    </p>
   </div>
   <div class='ocr_carea' id='block_1_18' title="bbox 613 1774 2200 1840">
    <p class='ocr_par' dir='ltr' id='par_1_18' title="bbox 613 1774 2200 1840">
     <span class='ocr_line' id='line_1_18' title="bbox 613 1774 2200 1840; baseline -0.007 -1"><span class='ocrx_word' id='word_1_123' title='bbox 613 1793 677 1839; x_wconf 88' lang='lat' dir='ltr'><strong>ut</strong></span> <span class='ocrx_word' id='word_1_124' title='bbox 711 1782 757 1838; x_wconf 88' lang='lat' dir='ltr'><strong>si</strong></span> <span class='ocrx_word' id='word_1_125' title='bbox 799 1781 941 1836; x_wconf 82' lang='lat' dir='ltr'><strong>Deus</strong></span> <span class='ocrx_word' id='word_1_126' title='bbox 971 1777 1202 1835; x_wconf 75' lang='lat' dir='ltr'><strong>Verbum</strong></span> <span class='ocrx_word' id='word_1_127' title='bbox 1229 1791 1358 1833; x_wconf 87' lang='lat' dir='ltr'><strong>caro</strong></span> <span class='ocrx_word' id='word_1_128' title='bbox 1380 1774 1582 1831; x_wconf 86' lang='lat' dir='ltr'><strong>factum</strong></span> <span class='ocrx_word' id='word_1_129' title='bbox 1620 1790 1727 1831; x_wconf 86' lang='lat' dir='ltr'><strong>non</strong></span> <span class='ocrx_word' id='word_1_130' title='bbox 1768 1774 1944 1840; x_wconf 81' lang='lat' dir='ltr'><strong>ﬁeret,</strong></span> <span class='ocrx_word' id='word_1_131' title='bbox 1975 1782 2030 1828; x_wconf 89' lang='lat' dir='ltr'><strong>et</strong></span> <span class='ocrx_word' id='word_1_132' title='bbox 2058 1774 2200 1828; x_wconf 85' lang='lat' dir='ltr'><strong>inter</strong></span> 
     </span>
    </p>
   </div>
   <div class='ocr_carea' id='block_1_19' title="bbox 610 1865 2201 1933">
    <p class='ocr_par' dir='ltr' id='par_1_19' title="bbox 610 1865 2201 1933">
     <span class='ocr_line' id='line_1_19' title="bbox 610 1865 2201 1933; baseline -0.005 -4"><span class='ocrx_word' id='word_1_133' title='bbox 610 1873 864 1930; x_wconf 76' lang='lat' dir='ltr'><strong>homines</strong></span> <span class='ocrx_word' id='word_1_134' title='bbox 892 1878 1246 1927; x_wconf 79' lang='lat' dir='ltr'><strong>conversatus</strong></span> <span class='ocrx_word' id='word_1_135' title='bbox 1280 1883 1387 1923; x_wconf 90' lang='lat' dir='ltr'><strong>non</strong></span> <span class='ocrx_word' id='word_1_136' title='bbox 1417 1874 1600 1933; x_wconf 88' lang='lat' dir='ltr'><strong>esset,</strong></span> <span class='ocrx_word' id='word_1_137' title='bbox 1630 1875 1685 1921; x_wconf 88' lang='lat' dir='ltr'><strong>et</strong></span> <span class='ocrx_word' id='word_1_138' title='bbox 1714 1875 1879 1921; x_wconf 86' lang='lat' dir='ltr'><strong>totam</strong></span> <span class='ocrx_word' id='word_1_139' title='bbox 1906 1865 2201 1921; x_wconf 79' lang='lat' dir='ltr'><strong>humanam</strong></span> 
     </span>
    </p>
   </div>
   <div class='ocr_carea' id='block_1_20' title="bbox 625 1960 2201 2031">
    <p class='ocr_par' dir='ltr' id='par_1_20' title="bbox 625 1960 2201 2031">
     <span class='ocr_line' id='line_1_20' title="bbox 625 1960 2201 2031; baseline -0.004 -11"><span class='ocrx_word' id='word_1_140' title='bbox 625 1973 876 2020; x_wconf 75' lang='lat' dir='ltr'><strong>naturam</strong></span> <span class='ocrx_word' id='word_1_141' title='bbox 909 1978 1015 2018; x_wconf 88' lang='lat' dir='ltr'><strong>non</strong></span> <span class='ocrx_word' id='word_1_142' title='bbox 1044 1961 1349 2031; x_wconf 88' lang='lat' dir='ltr'><strong>reciperet,</strong></span> <span class='ocrx_word' id='word_1_143' title='bbox 1378 1960 1432 2015; x_wconf 94' lang='lat' dir='ltr'><strong>in</strong></span> <span class='ocrx_word' id='word_1_144' title='bbox 1459 1974 1562 2030; x_wconf 91' lang='lat' dir='ltr'><strong>qua</strong></span> <span class='ocrx_word' id='word_1_145' title='bbox 1594 1973 1784 2031; x_wconf 89' lang='lat' dir='ltr'><strong>passus</strong></span> <span class='ocrx_word' id='word_1_146' title='bbox 1818 1966 1901 2014; x_wconf 88' lang='lat' dir='ltr'><strong>est</strong></span> <span class='ocrx_word' id='word_1_147' title='bbox 1930 1966 1985 2013; x_wconf 90' lang='lat' dir='ltr'><strong>et</strong></span> <span class='ocrx_word' id='word_1_148' title='bbox 2014 1973 2201 2014; x_wconf 88' lang='lat' dir='ltr'><strong>resur-</strong></span> 
     </span>
    </p>
   </div>
   <div class='ocr_carea' id='block_1_21' title="bbox 628 2043 2203 2123">
    <p class='ocr_par' dir='ltr' id='par_1_21' title="bbox 628 2043 2203 2123">
     <span class='ocr_line' id='line_1_21' title="bbox 628 2043 2203 2123; baseline -0.004 -11"><span class='ocrx_word' id='word_1_149' title='bbox 628 2057 791 2123; x_wconf 83' lang='lat' dir='ltr'><strong>rexit,</strong></span> <span class='ocrx_word' id='word_1_150' title='bbox 819 2054 963 2109; x_wconf 86' lang='lat' dir='ltr'><strong>nulla</strong></span> <span class='ocrx_word' id='word_1_151' title='bbox 992 2060 1328 2109; x_wconf 88' lang='lat' dir='ltr'><strong>mortuorum</strong></span> <span class='ocrx_word' id='word_1_152' title='bbox 1373 2043 1703 2107; x_wconf 87' lang='lat' dir='ltr'><strong>resurrectio</strong></span> <span class='ocrx_word' id='word_1_153' title='bbox 1732 2048 1890 2105; x_wconf 87' lang='lat' dir='ltr'><strong>foret.</strong></span> <span class='ocrx_word' id='word_1_154' title='bbox 1925 2049 1989 2105; x_wconf 90' lang='lat' dir='ltr'><strong>Et</strong></span> <span class='ocrx_word' id='word_1_155' title='bbox 2026 2058 2085 2105; x_wconf 89' lang='lat' dir='ltr'><strong>ut</strong></span> <span class='ocrx_word' id='word_1_156' title='bbox 2124 2050 2203 2106; x_wconf 88' lang='lat' dir='ltr'><strong>sic</strong></span> 
     </span>
    </p>
   </div>
   <div class='ocr_carea' id='block_1_22' title="bbox 623 2131 2198 2221">
    <p class='ocr_par' dir='ltr' id='par_1_22' title="bbox 623 2131 2198 2221">
     <span class='ocr_line' id='line_1_22' title="bbox 623 2131 2198 2221; baseline -0.005 -16"><span class='ocrx_word' id='word_1_157' title='bbox 623 2131 1017 2221; x_wconf 71' lang='lat' dir='ltr'><strong>intelligerent,</strong></span> <span class='ocrx_word' id='word_1_158' title='bbox 1057 2161 1124 2203; x_wconf 87' lang='lat' dir='ltr'><strong>eo</strong></span> <span class='ocrx_word' id='word_1_159' title='bbox 1162 2145 1311 2216; x_wconf 77' lang='lat' dir='ltr'><strong>quod</strong></span> <span class='ocrx_word' id='word_1_160' title='bbox 1347 2144 1463 2217; x_wconf 86' lang='lat' dir='ltr'><strong>ipse</strong></span> <span class='ocrx_word' id='word_1_161' title='bbox 1505 2142 1671 2208; x_wconf 80' lang='lat' dir='ltr'><strong>dixit,</strong></span> <span class='ocrx_word' id='word_1_162' title='bbox 1704 2148 1968 2198; x_wconf 83' lang='lat' dir='ltr'><strong>attractus</strong></span> <span class='ocrx_word' id='word_1_163' title='bbox 2007 2158 2198 2198; x_wconf 88' lang='lat' dir='ltr'><strong>eram:</strong></span> 
     </span>
    </p>
   </div>
   <div class='ocr_carea' id='block_1_23' title="bbox 625 2233 2203 2313">
    <p class='ocr_par' dir='ltr' id='par_1_23' title="bbox 625 2233 2203 2313">
     <span class='ocr_line' id='line_1_23' title="bbox 625 2233 2203 2313; baseline -0.004 -18"><span class='ocrx_word' id='word_1_164' title='bbox 625 2240 739 2313; x_wconf 82' lang='lat' dir='ltr'><strong>Ego</strong></span> <span class='ocrx_word' id='word_1_165' title='bbox 776 2255 893 2294; x_wconf 86' lang='lat' dir='ltr'><strong>sum</strong></span> <span class='ocrx_word' id='word_1_166' title='bbox 931 2238 1241 2293; x_wconf 84' lang='lat' dir='ltr'><strong>resurrectio</strong></span> <span class='ocrx_word' id='word_1_167' title='bbox 1269 2244 1317 2289; x_wconf 91' lang='lat' dir='ltr'><strong>et</strong></span> <span class='ocrx_word' id='word_1_168' title='bbox 1348 2237 1497 2302; x_wconf 82' lang='lat' dir='ltr'><strong>vita;</strong></span> <span class='ocrx_word' id='word_1_169' title='bbox 1534 2249 1596 2289; x_wconf 90' lang='lat' dir='ltr'><strong>ac</strong></span> <span class='ocrx_word' id='word_1_170' title='bbox 1627 2234 1671 2289; x_wconf 91' lang='lat' dir='ltr'><strong>si</strong></span> <span class='ocrx_word' id='word_1_171' title='bbox 1700 2248 1798 2305; x_wconf 88' lang='lat' dir='ltr'><strong>per</strong></span> <span class='ocrx_word' id='word_1_172' title='bbox 1826 2233 1992 2288; x_wconf 88' lang='lat' dir='ltr'><strong>solam</strong></span> <span class='ocrx_word' id='word_1_173' title='bbox 2026 2235 2203 2290; x_wconf 87' lang='lat' dir='ltr'><strong>incar-</strong></span> 
     </span>
    </p>
   </div>
   <div class='ocr_carea' id='block_1_24' title="bbox 615 2326 2198 2402">
    <p class='ocr_par' dir='ltr' id='par_1_24' title="bbox 615 2326 2198 2402">
     <span class='ocr_line' id='line_1_24' title="bbox 615 2326 2198 2402; baseline -0.005 -14"><span class='ocrx_word' id='word_1_174' title='bbox 615 2333 892 2388; x_wconf 82' lang='lat' dir='ltr'><strong>nationem</strong></span> <span class='ocrx_word' id='word_1_175' title='bbox 915 2331 1083 2402; x_wconf 85' lang='lat' dir='ltr'><strong>ipsius</strong></span> <span class='ocrx_word' id='word_1_176' title='bbox 1098 2339 1123 2371; x_wconf 78' lang='grc'>²</span> <span class='ocrx_word' id='word_1_177' title='bbox 1139 2327 1390 2402; x_wconf 77' lang='lat' dir='ltr'><strong>generale</strong></span> <span class='ocrx_word' id='word_1_178' title='bbox 1410 2328 1513 2384; x_wconf 85' lang='lat' dir='ltr'><strong>hoc</strong></span> <span class='ocrx_word' id='word_1_179' title='bbox 1534 2327 1759 2393; x_wconf 88' lang='lat' dir='ltr'><strong>donum,</strong></span> <span class='ocrx_word' id='word_1_180' title='bbox 1783 2326 1930 2382; x_wconf 92' lang='lat' dir='ltr'><strong>nullo</strong></span> <span class='ocrx_word' id='word_1_181' title='bbox 1950 2335 2198 2396; x_wconf 85' lang='lat' dir='ltr'><strong>excepto,</strong></span> 
     </span>
    </p>
   </div>
   <div class='ocr_carea' id='block_1_25' title="bbox 619 2418 2201 2499">
    <p class='ocr_par' dir='ltr' id='par_1_25' title="bbox 619 2418 2201 2499">
     <span class='ocr_line' id='line_1_25' title="bbox 619 2418 2201 2499; baseline -0.007 -16"><span class='ocrx_word' id='word_1_182' title='bbox 619 2440 791 2499; x_wconf 86' lang='lat' dir='ltr'><strong>genus</strong></span> <span class='ocrx_word' id='word_1_183' title='bbox 831 2427 1129 2483; x_wconf 82' lang='lat' dir='ltr'><strong>humanum</strong></span> <span class='ocrx_word' id='word_1_184' title='bbox 1158 2421 1429 2493; x_wconf 89' lang='lat' dir='ltr'><strong>acceperit</strong></span> <span class='ocrx_word' id='word_1_185' title='bbox 1455 2420 1498 2489; x_wconf 82' lang='grc'><strong>⁸,</strong></span> <span class='ocrx_word' id='word_1_186' title='bbox 1530 2420 1981 2476; x_wconf 88' lang='lat' dir='ltr'><strong>resurrectionem</strong></span> <span class='ocrx_word' id='word_1_187' title='bbox 2015 2418 2201 2474; x_wconf 83' lang='lat' dir='ltr'><strong>videli-</strong></span> 
     </span>
    </p>
   </div>
   <div class='ocr_carea' id='block_1_26' title="bbox 619 2510 2201 2583">
    <p class='ocr_par' dir='ltr' id='par_1_26' title="bbox 619 2510 2201 2583">
     <span class='ocr_line' id='line_1_26' title="bbox 619 2510 2201 2583; baseline -0.006 -10"><span class='ocrx_word' id='word_1_188' title='bbox 619 2526 707 2574; x_wconf 85' lang='lat' dir='ltr'><strong>cet</strong></span> <span class='ocrx_word' id='word_1_189' title='bbox 735 2534 766 2572; x_wconf 87' lang='lat' dir='ltr'><strong>a</strong></span> <span class='ocrx_word' id='word_1_190' title='bbox 796 2516 1052 2583; x_wconf 85' lang='lat' dir='ltr'><strong>mortuis,</strong></span> <span class='ocrx_word' id='word_1_191' title='bbox 1080 2515 1185 2570; x_wconf 88' lang='lat' dir='ltr'><strong>hoc</strong></span> <span class='ocrx_word' id='word_1_192' title='bbox 1230 2521 1314 2570; x_wconf 85' lang='lat' dir='ltr'><strong>est</strong></span> <span class='ocrx_word' id='word_1_193' title='bbox 1344 2511 1741 2569; x_wconf 89' lang='lat' dir='ltr'><strong>restitutionem</strong></span> <span class='ocrx_word' id='word_1_194' title='bbox 1780 2519 1835 2566; x_wconf 91' lang='lat' dir='ltr'><strong>et</strong></span> <span class='ocrx_word' id='word_1_195' title='bbox 1863 2510 2201 2582; x_wconf 80' lang='lat' dir='ltr'><strong>redintegra—</strong></span> 
     </span>
    </p>
   </div>
   <div class='ocr_carea' id='block_1_27' title="bbox 619 2606 2203 2674">
    <p class='ocr_par' dir='ltr' id='par_1_27' title="bbox 619 2606 2203 2674">
     <span class='ocr_line' id='line_1_27' title="bbox 619 2606 2203 2674; baseline -0.005 -11"><span class='ocrx_word' id='word_1_196' title='bbox 619 2610 821 2665; x_wconf 88' lang='lat' dir='ltr'><strong>tionem</strong></span> <span class='ocrx_word' id='word_1_197' title='bbox 871 2607 1037 2664; x_wconf 88' lang='lat' dir='ltr'><strong>totius</strong></span> <span class='ocrx_word' id='word_1_198' title='bbox 1082 2606 1327 2663; x_wconf 85' lang='lat' dir='ltr'><strong>hominis</strong></span> <span class='ocrx_word' id='word_1_199' title='bbox 1366 2613 1632 2669; x_wconf 86' lang='lat' dir='ltr'><strong>naturae,</strong></span> <span class='ocrx_word' id='word_1_200' title='bbox 1677 2618 1817 2674; x_wconf 83' lang='lat' dir='ltr'><strong>quae</strong></span> <span class='ocrx_word' id='word_1_201' title='bbox 1873 2617 2109 2674; x_wconf 83' lang='lat' dir='ltr'><strong>corpore</strong></span> <span class='ocrx_word' id='word_1_202' title='bbox 2148 2610 2203 2656; x_wconf 91' lang='lat' dir='ltr'><strong>et</strong></span> 
     </span>
    </p>
   </div>
   <div class='ocr_carea' id='block_1_28' title="bbox 621 2693 2201 2756">
    <p class='ocr_par' dir='ltr' id='par_1_28' title="bbox 621 2693 2201 2756">
     <span class='ocr_line' id='line_1_28' title="bbox 621 2693 2201 2756; baseline -0.004 -1"><span class='ocrx_word' id='word_1_203' title='bbox 621 2702 803 2755; x_wconf 86' lang='lat' dir='ltr'><strong>anima</strong></span> <span class='ocrx_word' id='word_1_204' title='bbox 835 2699 1129 2756; x_wconf 88' lang='lat' dir='ltr'><strong>constituta</strong></span> <span class='ocrx_word' id='word_1_205' title='bbox 1167 2706 1268 2754; x_wconf 88' lang='lat' dir='ltr'><strong>est.</strong></span> <span class='ocrx_word' id='word_1_206' title='bbox 1301 2696 1359 2753; x_wconf 87' lang='lat' dir='ltr'><strong>Si</strong></span> <span class='ocrx_word' id='word_1_207' title='bbox 1393 2704 1572 2753; x_wconf 90' lang='lat' dir='ltr'><strong>autem</strong></span> <span class='ocrx_word' id='word_1_208' title='bbox 1610 2695 1705 2751; x_wconf 87' lang='lat' dir='ltr'><strong>Dei</strong></span> <span class='ocrx_word' id='word_1_209' title='bbox 1740 2693 1981 2751; x_wconf 72' lang='lat' dir='ltr'><strong>Verbum</strong></span> <span class='ocrx_word' id='word_1_210' title='bbox 2011 2696 2201 2749; x_wconf 79' lang='lat' dir='ltr'><strong>huma-</strong></span> 
     </span>
    </p>
   </div>
   <div class='ocr_carea' id='block_1_29' title="bbox 614 2788 2201 2862">
    <p class='ocr_par' dir='ltr' id='par_1_29' title="bbox 614 2788 2201 2862">
     <span class='ocr_line' id='line_1_29' title="bbox 614 2788 2201 2862; baseline -0.003 -13"><span class='ocrx_word' id='word_1_211' title='bbox 614 2808 744 2849; x_wconf 85' lang='lat' dir='ltr'><strong>nam</strong></span> <span class='ocrx_word' id='word_1_212' title='bbox 776 2803 1027 2849; x_wconf 77' lang='lat' dir='ltr'><strong>namram</strong></span> <span class='ocrx_word' id='word_1_213' title='bbox 1058 2807 1168 2850; x_wconf 89' lang='lat' dir='ltr'><strong>non</strong></span> <span class='ocrx_word' id='word_1_214' title='bbox 1207 2791 1538 2862; x_wconf 82' lang='lat' dir='ltr'><strong>susciperet,</strong></span> <span class='ocrx_word' id='word_1_215' title='bbox 1568 2796 1625 2846; x_wconf 89' lang='lat' dir='ltr'><strong>et</strong></span> <span class='ocrx_word' id='word_1_216' title='bbox 1668 2790 1722 2844; x_wconf 90' lang='lat' dir='ltr'><strong>in</strong></span> <span class='ocrx_word' id='word_1_217' title='bbox 1758 2804 1822 2845; x_wconf 89' lang='lat' dir='ltr'><strong>ea</strong></span> <span class='ocrx_word' id='word_1_218' title='bbox 1860 2804 1925 2843; x_wconf 83' lang='lat' dir='ltr'><strong>ex</strong></span> <span class='ocrx_word' id='word_1_219' title='bbox 1975 2788 2201 2845; x_wconf 79' lang='lat' dir='ltr'><strong>mortuis</strong></span> 
     </span>
    </p>
   </div>
   <div class='ocr_carea' id='block_1_30' title="bbox 618 2881 2199 2958">
    <p class='ocr_par' dir='ltr' id='par_1_30' title="bbox 618 2881 2199 2958">
     <span class='ocr_line' id='line_1_30' title="bbox 618 2881 2199 2958; baseline -0.006 -15"><span class='ocrx_word' id='word_1_220' title='bbox 618 2890 727 2943; x_wconf 80' lang='lat' dir='ltr'><strong>non</strong></span> <span class='ocrx_word' id='word_1_221' title='bbox 759 2894 1099 2958; x_wconf 80' lang='lat' dir='ltr'><strong>resurgeret,</strong></span> <span class='ocrx_word' id='word_1_222' title='bbox 1128 2885 1311 2941; x_wconf 79' lang='lat' dir='ltr'><strong>nul‘lus</strong></span> <span class='ocrx_word' id='word_1_223' title='bbox 1358 2886 1577 2940; x_wconf 87' lang='lat' dir='ltr'><strong>omnino</strong></span> <span class='ocrx_word' id='word_1_224' title='bbox 1614 2881 2026 2938; x_wconf 86' lang='lat' dir='ltr'><strong>resurrectionis</strong></span> <span class='ocrx_word' id='word_1_225' title='bbox 2078 2896 2199 2951; x_wconf 84' lang='lat' dir='ltr'><strong>gra—</strong></span> 
     </span>
    </p>
   </div>
   <div class='ocr_carea' id='block_1_31' title="bbox 614 2971 2196 3046">
    <p class='ocr_par' dir='ltr' id='par_1_31' title="bbox 614 2971 2196 3046">
     <span class='ocr_line' id='line_1_31' title="bbox 614 2971 2196 3046; baseline -0.006 -13"><span class='ocrx_word' id='word_1_226' title='bbox 614 2978 749 3033; x_wconf 87' lang='lat' dir='ltr'><strong>tiam</strong></span> <span class='ocrx_word' id='word_1_227' title='bbox 775 2978 1022 3046; x_wconf 80' lang='lat' dir='ltr'><strong>baberet,</strong></span> <span class='ocrx_word' id='word_1_228' title='bbox 1049 2977 1167 3044; x_wconf 89' lang='lat' dir='ltr'><strong>sed,</strong></span> <span class='ocrx_word' id='word_1_229' title='bbox 1190 2977 1333 3032; x_wconf 87' lang='lat' dir='ltr'><strong>sicut</strong></span> <span class='ocrx_word' id='word_1_230' title='bbox 1360 2986 1665 3032; x_wconf 88' lang='lat' dir='ltr'><strong>ceterorum</strong></span> <span class='ocrx_word' id='word_1_231' title='bbox 1700 2971 2008 3027; x_wconf 81' lang='lat' dir='ltr'><strong>animalium</strong></span> <span class='ocrx_word' id='word_1_232' title='bbox 2039 2971 2196 3026; x_wconf 84' lang='lat' dir='ltr'><strong>cada-</strong></span> 
     </span>
    </p>
   </div>
   <div class='ocr_carea' id='block_1_32' title="bbox 612 3067 2209 3141">
    <p class='ocr_par' dir='ltr' id='par_1_32' title="bbox 612 3067 2209 3141">
     <span class='ocr_line' id='line_1_32' title="bbox 612 3067 2209 3141; baseline -0.006 -14"><span class='ocrx_word' id='word_1_233' title='bbox 612 3086 765 3138; x_wconf 83' lang='lat' dir='ltr'><strong>vera,</strong></span> <span class='ocrx_word' id='word_1_234' title='bbox 806 3072 859 3127; x_wconf 89' lang='lat' dir='ltr'><strong>in</strong></span> <span class='ocrx_word' id='word_1_235' title='bbox 887 3082 1106 3128; x_wconf 84' lang='lat' dir='ltr'><strong>terreno</strong></span> <span class='ocrx_word' id='word_1_236' title='bbox 1130 3071 1352 3141; x_wconf 76' lang='lat' dir='ltr'><strong>pulvere</strong></span> <span class='ocrx_word' id='word_1_237' title='bbox 1382 3067 1769 3141; x_wconf 83' lang='lat' dir='ltr'><strong>perpetualiter</strong></span> <span class='ocrx_word' id='word_1_238' title='bbox 1804 3068 2040 3122; x_wconf 86' lang='lat' dir='ltr'><strong>humana</strong></span> <span class='ocrx_word' id='word_1_239' title='bbox 2079 3079 2209 3119; x_wconf 46' lang='lat' dir='ltr'><strong>cora</strong></span> 
     </span>
    </p>
   </div>
   <div class='ocr_carea' id='block_1_33' title="bbox 612 3156 2198 3237">
    <p class='ocr_par' dir='ltr' id='par_1_33' title="bbox 612 3156 2198 3237">
     <span class='ocr_line' id='line_1_33' title="bbox 612 3156 2198 3237; baseline -0.007 -17"><span class='ocrx_word' id='word_1_240' title='bbox 612 3179 746 3237; x_wconf 90' lang='lat' dir='ltr'><strong>pora</strong></span> <span class='ocrx_word' id='word_1_241' title='bbox 793 3172 1198 3235; x_wconf 83' lang='lat' dir='ltr'><strong>permanerent.</strong></span> <span class='ocrx_word' id='word_1_242' title='bbox 1243 3160 1358 3217; x_wconf 74' lang='lat' dir='ltr'><strong>Hoc</strong></span> <span class='ocrx_word' id='word_1_243' title='bbox 1409 3162 1573 3217; x_wconf 89' lang='lat' dir='ltr'><strong>etiam</strong></span> <span class='ocrx_word' id='word_1_244' title='bbox 1620 3158 1916 3231; x_wconf 80' lang='lat' dir='ltr'><strong>putabam,</strong></span> <span class='ocrx_word' id='word_1_245' title='bbox 1975 3156 2198 3212; x_wconf 88' lang='lat' dir='ltr'><strong>audiens</strong></span> 
     </span>
    </p>
   </div>
   <div class='ocr_carea' id='block_1_34' title="bbox 614 3242 2201 3331">
    <p class='ocr_par' dir='ltr' id='par_1_34' title="bbox 614 3242 2201 3331">
     <span class='ocr_line' id='line_1_34' title="bbox 614 3242 2201 3331; baseline -0.008 -17"><span class='ocrx_word' id='word_1_246' title='bbox 614 3242 935 3331; x_wconf 54' lang='lat' dir='ltr'><strong>lpostolum</strong></span> <span class='ocrx_word' id='word_1_247' title='bbox 979 3257 1245 3312; x_wconf 83' lang='lat' dir='ltr'><strong>dicentem</strong></span> <span class='ocrx_word' id='word_1_248' title='bbox 1266 3297 1279 3321; x_wconf 90' lang='lat'><strong>,</strong></span> <span class='ocrx_word' id='word_1_249' title='bbox 1318 3255 1461 3324; x_wconf 91' lang='lat' dir='ltr'><strong>quod</strong></span> <span class='ocrx_word' id='word_1_250' title='bbox 1491 3253 1633 3307; x_wconf 84' lang='lat' dir='ltr'><strong>Deus</strong></span> <span class='ocrx_word' id='word_1_251' title='bbox 1674 3248 1901 3304; x_wconf 81' lang='lat' dir='ltr'><strong>Verbum</strong></span> <span class='ocrx_word' id='word_1_252' title='bbox 1929 3250 1997 3303; x_wconf 86' lang='lat' dir='ltr'><strong>sit</strong></span> <span class='ocrx_word' id='word_1_253' title='bbox 2020 3249 2201 3318; x_wconf 86' lang='lat' dir='ltr'><strong>primi-</strong></span> 
     </span>
    </p>
   </div>
   <div class='ocr_carea' id='block_1_35' title="bbox 614 3339 2205 3404">
    <p class='ocr_par' dir='ltr' id='par_1_35' title="bbox 614 3339 2205 3404">
     <span class='ocr_line' id='line_1_35' title="bbox 614 3339 2205 3404; baseline -0.007 -1"><span class='ocrx_word' id='word_1_254' title='bbox 614 3351 720 3404; x_wconf 82' lang='lat' dir='ltr'><strong>tiae</strong></span> <span class='ocrx_word' id='word_1_255' title='bbox 764 3357 1114 3402; x_wconf 82' lang='lat' dir='ltr'><strong>mortuorum.</strong></span> <span class='ocrx_word' id='word_1_256' title='bbox 1161 3345 1307 3399; x_wconf 77' lang='lat' dir='ltr'><strong>Haec</strong></span> <span class='ocrx_word' id='word_1_257' title='bbox 1343 3354 1461 3398; x_wconf 88' lang='lat' dir='ltr'><strong>erat</strong></span> <span class='ocrx_word' id='word_1_258' title='bbox 1520 3355 1639 3397; x_wconf 73' lang='lat' dir='ltr'><strong>ritca</strong></span> <span class='ocrx_word' id='word_1_259' title='bbox 1693 3342 1759 3394; x_wconf 91' lang='lat' dir='ltr'><strong>de</strong></span> <span class='ocrx_word' id='word_1_260' title='bbox 1804 3339 2205 3394; x_wconf 84' lang='lat' dir='ltr'><strong>resurrectione</strong></span> 
     </span>
    </p>
   </div>
   <div class='ocr_carea' id='block_1_36' title="bbox 618 3430 2199 3506">
    <p class='ocr_par' dir='ltr' id='par_1_36' title="bbox 618 3430 2199 3506">
     <span class='ocr_line' id='line_1_36' title="bbox 618 3430 2199 3506; baseline -0.005 -14"><span class='ocrx_word' id='word_1_261' title='bbox 618 3445 961 3492; x_wconf 77' lang='lat' dir='ltr'><strong>mortuorum</strong></span> <span class='ocrx_word' id='word_1_262' title='bbox 1000 3436 1203 3506; x_wconf 79' lang='lat' dir='ltr'><strong>Opinio.</strong></span> <span class='ocrx_word' id='word_1_263' title='bbox 1240 3436 1346 3489; x_wconf 84' lang='lat' dir='ltr'><strong>Sed</strong></span> <span class='ocrx_word' id='word_1_264' title='bbox 1372 3442 1656 3503; x_wconf 87' lang='lat' dir='ltr'><strong>postquam</strong></span> <span class='ocrx_word' id='word_1_265' title='bbox 1696 3434 1866 3487; x_wconf 85' lang='lat' dir='ltr'><strong>sancti</strong></span> <span class='ocrx_word' id='word_1_266' title='bbox 1893 3430 2199 3502; x_wconf 84' lang='lat' dir='ltr'><strong>Epiphanii,</strong></span> 
     </span>
    </p>
   </div>
   <div class='ocr_carea' id='block_1_37' title="bbox 613 3522 2205 3599">
    <p class='ocr_par' dir='ltr' id='par_1_37' title="bbox 613 3522 2205 3599">
     <span class='ocr_line' id='line_1_37' title="bbox 613 3522 2205 3599; baseline -0.004 -13"><span class='ocrx_word' id='word_1_267' title='bbox 613 3529 856 3599; x_wconf 80' lang='lat' dir='ltr'><strong>episcopi</strong></span> <span class='ocrx_word' id='word_1_268' title='bbox 878 3527 1227 3583; x_wconf 76' lang='lat' dir='ltr'><strong>Constantine</strong></span> <span class='ocrx_word' id='word_1_269' title='bbox 1253 3525 1438 3596; x_wconf 78' lang='lat' dir='ltr'><strong>Cypri,</strong></span> <span class='ocrx_word' id='word_1_270' title='bbox 1461 3526 1790 3579; x_wconf 87' lang='lat' dir='ltr'><strong>Ancoratum</strong></span> <span class='ocrx_word' id='word_1_271' title='bbox 1814 3522 1837 3554; x_wconf 69' lang='lat'><strong>‘</strong></span> <span class='ocrx_word' id='word_1_272' title='bbox 1859 3522 2001 3595; x_wconf 89' lang='lat' dir='ltr'><strong>[seu]</strong></span> <span class='ocrx_word' id='word_1_273' title='bbox 2028 3525 2077 3560; x_wconf 64' lang='grc' dir='ltr'><strong>ν’</strong></span> <span class='ocrx_word' id='word_1_274' title='bbox 2091 3538 2205 3579; x_wconf 85' lang='lat' dir='ltr'><strong>ser-</strong></span> 
     </span>
    </p>
   </div>
   <div class='ocr_carea' id='block_1_38' title="bbox 615 3613 2209 3688">
    <p class='ocr_par' dir='ltr' id='par_1_38' title="bbox 615 3613 2209 3688">
     <span class='ocr_line' id='line_1_38' title="bbox 615 3613 2209 3688; baseline -0.003 -12"><span class='ocrx_word' id='word_1_275' title='bbox 615 3635 834 3677; x_wconf 82' lang='lat' dir='ltr'><strong>manem</strong></span> <span class='ocrx_word' id='word_1_276' title='bbox 859 3621 926 3675; x_wconf 86' lang='lat' dir='ltr'><strong>de</strong></span> <span class='ocrx_word' id='word_1_277' title='bbox 958 3617 1090 3674; x_wconf 86' lang='lat' dir='ltr'><strong>Fide</strong></span> <span class='ocrx_word' id='word_1_278' title='bbox 1133 3617 1258 3688; x_wconf 84' lang='lat' dir='ltr'><strong>legi,</strong></span> <span class='ocrx_word' id='word_1_279' title='bbox 1284 3617 1575 3686; x_wconf 83' lang='lat' dir='ltr'><strong>magnique</strong></span> <span class='ocrx_word' id='word_1_280' title='bbox 1594 3614 1843 3684; x_wconf 78' lang='lat' dir='ltr'><strong>Gregorii</strong></span> <span class='ocrx_word' id='word_1_281' title='bbox 1864 3613 2119 3686; x_wconf 82' lang='lat' dir='ltr'><strong>Theologi</strong></span> <span class='ocrx_word' id='word_1_282' title='bbox 2141 3616 2209 3672; x_wconf 88' lang='lat' dir='ltr'><strong>de</strong></span> 
     </span>
    </p>
   </div>
   <div class='ocr_carea' id='block_1_39' title="bbox 617 3707 2205 3780">
    <p class='ocr_par' dir='ltr' id='par_1_39' title="bbox 617 3707 2205 3780">
     <span class='ocr_line' id='line_1_39' title="bbox 617 3707 2205 3780; baseline -0.004 -13"><span class='ocrx_word' id='word_1_283' title='bbox 617 3711 862 3778; x_wconf 85' lang='lat' dir='ltr'><strong>lmagine</strong></span> <span class='ocrx_word' id='word_1_284' title='bbox 890 3709 1331 3780; x_wconf 82' lang='lat' dir='ltr'><strong>disputationem,</strong></span> <span class='ocrx_word' id='word_1_285' title='bbox 1365 3707 1567 3762; x_wconf 81' lang='lat' dir='ltr'><strong>mutavi</strong></span> <span class='ocrx_word' id='word_1_286' title='bbox 1608 3707 1955 3773; x_wconf 80' lang='lat' dir='ltr'><strong>sententiam,</strong></span> <span class='ocrx_word' id='word_1_287' title='bbox 1986 3716 2047 3762; x_wconf 92' lang='lat' dir='ltr'><strong>ut</strong></span> <span class='ocrx_word' id='word_1_288' title='bbox 2088 3707 2205 3761; x_wconf 88' lang='lat' dir='ltr'><strong>illo-</strong></span> 
     </span>
    </p>
   </div>
   <div class='ocr_carea' id='block_1_40' title="bbox 619 3798 2204 3870">
    <p class='ocr_par' dir='ltr' id='par_1_40' title="bbox 619 3798 2204 3870">
     <span class='ocr_line' id='line_1_40' title="bbox 619 3798 2204 3870; baseline -0.003 -10"><span class='ocrx_word' id='word_1_289' title='bbox 619 3818 745 3860; x_wconf 88' lang='lat' dir='ltr'><strong>rum</strong></span> <span class='ocrx_word' id='word_1_290' title='bbox 790 3799 1100 3857; x_wconf 86' lang='lat' dir='ltr'><strong>auctoritati</strong></span> <span class='ocrx_word' id='word_1_291' title='bbox 1156 3798 1522 3866; x_wconf 89' lang='lat' dir='ltr'><strong>consentiens,</strong></span> <span class='ocrx_word' id='word_1_292' title='bbox 1564 3814 1851 3870; x_wconf 87' lang='lat' dir='ltr'><strong>meamque</strong></span> <span class='ocrx_word' id='word_1_293' title='bbox 1894 3799 2204 3869; x_wconf 82' lang='lat' dir='ltr'><strong>opinionem</strong></span> 
     </span>
    </p>
   </div>
   <div class='ocr_carea' id='block_1_41' title="bbox 615 3889 2204 3967">
    <p class='ocr_par' dir='ltr' id='par_1_41' title="bbox 615 3889 2204 3967">
     <span class='ocr_line' id='line_1_41' title="bbox 615 3889 2204 3967; baseline -0.002 -19"><span class='ocrx_word' id='word_1_294' title='bbox 615 3893 1014 3967; x_wconf 82' lang='lat' dir='ltr'><strong>parvipendens</strong></span> <span class='ocrx_word' id='word_1_295' title='bbox 1048 3890 1091 3959; x_wconf 83' lang='lat'><strong>&#39;,</strong></span> <span class='ocrx_word' id='word_1_296' title='bbox 1114 3890 1570 3948; x_wconf 83' lang='lat' dir='ltr'><strong>resurrectionem</strong></span> <span class='ocrx_word' id='word_1_297' title='bbox 1597 3900 1932 3948; x_wconf 84' lang='lat' dir='ltr'><strong>mortuorum</strong></span> <span class='ocrx_word' id='word_1_298' title='bbox 1975 3889 2204 3945; x_wconf 80' lang='lat' dir='ltr'><strong>naturali</strong></span> 
     </span>
    </p>
   </div>
   <div class='ocr_carea' id='block_1_42' title="bbox 612 3983 2203 4054">
    <p class='ocr_par' dir='ltr' id='par_1_42' title="bbox 612 3983 2203 4054">
     <span class='ocr_line' id='line_1_42' title="bbox 612 3983 2203 4054; baseline -0.003 -11"><span class='ocrx_word' id='word_1_299' title='bbox 612 3987 819 4043; x_wconf 84' lang='lat' dir='ltr'><strong>virtute</strong></span> <span class='ocrx_word' id='word_1_300' title='bbox 843 3984 1083 4041; x_wconf 89' lang='lat' dir='ltr'><strong>futuram</strong></span> <span class='ocrx_word' id='word_1_301' title='bbox 1104 3998 1230 4041; x_wconf 87' lang='lat' dir='ltr'><strong>esse</strong></span> <span class='ocrx_word' id='word_1_302' title='bbox 1253 3984 1627 4041; x_wconf 85' lang='lat' dir='ltr'><strong>concederem.</strong></span> <span class='ocrx_word' id='word_1_303' title='bbox 1649 3983 1887 4054; x_wconf 72' lang='lat' dir='ltr'><strong>Ideoque</strong></span> <span class='ocrx_word' id='word_1_304' title='bbox 1909 3984 2203 4039; x_wconf 86' lang='lat' dir='ltr'><strong>eorundem</strong></span> 
     </span>
    </p>
   </div>
   <div class='ocr_carea' id='block_1_43' title="bbox 614 4076 2206 4148">
    <p class='ocr_par' dir='ltr' id='par_1_43' title="bbox 614 4076 2206 4148">
     <span class='ocr_line' id='line_1_43' title="bbox 614 4076 2206 4148; baseline -0.004 -13"><span class='ocrx_word' id='word_1_305' title='bbox 614 4080 781 4135; x_wconf 83' lang='lat' dir='ltr'><strong>verba</strong></span> <span class='ocrx_word' id='word_1_306' title='bbox 817 4078 947 4134; x_wconf 84' lang='lat' dir='ltr'><strong>huic</strong></span> <span class='ocrx_word' id='word_1_307' title='bbox 988 4089 1207 4135; x_wconf 83' lang='lat' dir='ltr'><strong>nostrae</strong></span> <span class='ocrx_word' id='word_1_308' title='bbox 1249 4077 1527 4148; x_wconf 88' lang='lat' dir='ltr'><strong>praesenti</strong></span> <span class='ocrx_word' id='word_1_309' title='bbox 1572 4076 1920 4147; x_wconf 66' lang='lat' dir='ltr'><strong>disputationi</strong></span> <span class='ocrx_word' id='word_1_310' title='bbox 1967 4076 2206 4131; x_wconf 84' lang='lat' dir='ltr'><strong>inserere</strong></span> 
     </span>
    </p>
   </div>
   <div class='ocr_carea' id='block_1_44' title="bbox 622 4166 2207 4243">
    <p class='ocr_par' dir='ltr' id='par_1_44' title="bbox 622 4166 2207 4243">
     <span class='ocr_line' id='line_1_44' title="bbox 622 4166 2207 4243; baseline -0.004 -15"><span class='ocrx_word' id='word_1_311' title='bbox 622 4186 731 4228; x_wconf 88' lang='lat' dir='ltr'><strong>non</strong></span> <span class='ocrx_word' id='word_1_312' title='bbox 756 4172 1112 4243; x_wconf 88' lang='lat' dir='ltr'><strong>incongruum</strong></span> <span class='ocrx_word' id='word_1_313' title='bbox 1147 4169 1405 4242; x_wconf 65' lang='lat' dir='ltr'><strong>iudicavi.</strong></span> <span class='ocrx_word' id='word_1_314' title='bbox 1440 4167 1725 4225; x_wconf 83' lang='lat' dir='ltr'><strong>Praefatus</strong></span> <span class='ocrx_word' id='word_1_315' title='bbox 1768 4166 1950 4238; x_wconf 88' lang='lat' dir='ltr'><strong>itaque</strong></span> <span class='ocrx_word' id='word_1_316' title='bbox 1978 4168 2207 4239; x_wconf 65' lang='lat' dir='ltr'><strong>Epipha«</strong></span> 
     </span>
    </p>
   </div>
   <div class='ocr_carea' id='block_1_45' title="bbox 621 4257 2205 4330">
    <p class='ocr_par' dir='ltr' id='par_1_45' title="bbox 621 4257 2205 4330">
     <span class='ocr_line' id='line_1_45' title="bbox 621 4257 2205 4330; baseline -0.003 -13"><span class='ocrx_word' id='word_1_317' title='bbox 621 4263 748 4317; x_wconf 66' lang='lat' dir='ltr'><strong>nius</strong></span> <span class='ocrx_word' id='word_1_318' title='bbox 775 4302 789 4329; x_wconf 91' lang='lat'><strong>,</strong></span> <span class='ocrx_word' id='word_1_319' title='bbox 821 4262 887 4317; x_wconf 90' lang='lat' dir='ltr'><strong>de</strong></span> <span class='ocrx_word' id='word_1_320' title='bbox 945 4261 1353 4329; x_wconf 70' lang='lat' dir='ltr'><strong>resurrectione</strong></span> <span class='ocrx_word' id='word_1_321' title='bbox 1388 4259 1704 4330; x_wconf 80' lang='lat' dir='ltr'><strong>disputans,</strong></span> <span class='ocrx_word' id='word_1_322' title='bbox 1735 4257 2080 4328; x_wconf 88' lang='lat' dir='ltr'><strong>Graecosque</strong></span> <span class='ocrx_word' id='word_1_323' title='bbox 2128 4272 2205 4313; x_wconf 85' lang='lat' dir='ltr'><strong>re-</strong></span> 
     </span>
    </p>
   </div>
   <div class='ocr_carea' id='block_1_46' title="bbox 616 4350 2202 4423">
    <p class='ocr_par' dir='ltr' id='par_1_46' title="bbox 616 4350 2202 4423">
     <span class='ocr_line' id='line_1_46' title="bbox 616 4350 2202 4423; baseline -0.006 -11"><span class='ocrx_word' id='word_1_324' title='bbox 616 4354 1013 4413; x_wconf 54' lang='lat' dir='ltr'><strong>surrectionem</strong></span> <span class='ocrx_word' id='word_1_325' title='bbox 1032 4352 1253 4408; x_wconf 90' lang='lat' dir='ltr'><strong>omnino</strong></span> <span class='ocrx_word' id='word_1_326' title='bbox 1279 4360 1539 4423; x_wconf 89' lang='lat' dir='ltr'><strong>negantes</strong></span> <span class='ocrx_word' id='word_1_327' title='bbox 1560 4350 1907 4416; x_wconf 84' lang='lat' dir='ltr'><strong>convincens,</strong></span> <span class='ocrx_word' id='word_1_328' title='bbox 1924 4350 2058 4405; x_wconf 86' lang='lat' dir='ltr'><strong>haec</strong></span> <span class='ocrx_word' id='word_1_329' title='bbox 2082 4350 2157 4403; x_wconf 91' lang='lat' dir='ltr'><strong>ait</strong></span> <span class='ocrx_word' id='word_1_330' title='bbox 2189 4367 2202 4404; x_wconf 91' lang='lat'>:</span> 
     </span>
    </p>
   </div>
   <div class='ocr_carea' id='block_1_47' title="bbox 622 4441 2206 4515">
    <p class='ocr_par' dir='ltr' id='par_1_47' title="bbox 622 4441 2206 4515">
     <span class='ocr_line' id='line_1_47' title="bbox 622 4441 2206 4515; baseline -0.003 -17"><span class='ocrx_word' id='word_1_331' title='bbox 622 4443 811 4500; x_wconf 77' lang='lat' dir='ltr'><strong>Graeci</strong></span> <span class='ocrx_word' id='word_1_332' title='bbox 838 4444 1049 4515; x_wconf 81' lang='lat' dir='ltr'><strong>quidem</strong></span> <span class='ocrx_word' id='word_1_333' title='bbox 1068 4446 1275 4513; x_wconf 76' lang='lat' dir='ltr'><strong>penitus</strong></span> <span class='ocrx_word' id='word_1_334' title='bbox 1299 4445 1731 4499; x_wconf 79' lang='lat' dir='ltr'><strong>resurrectionem</strong></span> <span class='ocrx_word' id='word_1_335' title='bbox 1758 4451 1970 4513; x_wconf 85' lang='lat' dir='ltr'><strong>negant,</strong></span> <span class='ocrx_word' id='word_1_336' title='bbox 1986 4442 2155 4496; x_wconf 85' lang='lat' dir='ltr'><strong>Deum</strong></span> <span class='ocrx_word' id='word_1_337' title='bbox 2184 4441 2206 4472; x_wconf 82' lang='lat'><strong><em>°</em></strong></span> 
     </span>
    </p>
   </div>
   <div class='ocr_carea' id='block_1_48' title="bbox 534 4518 2205 4607">
    <p class='ocr_par' dir='ltr' id='par_1_48' title="bbox 534 4518 2205 4607">
     <span class='ocr_line' id='line_1_48' title="bbox 534 4518 2205 4607; baseline 0.002 -19"><span class='ocrx_word' id='word_1_338' title='bbox 534 4518 548 4571; x_wconf 70' lang='grc' dir='ltr'><em>ἶ</em></span> <span class='ocrx_word' id='word_1_339' title='bbox 618 4537 921 4604; x_wconf 82' lang='lat' dir='ltr'><strong>ignorantes</strong></span> <span class='ocrx_word' id='word_1_340' title='bbox 969 4533 1185 4603; x_wconf 83' lang='lat' dir='ltr'><strong>ejusque</strong></span> <span class='ocrx_word' id='word_1_341' title='bbox 1222 4535 1511 4600; x_wconf 75' lang='lat' dir='ltr'><strong>mandata;</strong></span> <span class='ocrx_word' id='word_1_342' title='bbox 1558 4547 1894 4591; x_wconf 80' lang='lat' dir='ltr'><strong>ueruntamen</strong></span> <span class='ocrx_word' id='word_1_343' title='bbox 1939 4547 2205 4607; x_wconf 85' lang='lat' dir='ltr'><strong>resurgent</strong></span> 
     </span>
    </p>
   </div>
   <div class='ocr_carea' id='block_1_49' title="bbox 519 4621 2204 4698">
    <p class='ocr_par' dir='ltr' id='par_1_49' title="bbox 519 4621 2204 4698">
     <span class='ocr_line' id='line_1_49' title="bbox 519 4621 2204 4698; baseline 0.004 -24"><span class='ocrx_word' id='word_1_344' title='bbox 626 4626 787 4680; x_wconf 84' lang='lat' dir='ltr'><strong>etiam</strong></span> <span class='ocrx_word' id='word_1_345' title='bbox 828 4621 1079 4676; x_wconf 85' lang='lat' dir='ltr'><strong>nolentes.</strong></span> <span class='ocrx_word' id='word_1_346' title='bbox 1113 4623 1238 4694; x_wconf 86' lang='lat' dir='ltr'><strong>Ipsa</strong></span> <span class='ocrx_word' id='word_1_347' title='bbox 1271 4626 1405 4678; x_wconf 86' lang='lat' dir='ltr'><strong>enim</strong></span> <span class='ocrx_word' id='word_1_348' title='bbox 1451 4636 1694 4681; x_wconf 86' lang='lat' dir='ltr'><strong>creatura</strong></span> <span class='ocrx_word' id='word_1_349' title='bbox 1725 4628 1880 4697; x_wconf 87' lang='lat' dir='ltr'><strong>plane</strong></span> <span class='ocrx_word' id='word_1_350' title='bbox 1905 4645 1991 4682; x_wconf 89' lang='lat' dir='ltr'><strong>eos</strong></span> <span class='ocrx_word' id='word_1_351' title='bbox 2019 4627 2204 4682; x_wconf 84' lang='lat' dir='ltr'><strong>redar-</strong></span> 
     </span>
    </p>
   </div>
   <div class='ocr_carea' id='block_1_50' title="bbox 624 4712 2199 4788">
    <p class='ocr_par' dir='ltr' id='par_1_50' title="bbox 624 4712 2199 4788">
     <span class='ocr_line' id='line_1_50' title="bbox 624 4712 2199 4788; baseline 0.004 -23"><span class='ocrx_word' id='word_1_352' title='bbox 624 4717 761 4788; x_wconf 81' lang='lat' dir='ltr'><strong>guit,</strong></span> <span class='ocrx_word' id='word_1_353' title='bbox 817 4712 1161 4781; x_wconf 75' lang='lat' dir='ltr'><strong>manifestans</strong></span> <span class='ocrx_word' id='word_1_354' title='bbox 1217 4715 1449 4784; x_wconf 82' lang='lat' dir='ltr'><strong>quotidie</strong></span> <span class='ocrx_word' id='word_1_355' title='bbox 1503 4719 1901 4771; x_wconf 87' lang='lat' dir='ltr'><strong>resurrectionis</strong></span> <span class='ocrx_word' id='word_1_356' title='bbox 1953 4719 2199 4788; x_wconf 76' lang='lat' dir='ltr'><strong>formam.</strong></span> 
     </span>
    </p>
   </div>
   <div class='ocr_carea' id='block_1_51' title="bbox 527 4803 2236 4883">
    <p class='ocr_par' dir='ltr' id='par_1_51' title="bbox 527 4803 2236 4883">
     <span class='ocr_line' id='line_1_51' title="bbox 527 4803 2236 4883; baseline 0.003 -24"><span class='ocrx_word' id='word_1_357' title='bbox 527 4823 541 4883; x_wconf 58' lang='grc' dir='ltr'><strong>ξ</strong></span> <span class='ocrx_word' id='word_1_358' title='bbox 627 4803 836 4860; x_wconf 56' lang='lat' dir='ltr'><strong>Occidit</strong></span> <span class='ocrx_word' id='word_1_359' title='bbox 871 4818 1095 4871; x_wconf 79' lang='lat' dir='ltr'><strong>namque</strong></span> <span class='ocrx_word' id='word_1_360' title='bbox 1113 4804 1249 4871; x_wconf 84' lang='lat' dir='ltr'><strong>dies,</strong></span> <span class='ocrx_word' id='word_1_361' title='bbox 1280 4813 1328 4857; x_wconf 87' lang='lat' dir='ltr'><strong>et</strong></span> <span class='ocrx_word' id='word_1_362' title='bbox 1370 4814 1695 4860; x_wconf 88' lang='lat' dir='ltr'><strong>mortuorum</strong></span> <span class='ocrx_word' id='word_1_363' title='bbox 1732 4808 2018 4862; x_wconf 87' lang='lat' dir='ltr'><strong>imbuimur</strong></span> <span class='ocrx_word' id='word_1_364' title='bbox 2042 4812 2063 4843; x_wconf 84' lang='grc'>⁷</span> <span class='ocrx_word' id='word_1_365' title='bbox 2093 4827 2204 4864; x_wconf 85' lang='lat' dir='ltr'><strong>mo-</strong></span> <span class='ocrx_word' id='word_1_366' title='bbox 2233 4813 2236 4817; x_wconf 76' lang='grc'>’</span> 
     </span>
    </p>
   </div>
   <div class='ocr_carea' id='block_1_52' title="bbox 532 4893 2208 4970">
    <p class='ocr_par' dir='ltr' id='par_1_52' title="bbox 532 4893 2208 4970">
     <span class='ocr_line' id='line_1_52' title="bbox 532 4893 2208 4970; baseline 0.002 -18"><span class='ocrx_word' id='word_1_367' title='bbox 532 4914 535 4915; x_wconf 57' lang='grc'><strong><em>⁷</em></strong></span> <span class='ocrx_word' id='word_1_368' title='bbox 623 4897 752 4952; x_wconf 76' lang='lat' dir='ltr'><strong>dum</strong></span> <span class='ocrx_word' id='word_1_369' title='bbox 774 4912 799 4962; x_wconf 83' lang='lat'><strong>;</strong></span> <span class='ocrx_word' id='word_1_370' title='bbox 834 4893 1017 4949; x_wconf 72' lang='lat' dir='ltr'><strong>ablata</strong></span> <span class='ocrx_word' id='word_1_371' title='bbox 1050 4906 1198 4952; x_wconf 84' lang='lat' dir='ltr'><strong>nocte</strong></span> <span class='ocrx_word' id='word_1_372' title='bbox 1235 4896 1407 4952; x_wconf 87' lang='lat' dir='ltr'><strong>oritur</strong></span> <span class='ocrx_word' id='word_1_373' title='bbox 1424 4896 1555 4965; x_wconf 87' lang='lat' dir='ltr'><strong>dies,</strong></span> <span class='ocrx_word' id='word_1_374' title='bbox 1578 4914 1671 4953; x_wconf 89' lang='lat' dir='ltr'><strong>nos</strong></span> <span class='ocrx_word' id='word_1_375' title='bbox 1710 4900 1996 4970; x_wconf 83' lang='lat' dir='ltr'><strong>inspirans,</strong></span> <span class='ocrx_word' id='word_1_376' title='bbox 2032 4911 2083 4955; x_wconf 85' lang='lat' dir='ltr'><strong>et</strong></span> <span class='ocrx_word' id='word_1_377' title='bbox 2126 4919 2208 4957; x_wconf 91' lang='lat' dir='ltr'><strong>re-</strong></span> 
     </span>
    </p>
   </div>
   <div class='ocr_carea' id='block_1_53' title="bbox 632 4988 2204 5065">
    <p class='ocr_par' dir='ltr' id='par_1_53' title="bbox 632 4988 2204 5065">
     <span class='ocr_line' id='line_1_53' title="bbox 632 4988 2204 5065; baseline 0.004 -20"><span class='ocrx_word' id='word_1_378' title='bbox 632 4988 975 5045; x_wconf 83' lang='lat' dir='ltr'><strong>surrectionis</strong></span> <span class='ocrx_word' id='word_1_379' title='bbox 1016 4991 1223 5062; x_wconf 78' lang='lat' dir='ltr'><strong>signum</strong></span> <span class='ocrx_word' id='word_1_380' title='bbox 1258 4991 1553 5047; x_wconf 80' lang='lat' dir='ltr'><strong>insinuans.</strong></span> <span class='ocrx_word' id='word_1_381' title='bbox 1602 4991 1933 5065; x_wconf 84' lang='lat' dir='ltr'><strong>Colligantur</strong></span> <span class='ocrx_word' id='word_1_382' title='bbox 1978 4994 2204 5065; x_wconf 80' lang='lat' dir='ltr'><strong>fructus,</strong></span> 
     </span>
    </p>
   </div>
   <div class='ocr_carea' id='block_1_54' title="bbox 621 5084 2207 5151">
    <p class='ocr_par' dir='ltr' id='par_1_54' title="bbox 621 5084 2207 5151">
     <span class='ocr_line' id='line_1_54' title="bbox 621 5084 2207 5151; baseline 0.006 -14"><span class='ocrx_word' id='word_1_383' title='bbox 621 5090 673 5138; x_wconf 82' lang='lat' dir='ltr'><strong>et</strong></span> <span class='ocrx_word' id='word_1_384' title='bbox 726 5089 899 5136; x_wconf 82' lang='lat' dir='ltr'><strong>status</strong></span> <span class='ocrx_word' id='word_1_385' title='bbox 939 5084 1291 5151; x_wconf 81' lang='lat' dir='ltr'><strong>praesentiunt</strong></span> <span class='ocrx_word' id='word_1_386' title='bbox 1336 5093 1564 5151; x_wconf 86' lang='lat' dir='ltr'><strong>secatur,</strong></span> <span class='ocrx_word' id='word_1_387' title='bbox 1619 5097 1827 5141; x_wconf 87' lang='lat' dir='ltr'><strong>nostrae</strong></span> <span class='ocrx_word' id='word_1_388' title='bbox 1870 5088 1989 5142; x_wconf 81' lang='lat' dir='ltr'><strong>hinc</strong></span> <span class='ocrx_word' id='word_1_389' title='bbox 2032 5097 2207 5146; x_wconf 86' lang='lat' dir='ltr'><strong>trans-</strong></span> 
     </span>
    </p>
   </div>
   <div class='ocr_carea' id='block_1_55' title="bbox 631 5173 2273 5252">
    <p class='ocr_par' dir='ltr' id='par_1_55' title="bbox 631 5173 2273 5252">
     <span class='ocr_line' id='line_1_55' title="bbox 631 5173 2273 5252; baseline 0.005 -22"><span class='ocrx_word' id='word_1_390' title='bbox 631 5175 944 5231; x_wconf 79' lang='lat' dir='ltr'><strong>mutationis</strong></span> <span class='ocrx_word' id='word_1_391' title='bbox 988 5173 1208 5245; x_wconf 77' lang='lat' dir='ltr'><strong>deﬁnita</strong></span> <span class='ocrx_word' id='word_1_392' title='bbox 1252 5177 1460 5248; x_wconf 86' lang='lat' dir='ltr'><strong>specie;</strong></span> <span class='ocrx_word' id='word_1_393' title='bbox 1494 5180 1785 5235; x_wconf 85' lang='lat' dir='ltr'><strong>seminatur</strong></span> <span class='ocrx_word' id='word_1_394' title='bbox 1820 5189 1960 5236; x_wconf 89' lang='lat' dir='ltr'><strong>terra</strong></span> <span class='ocrx_word' id='word_1_395' title='bbox 2005 5192 2054 5236; x_wconf 89' lang='lat' dir='ltr'><strong>et</strong></span> <span class='ocrx_word' id='word_1_396' title='bbox 2091 5199 2207 5252; x_wconf 90' lang='lat' dir='ltr'><strong>pro-</strong></span> <span class='ocrx_word' id='word_1_397' title='bbox 2263 5188 2273 5198; x_wconf 87' lang='lat'><strong><em>&#39;</em></strong></span> 
     </span>
    </p>
   </div>
   <div class='ocr_carea' id='block_1_56' title="bbox 632 5268 2206 5344">
    <p class='ocr_par' dir='ltr' id='par_1_56' title="bbox 632 5268 2206 5344">
     <span class='ocr_line' id='line_1_56' title="bbox 632 5268 2206 5344; baseline 0.006 -23"><span class='ocrx_word' id='word_1_398' title='bbox 632 5268 785 5322; x_wconf 75' lang='lat' dir='ltr'><strong>ducit</strong></span> <span class='ocrx_word' id='word_1_399' title='bbox 806 5308 821 5336; x_wconf 92' lang='lat'><strong>,</strong></span> <span class='ocrx_word' id='word_1_400' title='bbox 894 5269 1019 5340; x_wconf 88' lang='lat' dir='ltr'><strong>quia</strong></span> <span class='ocrx_word' id='word_1_401' title='bbox 1086 5269 1323 5339; x_wconf 72' lang='lat' dir='ltr'><strong>deposita</strong></span> <span class='ocrx_word' id='word_1_402' title='bbox 1384 5272 1584 5327; x_wconf 80' lang='lat' dir='ltr'><strong>semina</strong></span> <span class='ocrx_word' id='word_1_403' title='bbox 1651 5283 1765 5344; x_wconf 88' lang='lat' dir='ltr'><strong>post</strong></span> <span class='ocrx_word' id='word_1_404' title='bbox 1830 5289 2047 5330; x_wconf 84' lang='lat' dir='ltr'><strong>messem</strong></span> <span class='ocrx_word' id='word_1_405' title='bbox 2071 5316 2086 5340; x_wconf 91' lang='lat'><strong>,</strong></span> <span class='ocrx_word' id='word_1_406' title='bbox 2151 5275 2206 5330; x_wconf 88' lang='lat' dir='ltr'><strong>id</strong></span> 
     </span>
    </p>
   </div>
   <div class='ocr_carea' id='block_1_57' title="bbox 624 5360 2208 5436">
    <p class='ocr_par' dir='ltr' id='par_1_57' title="bbox 624 5360 2208 5436">
     <span class='ocr_line' id='line_1_57' title="bbox 624 5360 2208 5436; baseline 0.002 -19"><span class='ocrx_word' id='word_1_407' title='bbox 624 5369 729 5427; x_wconf 77' lang='lat' dir='ltr'><strong>est,</strong></span> <span class='ocrx_word' id='word_1_408' title='bbox 778 5369 901 5430; x_wconf 83' lang='lat' dir='ltr'><strong>post</strong></span> <span class='ocrx_word' id='word_1_409' title='bbox 953 5360 1325 5418; x_wconf 78' lang='lat' dir='ltr'><strong>collectionem</strong></span> <span class='ocrx_word' id='word_1_410' title='bbox 1370 5362 1607 5434; x_wconf 83' lang='lat' dir='ltr'><strong>frugum,</strong></span> <span class='ocrx_word' id='word_1_411' title='bbox 1636 5375 1924 5436; x_wconf 86' lang='lat' dir='ltr'><strong>resurgent.</strong></span> <span class='ocrx_word' id='word_1_412' title='bbox 1978 5365 2208 5421; x_wconf 89' lang='lat' dir='ltr'><strong>Locusta</strong></span> 
     </span>
    </p>
   </div>
   <div class='ocr_carea' id='block_1_58' title="bbox 619 5454 2209 5527">
    <p class='ocr_par' dir='ltr' id='par_1_58' title="bbox 619 5454 2209 5527">
     <span class='ocr_line' id='line_1_58' title="bbox 619 5454 2209 5527; baseline 0.003 -20"><span class='ocrx_word' id='word_1_413' title='bbox 619 5463 833 5509; x_wconf 85' lang='lat' dir='ltr'><strong>mortua</strong></span> <span class='ocrx_word' id='word_1_414' title='bbox 887 5463 936 5507; x_wconf 90' lang='lat' dir='ltr'><strong>et</strong></span> <span class='ocrx_word' id='word_1_415' title='bbox 986 5454 1223 5522; x_wconf 86' lang='lat' dir='ltr'><strong>sepulta,</strong></span> <span class='ocrx_word' id='word_1_416' title='bbox 1272 5456 1411 5525; x_wconf 84' lang='lat' dir='ltr'><strong>quod</strong></span> <span class='ocrx_word' id='word_1_417' title='bbox 1459 5472 1524 5512; x_wconf 80' lang='lat' dir='ltr'><strong>ea:</strong></span> <span class='ocrx_word' id='word_1_418' title='bbox 1570 5473 1631 5512; x_wconf 89' lang='lat' dir='ltr'><strong>ea</strong></span> <span class='ocrx_word' id='word_1_419' title='bbox 1681 5457 1996 5527; x_wconf 85' lang='lat' dir='ltr'><strong>projectum,</strong></span> <span class='ocrx_word' id='word_1_420' title='bbox 2029 5459 2209 5511; x_wconf 66' lang='lat' dir='ltr'><strong>coerci-</strong></span> 
     </span>
    </p>
   </div>
   <div class='ocr_carea' id='block_1_59' title="bbox 2300 575 3908 650">
    <p class='ocr_par' dir='ltr' id='par_1_59' title="bbox 2300 575 3908 650">
     <span class='ocr_line' id='line_1_59' title="bbox 2300 575 3908 650; baseline -0.006 -14"><span class='ocrx_word' id='word_1_421' title='bbox 2300 583 2664 637; x_wconf 84' lang='lat' dir='ltr'><strong>commendata</strong></span> <span class='ocrx_word' id='word_1_422' title='bbox 2715 590 2858 647; x_wconf 82' lang='lat' dir='ltr'><strong>sunt,</strong></span> <span class='ocrx_word' id='word_1_423' title='bbox 2904 579 3094 634; x_wconf 77' lang='lat' dir='ltr'><strong>reddit.</strong></span> <span class='ocrx_word' id='word_1_424' title='bbox 3157 575 3371 634; x_wconf 82' lang='lat' dir='ltr'><strong>Semina</strong></span> <span class='ocrx_word' id='word_1_425' title='bbox 3415 581 3713 650; x_wconf 80' lang='lat' dir='ltr'><strong>germinum</strong></span> <span class='ocrx_word' id='word_1_426' title='bbox 3758 586 3908 638; x_wconf 69' lang='lat' dir='ltr'><strong>mni.</strong></span> 
     </span>
    </p>
   </div>
   <div class='ocr_carea' id='block_1_60' title="bbox 2299 671 3905 743">
    <p class='ocr_par' dir='ltr' id='par_1_60' title="bbox 2299 671 3905 743">
     <span class='ocr_line' id='line_1_60' title="bbox 2299 671 3905 743; baseline 0.002 -17"><span class='ocrx_word' id='word_1_427' title='bbox 2299 684 2516 739; x_wconf 79' lang='lat' dir='ltr'><strong>nuntur,</strong></span> <span class='ocrx_word' id='word_1_428' title='bbox 2548 683 2597 727; x_wconf 85' lang='lat' dir='ltr'><strong>et</strong></span> <span class='ocrx_word' id='word_1_429' title='bbox 2642 672 2868 743; x_wconf 85' lang='lat' dir='ltr'><strong>primum</strong></span> <span class='ocrx_word' id='word_1_430' title='bbox 2919 671 3247 735; x_wconf 78' lang='lat' dir='ltr'><strong>moriuntur;</strong></span> <span class='ocrx_word' id='word_1_431' title='bbox 3285 671 3332 724; x_wconf 96' lang='lat' dir='ltr'><strong>si</strong></span> <span class='ocrx_word' id='word_1_432' title='bbox 3361 671 3499 725; x_wconf 86' lang='lat' dir='ltr'><strong>enim</strong></span> <span class='ocrx_word' id='word_1_433' title='bbox 3526 687 3629 726; x_wconf 86' lang='lat' dir='ltr'><strong>non</strong></span> <span class='ocrx_word' id='word_1_434' title='bbox 3660 675 3905 729; x_wconf 82' lang='lat' dir='ltr'><strong>moriun-</strong></span> 
     </span>
    </p>
   </div>
   <div class='ocr_carea' id='block_1_61' title="bbox 2301 761 3906 835">
    <p class='ocr_par' dir='ltr' id='par_1_61' title="bbox 2301 761 3906 835">
     <span class='ocr_line' id='line_1_61' title="bbox 2301 761 3906 835; baseline -0.001 -16"><span class='ocrx_word' id='word_1_435' title='bbox 2301 774 2405 831; x_wconf 89' lang='lat' dir='ltr'><strong>tur,</strong></span> <span class='ocrx_word' id='word_1_436' title='bbox 2464 781 2566 819; x_wconf 88' lang='lat' dir='ltr'><strong>non</strong></span> <span class='ocrx_word' id='word_1_437' title='bbox 2597 764 2947 835; x_wconf 70' lang='lat' dir='ltr'><strong>piuiﬁcantur.</strong></span> <span class='ocrx_word' id='word_1_438' title='bbox 2994 761 3283 833; x_wconf 80' lang='lat' dir='ltr'><strong>Signacula</strong></span> <span class='ocrx_word' id='word_1_439' title='bbox 3325 762 3378 816; x_wconf 88' lang='lat' dir='ltr'><strong>in</strong></span> <span class='ocrx_word' id='word_1_440' title='bbox 3423 762 3573 817; x_wconf 77' lang='lat' dir='ltr'><strong>nobis</strong></span> <span class='ocrx_word' id='word_1_441' title='bbox 3598 762 3753 818; x_wconf 84' lang='lat' dir='ltr'><strong>Dens</strong></span> <span class='ocrx_word' id='word_1_442' title='bbox 3782 765 3906 834; x_wconf 77' lang='lat' dir='ltr'><strong>fecit</strong></span> 
     </span>
    </p>
   </div>
   <div class='ocr_carea' id='block_1_62' title="bbox 2301 856 3900 927">
    <p class='ocr_par' dir='ltr' id='par_1_62' title="bbox 2301 856 3900 927">
     <span class='ocr_line' id='line_1_62' title="bbox 2301 856 3900 927; baseline 0.002 -17"><span class='ocrx_word' id='word_1_443' title='bbox 2301 858 2701 912; x_wconf 85' lang='lat' dir='ltr'><strong>resurrectionis</strong></span> <span class='ocrx_word' id='word_1_444' title='bbox 2746 873 2838 927; x_wconf 83' lang='lat' dir='ltr'><strong>per</strong></span> <span class='ocrx_word' id='word_1_445' title='bbox 2884 872 3082 926; x_wconf 83' lang='lat' dir='ltr'><strong>ungues</strong></span> <span class='ocrx_word' id='word_1_446' title='bbox 3122 856 3301 910; x_wconf 84' lang='lat' dir='ltr'><strong>decem</strong></span> <span class='ocrx_word' id='word_1_447' title='bbox 3329 865 3380 910; x_wconf 83' lang='lat' dir='ltr'><strong>et</strong></span> <span class='ocrx_word' id='word_1_448' title='bbox 3409 856 3584 911; x_wconf 81' lang='lat' dir='ltr'><strong>decent</strong></span> <span class='ocrx_word' id='word_1_449' title='bbox 3606 897 3620 923; x_wconf 94' lang='lat'><strong>,</strong></span> <span class='ocrx_word' id='word_1_450' title='bbox 3655 861 3900 913; x_wconf 76' lang='lat' dir='ltr'><strong>testium-</strong></span> 
     </span>
    </p>
   </div>
   <div class='ocr_carea' id='block_1_63' title="bbox 2299 947 3903 1021">
    <p class='ocr_par' dir='ltr' id='par_1_63' title="bbox 2299 947 3903 1021">
     <span class='ocr_line' id='line_1_63' title="bbox 2299 947 3903 1021; baseline 0.002 -18"><span class='ocrx_word' id='word_1_451' title='bbox 2299 950 2445 1003; x_wconf 85' lang='lat' dir='ltr'><strong>nium</strong></span> <span class='ocrx_word' id='word_1_452' title='bbox 2502 949 2776 1020; x_wconf 78' lang='lat' dir='ltr'><strong>perltibens</strong></span> <span class='ocrx_word' id='word_1_453' title='bbox 2807 949 2874 1002; x_wconf 88' lang='lat' dir='ltr'><strong>de</strong></span> <span class='ocrx_word' id='word_1_454' title='bbox 2899 957 3077 1002; x_wconf 86' lang='lat' dir='ltr'><strong>nostra</strong></span> <span class='ocrx_word' id='word_1_455' title='bbox 3106 965 3212 1018; x_wconf 84' lang='lat' dir='ltr'><strong>spe.</strong></span> <span class='ocrx_word' id='word_1_456' title='bbox 3282 947 3390 1003; x_wconf 84' lang='lat' dir='ltr'><strong>Sed</strong></span> <span class='ocrx_word' id='word_1_457' title='bbox 3430 958 3478 1002; x_wconf 89' lang='lat' dir='ltr'><strong>et</strong></span> <span class='ocrx_word' id='word_1_458' title='bbox 3507 950 3586 1003; x_wconf 83' lang='lat' dir='ltr'><strong>sic</strong></span> <span class='ocrx_word' id='word_1_459' title='bbox 3626 967 3727 1021; x_wconf 87' lang='lat' dir='ltr'><strong>per</strong></span> <span class='ocrx_word' id='word_1_460' title='bbox 3755 968 3903 1006; x_wconf 77' lang='lat' dir='ltr'><strong>coro-</strong></span> 
     </span>
    </p>
   </div>
   <div class='ocr_carea' id='block_1_64' title="bbox 2301 1040 3900 1112">
    <p class='ocr_par' dir='ltr' id='par_1_64' title="bbox 2301 1040 3900 1112">
     <span class='ocr_line' id='line_1_64' title="bbox 2301 1040 3900 1112; baseline 0.003 -17"><span class='ocrx_word' id='word_1_461' title='bbox 2301 1058 2425 1096; x_wconf 89' lang='lat' dir='ltr'><strong>nam</strong></span> <span class='ocrx_word' id='word_1_462' title='bbox 2469 1042 2677 1107; x_wconf 87' lang='lat' dir='ltr'><strong>capitis,</strong></span> <span class='ocrx_word' id='word_1_463' title='bbox 2708 1057 2897 1112; x_wconf 86' lang='lat' dir='ltr'><strong>perque</strong></span> <span class='ocrx_word' id='word_1_464' title='bbox 2943 1040 3161 1111; x_wconf 77' lang='lat' dir='ltr'><strong>capillos</strong></span> <span class='ocrx_word' id='word_1_465' title='bbox 3201 1049 3432 1095; x_wconf 80' lang='lat' dir='ltr'><strong>nostram</strong></span> <span class='ocrx_word' id='word_1_466' title='bbox 3461 1045 3900 1099; x_wconf 75' lang='lat' dir='ltr'><strong>resurrectionem</strong></span> 
     </span>
    </p>
   </div>
   <div class='ocr_carea' id='block_1_65' title="bbox 2300 1132 3903 1217">
    <p class='ocr_par' dir='ltr' id='par_1_65' title="bbox 2300 1132 3903 1217">
     <span class='ocr_line' id='line_1_65' title="bbox 2300 1132 3903 1217; baseline 0.001 -29"><span class='ocrx_word' id='word_1_467' title='bbox 2300 1133 2588 1205; x_wconf 88' lang='lat' dir='ltr'><strong>praedicat.</strong></span> <span class='ocrx_word' id='word_1_468' title='bbox 2637 1132 2790 1217; x_wconf 74' lang='lat' dir='ltr'><strong>Quod</strong></span> <span class='ocrx_word' id='word_1_469' title='bbox 2813 1135 2950 1187; x_wconf 88' lang='lat' dir='ltr'><strong>enim</strong></span> <span class='ocrx_word' id='word_1_470' title='bbox 2977 1133 3183 1187; x_wconf 79' lang='lat' dir='ltr'><strong>videtur</strong></span> <span class='ocrx_word' id='word_1_471' title='bbox 3222 1133 3279 1187; x_wconf 88' lang='lat' dir='ltr'><strong>in</strong></span> <span class='ocrx_word' id='word_1_472' title='bbox 3308 1134 3457 1188; x_wconf 84' lang='lat' dir='ltr'><strong>nobis</strong></span> <span class='ocrx_word' id='word_1_473' title='bbox 3483 1143 3760 1189; x_wconf 83' lang='lat' dir='ltr'><strong>mortuam</strong></span> <span class='ocrx_word' id='word_1_474' title='bbox 3790 1152 3903 1191; x_wconf 82' lang='lat' dir='ltr'><strong>cor-</strong></span> 
     </span>
    </p>
   </div>
   <div class='ocr_carea' id='block_1_66' title="bbox 2301 1226 3897 1298">
    <p class='ocr_par' dir='ltr' id='par_1_66' title="bbox 2301 1226 3897 1298">
     <span class='ocr_line' id='line_1_66' title="bbox 2301 1226 3897 1298; baseline 0.003 -17"><span class='ocrx_word' id='word_1_475' title='bbox 2301 1244 2421 1297; x_wconf 86' lang='lat' dir='ltr'><strong>pus,</strong></span> <span class='ocrx_word' id='word_1_476' title='bbox 2455 1228 2553 1282; x_wconf 86' lang='lat' dir='ltr'><strong>ltoc</strong></span> <span class='ocrx_word' id='word_1_477' title='bbox 2578 1237 2676 1294; x_wconf 85' lang='lat' dir='ltr'><strong>est,</strong></span> <span class='ocrx_word' id='word_1_478' title='bbox 2700 1226 2901 1297; x_wconf 83' lang='lat' dir='ltr'><strong>capilli,</strong></span> <span class='ocrx_word' id='word_1_479' title='bbox 2922 1227 3153 1298; x_wconf 82' lang='lat' dir='ltr'><strong>quotidie</strong></span> <span class='ocrx_word' id='word_1_480' title='bbox 3185 1228 3367 1295; x_wconf 84' lang='lat' dir='ltr'><strong>secati,</strong></span> <span class='ocrx_word' id='word_1_481' title='bbox 3393 1234 3442 1282; x_wconf 89' lang='lat' dir='ltr'><strong>et</strong></span> <span class='ocrx_word' id='word_1_482' title='bbox 3473 1244 3680 1298; x_wconf 83' lang='lat' dir='ltr'><strong>ungues</strong></span> <span class='ocrx_word' id='word_1_483' title='bbox 3711 1231 3897 1285; x_wconf 78' lang='lat' dir='ltr'><strong>iterum</strong></span> 
     </span>
    </p>
   </div>
   <div class='ocr_carea' id='block_1_67' title="bbox 2304 1320 3897 1392">
    <p class='ocr_par' dir='ltr' id='par_1_67' title="bbox 2304 1320 3897 1392">
     <span class='ocr_line' id='line_1_67' title="bbox 2304 1320 3897 1392; baseline 0.004 -19"><span class='ocrx_word' id='word_1_484' title='bbox 2304 1330 2539 1374; x_wconf 87' lang='lat' dir='ltr'><strong>crescunt</strong></span> <span class='ocrx_word' id='word_1_485' title='bbox 2561 1329 2606 1385; x_wconf 78' lang='grc' dir='ltr'><strong>ο,</strong></span> <span class='ocrx_word' id='word_1_486' title='bbox 2660 1320 3015 1391; x_wconf 82' lang='lat' dir='ltr'><strong>signiﬁcantes</strong></span> <span class='ocrx_word' id='word_1_487' title='bbox 3046 1321 3445 1375; x_wconf 87' lang='lat' dir='ltr'><strong>resurrectionis</strong></span> <span class='ocrx_word' id='word_1_488' title='bbox 3493 1338 3657 1392; x_wconf 85' lang='lat' dir='ltr'><strong>spem.</strong></span> <span class='ocrx_word' id='word_1_489' title='bbox 3698 1322 3773 1377; x_wconf 87' lang='lat' dir='ltr'><strong>Et</strong></span> <span class='ocrx_word' id='word_1_490' title='bbox 3800 1341 3897 1381; x_wconf 87' lang='lat' dir='ltr'><strong>non</strong></span> 
     </span>
    </p>
   </div>
   <div class='ocr_carea' id='block_1_68' title="bbox 2302 1413 3899 1488">
    <p class='ocr_par' dir='ltr' id='par_1_68' title="bbox 2302 1413 3899 1488">
     <span class='ocr_line' id='line_1_68' title="bbox 2302 1413 3899 1488; baseline 0.004 -21"><span class='ocrx_word' id='word_1_491' title='bbox 2302 1423 2378 1468; x_wconf 89' lang='lat' dir='ltr'><strong>est</strong></span> <span class='ocrx_word' id='word_1_492' title='bbox 2406 1413 2705 1484; x_wconf 78' lang='lat' dir='ltr'><strong>fabulosum</strong></span> <span class='ocrx_word' id='word_1_493' title='bbox 2733 1415 2905 1469; x_wconf 87' lang='lat' dir='ltr'><strong>dicere</strong></span> <span class='ocrx_word' id='word_1_494' title='bbox 2941 1424 3153 1485; x_wconf 88' lang='lat' dir='ltr'><strong>propter</strong></span> <span class='ocrx_word' id='word_1_495' title='bbox 3182 1414 3481 1470; x_wconf 87' lang='lat' dir='ltr'><strong>incredulos</strong></span> <span class='ocrx_word' id='word_1_496' title='bbox 3526 1417 3775 1488; x_wconf 72' lang='lat' dir='ltr'><strong>exempla</strong></span> <span class='ocrx_word' id='word_1_497' title='bbox 3808 1437 3899 1474; x_wconf 89' lang='lat' dir='ltr'><strong>na-</strong></span> 
     </span>
    </p>
   </div>
   <div class='ocr_carea' id='block_1_69' title="bbox 2302 1502 3900 1572">
    <p class='ocr_par' dir='ltr' id='par_1_69' title="bbox 2302 1502 3900 1572">
     <span class='ocr_line' id='line_1_69' title="bbox 2302 1502 3900 1572; baseline 0.004 -14"><span class='ocrx_word' id='word_1_498' title='bbox 2302 1513 2473 1559; x_wconf 85' lang='lat' dir='ltr'><strong>turae.</strong></span> <span class='ocrx_word' id='word_1_499' title='bbox 2519 1502 2801 1560; x_wconf 87' lang='lat' dir='ltr'><strong>Palumbes</strong></span> <span class='ocrx_word' id='word_1_500' title='bbox 2849 1522 2990 1572; x_wconf 85' lang='lat' dir='ltr'><strong>aves,</strong></span> <span class='ocrx_word' id='word_1_501' title='bbox 3025 1506 3279 1560; x_wconf 83' lang='lat' dir='ltr'><strong>animalia</strong></span> <span class='ocrx_word' id='word_1_502' title='bbox 3332 1523 3433 1561; x_wconf 90' lang='lat' dir='ltr'><strong>non</strong></span> <span class='ocrx_word' id='word_1_503' title='bbox 3462 1508 3627 1562; x_wconf 78' lang='lat' dir='ltr'><strong>simul&quot;</strong></span> <span class='ocrx_word' id='word_1_504' title='bbox 3657 1510 3900 1566; x_wconf 81' lang='lat' dir='ltr'><strong>velociter</strong></span> 
     </span>
    </p>
   </div>
   <div class='ocr_carea' id='block_1_70' title="bbox 2303 1596 3894 1672">
    <p class='ocr_par' dir='ltr' id='par_1_70' title="bbox 2303 1596 3894 1672">
     <span class='ocr_line' id='line_1_70' title="bbox 2303 1596 3894 1672; baseline 0.002 -20"><span class='ocrx_word' id='word_1_505' title='bbox 2303 1596 2558 1663; x_wconf 85' lang='lat' dir='ltr'><strong>volantia,</strong></span> <span class='ocrx_word' id='word_1_506' title='bbox 2585 1598 2885 1652; x_wconf 85' lang='lat' dir='ltr'><strong>moriuntur</strong></span> <span class='ocrx_word' id='word_1_507' title='bbox 2930 1608 3257 1665; x_wconf 89' lang='lat' dir='ltr'><strong>semenstres,</strong></span> <span class='ocrx_word' id='word_1_508' title='bbox 3308 1608 3359 1652; x_wconf 89' lang='lat' dir='ltr'><strong>et</strong></span> <span class='ocrx_word' id='word_1_509' title='bbox 3388 1608 3505 1667; x_wconf 88' lang='lat' dir='ltr'><strong>post</strong></span> <span class='ocrx_word' id='word_1_510' title='bbox 3541 1600 3894 1672; x_wconf 74' lang='lat' dir='ltr'><strong>quadraginta</strong></span> 
     </span>
    </p>
   </div>
   <div class='ocr_carea' id='block_1_71' title="bbox 2303 1689 3895 1762">
    <p class='ocr_par' dir='ltr' id='par_1_71' title="bbox 2303 1689 3895 1762">
     <span class='ocr_line' id='line_1_71' title="bbox 2303 1689 3895 1762; baseline 0.003 -21"><span class='ocrx_word' id='word_1_511' title='bbox 2303 1689 2414 1743; x_wconf 88' lang='lat' dir='ltr'><strong>dies</strong></span> <span class='ocrx_word' id='word_1_512' title='bbox 2441 1689 2688 1744; x_wconf 87' lang='lat' dir='ltr'><strong>continuo</strong></span> <span class='ocrx_word' id='word_1_513' title='bbox 2719 1690 3047 1744; x_wconf 81' lang='lat' dir='ltr'><strong>reviviscunt.</strong></span> <span class='ocrx_word' id='word_1_514' title='bbox 3101 1689 3347 1762; x_wconf 72' lang='grc' dir='ltr'><strong>κάνθαροι</strong></span> <span class='ocrx_word' id='word_1_515' title='bbox 3402 1728 3418 1755; x_wconf 92' lang='grc'><em>,</em></span> <span class='ocrx_word' id='word_1_516' title='bbox 3442 1691 3542 1743; x_wconf 78' lang='lat' dir='ltr'><strong>hoc</strong></span> <span class='ocrx_word' id='word_1_517' title='bbox 3577 1703 3661 1745; x_wconf 82' lang='lat' dir='ltr'><strong>est</strong></span> <span class='ocrx_word' id='word_1_518' title='bbox 3681 1692 3895 1746; x_wconf 84' lang='lat' dir='ltr'><strong>scabro-</strong></span> 
     </span>
    </p>
   </div>
   <div class='ocr_carea' id='block_1_72' title="bbox 2306 1779 3894 1853">
    <p class='ocr_par' dir='ltr' id='par_1_72' title="bbox 2306 1779 3894 1853">
     <span class='ocr_line' id='line_1_72' title="bbox 2306 1779 3894 1853; baseline 0.002 -19"><span class='ocrx_word' id='word_1_519' title='bbox 2306 1797 2417 1847; x_wconf 89' lang='lat' dir='ltr'><strong>nes,</strong></span> <span class='ocrx_word' id='word_1_520' title='bbox 2445 1779 2682 1849; x_wconf 85' lang='lat' dir='ltr'><strong>futuram</strong></span> <span class='ocrx_word' id='word_1_521' title='bbox 2705 1781 2788 1835; x_wconf 85' lang='lat' dir='ltr'><strong>sui</strong></span> <span class='ocrx_word' id='word_1_522' title='bbox 2814 1791 3033 1836; x_wconf 90' lang='lat' dir='ltr'><strong>mortem</strong></span> <span class='ocrx_word' id='word_1_523' title='bbox 3063 1782 3359 1846; x_wconf 84' lang='lat' dir='ltr'><strong>sentientes,</strong></span> <span class='ocrx_word' id='word_1_524' title='bbox 3391 1783 3447 1834; x_wconf 89' lang='lat' dir='ltr'><strong>in</strong></span> <span class='ocrx_word' id='word_1_525' title='bbox 3474 1783 3757 1852; x_wconf 79' lang='lat' dir='ltr'><strong>sphaeram</strong></span> <span class='ocrx_word' id='word_1_526' title='bbox 3785 1785 3894 1853; x_wconf 70' lang='lat' dir='ltr'><strong>ﬁmi</strong></span> 
     </span>
    </p>
   </div>
   <div class='ocr_carea' id='block_1_73' title="bbox 2303 1871 3890 1944">
    <p class='ocr_par' dir='ltr' id='par_1_73' title="bbox 2303 1871 3890 1944">
     <span class='ocr_line' id='line_1_73' title="bbox 2303 1871 3890 1944; baseline 0.002 -17"><span class='ocrx_word' id='word_1_527' title='bbox 2303 1889 2359 1927; x_wconf 89' lang='lat' dir='ltr'><strong>se</strong></span> <span class='ocrx_word' id='word_1_528' title='bbox 2378 1872 2515 1942; x_wconf 86' lang='lat' dir='ltr'><strong>ipsos</strong></span> <span class='ocrx_word' id='word_1_529' title='bbox 2563 1871 2910 1937; x_wconf 80' lang='lat' dir='ltr'><strong>abscondunt,</strong></span> <span class='ocrx_word' id='word_1_530' title='bbox 2953 1871 3256 1943; x_wconf 83' lang='lat' dir='ltr'><strong>sepelientes</strong></span> <span class='ocrx_word' id='word_1_531' title='bbox 3305 1873 3474 1943; x_wconf 80' lang='lat' dir='ltr'><strong>ipsam</strong></span> <span class='ocrx_word' id='word_1_532' title='bbox 3522 1874 3801 1944; x_wconf 83' lang='lat' dir='ltr'><strong>sphaeram</strong></span> <span class='ocrx_word' id='word_1_533' title='bbox 3839 1876 3890 1930; x_wconf 73' lang='lat' dir='ltr'><strong>in</strong></span> 
     </span>
    </p>
   </div>
   <div class='ocr_carea' id='block_1_74' title="bbox 2302 1965 3889 2031">
    <p class='ocr_par' dir='ltr' id='par_1_74' title="bbox 2302 1965 3889 2031">
     <span class='ocr_line' id='line_1_74' title="bbox 2302 1965 3889 2031; baseline 0.001 -11"><span class='ocrx_word' id='word_1_534' title='bbox 2302 1973 2444 2020; x_wconf 84' lang='lat' dir='ltr'><strong>terra</strong></span> <span class='ocrx_word' id='word_1_535' title='bbox 2492 1975 2540 2019; x_wconf 90' lang='lat' dir='ltr'><strong>et</strong></span> <span class='ocrx_word' id='word_1_536' title='bbox 2589 1965 2896 2031; x_wconf 87' lang='lat' dir='ltr'><strong>obruentes;</strong></span> <span class='ocrx_word' id='word_1_537' title='bbox 2948 1983 3010 2020; x_wconf 87' lang='lat' dir='ltr'><strong>ac</strong></span> <span class='ocrx_word' id='word_1_538' title='bbox 3054 1967 3130 2021; x_wconf 85' lang='lat' dir='ltr'><strong>sic</strong></span> <span class='ocrx_word' id='word_1_539' title='bbox 3183 1983 3248 2021; x_wconf 82' lang='lat' dir='ltr'><strong>ea:</strong></span> <span class='ocrx_word' id='word_1_540' title='bbox 3280 1984 3375 2022; x_wconf 88' lang='lat' dir='ltr'><strong>suo</strong></span> <span class='ocrx_word' id='word_1_541' title='bbox 3427 1969 3649 2023; x_wconf 82' lang='lat' dir='ltr'><strong>humore</strong></span> <span class='ocrx_word' id='word_1_542' title='bbox 3701 1972 3889 2023; x_wconf 79' lang='lat' dir='ltr'><strong>iterum</strong></span> 
     </span>
    </p>
   </div>
   <div class='ocr_carea' id='block_1_75' title="bbox 2300 2055 3891 2127">
    <p class='ocr_par' dir='ltr' id='par_1_75' title="bbox 2300 2055 3891 2127">
     <span class='ocr_line' id='line_1_75' title="bbox 2300 2055 3891 2127; baseline 0.002 -17"><span class='ocrx_word' id='word_1_543' title='bbox 2300 2055 2637 2110; x_wconf 83' lang='lat' dir='ltr'><strong>inveniuntur</strong></span> <span class='ocrx_word' id='word_1_544' title='bbox 2680 2072 2746 2110; x_wconf 80' lang='lat' dir='ltr'><strong>ea:</strong></span> <span class='ocrx_word' id='word_1_545' title='bbox 2771 2056 2881 2110; x_wconf 87' lang='lat' dir='ltr'><strong>suis</strong></span> <span class='ocrx_word' id='word_1_546' title='bbox 2929 2056 3161 2127; x_wconf 85' lang='lat' dir='ltr'><strong>reliquiis</strong></span> <span class='ocrx_word' id='word_1_547' title='bbox 3204 2058 3582 2113; x_wconf 86' lang='lat' dir='ltr'><strong>reviviscentes.</strong></span> <span class='ocrx_word' id='word_1_548' title='bbox 3614 2059 3693 2113; x_wconf 74' lang='lat' dir='ltr'><strong>De</strong></span> <span class='ocrx_word' id='word_1_549' title='bbox 3718 2057 3891 2113; x_wconf 74' lang='lat' dir='ltr'><strong>Ptine-</strong></span> 
     </span>
    </p>
   </div>
   <div class='ocr_carea' id='block_1_76' title="bbox 2304 2145 3882 2224">
    <p class='ocr_par' dir='ltr' id='par_1_76' title="bbox 2304 2145 3882 2224">
     <span class='ocr_line' id='line_1_76' title="bbox 2304 2145 3882 2224; baseline 0.002 -23"><span class='ocrx_word' id='word_1_550' title='bbox 2304 2147 2420 2201; x_wconf 83' lang='lat' dir='ltr'><strong>m&#39;ce</strong></span> <span class='ocrx_word' id='word_1_551' title='bbox 2466 2162 2560 2201; x_wconf 86' lang='lat' dir='ltr'><strong>ave</strong></span> <span class='ocrx_word' id='word_1_552' title='bbox 2610 2145 2839 2201; x_wconf 81' lang='lat' dir='ltr'><strong>Arabica</strong></span> <span class='ocrx_word' id='word_1_553' title='bbox 2876 2149 3199 2224; x_wconf 80' lang='lat' dir='ltr'><strong>superﬂuum</strong></span> <span class='ocrx_word' id='word_1_554' title='bbox 3254 2149 3385 2204; x_wconf 82' lang='lat' dir='ltr'><strong>mihi</strong></span> <span class='ocrx_word' id='word_1_555' title='bbox 3412 2159 3485 2204; x_wconf 87' lang='lat' dir='ltr'><strong>est</strong></span> <span class='ocrx_word' id='word_1_556' title='bbox 3512 2150 3720 2216; x_wconf 80' lang='lat' dir='ltr'><strong>dicere;</strong></span> <span class='ocrx_word' id='word_1_557' title='bbox 3760 2149 3882 2220; x_wconf 86' lang='lat' dir='ltr'><strong>jam</strong></span> 
     </span>
    </p>
   </div>
   <div class='ocr_carea' id='block_1_77' title="bbox 2303 2237 3888 2311">
    <p class='ocr_par' dir='ltr' id='par_1_77' title="bbox 2303 2237 3888 2311">
     <span class='ocr_line' id='line_1_77' title="bbox 2303 2237 3888 2311; baseline 0.003 -19"><span class='ocrx_word' id='word_1_558' title='bbox 2303 2254 2528 2308; x_wconf 86' lang='lat' dir='ltr'><strong>namque</strong></span> <span class='ocrx_word' id='word_1_559' title='bbox 2576 2238 2632 2290; x_wconf 89' lang='lat' dir='ltr'><strong>in</strong></span> <span class='ocrx_word' id='word_1_560' title='bbox 2678 2253 2833 2292; x_wconf 87' lang='lat' dir='ltr'><strong>aures</strong></span> <span class='ocrx_word' id='word_1_561' title='bbox 2866 2237 3150 2293; x_wconf 85' lang='lat' dir='ltr'><strong>multorum</strong></span> <span class='ocrx_word' id='word_1_562' title='bbox 3182 2241 3317 2294; x_wconf 78' lang='lat' dir='ltr'><strong>venit</strong></span> <span class='ocrx_word' id='word_1_563' title='bbox 3347 2240 3576 2309; x_wconf 78' lang='lat' dir='ltr'><strong>ﬁdelium</strong></span> <span class='ocrx_word' id='word_1_564' title='bbox 3616 2250 3660 2295; x_wconf 90' lang='lat' dir='ltr'><strong>et</strong></span> <span class='ocrx_word' id='word_1_565' title='bbox 3690 2240 3888 2311; x_wconf 73' lang='lat' dir='ltr'><strong>inﬁde-</strong></span> 
     </span>
    </p>
   </div>
   <div class='ocr_carea' id='block_1_78' title="bbox 2302 2328 3886 2404">
    <p class='ocr_par' dir='ltr' id='par_1_78' title="bbox 2302 2328 3886 2404">
     <span class='ocr_line' id='line_1_78' title="bbox 2302 2328 3886 2404; baseline 0.003 -22"><span class='ocrx_word' id='word_1_566' title='bbox 2302 2328 2451 2397; x_wconf 79' lang='lat' dir='ltr'><strong>lium.</strong></span> <span class='ocrx_word' id='word_1_567' title='bbox 2486 2328 2630 2383; x_wconf 88' lang='lat' dir='ltr'><strong>Haec</strong></span> <span class='ocrx_word' id='word_1_568' title='bbox 2687 2339 2761 2385; x_wconf 87' lang='lat' dir='ltr'><strong>est</strong></span> <span class='ocrx_word' id='word_1_569' title='bbox 2795 2339 2967 2384; x_wconf 89' lang='lat' dir='ltr'><strong>autem</strong></span> <span class='ocrx_word' id='word_1_570' title='bbox 2998 2332 3163 2400; x_wconf 76' lang='lat' dir='ltr'><strong>ipsius</strong></span> <span class='ocrx_word' id='word_1_571' title='bbox 3188 2350 3370 2388; x_wconf 91' lang='lat' dir='ltr'><strong>causa.</strong></span> <span class='ocrx_word' id='word_1_572' title='bbox 3404 2332 3886 2404; x_wconf 84' lang='lat' dir='ltr'><strong>Quingentesimum</strong></span> 
     </span>
    </p>
   </div>
   <div class='ocr_carea' id='block_1_79' title="bbox 2303 2423 3886 2495">
    <p class='ocr_par' dir='ltr' id='par_1_79' title="bbox 2303 2423 3886 2495">
     <span class='ocr_line' id='line_1_79' title="bbox 2303 2423 3886 2495; baseline 0.002 -21"><span class='ocrx_word' id='word_1_573' title='bbox 2303 2436 2500 2474; x_wconf 88' lang='lat' dir='ltr'><strong>annum</strong></span> <span class='ocrx_word' id='word_1_574' title='bbox 2551 2437 2803 2491; x_wconf 87' lang='lat' dir='ltr'><strong>peragens</strong></span> <span class='ocrx_word' id='word_1_575' title='bbox 2839 2423 3139 2491; x_wconf 84' lang='lat' dir='ltr'><strong>praenoscit</strong></span> <span class='ocrx_word' id='word_1_576' title='bbox 3182 2431 3384 2495; x_wconf 85' lang='lat' dir='ltr'><strong>tempus</strong></span> <span class='ocrx_word' id='word_1_577' title='bbox 3421 2424 3602 2479; x_wconf 87' lang='lat' dir='ltr'><strong>mortis</strong></span> <span class='ocrx_word' id='word_1_578' title='bbox 3651 2440 3784 2479; x_wconf 88' lang='lat' dir='ltr'><strong>suae</strong></span> <span class='ocrx_word' id='word_1_579' title='bbox 3811 2425 3886 2477; x_wconf 86' lang='lat' dir='ltr'><strong>in-</strong></span> 
     </span>
    </p>
   </div>
   <div class='ocr_carea' id='block_1_80' title="bbox 2302 2514 3882 2588">
    <p class='ocr_par' dir='ltr' id='par_1_80' title="bbox 2302 2514 3882 2588">
     <span class='ocr_line' id='line_1_80' title="bbox 2302 2514 3882 2588; baseline 0.001 -19"><span class='ocrx_word' id='word_1_580' title='bbox 2302 2525 2461 2571; x_wconf 84' lang='lat' dir='ltr'><strong>stare.</strong></span> <span class='ocrx_word' id='word_1_581' title='bbox 2523 2514 2835 2586; x_wconf 85' lang='lat' dir='ltr'><strong>Sepulcrum</strong></span> <span class='ocrx_word' id='word_1_582' title='bbox 2872 2518 3009 2571; x_wconf 89' lang='lat' dir='ltr'><strong>enim</strong></span> <span class='ocrx_word' id='word_1_583' title='bbox 3056 2527 3306 2588; x_wconf 87' lang='lat' dir='ltr'><strong>operatur</strong></span> <span class='ocrx_word' id='word_1_584' title='bbox 3333 2519 3682 2585; x_wconf 81' lang='lat' dir='ltr'><strong>aromatibus,</strong></span> <span class='ocrx_word' id='word_1_585' title='bbox 3726 2516 3882 2571; x_wconf 70' lang='lat' dir='ltr'><strong>illud-</strong></span> 
     </span>
    </p>
   </div>
   <div class='ocr_carea' id='block_1_81' title="bbox 2302 2607 3882 2683">
    <p class='ocr_par' dir='ltr' id='par_1_81' title="bbox 2302 2607 3882 2683">
     <span class='ocr_line' id='line_1_81' title="bbox 2302 2607 3882 2683; baseline 0.003 -23"><span class='ocrx_word' id='word_1_586' title='bbox 2302 2624 2400 2678; x_wconf 86' lang='lat' dir='ltr'><strong>que</strong></span> <span class='ocrx_word' id='word_1_587' title='bbox 2424 2607 2596 2677; x_wconf 83' lang='lat' dir='ltr'><strong>ferens</strong></span> <span class='ocrx_word' id='word_1_588' title='bbox 2624 2610 2760 2662; x_wconf 83' lang='lat' dir='ltr'><strong>venit</strong></span> <span class='ocrx_word' id='word_1_589' title='bbox 2791 2609 2846 2663; x_wconf 87' lang='lat' dir='ltr'><strong>in</strong></span> <span class='ocrx_word' id='word_1_590' title='bbox 2873 2608 3131 2664; x_wconf 82' lang='lat' dir='ltr'><strong>civitatem</strong></span> <span class='ocrx_word' id='word_1_591' title='bbox 3158 2609 3549 2681; x_wconf 78' lang='lat' dir='ltr'><strong>Aegyptiorum,</strong></span> <span class='ocrx_word' id='word_1_592' title='bbox 3580 2628 3713 2683; x_wconf 84' lang='lat' dir='ltr'><strong>quae</strong></span> <span class='ocrx_word' id='word_1_593' title='bbox 3741 2629 3882 2665; x_wconf 69' lang='grc' dir='ltr'><strong>εοεα-</strong></span> 
     </span>
    </p>
   </div>
   <div class='ocr_carea' id='block_1_82' title="bbox 2302 2696 3879 2774">
    <p class='ocr_par' dir='ltr' id='par_1_82' title="bbox 2302 2696 3879 2774">
     <span class='ocr_line' id='line_1_82' title="bbox 2302 2696 3879 2774; baseline 0.004 -22"><span class='ocrx_word' id='word_1_594' title='bbox 2302 2707 2390 2752; x_wconf 88' lang='lat' dir='ltr'><strong>tur</strong></span> <span class='ocrx_word' id='word_1_595' title='bbox 2417 2696 2695 2769; x_wconf 83' lang='lat' dir='ltr'><strong>Eliopolis,</strong></span> <span class='ocrx_word' id='word_1_596' title='bbox 2729 2698 2783 2752; x_wconf 88' lang='lat' dir='ltr'><strong>id</strong></span> <span class='ocrx_word' id='word_1_597' title='bbox 2816 2708 2889 2754; x_wconf 89' lang='lat' dir='ltr'><strong>est</strong></span> <span class='ocrx_word' id='word_1_598' title='bbox 2940 2700 3065 2755; x_wconf 88' lang='lat' dir='ltr'><strong>solis</strong></span> <span class='ocrx_word' id='word_1_599' title='bbox 3118 2700 3321 2769; x_wconf 73' lang='lat' dir='ltr'><strong>civitas,</strong></span> <span class='ocrx_word' id='word_1_600' title='bbox 3356 2711 3403 2756; x_wconf 88' lang='lat' dir='ltr'><strong>et</strong></span> <span class='ocrx_word' id='word_1_601' title='bbox 3428 2702 3625 2773; x_wconf 85' lang='lat' dir='ltr'><strong>plantis</strong></span> <span class='ocrx_word' id='word_1_602' title='bbox 3657 2705 3767 2759; x_wconf 81' lang='lat' dir='ltr'><strong>suis</strong></span> <span class='ocrx_word' id='word_1_603' title='bbox 3793 2720 3879 2774; x_wconf 85' lang='lat' dir='ltr'><strong>pe-</strong></span> 
     </span>
    </p>
   </div>
   <div class='ocr_carea' id='block_1_83' title="bbox 2301 2789 3882 2863">
    <p class='ocr_par' dir='ltr' id='par_1_83' title="bbox 2301 2789 3882 2863">
     <span class='ocr_line' id='line_1_83' title="bbox 2301 2789 3882 2863; baseline 0.003 -21"><span class='ocrx_word' id='word_1_604' title='bbox 2301 2800 2445 2843; x_wconf 88' lang='lat' dir='ltr'><strong>ctora</strong></span> <span class='ocrx_word' id='word_1_605' title='bbox 2474 2806 2570 2843; x_wconf 84' lang='lat' dir='ltr'><strong>sua</strong></span> <span class='ocrx_word' id='word_1_606' title='bbox 2602 2789 2825 2844; x_wconf 88' lang='lat' dir='ltr'><strong>multum</strong></span> <span class='ocrx_word' id='word_1_607' title='bbox 2874 2792 3187 2860; x_wconf 89' lang='lat' dir='ltr'><strong>percutiens,</strong></span> <span class='ocrx_word' id='word_1_608' title='bbox 3224 2792 3395 2863; x_wconf 86' lang='lat' dir='ltr'><strong>ignem</strong></span> <span class='ocrx_word' id='word_1_609' title='bbox 3440 2793 3504 2848; x_wconf 92' lang='lat' dir='ltr'><strong>de</strong></span> <span class='ocrx_word' id='word_1_610' title='bbox 3534 2811 3631 2850; x_wconf 87' lang='lat' dir='ltr'><strong>suo</strong></span> <span class='ocrx_word' id='word_1_611' title='bbox 3673 2811 3882 2863; x_wconf 64' lang='lat' dir='ltr'><strong>corpore</strong></span> 
     </span>
    </p>
   </div>
   <div class='ocr_carea' id='block_1_84' title="bbox 2300 2879 3883 2955">
    <p class='ocr_par' dir='ltr' id='par_1_84' title="bbox 2300 2879 3883 2955">
     <span class='ocr_line' id='line_1_84' title="bbox 2300 2879 3883 2955; baseline 0.003 -22"><span class='ocrx_word' id='word_1_612' title='bbox 2300 2879 2589 2950; x_wconf 78' lang='lat' dir='ltr'><strong>proferens,</strong></span> <span class='ocrx_word' id='word_1_613' title='bbox 2623 2880 2853 2934; x_wconf 79' lang='lat' dir='ltr'><strong>incendit</strong></span> <span class='ocrx_word' id='word_1_614' title='bbox 2901 2881 3190 2952; x_wconf 83' lang='lat' dir='ltr'><strong>subjectum</strong></span> <span class='ocrx_word' id='word_1_615' title='bbox 3233 2884 3287 2937; x_wconf 89' lang='lat' dir='ltr'><strong>in</strong></span> <span class='ocrx_word' id='word_1_616' title='bbox 3332 2883 3445 2937; x_wconf 89' lang='lat' dir='ltr'><strong>loco</strong></span> <span class='ocrx_word' id='word_1_617' title='bbox 3503 2884 3745 2955; x_wconf 77' lang='lat' dir='ltr'><strong>sepulcri</strong></span> <span class='ocrx_word' id='word_1_618' title='bbox 3779 2902 3883 2937; x_wconf 86' lang='lat' dir='ltr'><strong>ma-</strong></span> 
     </span>
    </p>
   </div>
   <div class='ocr_carea' id='block_1_85' title="bbox 2301 2970 3885 3042">
    <p class='ocr_par' dir='ltr' id='par_1_85' title="bbox 2301 2970 3885 3042">
     <span class='ocr_line' id='line_1_85' title="bbox 2301 2970 3885 3042; baseline 0.003 -18"><span class='ocrx_word' id='word_1_619' title='bbox 2301 2970 2507 3038; x_wconf 83' lang='lat' dir='ltr'><strong>teriam,</strong></span> <span class='ocrx_word' id='word_1_620' title='bbox 2565 2987 2628 3025; x_wconf 89' lang='lat' dir='ltr'><strong>ac</strong></span> <span class='ocrx_word' id='word_1_621' title='bbox 2661 2971 2736 3025; x_wconf 84' lang='lat' dir='ltr'><strong>sic</strong></span> <span class='ocrx_word' id='word_1_622' title='bbox 2782 2971 3009 3042; x_wconf 86' lang='lat' dir='ltr'><strong>seipsum</strong></span> <span class='ocrx_word' id='word_1_623' title='bbox 3043 2981 3209 3026; x_wconf 88' lang='lat' dir='ltr'><strong>totunt</strong></span> <span class='ocrx_word' id='word_1_624' title='bbox 3239 2974 3518 3042; x_wconf 80' lang='lat' dir='ltr'><strong>comburit,</strong></span> <span class='ocrx_word' id='word_1_625' title='bbox 3567 2984 3616 3029; x_wconf 88' lang='lat' dir='ltr'><strong>et</strong></span> <span class='ocrx_word' id='word_1_626' title='bbox 3659 2974 3704 3006; x_wconf 82' lang='grc'><strong>¹⁹</strong></span> <span class='ocrx_word' id='word_1_627' title='bbox 3763 2985 3885 3029; x_wconf 83' lang='lat' dir='ltr'><strong>totus</strong></span> 
     </span>
    </p>
   </div>
   <div class='ocr_carea' id='block_1_86' title="bbox 2301 3064 3887 3125">
    <p class='ocr_par' dir='ltr' id='par_1_86' title="bbox 2301 3064 3887 3125">
     <span class='ocr_line' id='line_1_86' title="bbox 2301 3064 3887 3125; baseline 0.003 -8"><span class='ocrx_word' id='word_1_628' title='bbox 2301 3081 2483 3118; x_wconf 88' lang='lat' dir='ltr'><strong>carnes</strong></span> <span class='ocrx_word' id='word_1_629' title='bbox 2511 3081 2636 3120; x_wconf 88' lang='lat' dir='ltr'><strong>suas</strong></span> <span class='ocrx_word' id='word_1_630' title='bbox 2668 3081 2785 3119; x_wconf 84' lang='lat' dir='ltr'><strong>cum</strong></span> <span class='ocrx_word' id='word_1_631' title='bbox 2825 3065 3045 3120; x_wconf 87' lang='lat' dir='ltr'><strong>ossibus.</strong></span> <span class='ocrx_word' id='word_1_632' title='bbox 3100 3064 3288 3121; x_wconf 83' lang='lat' dir='ltr'><strong>Diuina</strong></span> <span class='ocrx_word' id='word_1_633' title='bbox 3337 3078 3511 3123; x_wconf 88' lang='lat' dir='ltr'><strong>autem</strong></span> <span class='ocrx_word' id='word_1_634' title='bbox 3549 3069 3887 3125; x_wconf 84' lang='lat' dir='ltr'><strong>administra-</strong></span> 
     </span>
    </p>
   </div>
   <div class='ocr_carea' id='block_1_87' title="bbox 2306 3157 3887 3233">
    <p class='ocr_par' dir='ltr' id='par_1_87' title="bbox 2306 3157 3887 3233">
     <span class='ocr_line' id='line_1_87' title="bbox 2306 3157 3887 3233; baseline 0.004 -22"><span class='ocrx_word' id='word_1_635' title='bbox 2306 3158 2443 3212; x_wconf 83' lang='lat' dir='ltr'><strong>tione</strong></span> <span class='ocrx_word' id='word_1_636' title='bbox 2469 3158 2628 3213; x_wconf 86' lang='lat' dir='ltr'><strong>nubes</strong></span> <span class='ocrx_word' id='word_1_637' title='bbox 2650 3160 2896 3224; x_wconf 87' lang='lat' dir='ltr'><strong>mittitur,</strong></span> <span class='ocrx_word' id='word_1_638' title='bbox 2924 3168 2973 3213; x_wconf 88' lang='lat' dir='ltr'><strong>et</strong></span> <span class='ocrx_word' id='word_1_639' title='bbox 2997 3157 3150 3230; x_wconf 80' lang='lat' dir='ltr'><strong>pluit,</strong></span> <span class='ocrx_word' id='word_1_640' title='bbox 3180 3171 3227 3215; x_wconf 90' lang='lat' dir='ltr'><strong>et</strong></span> <span class='ocrx_word' id='word_1_641' title='bbox 3256 3162 3537 3231; x_wconf 73' lang='lat' dir='ltr'><strong>exstinguit</strong></span> <span class='ocrx_word' id='word_1_642' title='bbox 3559 3178 3761 3233; x_wconf 80' lang='lat' dir='ltr'><strong>corpus</strong></span> <span class='ocrx_word' id='word_1_643' title='bbox 3792 3163 3887 3218; x_wconf 79' lang='lat' dir='ltr'><strong>avis</strong></span> 
     </span>
    </p>
   </div>
   <div class='ocr_carea' id='block_1_88' title="bbox 2308 3254 3889 3326">
    <p class='ocr_par' dir='ltr' id='par_1_88' title="bbox 2308 3254 3889 3326">
     <span class='ocr_line' id='line_1_88' title="bbox 2308 3254 3889 3326; baseline 0.003 -20"><span class='ocrx_word' id='word_1_644' title='bbox 2308 3262 2693 3307; x_wconf 85' lang='lat' dir='ltr'><strong>consumentem</strong></span> <span class='ocrx_word' id='word_1_645' title='bbox 2732 3254 2771 3284; x_wconf 83' lang='lat'>“</span> <span class='ocrx_word' id='word_1_646' title='bbox 2818 3255 3107 3324; x_wconf 85' lang='lat' dir='ltr'><strong>ﬂammam,</strong></span> <span class='ocrx_word' id='word_1_647' title='bbox 3137 3264 3345 3310; x_wconf 90' lang='lat' dir='ltr'><strong>mortua</strong></span> <span class='ocrx_word' id='word_1_648' title='bbox 3372 3255 3579 3326; x_wconf 85' lang='lat' dir='ltr'><strong>quidem</strong></span> <span class='ocrx_word' id='word_1_649' title='bbox 3617 3257 3738 3326; x_wconf 85' lang='lat' dir='ltr'><strong>jam</strong></span> <span class='ocrx_word' id='word_1_650' title='bbox 3790 3258 3889 3311; x_wconf 73' lang='lat' dir='ltr'><strong>exi-</strong></span> 
     </span>
    </p>
   </div>
   <div class='ocr_carea' id='block_1_89' title="bbox 2305 3346 3888 3419">
    <p class='ocr_par' dir='ltr' id='par_1_89' title="bbox 2305 3346 3888 3419">
     <span class='ocr_line' id='line_1_89' title="bbox 2305 3346 3888 3419; baseline 0.002 -20"><span class='ocrx_word' id='word_1_651' title='bbox 2305 3355 2466 3399; x_wconf 86' lang='lat' dir='ltr'><strong>stente</strong></span> <span class='ocrx_word' id='word_1_652' title='bbox 2489 3362 2604 3413; x_wconf 91' lang='lat' dir='ltr'><strong>ave,</strong></span> <span class='ocrx_word' id='word_1_653' title='bbox 2627 3353 2675 3399; x_wconf 85' lang='lat' dir='ltr'><strong>et</strong></span> <span class='ocrx_word' id='word_1_654' title='bbox 2696 3346 2900 3416; x_wconf 89' lang='lat' dir='ltr'><strong>penitus</strong></span> <span class='ocrx_word' id='word_1_655' title='bbox 2922 3347 3170 3414; x_wconf 87' lang='lat' dir='ltr'><strong>ardente;</strong></span> <span class='ocrx_word' id='word_1_656' title='bbox 3194 3348 3449 3403; x_wconf 75' lang='lat' dir='ltr'><strong>exstincta</strong></span> <span class='ocrx_word' id='word_1_657' title='bbox 3478 3358 3652 3404; x_wconf 88' lang='lat' dir='ltr'><strong>autem</strong></span> <span class='ocrx_word' id='word_1_658' title='bbox 3673 3350 3888 3419; x_wconf 69' lang='lat' dir='ltr'><strong>ﬂamma</strong></span> 
     </span>
    </p>
   </div>
   <div class='ocr_carea' id='block_1_90' title="bbox 2307 3438 3892 3513">
    <p class='ocr_par' dir='ltr' id='par_1_90' title="bbox 2307 3438 3892 3513">
     <span class='ocr_line' id='line_1_90' title="bbox 2307 3438 3892 3513; baseline 0.001 -22"><span class='ocrx_word' id='word_1_659' title='bbox 2307 3438 2560 3509; x_wconf 86' lang='lat' dir='ltr'><strong>reliquiae</strong></span> <span class='ocrx_word' id='word_1_660' title='bbox 2583 3439 2756 3492; x_wconf 85' lang='lat' dir='ltr'><strong>carnis</strong></span> <span class='ocrx_word' id='word_1_661' title='bbox 2787 3438 2900 3510; x_wconf 85' lang='lat' dir='ltr'><strong>ejus</strong></span> <span class='ocrx_word' id='word_1_662' title='bbox 2925 3451 3263 3511; x_wconf 87' lang='lat' dir='ltr'><strong>consumptae</strong></span> <span class='ocrx_word' id='word_1_663' title='bbox 3292 3440 3682 3512; x_wconf 86' lang='lat' dir='ltr'><strong>relinquuntur,</strong></span> <span class='ocrx_word' id='word_1_664' title='bbox 3710 3452 3771 3495; x_wconf 86' lang='lat' dir='ltr'><strong>et</strong></span> <span class='ocrx_word' id='word_1_665' title='bbox 3810 3456 3892 3513; x_wconf 88' lang='lat' dir='ltr'><strong>per</strong></span> 
     </span>
    </p>
   </div>
   <div class='ocr_carea' id='block_1_91' title="bbox 2308 3529 3891 3604">
    <p class='ocr_par' dir='ltr' id='par_1_91' title="bbox 2308 3529 3891 3604">
     <span class='ocr_line' id='line_1_91' title="bbox 2308 3529 3891 3604; baseline 0.003 -23"><span class='ocrx_word' id='word_1_666' title='bbox 2308 3544 2468 3582; x_wconf 90' lang='lat' dir='ltr'><strong>unam</strong></span> <span class='ocrx_word' id='word_1_667' title='bbox 2494 3529 2631 3583; x_wconf 88' lang='lat' dir='ltr'><strong>diem</strong></span> <span class='ocrx_word' id='word_1_668' title='bbox 2656 3545 2759 3583; x_wconf 91' lang='lat' dir='ltr'><strong>non</strong></span> <span class='ocrx_word' id='word_1_669' title='bbox 2786 3540 3116 3600; x_wconf 89' lang='lat' dir='ltr'><strong>apparentes,</strong></span> <span class='ocrx_word' id='word_1_670' title='bbox 3143 3544 3363 3587; x_wconf 87' lang='lat' dir='ltr'><strong>vermem</strong></span> <span class='ocrx_word' id='word_1_671' title='bbox 3392 3534 3631 3604; x_wconf 82' lang='lat' dir='ltr'><strong>gignunt,</strong></span> <span class='ocrx_word' id='word_1_672' title='bbox 3663 3535 3760 3604; x_wconf 81' lang='lat' dir='ltr'><strong>qui</strong></span> <span class='ocrx_word' id='word_1_673' title='bbox 3795 3550 3891 3589; x_wconf 79' lang='lat' dir='ltr'><strong>uer-</strong></span> 
     </span>
    </p>
   </div>
   <div class='ocr_carea' id='block_1_92' title="bbox 2306 3620 3891 3692">
    <p class='ocr_par' dir='ltr' id='par_1_92' title="bbox 2306 3620 3891 3692">
     <span class='ocr_line' id='line_1_92' title="bbox 2306 3620 3891 3692; baseline 0.003 -18"><span class='ocrx_word' id='word_1_674' title='bbox 2306 3621 2407 3675; x_wconf 88' lang='lat' dir='ltr'><strong>mis</strong></span> <span class='ocrx_word' id='word_1_675' title='bbox 2437 3620 2732 3692; x_wconf 86' lang='lat' dir='ltr'><strong>plumescit,</strong></span> <span class='ocrx_word' id='word_1_676' title='bbox 2769 3631 2815 3675; x_wconf 91' lang='lat' dir='ltr'><strong>et</strong></span> <span class='ocrx_word' id='word_1_677' title='bbox 2860 3638 3020 3677; x_wconf 85' lang='lat' dir='ltr'><strong>novus</strong></span> <span class='ocrx_word' id='word_1_678' title='bbox 3065 3623 3147 3692; x_wconf 81' lang='lat' dir='ltr'><strong>fit,</strong></span> <span class='ocrx_word' id='word_1_679' title='bbox 3187 3625 3342 3679; x_wconf 87' lang='lat' dir='ltr'><strong>tertia</strong></span> <span class='ocrx_word' id='word_1_680' title='bbox 3380 3624 3465 3679; x_wconf 87' lang='lat' dir='ltr'><strong>die</strong></span> <span class='ocrx_word' id='word_1_681' title='bbox 3511 3625 3807 3692; x_wconf 85' lang='lat' dir='ltr'><strong>solidatur,</strong></span> <span class='ocrx_word' id='word_1_682' title='bbox 3847 3634 3891 3681; x_wconf 87' lang='lat' dir='ltr'><strong>et</strong></span> 
     </span>
    </p>
   </div>
   <div class='ocr_carea' id='block_1_93' title="bbox 2306 3711 3891 3784">
    <p class='ocr_par' dir='ltr' id='par_1_93' title="bbox 2306 3711 3891 3784">
     <span class='ocr_line' id='line_1_93' title="bbox 2306 3711 3891 3784; baseline 0.002 -19"><span class='ocrx_word' id='word_1_683' title='bbox 2306 3711 2564 3766; x_wconf 84' lang='lat' dir='ltr'><strong>solidatas</strong></span> <span class='ocrx_word' id='word_1_684' title='bbox 2618 3711 2790 3766; x_wconf 88' lang='lat' dir='ltr'><strong>locum</strong></span> <span class='ocrx_word' id='word_1_685' title='bbox 2820 3713 3203 3784; x_wconf 84' lang='lat' dir='ltr'><strong>inquirentibus</strong></span> <span class='ocrx_word' id='word_1_686' title='bbox 3249 3723 3298 3769; x_wconf 87' lang='lat' dir='ltr'><strong>et</strong></span> <span class='ocrx_word' id='word_1_687' title='bbox 3326 3715 3748 3770; x_wconf 85' lang='lat' dir='ltr'><strong>ministrantibus</strong></span> <span class='ocrx_word' id='word_1_688' title='bbox 3784 3716 3891 3769; x_wconf 85' lang='lat' dir='ltr'><strong>loco</strong></span> 
     </span>
    </p>
   </div>
   <div class='ocr_carea' id='block_1_94' title="bbox 2306 3793 3889 3878">
    <p class='ocr_par' dir='ltr' id='par_1_94' title="bbox 2306 3793 3889 3878">
     <span class='ocr_line' id='line_1_94' title="bbox 2306 3793 3889 3878; baseline 0.004 -18"><span class='ocrx_word' id='word_1_689' title='bbox 2306 3823 2361 3863; x_wconf 86' lang='lat' dir='ltr'><strong>se</strong></span> <span class='ocrx_word' id='word_1_690' title='bbox 2406 3807 2579 3877; x_wconf 89' lang='lat' dir='ltr'><strong>ipsum</strong></span> <span class='ocrx_word' id='word_1_691' title='bbox 2629 3793 2954 3878; x_wconf 77' lang='lat' dir='ltr'><strong>manifestat,</strong></span> <span class='ocrx_word' id='word_1_692' title='bbox 3011 3818 3059 3863; x_wconf 89' lang='lat' dir='ltr'><strong>et</strong></span> <span class='ocrx_word' id='word_1_693' title='bbox 3103 3810 3297 3865; x_wconf 88' lang='lat' dir='ltr'><strong>iterum</strong></span> <span class='ocrx_word' id='word_1_694' title='bbox 3357 3812 3412 3865; x_wconf 89' lang='lat' dir='ltr'><strong>in</strong></span> <span class='ocrx_word' id='word_1_695' title='bbox 3471 3828 3623 3867; x_wconf 88' lang='lat' dir='ltr'><strong>suam</strong></span> <span class='ocrx_word' id='word_1_696' title='bbox 3672 3812 3889 3867; x_wconf 75' lang='lat' dir='ltr'><strong>recurrit</strong></span> 
     </span>
    </p>
   </div>
   <div class='ocr_carea' id='block_1_95' title="bbox 2306 3896 3891 3971">
    <p class='ocr_par' dir='ltr' id='par_1_95' title="bbox 2306 3896 3891 3971">
     <span class='ocr_line' id='line_1_95' title="bbox 2306 3896 3891 3971; baseline 0.004 -21"><span class='ocrx_word' id='word_1_697' title='bbox 2306 3896 2553 3967; x_wconf 87' lang='lat' dir='ltr'><strong>patriam,</strong></span> <span class='ocrx_word' id='word_1_698' title='bbox 2598 3897 2735 3952; x_wconf 89' lang='lat' dir='ltr'><strong>unde</strong></span> <span class='ocrx_word' id='word_1_699' title='bbox 2766 3900 2917 3965; x_wconf 81' lang='lat' dir='ltr'><strong>venit,</strong></span> <span class='ocrx_word' id='word_1_700' title='bbox 2946 3910 2993 3951; x_wconf 89' lang='lat' dir='ltr'><strong>et</strong></span> <span class='ocrx_word' id='word_1_701' title='bbox 3042 3900 3345 3955; x_wconf 83' lang='lat' dir='ltr'><strong>combustus</strong></span> <span class='ocrx_word' id='word_1_702' title='bbox 3366 3901 3682 3971; x_wconf 80' lang='lat' dir='ltr'><strong>jurenescit.</strong></span> <span class='ocrx_word' id='word_1_703' title='bbox 3729 3901 3891 3958; x_wconf 85' lang='lat' dir='ltr'><strong>Audi-</strong></span> 
     </span>
    </p>
   </div>
   <div class='ocr_carea' id='block_1_96' title="bbox 2309 3986 3892 4059">
    <p class='ocr_par' dir='ltr' id='par_1_96' title="bbox 2309 3986 3892 4059">
     <span class='ocr_line' id='line_1_96' title="bbox 2309 3986 3892 4059; baseline 0.004 -18"><span class='ocrx_word' id='word_1_704' title='bbox 2309 3987 2377 4042; x_wconf 90' lang='lat' dir='ltr'><strong>sti</strong></span> <span class='ocrx_word' id='word_1_705' title='bbox 2413 3986 2794 4058; x_wconf 89' lang='lat' dir='ltr'><strong>Epiphanium.</strong></span> <span class='ocrx_word' id='word_1_706' title='bbox 2830 3987 2887 4043; x_wconf 91' lang='lat' dir='ltr'><strong>Si</strong></span> <span class='ocrx_word' id='word_1_707' title='bbox 2931 4004 3060 4059; x_wconf 85' lang='lat' dir='ltr'><strong>ergo</strong></span> <span class='ocrx_word' id='word_1_708' title='bbox 3113 3990 3164 4043; x_wconf 91' lang='lat' dir='ltr'><strong>in</strong></span> <span class='ocrx_word' id='word_1_709' title='bbox 3197 3988 3568 4047; x_wconf 82' lang='lat' dir='ltr'><strong>restaurandis</strong></span> <span class='ocrx_word' id='word_1_710' title='bbox 3616 3992 3783 4049; x_wconf 83' lang='lat' dir='ltr'><strong>rebus</strong></span> <span class='ocrx_word' id='word_1_711' title='bbox 3810 3995 3892 4048; x_wconf 78' lang='lat' dir='ltr'><strong>ltu-</strong></span> 
     </span>
    </p>
   </div>
   <div class='ocr_carea' id='block_1_97' title="bbox 2308 4077 3888 4155">
    <p class='ocr_par' dir='ltr' id='par_1_97' title="bbox 2308 4077 3888 4155">
     <span class='ocr_line' id='line_1_97' title="bbox 2308 4077 3888 4155; baseline 0.004 -23"><span class='ocrx_word' id='word_1_712' title='bbox 2308 4077 2564 4147; x_wconf 89' lang='lat' dir='ltr'><strong>manique</strong></span> <span class='ocrx_word' id='word_1_713' title='bbox 2611 4078 2855 4148; x_wconf 87' lang='lat' dir='ltr'><strong>corporis</strong></span> <span class='ocrx_word' id='word_1_714' title='bbox 2889 4079 3136 4149; x_wconf 85' lang='lat' dir='ltr'><strong>partibus</strong></span> <span class='ocrx_word' id='word_1_715' title='bbox 3191 4081 3455 4138; x_wconf 87' lang='lat' dir='ltr'><strong>naturalis</strong></span> <span class='ocrx_word' id='word_1_716' title='bbox 3485 4083 3567 4138; x_wconf 89' lang='lat' dir='ltr'><strong>vis</strong></span> <span class='ocrx_word' id='word_1_717' title='bbox 3614 4093 3888 4155; x_wconf 80' lang='lat' dir='ltr'><strong>operatur,</strong></span> 
     </span>
    </p>
   </div>
   <div class='ocr_carea' id='block_1_98' title="bbox 2310 4168 3891 4241">
    <p class='ocr_par' dir='ltr' id='par_1_98' title="bbox 2310 4168 3891 4241">
     <span class='ocr_line' id='line_1_98' title="bbox 2310 4168 3891 4241; baseline 0.003 -19"><span class='ocrx_word' id='word_1_718' title='bbox 2310 4168 2473 4238; x_wconf 87' lang='lat' dir='ltr'><strong>inque</strong></span> <span class='ocrx_word' id='word_1_719' title='bbox 2514 4169 2837 4225; x_wconf 80' lang='lat' dir='ltr'><strong>animalibus</strong></span> <span class='ocrx_word' id='word_1_720' title='bbox 2866 4170 3327 4227; x_wconf 82' lang='lat' dir='ltr'><strong>irrationabilibtls</strong></span> <span class='ocrx_word' id='word_1_721' title='bbox 3377 4175 3785 4241; x_wconf 88' lang='lat' dir='ltr'><strong>resuscitandis,</strong></span> <span class='ocrx_word' id='word_1_722' title='bbox 3838 4182 3891 4228; x_wconf 92' lang='lat' dir='ltr'><strong>ut</strong></span> 
     </span>
    </p>
   </div>
   <div class='ocr_carea' id='block_1_99' title="bbox 2309 4261 3888 4336">
    <p class='ocr_par' dir='ltr' id='par_1_99' title="bbox 2309 4261 3888 4336">
     <span class='ocr_line' id='line_1_99' title="bbox 2309 4261 3888 4336; baseline 0.003 -21"><span class='ocrx_word' id='word_1_723' title='bbox 2309 4261 2540 4331; x_wconf 75' lang='lat' dir='ltr'><strong>praefati</strong></span> <span class='ocrx_word' id='word_1_724' title='bbox 2592 4263 2829 4317; x_wconf 89' lang='lat' dir='ltr'><strong>auctoris</strong></span> <span class='ocrx_word' id='word_1_725' title='bbox 2860 4263 3157 4333; x_wconf 87' lang='lat' dir='ltr'><strong>approbant</strong></span> <span class='ocrx_word' id='word_1_726' title='bbox 3184 4266 3426 4336; x_wconf 81' lang='lat' dir='ltr'><strong>exempla</strong></span> <span class='ocrx_word' id='word_1_727' title='bbox 3464 4284 3477 4320; x_wconf 91' lang='lat'><strong>:</strong></span> <span class='ocrx_word' id='word_1_728' title='bbox 3513 4268 3641 4336; x_wconf 90' lang='lat' dir='ltr'><strong>quid</strong></span> <span class='ocrx_word' id='word_1_729' title='bbox 3675 4268 3888 4331; x_wconf 87' lang='lat' dir='ltr'><strong>mirum,</strong></span> 
     </span>
    </p>
   </div>
   <div class='ocr_carea' id='block_1_100' title="bbox 2310 4353 3889 4430">
    <p class='ocr_par' dir='ltr' id='par_1_100' title="bbox 2310 4353 3889 4430">
     <span class='ocr_line' id='line_1_100' title="bbox 2310 4353 3889 4430; baseline 0.005 -23"><span class='ocrx_word' id='word_1_730' title='bbox 2310 4353 2355 4407; x_wconf 87' lang='lat' dir='ltr'><strong>si</strong></span> <span class='ocrx_word' id='word_1_731' title='bbox 2398 4353 2579 4409; x_wconf 83' lang='lat' dir='ltr'><strong>vitalis</strong></span> <span class='ocrx_word' id='word_1_732' title='bbox 2629 4362 2683 4408; x_wconf 87' lang='lat' dir='ltr'><strong>et</strong></span> <span class='ocrx_word' id='word_1_733' title='bbox 2717 4354 2979 4411; x_wconf 88' lang='lat' dir='ltr'><strong>naturalis</strong></span> <span class='ocrx_word' id='word_1_734' title='bbox 3032 4355 3226 4420; x_wconf 88' lang='lat' dir='ltr'><strong>virtus,</strong></span> <span class='ocrx_word' id='word_1_735' title='bbox 3257 4372 3395 4428; x_wconf 88' lang='lat' dir='ltr'><strong>quae</strong></span> <span class='ocrx_word' id='word_1_736' title='bbox 3436 4376 3716 4430; x_wconf 87' lang='lat' dir='ltr'><strong>nunquam</strong></span> <span class='ocrx_word' id='word_1_737' title='bbox 3768 4360 3889 4415; x_wconf 85' lang='lat' dir='ltr'><strong>sub-</strong></span> 
     </span>
    </p>
   </div>
   <div class='ocr_carea' id='block_1_101' title="bbox 2310 4444 3887 4517">
    <p class='ocr_par' dir='ltr' id='par_1_101' title="bbox 2310 4444 3887 4517">
     <span class='ocr_line' id='line_1_101' title="bbox 2310 4444 3887 4517; baseline 0.005 -20"><span class='ocrx_word' id='word_1_738' title='bbox 2310 4444 2563 4497; x_wconf 85' lang='lat' dir='ltr'><strong>stantiam</strong></span> <span class='ocrx_word' id='word_1_739' title='bbox 2614 4445 2972 4499; x_wconf 86' lang='lat' dir='ltr'><strong>humanorum</strong></span> <span class='ocrx_word' id='word_1_740' title='bbox 3005 4461 3289 4517; x_wconf 89' lang='lat' dir='ltr'><strong>corporum</strong></span> <span class='ocrx_word' id='word_1_741' title='bbox 3332 4450 3553 4516; x_wconf 90' lang='lat' dir='ltr'><strong>deserit,</strong></span> <span class='ocrx_word' id='word_1_742' title='bbox 3603 4453 3653 4505; x_wconf 91' lang='lat' dir='ltr'><strong>in</strong></span> <span class='ocrx_word' id='word_1_743' title='bbox 3687 4460 3887 4507; x_wconf 90' lang='lat' dir='ltr'><strong>tantum</strong></span> 
     </span>
    </p>
   </div>
   <div class='ocr_carea' id='block_1_102' title="bbox 2236 4534 3885 4631">
    <p class='ocr_par' dir='ltr' id='par_1_102' title="bbox 2236 4534 3885 4631">
     <span class='ocr_line' id='line_1_102' title="bbox 2236 4534 3885 4631; baseline 0.005 -43"><span class='ocrx_word' id='word_1_744' title='bbox 2236 4569 2284 4631; x_wconf 70' lang='lat' dir='ltr'><strong>D</strong></span> <span class='ocrx_word' id='word_1_745' title='bbox 2309 4534 2603 4606; x_wconf 86' lang='lat' dir='ltr'><strong>praevalet,</strong></span> <span class='ocrx_word' id='word_1_746' title='bbox 2654 4547 2712 4592; x_wconf 90' lang='lat' dir='ltr'><strong>ut</strong></span> <span class='ocrx_word' id='word_1_747' title='bbox 2741 4538 2908 4608; x_wconf 90' lang='lat' dir='ltr'><strong>ipsius</strong></span> <span class='ocrx_word' id='word_1_748' title='bbox 2935 4541 3249 4611; x_wconf 90' lang='lat' dir='ltr'><strong>operatione</strong></span> <span class='ocrx_word' id='word_1_749' title='bbox 3286 4541 3400 4612; x_wconf 91' lang='lat' dir='ltr'><strong>ipsa</strong></span> <span class='ocrx_word' id='word_1_750' title='bbox 3430 4558 3654 4615; x_wconf 86' lang='lat' dir='ltr'><strong>corpora</strong></span> <span class='ocrx_word' id='word_1_751' title='bbox 3706 4546 3771 4598; x_wconf 88' lang='lat' dir='ltr'><strong>ad</strong></span> <span class='ocrx_word' id='word_1_752' title='bbox 3807 4545 3885 4598; x_wconf 83' lang='lat' dir='ltr'><strong>vi-</strong></span> 
     </span>
    </p>
   </div>
   <div class='ocr_carea' id='block_1_103' title="bbox 2311 4626 3886 4693">
    <p class='ocr_par' dir='ltr' id='par_1_103' title="bbox 2311 4626 3886 4693">
     <span class='ocr_line' id='line_1_103' title="bbox 2311 4626 3886 4693; baseline 0.006 -12"><span class='ocrx_word' id='word_1_753' title='bbox 2311 4634 2422 4681; x_wconf 91' lang='lat' dir='ltr'><strong>tam</strong></span> <span class='ocrx_word' id='word_1_754' title='bbox 2450 4626 2829 4693; x_wconf 87' lang='lat' dir='ltr'><strong>restituantur,</strong></span> <span class='ocrx_word' id='word_1_755' title='bbox 2858 4640 2912 4683; x_wconf 89' lang='lat' dir='ltr'><strong>et</strong></span> <span class='ocrx_word' id='word_1_756' title='bbox 2940 4632 3008 4685; x_wconf 89' lang='lat' dir='ltr'><strong>ad</strong></span> <span class='ocrx_word' id='word_1_757' title='bbox 3056 4633 3220 4689; x_wconf 88' lang='lat' dir='ltr'><strong>totius</strong></span> <span class='ocrx_word' id='word_1_758' title='bbox 3252 4634 3524 4691; x_wconf 83' lang='lat' dir='ltr'><strong>humanae</strong></span> <span class='ocrx_word' id='word_1_759' title='bbox 3554 4645 3776 4691; x_wconf 88' lang='lat' dir='ltr'><strong>naturae</strong></span> <span class='ocrx_word' id='word_1_760' title='bbox 3805 4637 3886 4692; x_wconf 80' lang='lat' dir='ltr'><strong>in-</strong></span> 
     </span>
    </p>
   </div>
   <div class='ocr_carea' id='block_1_104' title="bbox 2306 4714 3886 4793">
    <p class='ocr_par' dir='ltr' id='par_1_104' title="bbox 2306 4714 3886 4793">
     <span class='ocr_line' id='line_1_104' title="bbox 2306 4714 3886 4793; baseline 0.009 -24"><span class='ocrx_word' id='word_1_761' title='bbox 2306 4716 2612 4786; x_wconf 88' lang='lat' dir='ltr'><strong>tegritatem</strong></span> <span class='ocrx_word' id='word_1_762' title='bbox 2627 4715 2651 4768; x_wconf 85' lang='lat'><strong>?</strong></span> <span class='ocrx_word' id='word_1_763' title='bbox 2669 4714 2986 4774; x_wconf 88' lang='lat' dir='ltr'><strong>Ceterorum</strong></span> <span class='ocrx_word' id='word_1_764' title='bbox 3010 4736 3246 4793; x_wconf 88' lang='lat' dir='ltr'><strong>namque</strong></span> <span class='ocrx_word' id='word_1_765' title='bbox 3264 4725 3596 4792; x_wconf 88' lang='lat' dir='ltr'><strong>animalium,</strong></span> <span class='ocrx_word' id='word_1_766' title='bbox 3622 4729 3886 4782; x_wconf 80' lang='lat' dir='ltr'><strong>omnium-</strong></span> 
     </span>
    </p>
   </div>
   <div class='ocr_carea' id='block_1_105' title="bbox 2307 4809 3885 4888">
    <p class='ocr_par' dir='ltr' id='par_1_105' title="bbox 2307 4809 3885 4888">
     <span class='ocr_line' id='line_1_105' title="bbox 2307 4809 3885 4888; baseline 0.007 -26"><span class='ocrx_word' id='word_1_767' title='bbox 2307 4822 2412 4877; x_wconf 88' lang='lat' dir='ltr'><strong>que</strong></span> <span class='ocrx_word' id='word_1_768' title='bbox 2441 4824 2622 4863; x_wconf 90' lang='lat' dir='ltr'><strong>rerum</strong></span> <span class='ocrx_word' id='word_1_769' title='bbox 2648 4809 2985 4866; x_wconf 86' lang='lat' dir='ltr'><strong>sensibilium</strong></span> <span class='ocrx_word' id='word_1_770' title='bbox 3018 4814 3230 4870; x_wconf 84' lang='lat' dir='ltr'><strong>diversa</strong></span> <span class='ocrx_word' id='word_1_771' title='bbox 3262 4826 3317 4872; x_wconf 92' lang='lat' dir='ltr'><strong>et</strong></span> <span class='ocrx_word' id='word_1_772' title='bbox 3348 4818 3594 4887; x_wconf 87' lang='lat' dir='ltr'><strong>specialia</strong></span> <span class='ocrx_word' id='word_1_773' title='bbox 3631 4833 3885 4888; x_wconf 85' lang='lat' dir='ltr'><strong>corpora,</strong></span> 
     </span>
    </p>
   </div>
   <div class='ocr_carea' id='block_1_106' title="bbox 2307 4904 3888 4977">
    <p class='ocr_par' dir='ltr' id='par_1_106' title="bbox 2307 4904 3888 4977">
     <span class='ocr_line' id='line_1_106' title="bbox 2307 4904 3888 4977; baseline 0.007 -19"><span class='ocrx_word' id='word_1_774' title='bbox 2307 4904 2562 4975; x_wconf 89' lang='lat' dir='ltr'><strong>quoniam</strong></span> <span class='ocrx_word' id='word_1_775' title='bbox 2606 4915 2660 4960; x_wconf 90' lang='lat' dir='ltr'><strong>et</strong></span> <span class='ocrx_word' id='word_1_776' title='bbox 2698 4907 2751 4961; x_wconf 94' lang='lat' dir='ltr'><strong>in</strong></span> <span class='ocrx_word' id='word_1_777' title='bbox 2796 4906 2927 4977; x_wconf 90' lang='lat' dir='ltr'><strong>ipsis</strong></span> <span class='ocrx_word' id='word_1_778' title='bbox 2966 4908 3146 4963; x_wconf 85' lang='lat' dir='ltr'><strong>vitalis</strong></span> <span class='ocrx_word' id='word_1_779' title='bbox 3177 4920 3373 4977; x_wconf 89' lang='lat' dir='ltr'><strong>motus,</strong></span> <span class='ocrx_word' id='word_1_780' title='bbox 3397 4912 3518 4965; x_wconf 84' lang='lat' dir='ltr'><strong>dum</strong></span> <span class='ocrx_word' id='word_1_781' title='bbox 3551 4909 3743 4967; x_wconf 83' lang='lat' dir='ltr'><strong>formis</strong></span> <span class='ocrx_word' id='word_1_782' title='bbox 3779 4914 3888 4968; x_wconf 77' lang='lat' dir='ltr'><strong>suis</strong></span> 
     </span>
    </p>
   </div>
   <div class='ocr_carea' id='block_1_107' title="bbox 2308 4999 3881 5073">
    <p class='ocr_par' dir='ltr' id='par_1_107' title="bbox 2308 4999 3881 5073">
     <span class='ocr_line' id='line_1_107' title="bbox 2308 4999 3881 5073; baseline 0.003 -18"><span class='ocrx_word' id='word_1_783' title='bbox 2308 4999 2675 5067; x_wconf 89' lang='lat' dir='ltr'><strong>continentur,</strong></span> <span class='ocrx_word' id='word_1_784' title='bbox 2727 5000 2869 5072; x_wconf 87' lang='lat' dir='ltr'><strong>viget</strong></span> <span class='ocrx_word' id='word_1_785' title='bbox 2900 5010 2954 5056; x_wconf 90' lang='lat' dir='ltr'><strong>et</strong></span> <span class='ocrx_word' id='word_1_786' title='bbox 3002 5012 3200 5071; x_wconf 91' lang='lat' dir='ltr'><strong>movet,</strong></span> <span class='ocrx_word' id='word_1_787' title='bbox 3237 5006 3360 5060; x_wconf 89' lang='lat' dir='ltr'><strong>dum</strong></span> <span class='ocrx_word' id='word_1_788' title='bbox 3408 5004 3719 5073; x_wconf 87' lang='lat' dir='ltr'><strong>solvuntur,</strong></span> <span class='ocrx_word' id='word_1_789' title='bbox 3750 5006 3881 5071; x_wconf 87' lang='lat' dir='ltr'><strong>silet,</strong></span> 
     </span>
    </p>
   </div>
   <div class='ocr_carea' id='block_1_108' title="bbox 2307 5098 3883 5169">
    <p class='ocr_par' dir='ltr' id='par_1_108' title="bbox 2307 5098 3883 5169">
     <span class='ocr_line' id='line_1_108' title="bbox 2307 5098 3883 5169; baseline 0.001 -20"><span class='ocrx_word' id='word_1_790' title='bbox 2307 5107 2649 5163; x_wconf 87' lang='lat' dir='ltr'><strong>nequaquam</strong></span> <span class='ocrx_word' id='word_1_791' title='bbox 2700 5100 2876 5148; x_wconf 88' lang='lat' dir='ltr'><strong>lamen</strong></span> <span class='ocrx_word' id='word_1_792' title='bbox 2915 5110 3101 5150; x_wconf 90' lang='lat' dir='ltr'><strong>eorum</strong></span> <span class='ocrx_word' id='word_1_793' title='bbox 3149 5098 3505 5153; x_wconf 87' lang='lat' dir='ltr'><strong>substantiam</strong></span> <span class='ocrx_word' id='word_1_794' title='bbox 3553 5098 3775 5162; x_wconf 86' lang='lat' dir='ltr'><strong>deserit,</strong></span> <span class='ocrx_word' id='word_1_795' title='bbox 3804 5112 3883 5169; x_wconf 78' lang='lat' dir='ltr'><strong>ge-</strong></span> 
     </span>
    </p>
   </div>
   <div class='ocr_carea' id='block_1_109' title="bbox 2306 5181 3879 5252">
    <p class='ocr_par' dir='ltr' id='par_1_109' title="bbox 2306 5181 3879 5252">
     <span class='ocr_line' id='line_1_109' title="bbox 2306 5181 3879 5252; baseline 0.003 -14"><span class='ocrx_word' id='word_1_796' title='bbox 2306 5181 2572 5239; x_wconf 84' lang='lat' dir='ltr'><strong>neraliter</strong></span> <span class='ocrx_word' id='word_1_797' title='bbox 2595 5198 2718 5238; x_wconf 91' lang='lat' dir='ltr'><strong>cum</strong></span> <span class='ocrx_word' id='word_1_798' title='bbox 2734 5184 2935 5238; x_wconf 88' lang='lat' dir='ltr'><strong>mundo</strong></span> <span class='ocrx_word' id='word_1_799' title='bbox 2961 5185 3267 5240; x_wconf 87' lang='lat' dir='ltr'><strong>transibunt</strong></span> <span class='ocrx_word' id='word_1_800' title='bbox 3298 5188 3362 5252; x_wconf 78' lang='lat'><strong>&quot;,</strong></span> <span class='ocrx_word' id='word_1_801' title='bbox 3397 5204 3463 5243; x_wconf 92' lang='lat' dir='ltr'><strong>eo</strong></span> <span class='ocrx_word' id='word_1_802' title='bbox 3509 5191 3665 5245; x_wconf 89' lang='lat' dir='ltr'><strong>modo</strong></span> <span class='ocrx_word' id='word_1_803' title='bbox 3718 5199 3879 5243; x_wconf 87' lang='lat' dir='ltr'><strong>trans-</strong></span> 
     </span>
    </p>
   </div>
   <div class='ocr_carea' id='block_1_110' title="bbox 2309 5274 3884 5351">
    <p class='ocr_par' dir='ltr' id='par_1_110' title="bbox 2309 5274 3884 5351">
     <span class='ocr_line' id='line_1_110' title="bbox 2309 5274 3884 5351; baseline 0.001 -21"><span class='ocrx_word' id='word_1_804' title='bbox 2309 5274 2495 5341; x_wconf 88' lang='lat' dir='ltr'><strong>eundi,</strong></span> <span class='ocrx_word' id='word_1_805' title='bbox 2546 5274 2613 5329; x_wconf 91' lang='lat' dir='ltr'><strong>de</strong></span> <span class='ocrx_word' id='word_1_806' title='bbox 2639 5290 2747 5344; x_wconf 90' lang='lat' dir='ltr'><strong>quo</strong></span> <span class='ocrx_word' id='word_1_807' title='bbox 2785 5275 2940 5345; x_wconf 86' lang='lat' dir='ltr'><strong>plura</strong></span> <span class='ocrx_word' id='word_1_808' title='bbox 2971 5277 3219 5346; x_wconf 90' lang='lat' dir='ltr'><strong>superius</strong></span> <span class='ocrx_word' id='word_1_809' title='bbox 3250 5281 3621 5337; x_wconf 82' lang='lat' dir='ltr'><strong>tractavimus.</strong></span> <span class='ocrx_word' id='word_1_810' title='bbox 3673 5282 3734 5335; x_wconf 82' lang='lat' dir='ltr'><strong>Et</strong></span> <span class='ocrx_word' id='word_1_811' title='bbox 3765 5293 3884 5351; x_wconf 84' lang='lat' dir='ltr'><strong>quo-</strong></span> 
     </span>
    </p>
   </div>
   <div class='ocr_carea' id='block_1_111' title="bbox 2311 5365 3885 5440">
    <p class='ocr_par' dir='ltr' id='par_1_111' title="bbox 2311 5365 3885 5440">
     <span class='ocr_line' id='line_1_111' title="bbox 2311 5365 3885 5440; baseline 0.001 -20"><span class='ocrx_word' id='word_1_812' title='bbox 2311 5365 2459 5420; x_wconf 88' lang='lat' dir='ltr'><strong>niam</strong></span> <span class='ocrx_word' id='word_1_813' title='bbox 2489 5374 2680 5420; x_wconf 89' lang='lat' dir='ltr'><strong>cuncta</strong></span> <span class='ocrx_word' id='word_1_814' title='bbox 2712 5365 2989 5421; x_wconf 87' lang='lat' dir='ltr'><strong>sensibilia</strong></span> <span class='ocrx_word' id='word_1_815' title='bbox 3033 5374 3091 5421; x_wconf 80' lang='lat' dir='ltr'><strong>et</strong></span> <span class='ocrx_word' id='word_1_816' title='bbox 3121 5368 3479 5440; x_wconf 83' lang='lat' dir='ltr'><strong>intclligibilia</strong></span> <span class='ocrx_word' id='word_1_817' title='bbox 3529 5373 3582 5426; x_wconf 89' lang='lat' dir='ltr'><strong>in</strong></span> <span class='ocrx_word' id='word_1_818' title='bbox 3631 5372 3885 5426; x_wconf 77' lang='lat' dir='ltr'><strong>hutnanae</strong></span> 
     </span>
    </p>
   </div>
   <div class='ocr_carea' id='block_1_112' title="bbox 2311 5458 3886 5529">
    <p class='ocr_par' dir='ltr' id='par_1_112' title="bbox 2311 5458 3886 5529">
     <span class='ocr_line' id='line_1_112' title="bbox 2311 5458 3886 5529; baseline 0.003 -16"><span class='ocrx_word' id='word_1_819' title='bbox 2311 5467 2543 5514; x_wconf 87' lang='lat' dir='ltr'><strong>naturae</strong></span> <span class='ocrx_word' id='word_1_820' title='bbox 2584 5458 2920 5528; x_wconf 90' lang='lat' dir='ltr'><strong>plenitudine</strong></span> <span class='ocrx_word' id='word_1_821' title='bbox 2945 5461 3160 5516; x_wconf 89' lang='lat' dir='ltr'><strong>condita</strong></span> <span class='ocrx_word' id='word_1_822' title='bbox 3194 5471 3337 5529; x_wconf 88' lang='lat' dir='ltr'><strong>sunt,</strong></span> <span class='ocrx_word' id='word_1_823' title='bbox 3384 5479 3515 5519; x_wconf 79' lang='lat' dir='ltr'><strong>num</strong></span> <span class='ocrx_word' id='word_1_824' title='bbox 3545 5464 3742 5520; x_wconf 73' lang='lat' dir='ltr'><strong>rationi</strong></span> <span class='ocrx_word' id='word_1_825' title='bbox 3772 5462 3886 5519; x_wconf 81' lang='lat' dir='ltr'><strong>resi-</strong></span> 
     </span>
    </p>
   </div>
   <div class='ocr_carea' id='block_1_113' title="bbox 1940 5566 2641 5625">
    <p class='ocr_par' dir='ltr' id='par_1_113' title="bbox 1940 5566 2641 5625">
     <span class='ocr_line' id='line_1_113' title="bbox 1940 5566 2641 5625; baseline 0.001 -3"><span class='ocrx_word' id='word_1_826' title='bbox 1940 5566 2192 5622; x_wconf 74' lang='lat' dir='ltr'><strong>VABIAE</strong></span> <span class='ocrx_word' id='word_1_827' title='bbox 2235 5566 2641 5625; x_wconf 82' lang='lat' dir='ltr'><strong>LECTIONES.</strong></span> 
     </span>
    </p>
   </div>
   <div class='ocr_carea' id='block_1_114' title="bbox 698 5677 1251 5739">
    <p class='ocr_par' dir='ltr' id='par_1_114' title="bbox 698 5677 1251 5739">
     <span class='ocr_line' id='line_1_114' title="bbox 698 5677 1251 5739; baseline -0.005 -4"><span class='ocrx_word' id='word_1_828' title='bbox 698 5682 713 5712; x_wconf 83' lang='grc'>¹</span> <span class='ocrx_word' id='word_1_829' title='bbox 740 5681 828 5735; x_wconf 87' lang='lat' dir='ltr'><strong>Sic</strong></span> <span class='ocrx_word' id='word_1_830' title='bbox 860 5677 942 5731; x_wconf 85' lang='lat' dir='ltr'>CF</span> <span class='ocrx_word' id='word_1_831' title='bbox 969 5696 982 5739; x_wconf 89' lang='lat'><strong>;</strong></span> <span class='ocrx_word' id='word_1_832' title='bbox 1023 5679 1066 5730; x_wconf 83' lang='lat' dir='ltr'><strong>A</strong></span> <span class='ocrx_word' id='word_1_833' title='bbox 1094 5693 1251 5732; x_wconf 85' lang='lat' dir='ltr'><strong>meas.</strong></span> 
     </span>
    </p>
   </div>
   <div class='ocr_carea' id='block_1_115' title="bbox 626 5748 1273 5815">
    <p class='ocr_par' dir='ltr' id='par_1_115' title="bbox 626 5748 1273 5815">
     <span class='ocr_line' id='line_1_115' title="bbox 626 5748 1273 5815; baseline -0.005 -13"><span class='ocrx_word' id='word_1_834' title='bbox 626 5763 693 5802; x_wconf 80' lang='lat' dir='ltr'><strong>ex</strong></span> <span class='ocrx_word' id='word_1_835' title='bbox 744 5749 882 5815; x_wconf 62' lang='lat' dir='ltr'><strong>cottj.</strong></span> <span class='ocrx_word' id='word_1_836' title='bbox 960 5749 981 5778; x_wconf 82' lang='grc'><strong><em>⁸</em></strong></span> <span class='ocrx_word' id='word_1_837' title='bbox 1007 5748 1046 5797; x_wconf 77' lang='grc' dir='ltr'>Λ</span> <span class='ocrx_word' id='word_1_838' title='bbox 1087 5764 1273 5813; x_wconf 85' lang='lat' dir='ltr'><strong>parum</strong></span> 
     </span>
    </p>
   </div>
   <div class='ocr_carea' id='block_1_116' title="bbox 628 5817 1122 5881">
    <p class='ocr_par' dir='ltr' id='par_1_116' title="bbox 628 5817 1122 5881">
     <span class='ocr_line' id='line_1_116' title="bbox 628 5817 1122 5881; baseline -0.012 -11"><span class='ocrx_word' id='word_1_839' title='bbox 628 5817 710 5870; x_wconf 71' lang='lat' dir='ltr'><strong>Cl“</strong></span> <span class='ocrx_word' id='word_1_840' title='bbox 732 5833 747 5881; x_wconf 87' lang='lat'><strong>&#39;,</strong></span> <span class='ocrx_word' id='word_1_841' title='bbox 798 5817 840 5867; x_wconf 85' lang='lat' dir='ltr'><strong>A</strong></span> <span class='ocrx_word' id='word_1_842' title='bbox 881 5827 1122 5867; x_wconf 74' lang='lat' dir='ltr'><strong>crescent.</strong></span> 
     </span>
    </p>
   </div>
   <div class='ocr_carea' id='block_1_117' title="bbox 1329 5678 1851 5752">
    <p class='ocr_par' dir='ltr' id='par_1_117' title="bbox 1329 5678 1851 5752">
     <span class='ocr_line' id='line_1_117' title="bbox 1329 5678 1851 5752; baseline -0.002 -17"><span class='ocrx_word' id='word_1_843' title='bbox 1329 5682 1350 5710; x_wconf 82' lang='lat'>&#39;</span> <span class='ocrx_word' id='word_1_844' title='bbox 1381 5679 1471 5752; x_wconf 79' lang='lat' dir='ltr'><strong>Sic</strong></span> <span class='ocrx_word' id='word_1_845' title='bbox 1509 5678 1623 5745; x_wconf 87' lang='lat' dir='ltr'><strong>CF;</strong></span> <span class='ocrx_word' id='word_1_846' title='bbox 1651 5681 1692 5734; x_wconf 84' lang='lat' dir='ltr'><strong>A</strong></span> <span class='ocrx_word' id='word_1_847' title='bbox 1718 5681 1851 5752; x_wconf 87' lang='lat' dir='ltr'><strong>ejus.</strong></span> 
     </span>
    </p>
   </div>
   <div class='ocr_carea' id='block_1_118' title="bbox 1221 5750 2067 5868">
    <p class='ocr_par' dir='ltr' id='par_1_118' title="bbox 1221 5750 2067 5868">
     <span class='ocr_line' id='line_1_118' title="bbox 1226 5750 2067 5868; baseline 0.004 -69"><span class='ocrx_word' id='word_1_848' title='bbox 1226 5765 1273 5799; x_wconf 89' lang='lat' dir='ltr'><strong>nt</strong></span> <span class='ocrx_word' id='word_1_849' title='bbox 1306 5750 1553 5868; x_wconf 50' lang='lat' dir='ltr'><strong>pendens.</strong></span> <span class='ocrx_word' id='word_1_850' title='bbox 1636 5752 1655 5781; x_wconf 73' lang='grc'><strong>⁵</strong></span> <span class='ocrx_word' id='word_1_851' title='bbox 1695 5750 2067 5804; x_wconf 57' lang='grc' dir='ltr'><strong>Α⁷υοηιὶπιιηλ</strong></span> 
     </span>
     <span class='ocr_line' id='line_1_119' title="bbox 1221 5817 2067 5868; baseline 0 0"><span class='ocrx_word' id='word_1_852' title='bbox 1221 5817 1260 5845; x_wconf 78' lang='grc'><strong>¹⁰</strong></span> <span class='ocrx_word' id='word_1_853' title='bbox 1293 5844 1309 5868; x_wconf 53' lang='grc' dir='ltr'><em>λ</em></span> <span class='ocrx_word' id='word_1_854' title='bbox 1365 5833 1446 5868; x_wconf 90' lang='lat' dir='ltr'><strong>ac.</strong></span> <span class='ocrx_word' id='word_1_855' title='bbox 1527 5819 1563 5847; x_wconf 83' lang='lat'>“</span> <span class='ocrx_word' id='word_1_856' title='bbox 1618 5820 1701 5868; x_wconf 74' lang='lat' dir='ltr'><strong>CF</strong></span> <span class='ocrx_word' id='word_1_857' title='bbox 1744 5832 2067 5868; x_wconf 64' lang='lat' dir='ltr'><strong>cmtsummttc</strong></span> 
     </span>
    </p>
   </div>
   <div class='ocr_carea' id='block_1_119' title="bbox 1932 5679 2419 5757">
    <p class='ocr_par' dir='ltr' id='par_1_119' title="bbox 1932 5679 2419 5757">
     <span class='ocr_line' id='line_1_120' title="bbox 1932 5679 2419 5757; baseline -0.002 -22"><span class='ocrx_word' id='word_1_858' title='bbox 1932 5681 1951 5713; x_wconf 85' lang='grc'>³</span> <span class='ocrx_word' id='word_1_859' title='bbox 1991 5679 2074 5735; x_wconf 83' lang='lat' dir='ltr'><strong>CF</strong></span> <span class='ocrx_word' id='word_1_860' title='bbox 2112 5683 2382 5757; x_wconf 63' lang='lat' dir='ltr'><strong>acciperet.</strong></span> <span class='ocrx_word' id='word_1_861' title='bbox 2400 5753 2419 5757; x_wconf 79' lang='lat'><strong>_</strong></span> 
     </span>
    </p>
   </div>
   <div class='ocr_carea' id='block_1_120' title="bbox 2167 5751 2841 5814">
    <p class='ocr_par' dir='ltr' id='par_1_120' title="bbox 2167 5751 2841 5814">
     <span class='ocr_line' id='line_1_121' title="bbox 2167 5751 2841 5814; baseline 0 -9"><span class='ocrx_word' id='word_1_862' title='bbox 2167 5753 2187 5783; x_wconf 84' lang='lat'>&#39;</span> <span class='ocrx_word' id='word_1_863' title='bbox 2229 5751 2319 5805; x_wconf 83' lang='lat' dir='ltr'><strong>Sic</strong></span> <span class='ocrx_word' id='word_1_864' title='bbox 2355 5752 2477 5814; x_wconf 77' lang='lat' dir='ltr'><strong>LF;</strong></span> <span class='ocrx_word' id='word_1_865' title='bbox 2519 5753 2558 5805; x_wconf 82' lang='grc' dir='ltr'><strong>Λ</strong></span> <span class='ocrx_word' id='word_1_866' title='bbox 2589 5753 2841 5807; x_wconf 84' lang='lat' dir='ltr'><strong>imitatur.</strong></span> 
     </span>
    </p>
   </div>
   <div class='ocr_carea' id='block_1_121' title="bbox 1527 5819 3125 5891">
    <p class='ocr_par' dir='ltr' id='par_1_121' title="bbox 1527 5819 3125 5891">
     <span class='ocr_line' id='line_1_122' title="bbox 1527 5819 3125 5891; baseline 0.005 -19"><span class='ocrx_word' id='word_1_867' title='bbox 1527 5819 1563 5847; x_wconf 86' lang='lat'>“</span> <span class='ocrx_word' id='word_1_868' title='bbox 1618 5820 1701 5873; x_wconf 74' lang='lat' dir='ltr'><strong>CF</strong></span> <span class='ocrx_word' id='word_1_869' title='bbox 1744 5832 2150 5878; x_wconf 74' lang='lat' dir='ltr'><strong>cottsumatttem.</strong></span> <span class='ocrx_word' id='word_1_870' title='bbox 2192 5822 2350 5891; x_wconf 81' lang='lat' dir='ltr'><strong>(sic!)</strong></span> <span class='ocrx_word' id='word_1_871' title='bbox 2431 5824 2472 5862; x_wconf 76' lang='grc'>³³</span> <span class='ocrx_word' id='word_1_872' title='bbox 2506 5823 2595 5877; x_wconf 86' lang='lat' dir='ltr'><strong>Sic</strong></span> <span class='ocrx_word' id='word_1_873' title='bbox 2639 5823 2722 5879; x_wconf 81' lang='lat' dir='ltr'><strong>CF</strong></span> <span class='ocrx_word' id='word_1_874' title='bbox 2751 5843 2764 5891; x_wconf 87' lang='lat'><strong>;</strong></span> <span class='ocrx_word' id='word_1_875' title='bbox 2800 5826 2841 5877; x_wconf 77' lang='grc' dir='ltr'><strong>Α</strong></span> <span class='ocrx_word' id='word_1_876' title='bbox 2865 5828 3125 5883; x_wconf 84' lang='lat' dir='ltr'><strong>transibit.</strong></span> 
     </span>
    </p>
   </div>
   <div class='ocr_carea' id='block_1_122' title="bbox 2460 5681 3882 5756">
    <p class='ocr_par' dir='ltr' id='par_1_122' title="bbox 2460 5681 3882 5756">
     <span class='ocr_line' id='line_1_123' title="bbox 2460 5681 3882 5756; baseline 0.006 -21"><span class='ocrx_word' id='word_1_877' title='bbox 2460 5687 2481 5717; x_wconf 60' lang='grc'>⁸</span> <span class='ocrx_word' id='word_1_878' title='bbox 2508 5681 2603 5756; x_wconf 74' lang='lat' dir='ltr'><strong>Sic</strong></span> <span class='ocrx_word' id='word_1_879' title='bbox 2629 5681 2697 5756; x_wconf 89' lang='lat' dir='ltr'><strong>C_;</strong></span> <span class='ocrx_word' id='word_1_880' title='bbox 2723 5681 2806 5737; x_wconf 68' lang='lat' dir='ltr'><strong>Cl“</strong></span> <span class='ocrx_word' id='word_1_881' title='bbox 2842 5696 3166 5756; x_wconf 83' lang='lat' dir='ltr'><strong>accuratum.</strong></span> <span class='ocrx_word' id='word_1_882' title='bbox 3249 5686 3287 5717; x_wconf 81' lang='lat'>“</span> <span class='ocrx_word' id='word_1_883' title='bbox 3312 5705 3407 5743; x_wconf 79' lang='lat' dir='ltr'><strong>seu</strong></span> <span class='ocrx_word' id='word_1_884' title='bbox 3429 5704 3536 5743; x_wconf 90' lang='lat' dir='ltr'><strong>om.</strong></span> <span class='ocrx_word' id='word_1_885' title='bbox 3571 5689 3705 5745; x_wconf 82' lang='lat' dir='ltr'><strong>ACF</strong></span> <span class='ocrx_word' id='word_1_886' title='bbox 3730 5708 3757 5756; x_wconf 74' lang='lat'><strong>;.</strong></span> <span class='ocrx_word' id='word_1_887' title='bbox 3774 5689 3882 5745; x_wconf 81' lang='lat' dir='ltr'><strong>add.</strong></span> 
     </span>
    </p>
   </div>
   <div class='ocr_carea' id='block_1_123' title="bbox 2942 5752 3888 5829">
    <p class='ocr_par' dir='ltr' id='par_1_123' title="bbox 2942 5752 3888 5829">
     <span class='ocr_line' id='line_1_124' title="bbox 2942 5752 3888 5829; baseline 0.004 -19"><span class='ocrx_word' id='word_1_888' title='bbox 2942 5760 2963 5790; x_wconf 77' lang='grc'>⁸</span> <span class='ocrx_word' id='word_1_889' title='bbox 2994 5755 3085 5829; x_wconf 75' lang='lat' dir='ltr'><strong>Sic</strong></span> <span class='ocrx_word' id='word_1_890' title='bbox 3113 5752 3199 5812; x_wconf 76' lang='lat' dir='ltr'><strong>CF</strong></span> <span class='ocrx_word' id='word_1_891' title='bbox 3223 5776 3236 5824; x_wconf 92' lang='lat'><strong>;</strong></span> <span class='ocrx_word' id='word_1_892' title='bbox 3270 5759 3313 5813; x_wconf 81' lang='grc' dir='ltr'><strong>Λ</strong></span> <span class='ocrx_word' id='word_1_893' title='bbox 3342 5756 3683 5829; x_wconf 59' lang='lat' dir='ltr'><strong>conspicitur?</strong></span> <span class='ocrx_word' id='word_1_894' title='bbox 3733 5752 3780 5793; x_wconf 36' lang='lat'><strong>&#39;9</strong></span> <span class='ocrx_word' id='word_1_895' title='bbox 3808 5761 3888 5814; x_wconf 81' lang='lat' dir='ltr'><strong>Sic</strong></span> 
     </span>
    </p>
   </div>
  </div>
