4212 6272
432 414 528 473 901

1288 414 1375 471 DE
1416 412 1759 473 DIVISIONE
1799 404 2147 471 NATURAE.
2189 444 2259 455 —-
2298 412 2499 470 LIBER
2539 414 2863 482 QUINTUS.

3611 421 3715 477 ξ)ῢῖ

433 528 545 593 stit,
579 524 633 583 si
649 522 820 582 tonum
862 512 1120 581 mundun}
1177 532 1297 582 eum
1331 530 1585 587 omnibus
1615 533 1728 588 suis
1776 526 2025 603 partibus
2052 540 2101 600 Α
2129 542 2268 591 rere,
2319 540 2481 598 quam
2527 538 2758 595 corpora
2808 524 2861 579 in
2906 522 3197 583 caelestem
3228 512 3561 600 qualitatem
3585 547 3716 589 con-

436 627 682 691 tempore
722 617 1085 673 restitutionis
1143 619 1311 688 ipsius
1359 626 1609 690 naturae,
1644 623 1701 678 in
1738 638 1845 694 qua
1883 630 2027 678 totus

438 710 763 773 continetur,
814 707 1053 779 generali
1098 710 1337 778 quadam
1382 712 1800 769 resurrectionis
1847 712 2027 784 specie

438 810 866 857 resurrecturum
884 798 1247 856 deliberemus
1260 800 1283 854 ?
1295 800 1625 859 Praesertim
1640 819 1764 860 cum
1782 805 2027 860 omnium

434 891 786 955 sensibilium,
822 892 949 947 dum
983 891 1038 947 in
1085 906 1143 947 se
1173 893 1288 962 ipsa
1317 886 1336 925 ί
1377 895 1754 951 consideratur
1806 906 2024 961 natura,

431 994 537 1041 una
584 984 885 1055 eademque
934 984 1283 1056 perspicitur,
1332 994 1388 1040 et
1433 986 1488 1041 in
1531 982 1635 1043 hoc
1674 986 1876 1043 mundo
1918 1001 2027 1042 non

429 1070 864 1149 magnitudinem
914 1082 1209 1148 corporeae
1237 1079 1412 1145 molis,
1460 1078 1557 1135 sed
1606 1079 2027 1152 incorporalium

432 1163 862 1235 substantiarum
901 1170 1281 1225 adunationem
1308 1174 1511 1240 absque
1545 1173 1690 1227 omni
1732 1172 1945 1228 cumulo
1974 1183 2029 1228 et

435 1264 675 1333 partium
708 1263 1128 1334 exaggeratione
1148 1263 1231 1318 vel
1279 1263 1673 1335 compositione
1697 1280 1825 1319 vera
1849 1265 2029 1321 consi-

436 1356 592 1409 derat
615 1346 753 1409 ratio
780 1369 794 1407 :
827 1350 969 1409 sicut
1012 1356 1066 1409 in
1111 1356 1340 1410 monade
1369 1362 1431 1411 et’
1445 1349 1498 1411 in
1519 1356 1709 1413 centro
1734 1356 1840 1413 lion
1861 1374 2029 1430 quan-

438 1450 647 1502 titatem
672 1448 755 1501 vel
778 1447 1096 1517 qualitatem
1146 1463 1497 1504 nmnerorum
1525 1460 1579 1505 et
1610 1442 1898 1516 linearum,
1936 1450 2031 1505 sed

438 1538 609 1592 solam
640 1538 917 1603 virtutem,
945 1552 1083 1608 quae
1117 1536 1261 1592 nulla
1292 1538 1452 1605 mole,
1480 1538 1630 1595 nullo
1659 1542 1860 1611 spatio,
1884 1530 2029 1594 nulla

437 1628 741 1697 qtmntita‘te
790 1636 845 1683 et
897 1627 1158 1697 qualitate
1195 1612 1690 1698 circumscribitur,
1751 1630 2025 1702 perspicit.

437 1719 533 1775 Est
554 1721 697 1775 enim
732 1724 843 1775 tota
872 1734 967 1792 per
993 1730 1165 1777 totum
1190 1705 1469 1794 iniseipsa,
1492 1722 1639 1779 nullo
1660 1723 1779 1780 loco
1802 1714 2027 1790 ambita,

434 1812 582 1867 nullo
613 1822 859 1886 tempore
889 1818 1052 1870 mota.
1085 1812 1321 1871 Proinde
1365 1818 1409 1873 si
1439 1818 1495 1873 in
1528 1808 1881 1873 universitate
1908 1832 2031 1872 sen-

434 1900 671 1960 sibilium
697 1905 935 1961 humana
956 1906 1239 1976 praecellit
1266 1916 1479 1973 natura,
1508 1916 1563 1963 et
1583 1909 1863 1978 superiora
1888 1923 2028 1964 sem-
2056 1886 2103 1959 Β

436 2012 531 2068 per
569 1992 827 2054 inferiora
874 1989 945 2054 ad
970 2015 1029 2055 se
1057 2000 1372 2067 attrahunt;
1426 2016 1535 2057 non
1561 2001 1706 2056 enim
1733 1994 1873 2056 ratio
1896 2001 2027 2056 sinit

436 2091 716 2161 superiora
748 2091 817 2145 ab
859 2090 1209 2148 inferioribus
1238 2092 1508 2161 consumi,
1542 2092 1804 2149 inferiora
1843 2102 2025 2148 autem

434 2181 488 2237 in
537 2184 815 2255 superiora
872 2184 1105 2241 transire
1151 2184 1475 2241 certissimis
1538 2184 2030 2255 approbationibus

434 2275 739 2345 approbat:
778 2292 907 2330 num
947 2275 1249 2333 verisimile
1302 2286 1404 2341 est,
1448 2270 1743 2333 humanam
1775 2287 2027 2353 naturam

435 2375 628 2421 cuncta
655 2368 795 2423 intra
825 2384 885 2424 se
912 2377 967 2423 et
995 2367 1138 2423 inira
1160 2383 1220 2425 se
1246 2370 1463 2424 condita
1496 2370 1717 2427 sibimet
1749 2370 2033 2441 copulatu-

438 2469 556 2510 ram
583 2465 638 2510 et
667 2457 1026 2513 adunaturam
1056 2458 1112 2513 in
1160 2456 1269 2514 ﬁne
1304 2450 1547 2514 omnium
1581 2461 1929 2517 existimare?
1957 2452 2034 2520 De

436 2540 707 2619 spirituali
746 2558 931 2605 autem
980 2550 1342 2607 humanorum
1387 2566 1675 2623 corporum
1702 2561 1829 2624 post
1850 2568 2036 2610 resur-

441 2641 737 2695 rectionem
770 2638 1074 2699 subtilitate
1103 2636 1346 2715 ejusdem
1376 2628 1666 2716 Epiphanii
1704 2648 2031 2702 sententiam

440 2747 548 2787 non
578 2734 1038 2802 praetereundam
1076 2750 1198 2792 esse
1226 2736 1483 2794 arbitror.
1534 2735 1670 2792 Nam
1701 2740 1769 2794 de
1807 2755 2035 2810 corpore

436 2822 639 2882 Christi
681 2834 805 2896 post
833 2828 1314 2897 resurrectionem,
1355 2830 1411 2885 in
1439 2845 1547 2902 quo
1575 2820 2032 2900 perfectissimum

442 2918 609 2974 totius
635 2919 904 2974 humanae
927 2921 1670 2994 resurrectionispraecesSit
1699 2923 2029 2994 exemplum,

440 3008 727 3080 disputans
747 3002 884 3067 haec
917 3012 1030 3067 ait:
1060 3006 1288 3069 Intravit
1326 3006 1514 3085 januis
1551 3004 1787 3079 clausis;
1820 3006 2034 3069 carnale

438 3102 579 3157 enim
624 3103 789 3172 ipsius
819 3118 1009 3173 corpus
1098 3092 1377 3174 spirituali:
1416 3102 1701 3160 resurrexit
1740 3119 1758 3159 :
1799 3113 1846 3159 et
1878 3092 1903 3136 ⁸
1930 3120 2035 3159 non

371 3232 387 3245 .
439 3193 591 3248 aliud
632 3207 841 3265 praeter
867 3195 1007 3269 quod
1033 3204 1128 3251 est.
1177 3194 1249 3250 Et
1286 3186 1436 3266 quod
1479 3206 1575 3259 est,
1608 3186 1807 3251 Deitati
1837 3189 2033 3250 condu-

2124 634 2306 685 versa,
2350 633 2618 689 omneque
2663 625 2941 674 terrenum
2984 619 3367 677 universaliter
3392 621 3716 692 deponentia

2126 711 2449 776 existimari,
2470 710 2716 766 sensibus
2738 709 3046 765 mortalium
3081 711 3646 782 incomprehensibilia
3672 721 3717 781 ο,

2125 804 2383 873 omnique
2435 794 2590 860 locali
2640 801 3145 871 circumscriptione
3192 801 3388 857 libera.
3459 802 3517 857 Si
3570 803 3718 860 enim

2127 894 2393 968 simplicia
2441 886 2624 951 mundi
2675 893 2837 964 hujus
2879 893 3249 964 corruptibilis
3296 892 3605 960 elementa,
3663 904 3718 950 ul

2128 1006 2290 1061 saepe
2331 991 2607 1054 diximus,
2658 1003 2859 1055 omne,
2910 989 3052 1056 quod
3101 987 3243 1042 intra
3291 984 3554 1042 ambitum
3602 985 3722 1056 ejus

2128 1084 2457 1147 continetur,
2480 1089 2785 1152 penetrant,
2813 1081 3123 1150 nulliusque
3159 1079 3557 1152 circumscripti
3591 1097 3717 1137 cor-

2128 1175 2280 1247 poris
2317 1173 2560 1229 densitas
2598 1173 2796 1238 obstat,
2844 1187 2912 1227 ne
2954 1166 3154 1241 ubique
3201 1170 3256 1226 in
3298 1172 3480 1227 omnia
3520 1171 3722 1239 ,dillun—

2130 1267 2362 1322 dantur:
2394 1265 2643 1335 quisnam
2671 1264 2737 1318 de
2772 1262 3003 1317 visibilis
3032 1261 3187 1331 hujus
3217 1262 3501 1318 machinae
3525 1274 3719 1321 natura

2131 1360 2417 1430 diligenter
2462 1354 2896 1427 disputantium,
2968 1354 3193 1426 ejusque
3255 1356 3651 1414 catholicorum
3700 1360 3723 1392 ⁷

2132 1449 2490 1507 subtilitatem
2544 1463 2609 1503 ac
2660 1446 2822 1502 veluti
2884 1448 3157 1516 quandam
3220 1438 3723 1519 incorporalitatem

2133 1542 2336 1600 mentis
2381 1534 2627 1597 contuitu
2671 1539 3135 1610 investigantium,
3188 1556 3294 1596 non
3343 1542 3724 1600 incunctanter

2137 1640 2372 1700 asserat,
2401 1633 2526 1687 ae'ra
2580 1630 2957 1686 tenuissimum
2998 1632 3179 1688 omnia
3219 1632 3478 1688 caelestia
3518 1642 3573 1689 et
3618 1644 3724 1691 ter-

2134 1724 2331 1781 restria
2357 1763 2371 1789 ,
2419 1738 2631 1778 necnon
2657 1714 2725 1778 et
2748 1723 2905 1779 aérea
2951 1732 3007 1779 et
3045 1721 3334 1795 Neptunia,
3363 1725 3511 1782 nullo
3535 1726 3720 1782 obsta-

2134 1816 2253 1872 culo
2294 1814 2640 1880 demorante,
2694 1820 2981 1887 penetrare
3004 1854 3020 1883 ,
3092 1831 3264 1887 eoque
3317 1817 3617 1874 mirabilius
3668 1827 3725 1875 et

2132 1905 2402 1978 spirituali
2452 1905 2701 1962 tenuitati
2760 1906 3115 1977 propinquius
3162 1907 3375 1976 igneum
3424 1908 3720 1979 Spiritum,

2130 1998 2359 2069 simplex
2399 1998 2445 2064 ⁸,
2490 2012 2703 2068 purum,
2746 1994 2892 2053 omni
2919 2013 3184 2070 corporeo
3219 2014 3381 2054 sensu
3429 2009 3720 2067 remotum,

2131 2105 2240 2145 non
2282 2089 2457 2145 solum
2485 2098 2682 2145 cuncta
2710 2089 2894 2145 mundi
2933 2091 3106 2162 spatia
3149 2088 3373 2161 implere
3412 2101 3465 2145 et
3493 2091 3721 2160 ambire,

2130 2196 2321 2237 verum
2366 2180 2532 2236 etiam
2580 2181 2758 2252 ipsum
2811 2181 3213 2238 tenuissimum
3242 2184 3369 2237 aéra
3422 2183 3588 2241 nimia
3638 2184 3724 2241 sui

2133 2273 2430 2330 subtilitate
2479 2281 2535 2329 et
2584 2264 3017 2346 incorporalibus
3064 2273 3275 2330 naturis
3320 2273 3675 2332 similitudine
3702 2316 3719 2344 ,

2132 2368 2260 2422 dum
2283 2367 2355 2423 sit
2379 2366 2604 2423 intimus
2625 2366 2892 2435 omnium,
2916 2376 3136 2424 tranare
3171 2370 3212 2422 ο.
3268 2356 3638 2440 Similiterque
3658 2369 3726 2425 de

2133 2475 2273 2532 aqua
2321 2458 2553 2531 simplici
2600 2468 2657 2515 et
2699 2468 2848 2517 terra
2892 2461 3281 2527 sentiendum;
3341 2477 3467 2518 nam
3508 2470 3564 2518 et
3606 2461 3725 2533 ipsa

2133 2553 2335 2623 ubique
2358 2552 2611 2609 omnibus
2646 2542 2967 2624 Corporibus
3007 2552 3197 2609 insunt
3228 2553 3524 2610 secundum
3569 2567 3725 2610 suam

2135 2642 2460 2716 analogiam.
2529 2641 2672 2712 Quid
2716 2632 2955 2707 mirum,
3014 2642 3433 2699 resurrectionis
3496 2656 3728 2713 corpora

2133 2733 2275 2789 ultra
2324 2749 2543 2791 omnem
2590 2722 2903 2790 sensibilem
2965 2732 3283 2804 qualitatem
3330 2733 3681 2788 ascendentia
3708 2772 3725 2798 ,

2134 2828 2281 2884 omni
2328 2827 2470 2884 mole
2515 2835 2571 2884 et
2617 2818 2893 2883 localitate
2920 2816 3188 2894 absoluta,
3226 2830 3297 2892 et,
3331 2836 3391 2881 ut
3420 2827 3497 2882 ita
3525 2826 3725 2895 dicam,

2135 2916 2189 2973 in
2232 2918 2481 2991 spiritum
2524 2918 2746 2975 omnino
2790 2932 3073 2983 conversa,
3121 2916 3375 2986 vitaeque
3426 2916 3724 2984 simillima,

2136 3025 2300 3082 super
2338 3026 2519 3075 omne,
2564 3011 2709 3081 quod
2757 3024 2950 3066 sensus
2994 3023 3293 3079 corporeus
3340 3016 3520 3079 potest
3565 3011 3727 3066 attin—

2134 3118 2292 3176 gere,
2345 3092 2602 3161 ineli'abili
2645 3118 2743 3169 sua
2782 3100 3047 3172 spirituali
3101 3100 3404 3156 subtilitate
3448 3100 3728 3156 exaltari?

2136 3197 2211 3250 De
2258 3210 2325 3252 eo
2368 3210 2538 3262 vero,
2584 3184 2733 3267 quod
2774 3194 3104 3249 resurrectio
3150 3207 3441 3264 corporum
3491 3193 3725 3248 naturali

438 3283 713 3338 navit”in
733 3276 1301 3356 subtilitatemspirilus
1322 3294 1587 3349 ornatum.
1609 3280 1667 3340 Si
1684 3285 1823 3340 enim
1838 3284 1911 3339 ibi
1932 3302 2034 3340 non
2061 3279 2107 3342 C
2139 3288 2341 3344 virtute
2384 3287 2757 3369 cooperatrice
2803 3288 2873 3341 sit
2915 3283 3095 3341 futura
3118 3326 3132 3351 ,
3176 3294 3232 3340 et
3256 3300 3376 3355 ‘non
3419 3299 3518 3355 per
3558 3284 3728 3340 solam

436 3383 548 3427 erat
580 3368 844 3429 subtilitas
888 3374 1150 3446 quaedam
1198 3375 1433 3446 spiritus,
1470 3393 1659 3448 corpus
1680 3375 2033 3447 ponderosum

438 3462 657 3529 accepit.
693 3460 799 3517 Sed
822 3471 880 3516 ut
922 3463 1240 3531 ostenderet,
1270 3466 1397 3536 quia
1426 3465 1524 3520 hoc
1566 3460 1903 3536 corruptibile
1936 3482 2033 3519 no-

439 3562 606 3609 strum
656 3550 906 3611 induetur
944 3555 1393 3627 incorruptionem
1430 3559 1485 3612 in
1534 3560 1792 3623 veritate;
1840 3576 1961 3613 nam
1988 3561 2033 3613 si

439 3645 659 3700 mortale
680 3652 779 3712 est,
803 3644 1055 3703 induatur
1075 3646 1569 3706 immortalitatem:
1591 3651 1807 3705 intravit
1824 3646 2032 3722 quidem

429 3741 615 3811 januis
668 3743 886 3810 clausis,
943 3746 1003 3797 ul
1043 3734 1339 3799 ostenderet
1390 3744 1787 3799 crassimembre
1825 3744 2032 3799 subtili-

439 3830 689 3901 membre‘,
713 3845 769 3913 et
793 3834 1015 3891 mortale
1045 3834 1359 3901 immortale,
1401 3845 1448 3889 et
1478 3826 1813 3907 corruptibili:
1857 3837 2031 3891 incor-

442 3916 708 3997 ruptibile.
742 3918 808 3982 Ut
849 3916 1026 3984 autem
1072 3945 1247 3983 omnes
1274 3928 1608 3999 redargueret
1636 3928 1934 3983 incredulos
1974 3930 2030 3983 in

444 4031 627 4091 nostra
655 4014 849 4091 salute,
889 4010 1007 4075 dico
1055 4030 1232 4075 autem
1272 4019 1675 4087 resurrectione,
1706 4020 1760 4073 in
1787 4018 2029 4072 subtilem

440 4123 806 4169 transmutans
837 4104 1026 4185 corpus
1068 4113 1336 4184 spiritum,
1362 4111 1764 4181 contemperavit
1799 4125 2031 4163 resurre-

441 4204 684 4259 ctionem.
715 4198 953 4273 Intuere,
982 4211 1243 4272 quantum
1270 4202 1648 4256 incunctanter
1668 4188 2028 4269 spiritualium

443 4312 731 4368 corporum
769 4295 1222 4353 resurrectionem
1261 4304 1316 4349 et
1354 4295 1408 4347 in
1438 4284 1790 4348 subtilitatem
1823 4291 2031 4346 incom-

446 4390 868 4464 preltensibilem
919 4389 1172 4455 reditum,
1199 4388 1348 4444 omni
1383 4387 1642 4442 tarditate
1675 4394 1729 4441 et
1773 4384 2032 4456 qualitate

457 4476 707 4559 terrenae
727 4474 908 4551 molis,
924 4486 1195 4556 totiusque
1210 4468 1464 4554 ponderis
1485 4481 1764 4551 corporeis
1785 4480 2034 4535 sensibus

445 4570 867 4644 suecumbentis,
899 4576 1271 4646 localibusque
1304 4575 1494 4645 spatiis
1519 4572 1940 4644 circumscripti,
1965 4571 2034 4627 ab

2138 3366 2409 3437 incarnati
2440 3364 2604 3434 V'erbi
2658 3368 2890 3449 gratiam
2923 3377 2990 3444 ¹⁹,
3054 3393 3196 3434 nunc
3246 3376 3477 3447 primum
3529 3377 3729 3448 incipio

2137 3472 2396 3544 cogitare,
2436 3478 2492 3526 et
2532 3470 2619 3524 ubi
2648 3469 2800 3541 prius
2840 3467 3162 3534 timbabam,
3205 3467 3259 3521 in
3305 3466 3620 3537 Operatione
3652 3468 3728 3522 vi-

2136 3564 2334 3621 delicet
2355 3550 2612 3627 naturali,
2638 3570 2823 3617 utrum
2852 3559 3269 3616 resurrectionis
3294 3559 3364 3615 sit
3389 3558 3636 3615 etlectiva
3656 3589 3729 3601 —

2134 3648 2360 3716 humani
2392 3659 2590 3728 quippe
2626 3655 2870 3727 corporis
2912 3654 3427 3735 redintegrationem
3471 3653 3571 3711 soli
3614 3652 3722 3710 Re—

2135 3754 2434 3828 demptoris
2451 3754 2658 3826 gratiae
2684 3750 3010 3818 tribuebam,
3031 3752 3174 3809 sicut
3192 3760 3246 3807 et
3271 3760 3329 3807 tu
3349 3751 3640 3822 aliquando
3656 3780 3725 3797 -η

2133 3847 2205 3903 ibi
2246 3845 2360 3913 jam
2403 3853 2585 3901 certus
2610 3842 2816 3899 eﬂicior
2857 3844 3069 3899 ratione
3107 3843 3264 3899 duce.
3315 3843 3532 3898 Nullum
3577 3843 3723 3898 enim

2135 3941 2461 3997 miraculum
2512 3940 2566 3994 in
2617 3940 2723 3994 hoc
2766 3938 2968 3994 mundo
3018 3947 3210 3994 contra
3257 3948 3507 3995 naturam
3552 3940 3723 3995 Deum

2132 4030 2328 4085 fecisse
2369 4028 2598 4099 legimus
2626 4047 2638 4082 :
2666 4028 2762 4083 sed
2801 4026 2981 4083 causis
3002 4027 3341 4083 naturalibus
3378 4028 3726 4083 administra-

2134 4121 2260 4176 tivis
2308 4128 2363 4175 et
2408 4118 2813 4183 eliectricibus,
2856 4116 3015 4186 jussu
3066 4116 3159 4171 Dei
3205 4126 3459 4172 movente
3480 4157 3499 4182 ,ν
3552 4117 3726 4174 factas

2131 4227 2252 4268 esse
2291 4224 2643 4282 quascunque
2668 4208 2931 4262 virtutum
2974 4207 3352 4277 theophanias,
3382 4208 3563 4262 divina
3593 4224 3722 4263 nar-

2133 4312 2219 4358 rat
2260 4300 2506 4358 historia.
2582 4299 2647 4355 Et
2706 4300 2752 4355 si
2814 4298 3134 4354 miraculum
3194 4299 3587 4357 miraculorum
3641 4311 3726 4356 est

2134 4393 2400 4467 generalis
2446 4399 2783 4449 mortuorum
2826 4390 3178 4455 resurrectio,
3225 4389 3379 4460 cujus
3423 4390 3722 4447 maximum

2134 4485 2437 4557 exemplum
2462 4483 2755 4556 praecessit
2780 4484 2834 4538 in
2856 4481 3094 4547 Christo,
3126 4483 3180 4537 in
3206 4490 3436 4549 tantum,
3459 4493 3520 4539 ut
3545 4493 3727 4541 cetera

2139 4576 2252 4633 fere
2290 4576 2471 4632 omnia
2516 4573 2784 4629 naturalia
2827 4579 3147 4645 argumenta
3181 4572 3238 4631 in
3266 4572 3728 4645 praeﬁguratione

446 4667 639 4739 Spiritu
658 4638 912 4738 absorpta
925 4638 1884 4740 pronuntiat,purissimeintelligens
1896 4638 2034 4732 Apo-
2058 4638 2111 4697 υ
2140 4667 2312 4739 ipsius
2350 4664 2489 4720 facta
2528 4664 2697 4720 fuisse
2723 4670 2870 4719 recte
2893 4638 3283 4734 intelligantur
3303 4682 3315 4717 :
3359 4638 3488 4721 nuin
3514 4667 3729 4723 veritati

443 4758 641 4814 stolum
691 4752 1322 4833 dicentem:Seminatur
1368 4773 1555 4828 corpus
1582 4757 1833 4820 animale,
1856 4763 2034 4825 surget

446 4867 632 4921 corpus
648 4850 945 4924 spirituale.
967 4849 1111 4907 Dtsc.
1134 4849 1370 4917 lntucor,
1396 4858 1449 4905 et
1467 4850 1643 4919 magni
1668 4848 1770 4903 viri
1792 4848 2032 4902 auctori-

454 4950 617 4998 tatem
642 4943 958 5019 amplector.
981 4942 1056 4996 De
1083 4941 1463 5014 spiritualitate
1487 4941 1761 5015 siquidem
1779 4939 2033 4995 etilloca-

451 5033 603 5088 litate
617 5018 853 5090 omnium
870 5024 1198 5107 generaliter
1219 5034 1579 5089 humanorum
1608 5038 1897 5101 corporum
1914 5039 2038 5101 post

451 5127 928 5195 resurrectionem,
956 5127 1173 5198 quando
1200 5126 1436 5181 lmmana
1478 5133 1671 5180 natura
1692 5164 1705 5191 ,
1742 5140 1882 5193 quae
1912 5138 2035 5179 cor-

450 5230 582 5286 pore
627 5223 684 5270 et
725 5218 904 5271 anima
952 5225 1200 5284 constat,
1249 5217 1490 5286 aequalis
1534 5216 1639 5271 erit
1685 5213 1929 5285 angelis,
1981 5214 2039 5269 et

450 5318 771 5366 sanctorum
804 5309 1029 5365 Patrum
1059 5310 1383 5368 auctoritate
1430 5308 1563 5364 mihi
1595 5308 1710 5379 jam
1747 5308 1768 5337 ⁸
1812 5321 2032 5362 suasum

449 5411 534 5457 est
575 5411 617 5467 ε,
665 5413 723 5457 et
766 5403 910 5458 intra
944 5417 1032 5458 me
1065 5403 1319 5475 perspexi
1365 5403 1654 5468 rationem,
1697 5400 2030 5464 consultans,

448 5494 525 5550 nil
559 5495 705 5551 aliud
750 5495 1087 5566 probabilius
1114 5497 1435 5568 veritatique
1460 5494 1818 5568 propinquius
1845 5506 1975 5549 occu
1986 5506 2035 5548 r-

2137 4757 2433 4831 putandum
2477 4768 2562 4811 est
2603 4774 2709 4812 non
2752 4755 3080 4821 convenire,
3126 4771 3227 4812 nos
3273 4758 3613 4825 existimare,
3659 4775 3727 4814 ex

2140 4864 2423 4907 causarum
2466 4847 2795 4913 naturalium
2831 4844 3081 4903 eﬂ‘ectiva
3117 4847 3358 4927 potentia
3393 4848 3608 4904 divinae
3635 4864 3729 4903 vo-

2139 4940 2331 5000 luntati
2357 4942 2571 4999 subdita
2594 4942 2791 5013 ipsam,
2813 4940 3267 5001 resurreCtionem
3293 4940 3437 5004 dico,
3452 4937 3727 4995 futuram?

2139 5036 2279 5093 MAG.
2309 5035 2587 5091 Ambabus
2612 5034 2797 5103 itaque
2841 5030 3323 5101 cmperatricibus,
3356 5031 3469 5100 ipsa
3504 5030 3724 5100 quidem

2138 5137 2333 5184 natura
2353 5135 2409 5185 et
2433 5125 2631 5197 gratia,
2661 5121 2987 5178 resurrectio
3006 5117 3337 5189 perﬁcietur.
3363 5118 3510 5173 DISC.
3538 5119 3726 5173 Credi-

2139 5220 2332 5275 derim.
2402 5215 2510 5274 Sed
2556 5216 2685 5287 quid
2730 5215 2798 5269 ad
2840 5212 3110 5284 gratiam,
3169 5208 3301 5279 quid
3352 5208 3418 5262 ad
3472 5216 3722 5261 naturam

2136 5311 2357 5382 proprie
2406 5310 2462 5364 in
2512 5308 2618 5363 hac
2661 5301 3079 5361 resurrectionis
3140 5299 3361 5357 actione
3413 5298 3724 5368 pertineat,

2138 5416 2248 5457 non
2274 5400 2411 5456 satis
2432 5398 2737 5469 conspicor.
2790 5392 3001 5448 Nullum
3027 5390 3301 5462 siquidem
3323 5389 3581 5446 intereas
3606 5402 3726 5444 esse

2139 5507 2299 5550 nemo
2342 5491 2571 5548 solerter
2614 5485 2911 5559 sapientiae
2938 5489 3149 5543 secreta
3185 5478 3501 5539 rhnantium
3526 5477 3727 5537 dixerit

1687 5604 1941 5663 VARIAE
1979 5602 2358 5662 LECTIONES

520 5722 534 5752 ⁸
569 5722 683 5791 ipsa
716 5738 826 5779 om.
862 5720 968 5779 CF.
1077 5735 1098 5768 ι
1126 5741 1315 5791 corpus
1344 5738 1453 5777 om.
1497 5721 1602 5778 CF.
1725 5720 1744 5750 ⁸
1770 5728 1815 5773 et
1861 5734 1968 5775 om.
2007 5717 2055 5773 A

450 5808 566 5845 sum
596 5793 647 5845 in
700 5795 1072 5849 subtilitatmn.

462 5862 837 5919 catholicorum
871 5882 979 5921 om.
1012 5866 1078 5920 A.

1077 5735 1460 5863 ’σοῖςῑττηοελς
1497 5721 1602 5847 “3;-

1756 5796 1775 5825 ⁵
1800 5804 1872 5845 est
1902 5806 2011 5846 om.
2047 5788 2151 5844 CF.

1184 5870 1205 5903 ⁸
1227 5860 1321 5920 Sic
1348 5866 1393 5919 A
1424 5865 1541 5933 CF;
1574 5863 1615 5918 F
1650 5879 1793 5919 corr.
1829 5860 2137 5933 simplicem.

2186 5717 2229 5749 ν
2255 5716 2349 5773 Sic
2392 5714 2516 5779 CF;
2548 5721 2593 5768 A
2635 5718 2851 5782 praeter
2914 5709 3058 5779 quod
3106 5708 3289 5782 fuerat
3336 5702 3724 5782 sediill‘udhip-

2256 5724 2349 5773 Sic
2392 5724 2516 5779 CF;
2548 5724 2593 5768 A
2635 5724 2851 5782 praeter
2914 5724 3058 5779 quoa
3106 5724 3280 5780 fuerat
3336 5724 3425 5764 sea
3474 5724 3607 5763 uiua
3642 5724 3721 5834 clp-

2256 5789 2275 5819 ⁶
2302 5787 2385 5841 CF
2418 5784 2797 5838 immortalium
2839 5779 3347 5845 comprehensibilia.
3441 5781 3460 5810 "
3486 5776 3575 5835 Sic
3601 5778 3642 5835 C
3706 5795 3721 5845 ;

2228 5868 2249 5900 ο
2276 5858 2315 5913 F
2349 5870 2608 5912 trasnare.
2689 5854 2727 5884 ’θ
2757 5853 2848 5908 Sic
2873 5850 2988 5918 CF;
3022 5850 3065 5907 A
3096 5870 3203 5909 non
3234 5851 3345 5906 sola
3379 5854 3410 5908 i.
3448 5868 3495 5903 v.
3527 5851 3722 5921 gratia.
