4212 6272
548 364 655 422 905

1893 350 2174 409 JOANNIS
2211 349 2405 409 SCOTI

3717 345 3822 403 904

548 473 930 532 ditierentiam.
959 468 1100 525 Msa.
1124 464 1238 525 [mo
1275 482 1549 540 magnam,
1578 465 1930 537 diligentique
1955 462 2131 534 inqui-
2159 466 2208 526 Α
2235 463 2406 518 dictas
2431 460 2693 532 quaedam
2722 458 3089 526 constituitur,
3127 471 3265 530 quae
3291 456 3492 515 dicitur
3516 457 3659 516 bene
3681 474 3818 530 esse,

549 567 751 624 sitione
791 563 1079 633 lucidaque
1127 560 1443 617 inventione
1487 558 1723 629 dignam.
1768 554 1831 610 In
1867 569 1931 610 ea
1962 553 2132 623 siqui-

550 660 674 715 dem
716 655 958 713 theoriae
1019 662 1173 726 parte
1220 655 1237 685 ¹
1271 653 1373 708 tria
1436 651 1703 722 quaedam
1748 648 1946 703 intueri
1974 647 2136 702 debe-

548 764 710 804 mus:
760 754 817 802 et.
860 744 1037 816 primo
1074 742 1454 798 inexhaustam
1492 739 1711 794 divinae
1749 734 2008 793 bonitatis
2046 735 2131 789 in-

556 839 873 908 ﬁnitamque
928 851 1025 906 per
1080 850 1144 891 ea
1202 842 1258 889 ct
1312 832 1368 887 in
1420 844 1525 897 ea,
1583 841 1724 900 quae
1772 826 1915 884 facta
1965 832 2132 893 sunt,

556 928 923 995 diﬁ‘usionem,
971 926 1165 983 deinde
1213 924 1384 997 ipsius
1426 920 1710 979 divisionis
1755 920 1776 951 ²
1826 917 2135 991 generalem

550 1018 974 1090 bipertitamque
1024 1015 1415 1084 scaturiginem
1464 1012 1519 1067 in
1566 1024 1629 1065 ea
1658 1050 1673 1076 ,
1722 1023 1865 1080 quae
1913 1008 2131 1072 dantur,

551 1119 607 1164 et
647 1124 730 1175 ea,
779 1123 922 1178 quae
963 1107 1253 1163 donantur.
1317 1104 1446 1159 Tria
1486 1101 1670 1173 itaque
1712 1107 1840 1156 sunt
1883 1098 2133 1155 conside-

552 1200 744 1266 randa,
786 1198 1026 1265 bonitas,
1072 1199 1297 1270 ejusque
1322 1197 1470 1262 data,
1512 1204 1566 1251 et
1603 1195 1788 1250 dona:
1830 1207 1970 1264 quae
2008 1208 2035 1246 a
2077 1206 2136 1248 se

551 1292 784 1347 invicem
810 1290 1074 1346 discernit
1094 1289 1323 1345 rationis
1360 1288 1526 1355 acies,
1554 1287 1883 1359 pr0priaque
1909 1284 2135 1355 singulis

549 1387 784 1450 coaptat.
838 1378 1034 1434 Datum
1069 1379 1253 1451 itaque
1286 1379 1501 1436 divinae
1525 1376 1787 1433 bonitatis
1810 1385 1894 1432 est
1918 1375 2137 1431 univer-

550 1469 729 1526 sitatis
771 1470 1104 1537 substitutio,
1151 1478 1207 1525 et
1249 1469 1546 1526 secundum
1592 1468 1873 1541 generales
1917 1476 1972 1523 et
2016 1482 2137 1539 spe-

550 1563 716 1619 ciales
753 1563 992 1618 rationes
1030 1570 1352 1633 cunctarum
1389 1571 1761 1618 creaturarum
1802 1560 2133 1628 distributio,

548 1668 712 1724 quam
762 1652 1236 1724 superessentialis
1284 1652 1540 1719 bonitas,
1606 1665 1746 1722 quae
1804 1651 1948 1707 Deus
2008 1660 2133 1718 est,

549 1745 930 1801 universaliter
951 1744 1203 1801 omnibus
1227 1744 1454 1816 largitur
1481 1759 1512 1800 a
1536 1758 1749 1800 summo
1774 1758 1949 1815 usque
1976 1743 2135 1799 deor-

2239 555 2355 611 sine
2382 569 2487 624 qua
2520 554 2666 623 ipsae
2691 553 3086 618 extremitates,
3115 567 3236 608 esse
3258 551 3511 609 videlicet
3536 561 3594 608 et
3613 567 3822 626 semper

2235 659 2374 710 esse,
2406 659 2508 701 nec
2541 659 2669 701 vere
2705 652 2850 711 sunt,
2880 644 3129 715 quamvis
3172 644 3301 710 sint,
3328 659 3431 701 nec
3458 650 3610 701 recte
3637 644 3820 702 dicun-

2236 748 2327 796 tur
2340 740 2626 797 esse“‘—
2646 755 2768 796 esse
2797 739 2939 795 enim
2968 746 3024 794 et
3049 754 3262 810 semper
3286 752 3429 804 esse,
3449 737 3663 795 sublato
3689 741 3821 797 bene

2234 844 2372 895 esse,
2411 844 2513 885 nec
2536 842 2664 885 vere
2692 843 2812 885 esse
2839 835 2956 895 est,
2982 842 3083 884 nec
3105 842 3233 884 vere
3256 842 3472 898 semper
3495 841 3623 883 esse
3649 842 3664 882 :
3696 828 3819 885 illud

2236 922 2380 979 enim
2405 936 2534 978 vere
2562 929 2617 976 et
2642 928 2727 976 est
2749 928 2806 975 et
2832 933 3044 990 semper
3062 926 3168 985 est,
3191 917 3336 989 quod
3375 917 3515 974 bene
3559 933 3628 973 ac
3665 918 3817 975 beate

2237 1011 2483 1067 subsistit
2510 1041 2581 1051 —
2608 1010 2701 1066 illa
2731 1009 2893 1065 insita
2919 1009 3203 1075 medietas,
3241 1007 3346 1063 hoc
3379 1016 3465 1064 est
3499 1008 3642 1064 bene
3682 1024 3815 1075 esse,

2237 1102 2439 1159 donum
2467 1102 2683 1159 divinae
2707 1100 2965 1157 bonitatis
3004 1107 3108 1166 est,
3138 1098 3311 1155 libero
3334 1112 3399 1154 ac
3418 1098 3562 1154 bono
3582 1098 3817 1156 volunta-

2238 1196 2309 1252 tis
2332 1193 2711 1251 intellectualis
2732 1203 2786 1249 et
2812 1191 3090 1272 rationalis
3122 1200 3403 1249 creaturae
3442 1200 3594 1248 motu
3641 1193 3816 1263 adjun-

2237 1295 2345 1344 cto.
2407 1283 2506 1341 His
2550 1285 2694 1340 enim
2734 1284 2941 1340 duobus
2995 1280 3224 1339 eﬁicitur
3271 1282 3411 1338 bene
3447 1295 3603 1349 esse,
3657 1282 3814 1340 libera

2237 1378 2489 1436 videlicet
2528 1377 2824 1445 voluntate,
2872 1376 3119 1448 donoque
3163 1373 3367 1441 divino,
3411 1374 3559 1446 quod
3608 1377 3815 1446 gratiam

2238 1478 2587 1527 sacrosancta
2630 1475 2791 1524 vocat
2827 1465 3127 1538 Scriptura.
3165 1464 3274 1522 Sed
3311 1465 3443 1522 illud
3480 1466 3680 1522 donum
3718 1481 3816 1521 non

2238 1559 2489 1617 omnibus
2514 1556 2838 1628 generaliter
2854 1555 3217 1612 distribuitur.
3265 1553 3382 1611 Soli
3426 1556 3628 1627 quippe
3664 1571 3814 1627 ange-

2236 1651 2373 1708 licae
2396 1652 2771 1720 humanaeque
2799 1658 3027 1717 naturae
3049 1650 3280 1704 donatur
3302 1648 3596 1705 deiﬁcatio.
3647 1648 3816 1721 Neque

2238 1741 2345 1800 illis
2385 1741 2789 1809 universaliter,
2838 1742 2934 1797 sed
2977 1740 3107 1797 solis
3144 1741 3370 1812 angelis,
3422 1742 3516 1812 qui
3557 1741 3816 1801 Creatoris

549 1850 691 1902 sum,
734 1836 838 1891 hoc
877 1845 978 1901 est,
1029 1835 1096 1891 ab
1126 1833 1473 1891 intellectuali
1505 1826 1723 1902 natura,
1750 1849 1891 1905 quae
1917 1847 2127 1889 summa
2155 1822 2207 1885 Β
2234 1834 2318 1890 sui
2357 1833 2647 1891 dilectione
2669 1833 2941 1898 ardentes,
2975 1831 3197 1887 stabiliti
3219 1831 3262 1864 "
3304 1832 3361 1887 in
3382 1834 3817 1906 contemplatione

548 1928 790 1983 omnium
830 1936 1201 1983 creaturarum
1250 1937 1372 1994 est,
1422 1942 1593 1998 usque
1639 1928 1706 1983 ad
1752 1928 2131 1999 corporalem,

548 2034 688 2091 quae
729 2021 898 2076 imum
935 2030 992 2077 et
1015 2030 1316 2077 extremum
1360 2020 1733 2076 universitatis
1773 2020 2014 2091 possidet
2056 2020 2134 2075 lo-

547 2125 691 2166 cum.
740 2109 963 2165 Summa
1006 2110 1170 2181 igitur
1191 2109 1407 2167 bonitas
1434 2110 1526 2165 dat
1553 2111 1840 2167 universae
1882 2112 2134 2167 conditae

545 2210 774 2257 naturae
810 2215 949 2267 esse,
995 2200 1251 2270 quoniam
1300 2200 1476 2271 ipsam
1517 2214 1585 2256 ex
1629 2215 1736 2257 non
1775 2200 2134 2259 existentibus

544 2294 605 2349 in
630 2294 921 2351 existentia
953 2294 1197 2350 adduxit.
1246 2291 1386 2350 Hinc
1409 2295 1600 2350 beatus
1623 2282 2135 2365 Dionysius’quarto

552 2387 788 2457 capitulo
819 2386 840 2419 ³
884 2388 950 2444 de
1006 2385 1226 2443 caelesti
1263 2384 1537 2443 lerarchia
1585 2385 1893 2454 :Primum,
1937 2388 2132 2458 inquit,

552 2481 786 2534 omnium
838 2478 971 2534 illud
1024 2479 1196 2534 dicere
1230 2495 1435 2547 verum,
1481 2487 1537 2533 ut
1583 2479 1810 2534 bonitate
1851 2479 2136 2557 universali

546 2571 989 2642 superessentialis
1020 2571 1270 2627 divinitas
1301 2587 1502 2637 eorum,
1542 2587 1676 2643 quae
1701 2579 1847 2638 sunt,
1879 2573 2134 2628 essentias

548 2664 867 2719 substituens
894 2664 963 2719 ad
987 2680 1098 2719 esse
1122 2664 1346 2720 adduxit
1381 2663 1423 2719 ⁸.
1461 2663 1558 2719 Est
1586 2666 1725 2721 enim
1775 2666 1873 2720 hoc
1904 2665 2136 2721 omnium

547 2754 781 2809 causae'
822 2763 872 2809 et
919 2770 1075 2825 super
1125 2755 1302 2810 omnia
1339 2754 1587 2811 bonitatis
1622 2743 1655 2787 ’⁸
1704 2757 1974 2827 proprium
2000 2797 2015 2823 ,
2066 2756 2136 2811 ad

551 2845 968 2901 communionem
1006 2845 1043 2930 7‘
1065 2862 1149 2913 ea,
1179 2864 1312 2919 quae
1352 2857 1494 2916 sunt,
1534 2864 1738 2916 vocare,
1770 2858 1828 2902 ut
1855 2849 2136 2921 unicuique

548 2954 754 3006 eorum,
802 2954 936 3010 quae
963 2948 1104 3005 sunt,
1152 2955 1219 2993 ea:
1268 2940 1483 3012 propria
1525 2940 1777 3010 deﬁnitur
1817 2942 2065 3012 analogia
2088 2942 2131 2997 ⁸.

549 3029 744 3085 Omnia
764 3030 950 3101 igitur,
974 3047 1109 3102 quae
1127 3040 1271 3098 sunt,
1288 3034 1645 3104 participant’
1666 3034 2046 3104 providentiam
2072 3051 2137 3090 ea:

549 3121 973 3192 superessentiali
1016 3130 1067 3176 et
1107 3123 1479 3179 causalissima
1514 3124 1561 3157 ¹⁰
1600 3123 1885 3180 Diuinitate
1912 3142 2136 3181 manan-

548 3220 652 3267 tem
667 3212 730 3267 “.
751 3212 876 3267 Non
895 3212 1034 3281 enim
1056 3211 1299 3281 fortassis
1320 3222 1489 3270 essent
1507 3231 1706 3280 eorum,
1725 3232 1861 3287 quae
1887 3226 2028 3283 sunt,
2054 3233 2135 3272 es-

545 3304 768 3371 sentiae,
781 3305 882 3359 nisi
909 3321 943 3357 a
967 3304 1225 3375 principio
1241 3317 1565 3361 assumerent
1582 3306 1647 3359 υ.
1662 3304 1960 3362 Εωὶεεεηιὶα
1972 3309 2135 3378 igitur

549 3397 725 3450 omnia
774 3411 885 3450 esse
915 3395 1030 3464 ejus
1053 3395 1370 3465 participant
1395 3415 1413 3461 ;
1440 3412 1552 3450 esse
1596 3395 1735 3450 enim
1761 3397 1992 3451 omnium
2036 3405 2132 3464 est,

549 3499 821 3554 superesse
845 3484 889 3515 "
922 3483 1187 3538 divinitas.
1250 3482 1523 3541 Hactenus
1560 3484 1870 3556 Dionysius.
1918 3488 1985 3543 Et
2028 3504 2134 3543 non

547 3573 722 3631 solum
763 3573 1234 3645 supercssentialis
1272 3574 1489 3630 bonitas
1536 3576 1633 3630 dat
1683 3577 1936 3633 omnibus
1979 3594 2132 3647 esse,

546 3679 739 3719 verum
784 3663 949 3719 etiam
996 3662 1346 3720 aeternaliter
1383 3679 1525 3720 esse.
1588 3665 1780 3722 Omnis
1807 3668 2006 3739 quippe
2044 3684 2134 3725 es-

554 3755 727 3809 sentia
767 3760 825 3808 et
865 3753 1167 3809 substantia
1197 3769 1304 3811 non
1351 3755 1569 3812 aliunde
1593 3765 1649 3812 et
1671 3763 1759 3813 est
1782 3767 1837 3812 et
1863 3759 2133 3828 subsistit,

547 3845 653 3901 nisi
676 3845 744 3902 ab
768 3860 834 3903 ea
857 3847 1297 3917 superessentiali
1331 3857 1388 3904 et
1415 3847 1924 3919 supersubstantiali
1948 3847 1998 3883 ίδ
2041 3851 2135 3905 bo-

550 3939 744 4006 nitate,
793 3953 935 4011 quae
970 3954 1070 4010 per
1113 3954 1173 3996 se
1207 3955 1336 3996 vere
1374 3950 1461 3997 est
1496 3949 1554 3997 et
1588 3940 1858 3998 subsistit.
1919 3941 2133 3998 Nullum

551 4046 790 4102 namque
810 4031 1164 4088 substantiale
1184 4031 1270 4089 vel
1293 4033 1587 4090 essentiale
1604 4035 1804 4091 bonum
1828 4050 1925 4106 per
1946 4051 2005 4093 se
2025 4045 2133 4104 est,

547 4116 771 4194 praeter
794 4122 969 4194 ipsam
995 4122 1187 4192 solam,
1208 4125 1362 4196 cujus
1393 4126 1743 4198 participatio
1768 4126 1860 4182 dat
1879 4128 2133 4185 omnibus

548 4216 690 4271 bona
730 4230 874 4283 esse,
897 4214 1027 4272 solis
1062 4214 1252 4273 electis
1291 4217 1460 4273 donat
1500 4217 1762 4274 deiﬁcari.
1803 4217 1960 4274 Nulla
1985 4220 2134 4276 enim

549 4308 785 4365 essentia
804 4308 892 4364 vel
915 4309 1218 4367 substantia
1241 4310 1286 4346 ¹³
1306 4320 1391 4365 est
1415 4309 1597 4365 divina
1622 4310 1867 4366 bonitate
1894 4312 2130 4378 condita,

547 4415 690 4472 quae
711 4417 820 4458 non
835 4401 1184 4458 aeternaliter
1198 4409 1253 4457 et
1268 4401 1782 4459 incommutabiliter
1794 4414 2126 4474 permaneat.

549 4490 630 4545 Ea
660 4491 950 4562 siquidem,
973 4506 1115 4561 quae
1147 4500 1409 4562 perpetuo
1437 4505 1792 4561 perseverare
1826 4504 2123 4566 nequeunt,

549 4580 853 4637 accidentia
900 4588 1027 4635 sunt
1074 4581 1395 4636 substantiis
1441 4584 1787 4651 superaddita
1816 4625 1832 4653 ,
1881 4594 1939 4642 et
1983 4587 2129 4645 circa

549 4686 644 4728 eas
664 4670 1005 4740 conglobata,
1034 4671 1199 4741 inque
1226 4686 1321 4728 eas
1338 4687 1665 4733 Ireversura.
1709 4678 1807 4735 Est
1832 4680 2015 4752 itaque
2039 4683 2135 4740 da-

549 4770 668 4818 tum
693 4761 908 4817 divinae
932 4760 1190 4819 bonitatis
1217 4773 1410 4820 natura
1445 4768 1639 4835 omnis,
1678 4785 1817 4841 quae
1857 4773 1911 4827 in
1952 4788 2136 4830 essen-

546 4853 684 4910 tiam
710 4853 870 4910 ducta
896 4860 1000 4920 est,
1020 4863 1076 4911 et
1098 4857 1481 4929 perpetualiter
1497 4862 1818 4929 custoditur,
1840 4879 1907 4919 ne
1922 4875 2132 4935 pereat.

550 4946 622 5002 At
641 4960 774 5003 vero
793 4946 1046 5016 quoniam
1066 4946 1209 5006 inter
1232 4963 1354 5008 esse
1374 4960 1431 5008 et
1452 4954 1799 5010 aeternaliter
1821 4954 1997 5011 “esse
2014 4969 2131 5012 me-

2163 3178 2211 3243 C

2231 1924 2477 1983 veritatis
2530 1925 2576 1967 ίο
2627 1931 2978 1997 permanent,
3032 1924 3267 1996 solisque
3306 1924 3616 1984 hominibus
3648 1945 3812 1985 secun-

2235 2019 2361 2073 dum
2386 2019 2707 2090 propositum
2739 2020 2953 2074 vocatis.
2995 2016 3113 2073 Huc
3158 2017 3393 2085 accedit,
3443 2021 3588 2091 quod
3625 2021 3811 2078 donum

2235 2110 2441 2184 gratiae
2464 2124 2639 2180 neque
2665 2109 2809 2164 intra
2832 2109 3094 2164 terminos
3126 2108 3374 2166 conditae
3395 2120 3621 2167 naturae
3646 2113 3811 2168 conti-

2235 2210 2414 2268 netur,
2441 2210 2620 2272 neque
2647 2200 2945 2257 secundum
2991 2200 3297 2257 naturalem
3337 2201 3582 2257 virtutem
3621 2217 3808 2274 opera-

2236 2303 2349 2361 tur,
2396 2292 2490 2349 sed
2532 2289 3057 2362 superessentialiter
3108 2299 3164 2346 et
3209 2290 3347 2346 ultra
3385 2305 3573 2348 omnes
3609 2304 3813 2348 creatas

2238 2381 2514 2441 naturales
2541 2382 2585 2414 "
2619 2382 2857 2437 rationes
2894 2379 3118 2436 effectus
3151 2395 3277 2436 suos
3298 2381 3525 2453 peragit.
3569 2380 3746 2452 Itaque
3773 2382 3816 2438 si

2235 2487 2336 2545 per
2374 2471 2545 2529 solam
2592 2471 2828 2527 divinam
2871 2471 3104 2542 gratiam
3134 2471 3470 2527 resurrectio
3497 2479 3816 2529 mortuorum

2238 2563 2424 2630 fuerit,
2457 2563 2677 2619 omnino
2704 2561 2970 2619 naturalis
3008 2562 3182 2618 virtus
3223 2564 3593 2631 evacuabitur,
3623 2564 3817 2621 vitalis-

2238 2670 2344 2728 que
2371 2665 2572 2724 motus,
2604 2655 2699 2726 qui
2732 2668 2915 2710 rerum
2941 2654 3277 2711 substantias
3302 2670 3582 2726 nunquam
3608 2656 3815 2723 deserit,

2240 2748 2356 2805 sive
2376 2748 2430 2805 vi
2461 2755 2515 2805 et
2542 2755 2813 2819 potestate
2845 2747 3078 2815 siluerit,
3122 2757 3183 2802 ut
3230 2747 3285 2802 in
3329 2748 3559 2805 monade
3597 2750 3815 2815 numeri,

2240 2842 2354 2900 sive
2378 2848 2501 2899 actu
2521 2849 2577 2897 et
2604 2840 2920 2917 operatione
2947 2849 3133 2914 aperta
3152 2842 3200 2875 ²⁰
3222 2842 3314 2910 sit,
3340 2850 3405 2898 ut
3421 2842 3633 2899 numeri
3655 2857 3684 2897 a
3711 2857 3817 2898 mo-

2239 2939 2379 2997 nade
2401 2939 2776 3011 procedentes,
2811 2945 3126 3007 ceteraque,
3151 2951 3291 3007 quae
3308 2951 3375 2993 ex
3396 2936 3622 2992 occultis
3652 2934 3820 2992 causis

2240 3031 2296 3089 in
2322 3041 2536 3104 apertos
2554 3030 2776 3087 eﬂ'ectus
2801 3029 3087 3102 prodeunt.
3125 3029 3194 3084 Et
3217 3029 3415 3086 iterum
3444 3028 3512 3095 ³⁸,
3538 3028 3585 3083 si
3609 3036 3820 3083 natura-

2239 3124 2310 3179 lis
2333 3124 2504 3180 virtus
2541 3122 2957 3179 resurrectionis
2986 3121 3231 3178 ell'ectiva
3260 3132 3346 3178 est
3383 3122 3587 3192 absque
3616 3121 3820 3191 adjuto-

2241 3216 2324 3271 rio
2351 3214 2578 3286 gratiae,
2616 3213 2886 3285 quomodo
2933 3212 3309 3283 Redemptoris
3353 3213 3577 3268 humani
3616 3212 3823 3284 generis

2235 3308 2491 3364 virtutem
2543 3306 2600 3363 in
2656 3306 3054 3363 resurrectione
3118 3314 3455 3362 mortuorum
3517 3305 3823 3377 praevalere

2234 3397 2489 3471 possibile
2526 3405 2610 3453 est
2647 3396 2892 3464 credere,
2941 3410 3065 3453 cum
3114 3396 3231 3468 ipse
3279 3394 3522 3451 dixerit:
3550 3394 3658 3466 Ego
3706 3411 3821 3450 sum

2235 3487 2544 3544 resurrectio
2597 3496 2646 3543 et
2693 3488 2797 3542 vita
2843 3486 2869 3540 Ρ
2931 3485 3049 3544 Non
3100 3486 3243 3544 enim
3296 3487 3438 3542 hanc
3493 3486 3822 3543 Dominicam

2235 3581 2559 3637 sententiam
2585 3580 2653 3636 de
2674 3570 3089 3636 resurrectione
3116 3580 3439 3645 animarum,
3481 3593 3623 3651 quae
3647 3587 3732 3634 est
3761 3578 3828 3633 de

2236 3681 2411 3730 morte
2436 3671 2731 3743 injustitiae
2752 3679 2808 3726 et
2832 3670 3128 3742 impietatis
3156 3671 3223 3727 ad
3244 3669 3492 3741 justitiae
3523 3678 3580 3726 et
3611 3669 3826 3741 pietatis

2233 3767 2425 3833 vitam,
2454 3765 2559 3821 hoc
2595 3771 2680 3820 est
2708 3763 2762 3818 in
2799 3764 3046 3821 veritatis
3071 3745 3602 3834 contemplationem,
3628 3763 3825 3820 solum-

2235 3858 2395 3915 modo
2429 3856 2685 3915 debemus
2723 3858 2989 3929 accipere,
3024 3871 3213 3913 verum
3269 3857 3436 3913 etiam
3476 3857 3543 3913 de
3586 3871 3827 3915 resurre-

2237 3950 2416 4006 ctione
2440 3963 2747 4020 corporum,
2779 3947 2934 4019 cujus
2961 3947 3260 4019 principale
3299 3947 3608 4021 exemplum
3637 3948 3694 4004 in
3732 3964 3825 4005 sua

2234 4043 2453 4114 propria
2504 4058 2668 4098 carne
2729 4041 3206 4112 praemonstravit.
3274 4039 3418 4096 Sana
3477 4041 3662 4111 itaque
3725 4039 3826 4095 ﬁde

2233 4148 2520 4204 possumus
2544 4133 2837 4189 attribuere
2860 4130 3276 4188 resurrectionis
3315 4130 3573 4188 virtutem
3614 4140 3669 4188 et
3704 4133 3823 4188 dato

2235 4225 2454 4281 divinae
2498 4224 2760 4282 bonitatis
2808 4223 3104 4280 secundum
3165 4223 3473 4279 naturalem
3524 4223 3821 4280 eﬂectivam

2233 4315 2553 4387 potentiam,
2590 4324 2649 4372 et
2685 4315 2827 4371 dono
2855 4312 3098 4384 ejusdem
3121 4315 3385 4373 bonitatis
3413 4317 3824 4372 secundum'su-

2234 4407 2686 4478 perexcellentem
2752 4421 2941 4463 omnes
2997 4418 3220 4466 naturas
3274 4409 3525 4483 gratiam.
3588 4408 3719 4464 Nam
3771 4415 3823 4462 et

2236 4499 2374 4556 haec
2399 4500 2525 4567 duo,
2557 4499 2741 4555 datum
2763 4499 2882 4556 dico
2903 4507 2959 4555 et
2984 4500 3204 4568 donum,
3233 4517 3266 4556 a
3299 4516 3359 4558 se
3386 4502 3616 4558 invicem
3645 4514 3823 4570 segre-

2240 4588 2388 4662 gavit
2410 4587 2642 4644 Iacobus
2666 4589 2964 4658 apostolus,
2993 4588 3178 4646 dicens
3206 4607 3221 4647 :
3254 4588 3423 4647 Omne
3465 4593 3643 4647 datum
3689 4591 3820 4661 opti-

2239 4698 2384 4739 mum
2411 4689 2460 4737 et
2482 4697 2632 4736 omne
2652 4682 2848 4737 donum
2867 4683 3152 4753 perfectum
3171 4684 3236 4739 de
3256 4700 3463 4739 sursum
3490 4694 3585 4751 est,
3614 4686 3825 4739 descen~

2239 4775 2369 4830 dens
2394 4790 2428 4829 a
2454 4771 2617 4827 Patre
2645 4772 2920 4827 luminum.
2959 4774 3037 4829 Ac
3073 4775 3119 4830 si
3159 4783 3343 4846 aperte
3368 4775 3610 4831 diceret:
3633 4774 3819 4829 Omnis

2239 4871 2558 4919 naturarum
2587 4863 2711 4919 data
2745 4862 3056 4920 substitutio
3089 4872 3147 4921 et
3192 4864 3531 4929 restauratio,
3571 4877 3709 4932 quae
3748 4874 3813 4917 ex

2238 4956 2369 5031 dato
2386 4963 2443 5012 et
2462 4956 2604 5016 dono
2626 4956 3012 5026 conformatur,
3032 4958 3316 5030 omnisque
3342 4955 3576 5030 perfecta
3603 4968 3814 5018 eorum.

1857 5145 2113 5205 VARIAE
2150 5148 2553 5210 LECTIONES.

626 5316 647 5350 ί
695 5311 788 5368 Sic
832 5307 940 5376 CF,
972 5307 1020 5363 A
1045 5306 1246 5363 theoria
1273 5304 1330 5359 id
1359 5310 1434 5376 est
1461 5301 1524 5357 de
1551 5300 1926 5376 resurrectione
1956 5281 2079 5357 tria.

2196 5309 2217 5339 ³
2236 5303 2278 5356 Α
2307 5303 2581 5359 divisionis
2623 5303 2809 5376 ipsius;

2929 5304 2953 5337 ⁸
2978 5303 3026 5359 Α
3076 5303 3310 5375 capitulo
3349 5314 3561 5377 quarto.
3677 5304 3697 5335 ⁸
3728 5303 3815 5359 Sic

547 5381 669 5448 CF;
698 5382 745 5435 A
774 5371 1037 5444 Primum,
1066 5378 1259 5449 inquit,
1285 5374 1518 5449 omnium
1546 5371 1681 5426 illud
1707 5371 1931 5449 dicimus
1958 5372 2242 5449 secundum
2263 5376 2547 5449 raritatem
2571 5371 2709 5449 quod
2726 5375 2883 5449 Deus
2908 5390 3087 5449 omnes
3126 5371 3397 5449 creaturas
3439 5376 3669 5449 bonitate
3714 5392 3817 5429 non

547 5442 858 5509 necessitate
916 5442 1204 5503 substituit.
1245 5442 1252 5444 “
1307 5445 1327 5476 ⁵
1361 5444 1408 5499 Α
1444 5457 1636 5498 cassae
1682 5442 1933 5498 omnium.

542 5527 704 5595 juxta
733 5518 1288 5595 analogiae_cujusqtte
1314 5514 1689 5595 deﬁnitionem.

549 5601 903 5647 emanantem.

2046 5443 2068 5474 ⁸
2094 5444 2137 5497 A
2172 5441 2274 5496 Dei
2300 5443 2566 5499 bonitatis.

1792 5514 1812 5544 ’
1840 5514 1881 5568 A
1914 5514 2148 5568 divinam
2176 5514 2520 5582 participant.

997 5589 1040 5656 ιε
1065 5583 1112 5641 Al
1131 5583 1404 5653 Quomodo
1433 5586 1570 5639 enim
1595 5583 1881 5656 quidquam
1906 5584 2113 5656 erat,_si
2143 5599 2316 5656 rerum
2347 5601 2563 5656 causam
2585 5600 2691 5656 non
2715 5586 3123 5656 participabant.

2658 5446 2678 5476 "
2709 5445 2756 5501 A
2783 5446 3326 5500 communicationem.
3444 5446 3468 5479 ⁸
3495 5445 3543 5498 Α
3600 5459 3814 5508 vocare,

2618 5512 2663 5544 '°
2691 5525 2738 5568 et
2770 5515 3139 5570 causaiissima
3168 5530 3279 5571 om.
3310 5516 3377 5570 A.
3467 5516 3505 5547 “
3536 5515 3577 5569 Α
3614 5515 3815 5568 Deitate

2622 5600 2691 5638 on
2715 5586 3123 5654 participabant.
3218 5586 3261 5617 ³³
3286 5587 3334 5641 Α
3363 5582 3816 5654 superessentialis

553 5661 839 5715 Divinitas.
916 5657 961 5688 “
991 5655 1083 5726 Sic
1110 5658 1229 5722 CF;
1280 5658 1325 5712 A
1353 5654 1707 5726 substantiali.
1786 5655 1829 5686 ¹⁵
1860 5656 1952 5710 Sic
1976 5654 2091 5719 Cl";
2144 5655 2188 5706 Λ
2217 5655 2508 5708 essentialis
2557 5655 2873 5726 substantia.
2908 5654 2915 5656 “
2952 5657 2994 5687 ⁸⁸
3036 5657 3127 5711 Sic
3162 5656 3281 5721 AF;
3324 5657 3365 5713 (Ξ
3419 5654 3813 5726 perpetualiter.

555 5729 619 5764 ιθ*
662 5743 771 5779 esse
800 5744 907 5781 om.
941 5725 1048 5781 CF.
1123 5727 1167 5756 ¹⁷
1207 5728 1296 5780 Sic
1321 5729 1393 5789 A;
1424 5725 1507 5780 CF
1529 5724 1820 5779 stabilitati.
1900 5734 1941 5765 ιθ
1988 5726 2027 5778 Λ
2062 5727 2290 5779 veritatis
2319 5724 2767 5794 contemptatione.

562 5797 599 5846 Α
628 5805 825 5858 repertu
857 5797 943 5847 sit.
1017 5794 1060 5824 ²¹
1101 5794 1145 5847 Α
1174 5810 1366 5848 verum.

2850 5728 2888 5758 ’⁸
2920 5726 3186 5782 naturales
3206 5743 3317 5784 om.
3345 5722 3429 5781 Α(
3487 5726 3533 5756 ²⁰
3574 5725 3669 5780 Sic
3692 5722 3813 5788 CF;
