4212 6272
457 442 563 499 905

1314 431 1402 487 DE
1442 429 1782 487 DIVISIONE
1821 428 2172 486 NA'I‘URAE.
2213 457 2282 467 -—-
2317 423 2518 480 LIBER
2555 421 2877 490 QUINTUS.

3627 425 3732 483 906

458 560 550 630 qui
581 557 723 628 digni
754 562 876 609 sunt
905 560 1122 606 acterna
1152 547 1504 614 beatitudine,
1535 545 1826 611 deiﬁcatio,
1877 560 2042 615 quam
2070 551 2120 608 Α
2148 542 2619 613 contemplandam
2667 538 2734 604 ¹⁶,
2783 538 2874 593 sed
2919 548 2978 592 ut
3021 555 3117 610 per
3148 557 3240 597 eas
3286 545 3735 614 contemplativao

457 650 650 708 Graeci
697 650 878 702 θέωσιν
935 643 1155 707 dicunt,
1204 642 1272 698 ab
1313 654 1420 695 uno
1455 638 1605 695 fonte
1657 645 1844 693 manat
1871 677 1888 704 ,
1937 637 2041 693 hoc

459 751 576 808 est,
589 741 655 796 de
676 753 888 794 sursum
918 736 935 766 ¹
962 749 992 788 a
1019 733 1182 789 Patre
1221 731 1504 787 luminum.
1535 729 1721 799 Itaque
1744 727 1956 794 datum,
1980 736 2042 782 ut

457 832 841 908 praediximus,
894 829 948 883 in
992 825 1372 882 universaliter
1416 825 1438 854 ⁸
1484 831 1858 879 creaturarum
1915 820 2044 876 sub-

456 925 733 982 stitutione
774 920 1114 978 substantiali
1136 961 1150 985 ,
1193 920 1395 975 donum
1439 932 1568 972 vero
1595 914 1906 987 specialiter
1931 913 1954 946 ³
1988 913 2040 968 in

454 1013 793 1072 deillcatione
839 1011 1134 1066 electorum
1179 1006 1615 1080 superessentiali
1651 1005 1897 1075 accipere
1949 1004 2045 1057 de-

453 1110 664 1164 bemus.
716 1103 836 1160 Non
868 1103 1014 1159 enim
1042 1102 1204 1158 aliter
1239 1101 1416 1156 divina
1455 1098 1796 1172 providentia
1821 1097 2041 1151 univer-

455 1200 654 1264 sitatis,
700 1212 863 1268 quam
915 1194 1189 1260 condidit,
1230 1194 1472 1250 ordinem
1499 1191 1827 1247 substituere
1853 1187 2040 1253 voluit,

457 1306 558 1348 nec
589 1289 708 1345 ﬁeri
758 1289 963 1354 debuit,
1006 1302 1104 1343 nec
1141 1285 1396 1357 possibile
1440 1283 1562 1349 fuit,
1610 1282 1716 1338 nisi
1773 1289 1834 1336 ut
1869 1280 2047 1351 primo

458 1385 614 1440 daret
645 1382 909 1439 essentias
936 1388 992 1436 et
1017 1379 1366 1442 substantias,
1395 1377 1592 1448 quibus
1635 1384 1820 1446 postea
1866 1374 2050 1430 distri-

459 1475 651 1530 bueret
670 1479 1005 1537 ornamenta,
1051 1471 1153 1526 hoc
1199 1479 1304 1534 est,
1350 1469 1577 1523 virtutes
1623 1468 1848 1522 donaret
1892 1465 2046 1536 juxta

460 1569 773 1639 dignitatem
803 1575 858 1621 et
884 1563 1196 1636 angelorum
1233 1573 1288 1618 et
1318 1563 1619 1629 hominum,
1657 1576 1794 1633 quos
1819 1561 2048 1632 praesci-

461 1659 526 1712 uit
547 1668 593 1712 et
604 1656 1001 1728 praedestinavit
1012 1656 1305 1725 conformes
1317 1656 1433 1726 ﬁeri
1450 1655 1704 1726 unigeniti
1715 1653 1812 1708 Dei
1832 1653 1987 1708 Verbi
2003 1653 2042 1706 ⁸.

462 1746 528 1802 Ut
561 1747 722 1816 igitur
744 1747 986 1802 breviter
1014 1747 1399 1802 concludamus
1425 1747 1446 1779 ⁵
1470 1763 1484 1802 :
1514 1755 1708 1802 natura
1735 1755 1819 1802 est
1839 1747 2046 1811 datum,

457 1841 630 1912 gratia
656 1855 786 1895 vero
819 1841 1017 1894 donum
1052 1859 1065 1894 :
1097 1849 1293 1896 natura
1317 1854 1385 1895 ex
1410 1855 1518 1896 non
1559 1841 1916 1896 existentibus
1950 1839 2004 1894 in
2027 1838 2048 1870 ⁸

454 1931 742 1987 cxistentia
768 1933 1002 1998 adducit,
1027 1933 1227 1988 donum
1252 1948 1384 1989 vero
1411 1933 1674 2004 quaedam
1701 1933 2042 1990 existentium

457 2023 597 2078 ultra
641 2024 824 2078 omnia
861 2023 1147 2080 existentia
1180 2025 1234 2078 in
1278 2024 1452 2094 ipsum
1496 2024 1664 2079 Deum
1700 2024 1899 2079 evehit.
1943 2024 2048 2078 Eos

454 2116 623 2181 enim,
642 2117 733 2185 qui
762 2112 996 2170 divinam
1020 2131 1182 2185 super
1203 2116 1386 2172 omnia
1419 2117 1852 2172 communionem
1880 2117 2048 2187 parti-

453 2202 654 2271 cipant,
680 2202 821 2257 inter
837 2202 1017 2258 omnia
1038 2203 1416 2258 connumerari
1440 2218 1566 2258 vera
1587 2218 1694 2258 non
1708 2203 1856 2272 “sinit
1885 2205 2045 2258 ratio.

457 2293 532 2347 De
562 2309 621 2347 se
650 2293 764 2363 ipsa
787 2295 807 2326 ⁷
835 2308 1066 2365 namque
1096 2293 1311 2350 Veritas
1339 2295 1414 2350 ait
1445 2313 1459 2349 :
1493 2292 1593 2349 Ubi
1617 2311 1710 2366 ego
1731 2295 1904 2365 fuero,
1940 2293 2048 2347 illic

457 2396 504 2438 et
530 2387 764 2441 minister
791 2370 957 2441 meus.
997 2387 1176 2455 Ipsum
1217 2389 1240 2421 ⁸
1281 2389 1659 2444 incunctanter
1678 2402 1842 2456 super
1868 2387 2049 2444 omnia

461 2491 581 2532 esse
628 2478 917 2532 credimus.
974 2477 1204 2532 Ministri
1248 2479 1414 2548 igitur
1464 2479 1632 2548 ipsius
1671 2493 1834 2547 super
1867 2477 2049 2532 omnia

459 2574 607 2629 sunt,
631 2565 798 2620 ceteri
823 2580 973 2630 vero,
1005 2565 1095 2636 qui
1142 2565 1165 2598 ’
1211 2566 1464 2622 virtutem
1507 2582 1677 2637 purae
1716 2565 2048 2636 contempla-

460 2657 622 2712 tionis
660 2655 751 2728 [de
775 2657 965 2712 ordine
994 2657 1443 2727 theophaniarum
1490 2657 1562 2731 “]
1605 2675 1712 2714 non
1761 2659 2047 2730 attingunt,

459 2747 746 2805 interiores
771 2749 990 2804 ordines
1013 2749 1283 2816 obtinent,
1317 2751 1430 2806 sive
1458 2751 1510 2805 in
1545 2751 1906 2821 theophaniis,
1938 2750 2051 2805 sive

458 2839 514 2895 in
567 2837 883 2894 inferiorum
924 2848 1240 2894 naturarum
1283 2840 1725 2896 sublimitatibus.
1790 2841 1844 2894 In
1895 2840 2048 2895 theo-

457 2930 674 3001 pbaniis
705 2938 885 2985 autem
915 2929 1025 2984 dixi
1061 2931 1362 3001 pluraliter,
1397 2933 1646 3002 quoniam
1690 2947 1791 2988 nec
1842 2931 2051 2987 intelle-

459 3021 666 3076 ctuales
691 3036 792 3076 nec
813 3021 1102 3077 rationales
1123 3033 1349 3080 naturae
1373 3025 1559 3079 eodem
1585 3025 1743 3079 modo
1765 3025 2048 3080 veritatem

462 3113 923 3183 contemplaturae
968 3123 1113 3181 sunt,
1155 3115 1247 3170 sed
1294 3116 1583 3186 unicuique
1628 3132 1816 3172 earum
1860 3131 2052 3172 secun-

461 3205 588 3259 dum
633 3207 906 3275 propriam
961 3206 1263 3278 analogiam
1309 3208 1536 3263 altitudo
1584 3209 1828 3264 theoriae
1869 3210 2052 3264 distri-

457 3294 642 3348 buitur
666 3303 831 3365 atque
860 3295 1136 3353 delinitur.
1184 3296 1296 3352 Hoc
1325 3297 1455 3352 dicit
1489 3297 1555 3352 de
1589 3298 1834 3369 angelica
1866 3308 1922 3354 et
1951 3300 2050 3353 hu-

455 3401 610 3442 mana
626 3396 840 3453 natura,
855 3405 992 3459 quae
1009 3390 1452 3448 sublimissimum
1475 3392 1842 3447 universitatis
1856 3392 2045 3447 condi-

457 3490 539 3532 tae
577 3478 822 3534 obtinent
859 3480 1036 3535 locum
1069 3481 1131 3532 “.
1170 3480 1281 3536 Hoc
1304 3495 1484 3538 autem
1507 3483 1760 3548 dicimus,
1785 3499 1888 3538 non
1905 3483 2048 3554 quod

457 3571 560 3624 ulla
575 3580 822 3626 creatura
844 3581 1062 3644 praeter
1081 3571 1243 3630 Verbi
1259 3576 1653 3633 humanitatem
1680 3578 1745 3643 ι’,
1772 3577 1911 3632 ultra
1935 3593 2048 3632 om-

456 3678 550 3716 nes
578 3665 930 3734 theophanias
960 3667 1133 3736 possit
1165 3669 1476 3736 ascendere,
1509 3684 1759 3741 eumque,
1789 3673 1878 3742 qui
1904 3671 2046 3726 solus

456 3754 604 3806 habet
626 3755 1090 3820 immortalitatem,
1119 3769 1166 3814 et
1197 3759 1362 3814 lucem
1389 3762 1588 3816 habitat
1614 3763 2043 3828 inaccessibilem,

460 3843 604 3899 nulla
644 3847 968 3917 theophania
1018 3849 1334 3922 interposita
1384 3854 1690 3925 attingere,
1752 3857 1845 3910 sed
1901 3855 2046 3926 quod

461 3935 905 4005 theophaniarum
943 3943 1204 4010 quaedam
1241 3953 1421 4000 tantae
1464 3945 1765 4001 altitudinis
1799 3959 1946 4013 sunt,
1987 3955 2048 4003 ut

459 4041 625 4098 supra
656 4029 698 4061 ¹³
726 4044 938 4087 οιιιιιειιι
969 4043 1268 4091 creaturam
1299 4038 1542 4108 proxima
1576 4037 1687 4093 Deo
1715 4039 2047 4108 contempla-

459 4120 605 4176 tione
637 4123 1007 4194 intelligantur
1035 4129 1283 4194 exaltari,
1315 4146 1377 4184 ac
1406 4130 1568 4185 veluti
1599 4131 2045 4200 tbeophauiarum

457 4213 813 4284 theophaniae
843 4218 1140 4276 creduntur
1157 4237 1298 4278 esse.
1330 4221 1470 4277 Deus
1500 4223 1643 4278 enim
1669 4228 1889 4279 omnino
1916 4225 2046 4279 nulli

456 4314 740 4364 creaturae
769 4310 996 4370 visibilis
1024 4329 1122 4384 per
1150 4316 1386 4386 seipsum
1430 4324 1544 4380 est,
1590 4315 1684 4372 sed
1721 4317 1774 4372 in
1815 4318 2046 4374 nubibus

455 4398 702 4454 theoriae
751 4403 968 4459 videtur
1019 4405 1064 4438 “
1115 4417 1171 4461 et
1221 4408 1520 4473 videbitur,
1573 4409 1710 4464 sicut
1776 4409 1850 4463 ait
1897 4411 2044 4480 Apo-

455 4487 627 4543 stolus
668 4503 684 4543 :
728 4489 1016 4559 Rapiemur
1053 4497 1107 4550 in
1155 4498 1376 4552 nubibus
1425 4500 1630 4554 obviam
1687 4498 1896 4555 Christo
1923 4543 1936 4565 ,
1995 4512 2042 4557 et

452 4578 528 4632 sic
573 4596 777 4652 semper
823 4602 942 4641 cum
990 4590 1103 4657 ipso
1156 4591 1348 4646 erimus
1405 4592 1468 4645 ”.
1509 4592 1735 4650 Ceterae
1787 4608 1917 4650 vero
1942 4609 2042 4649 na-

2143 636 2372 691 virtutes
2435 635 2606 704 ipsam
2665 631 2992 698 laudarent,
3057 633 3110 686 in
3175 636 3286 689 suis
3345 635 3626 691 ordinibus
3680 646 3734 693 et

2145 744 2359 799 semper
2388 735 2513 782 sunt
2543 735 2596 781 et
2625 733 2783 780 erunt
2813 726 3048 794 quietae,
3081 724 3285 796 absque
3315 727 3471 783 locali
3499 729 3735 783 circum-

2145 821 2439 891 scriptione
2484 828 2538 875 et
2588 819 2870 890 temporali
2917 819 3297 874 nmtabilitate.
3353 820 3535 875 Finito
3581 836 3736 877 nam-

2146 927 2252 984 que
2283 911 2481 966 mundo
2508 910 2599 979 qui
2620 909 2883 965 localibus
2903 910 3091 980 spatiis
3113 918 3168 965 et
3196 911 3584 980 temporalibus
3619 929 3736 969 mo—

2144 1005 2289 1062 tibus
2317 1002 2572 1067 ambitur,
2596 1001 2724 1070 quid
2753 1001 2857 1056 erit
2879 1001 3124 1056 localiter
3157 1003 3624 1073 circumscriptum
3646 1013 3738 1061 aut

2148 1092 2428 1163 temporali
2478 1090 2823 1146 mutabilitati
2876 1091 3176 1160 subjectum
3230 1093 3313 1147 ‘7?
3365 1094 3537 1150 Erunt
3591 1098 3736 1152 enim

2145 1185 2326 1242 omnia
2373 1185 2596 1254 quieta,
2635 1183 2850 1252 quando
2905 1183 3041 1237 nihil
3093 1197 3187 1253 per
3227 1187 3630 1255 generationem
3685 1188 3736 1242 in

2147 1277 2406 1332 mundum
2434 1275 2636 1338 veniet,
2666 1273 2798 1327 nihil
2831 1287 2926 1342 per
2949 1275 3347 1343 corruptionem
3385 1275 3438 1330 in
3479 1278 3736 1332 mundum

2149 1368 2468 1424 resolvetur.
2508 1364 2739 1420 Mundus
2763 1366 2960 1435 quippe
3009 1349 3230 1436 peribit,
3289 1367 3543 1438 nullaque
3573 1370 3741 1438 ipsius

2147 1475 2277 1531 pars
2299 1456 2602 1512 remanebit
2634 1474 2648 1510 :
2684 1471 2747 1510 ac
2775 1472 2871 1525 per
2901 1458 3004 1511 hoc
3040 1472 3216 1526 neque
3243 1465 3434 1513 totum.
3467 1459 3741 1514 Transibit

2149 1550 2293 1604 enim
2320 1549 2373 1604 in
2400 1563 2526 1603 suas
2554 1562 2767 1612 causas,
2799 1562 2865 1602 ex
2896 1549 3090 1617 quibus
3124 1549 3407 1618 processit,
3441 1551 3493 1604 in
3543 1551 3740 1620 quibus

2149 1656 2330 1711 neque
2356 1640 2471 1694 loca
2503 1648 2646 1703 sunt,
2690 1655 2862 1710 neque
2900 1651 3166 1710 tempora,
3201 1643 3296 1697 sed
3324 1642 3566 1698 locorum
3600 1651 3736 1697 tem-

2148 1746 2449 1803 porumque
2480 1729 2750 1801 simplices
2782 1731 3133 1801 sinceracque
3161 1733 3418 1797 rationes,
3462 1734 3514 1787 in
3545 1734 3742 1804 quibus

2151 1828 2333 1884 omnia
2377 1842 2542 1882 unum
2587 1835 2732 1891 sunt,
2783 1841 2957 1896 neque
2984 1826 3106 1882 ullis
3149 1828 3517 1883 accidentibus
3542 1828 3744 1884 discer-

2154 1930 2376 1976 nuntur.
2408 1919 2602 1975 Omnia
2642 1920 2784 1974 enim
2831 1919 3114 1988 simpiicia,
3156 1920 3302 1975 omni
3348 1920 3744 1990 compositione
3779 1974 3784 1979 .

2153 2013 2581 2068 substantiarum
2630 2013 3097 2083 accidentiumque
3143 2014 3380 2068 carentia
3408 2054 3423 2078 ,
3464 2022 3520 2068 et
3565 2021 3622 2066 ut
3661 2013 3742 2067 sic

2153 2105 2351 2170 dicam,
2399 2104 2580 2158 unitas
2615 2103 2876 2174 simplex,
2926 2112 2980 2158 et
3021 2104 3306 2174 multiplex
3335 2104 3590 2158 adunatio
3627 2118 3747 2158 om-

2152 2199 2303 2254 nium
2334 2205 2711 2254 creaturarum
2742 2198 2794 2252 in
2822 2198 2934 2252 suis
2956 2198 3258 2254 rationibus
3287 2209 3341 2253 ct
3370 2199 3567 2264 causis,
3602 2198 3744 2268 ipsa-

2152 2305 2273 2346 rum
2304 2298 2485 2345 autem
2517 2304 2803 2345 causarum
2833 2300 2887 2345 et
2923 2290 3191 2345 rationum
3222 2291 3274 2345 in
3297 2289 3476 2346 Verbo
3502 2290 3597 2345 Dei
3623 2291 3746 2346 uni-

2152 2384 2355 2454 genito,
2406 2382 2460 2436 in
2509 2397 2617 2453 quo
2657 2390 2712 2437 et
2746 2381 2886 2438 facta
2938 2392 3064 2438 sunt
3102 2393 3158 2438 et
3196 2384 3497 2439 subsistunt
3537 2383 3740 2437 omnia.

2150 2474 2332 2530 Habes
2361 2475 2523 2545 igitur
2551 2474 2911 2529 differentiam
2935 2485 2991 2530 et
3012 2476 3401 2546 pr0prictatcm
3424 2484 3652 2530 naturae
3684 2484 3740 2532 et

2151 2567 2377 2638 gratiae,
2425 2565 2539 2620 dati
2583 2565 2834 2621 videlicet
2883 2575 2936 2620 et
2979 2567 3125 2630 doni,
3161 2581 3459 2635 eorumque
3500 2582 3747 2621 commu-

2151 2656 2384 2712 nionem.
2411 2657 2558 2712 Dtsc.
2581 2655 2789 2721 Habeo,
2810 2655 3073 2726 planeque
3101 2656 3166 2721 ⁸⁸,
3191 2656 3245 2710 ni
3274 2655 3452 2720 fallor,
3483 2655 3742 2725 intelligo,

2151 2765 2214 2806 ac
2243 2765 2343 2822 per
2369 2751 2474 2804 hoc
2512 2748 2750 2803 breviter
2790 2747 3061 2818 colligam,
3102 2763 3241 2818 quae
3269 2764 3298 2802 a
3341 2757 3392 2802 tc
3419 2748 3562 2802 dicta
3592 2757 3740 2803 sunt.

2152 2843 2291 2898 ΜΑο.
2318 2841 2539 2913 Collige.
2565 2841 2709 2896 DlSC.
2741 2841 2783 2871 ¹⁹
2815 2839 3076 2894 Naturam
3125 2840 3310 2894 dixisti
3359 2854 3478 2894 esse
3532 2840 3736 2905 datum,

2152 2935 2382 3008 gratiam
2435 2948 2563 2990 vero
2593 2934 2792 2989 donum
2837 2932 2903 2986 ²⁰.
2936 2931 3076 2987 MAG.
3132 2930 3231 2986 Ita.
3281 2931 3425 2986 DISC.
3474 2913 3742 2986 Addidisti

2152 3030 2313 3084 etiam
2355 3028 2635 3097 utriusque
2664 3026 3072 3096 proprietatem,
3099 3033 3155 3080 et
3191 3033 3416 3079 naturae
3447 3022 3642 3077 dedisti
3675 3022 3742 3076 de

2153 3122 2322 3177 nihilo
2367 3137 2487 3177 esse
2517 3131 2571 3176 et
2603 3135 2818 3190 semper
2868 3133 3112 3186 manere,
3164 3118 3372 3190 gratiae
3414 3133 3544 3173 vero
3591 3115 3744 3171 deiti-

2153 3231 2297 3281 care,
2323 3217 2426 3270 hoc
2457 3224 2558 3280 est,
2591 3214 2801 3269 efficere
2842 3214 3092 3270 homines
3118 3213 3164 3244 “
3199 3213 3252 3268 in
3295 3211 3464 3267 Deum
3510 3211 3745 3266 transire

2152 3324 2266 3374 eos,
2290 3325 2427 3379 quos
2453 3309 2500 3340 "
2523 3306 2794 3362 afﬂuentia
2812 3307 3025 3362 divinae
3043 3305 3303 3362 bonitatis
3323 3305 3512 3375 gratis,
3537 3303 3744 3372 absque

2155 3409 2380 3456 naturae
2425 3398 2665 3455 subsidio
2709 3397 2776 3465 ",
2825 3397 2988 3453 nullis
3019 3396 3470 3468 praecedentibus
3513 3395 3742 3459 meritis,

2157 3492 2360 3547 cxaltat
2387 3506 2550 3560 super
2591 3491 2771 3546 omnia
2803 3505 2943 3560 quae
2984 3497 3110 3545 sunt
3151 3497 3374 3560 etquae
3401 3488 3747 3544 continentur

2156 3587 2299 3640 intra
2329 3583 2698 3640 univcrsitatis
2719 3583 2969 3638 conditae
2991 3582 3274 3638 terminos.
3300 3580 3596 3636 Commune
3616 3592 3748 3634 vero

2157 3694 2370 3746 earum,
2397 3685 2624 3734 naturae
2652 3679 2772 3734 dico
2797 3687 2850 3732 ct
2881 3677 3107 3747 gratiae,
3139 3675 3463 3745 intelligitur
3488 3689 3608 3729 esse
3647 3673 3745 3728 lut-

2155 3787 2350 3826 manae
2388 3770 2724 3826 substantiae
2777 3769 3128 3833 resurrectio,
3159 3767 3261 3822 hoc
3288 3776 3388 3830 est,
3435 3765 3745 3822 mortalium

2156 3878 2444 3934 corporum
2475 3862 2530 3916 in
2563 3860 2888 3916 immortalia
2914 3861 3195 3923 transitus,
3226 3867 3281 3914 et
3311 3857 3745 3928 corruptibilium

2155 3953 2209 4008 in
2256 3953 2705 4022 incorruptibilia,
2764 3960 2818 4006 et
2864 3951 3176 4006 animalium
3224 3950 3275 4004 in
3326 3949 3649 4019 spiritualia,
3693 3957 3748 4002 ct

2153 4041 2526 4112 temporalium
2551 4050 2605 4094 ct
2627 4040 2880 4097 localium
2907 4042 2959 4094 in
2984 4049 3202 4095 acterna
3229 4039 3484 4108 onmiquc
3507 4039 3741 4092 circum-

2152 4135 2442 4205 scriptione
2463 4135 2650 4189 libera.
2679 4133 2820 4189 MAG.
2839 4133 3004 4188 Recte
3033 4134 3079 4163 “
3102 4131 3364 4202 collegisti
3389 4147 3403 4196 ;
3437 4131 3574 4184 haec
3599 4130 3744 4183 enim

2153 4225 2379 4282 suadere
2407 4225 2570 4290 volui,
2604 4234 2675 4289 et,
2710 4233 2769 4279 ut
2807 4225 2982 4289 video,
3022 4222 3119 4277 tibi
3145 4223 3190 4254 "
3228 4222 3396 4278 suasi.
3447 4222 3595 4275 DISC.
3631 4219 3741 4274 ΑιΙ-

2155 4323 2261 4376 lmc
2297 4328 2476 4374 tamen
2505 4317 2738 4382 haesito,
2771 4316 3026 4388 quoniam
3053 4330 3160 4370 non
3191 4324 3300 4370 tam
3329 4313 3474 4369 clare
3497 4321 3741 4368 contem-

2155 4413 2292 4484 plor,
2320 4412 2589 4481 quomodo
2631 4427 2741 4465 non
2788 4410 2961 4465 solum
3002 4411 3270 4465 humanae
3302 4417 3530 4462 naturae
3559 4421 3742 4462 resur-

2154 4503 2468 4567 rectionem,
2499 4517 2686 4556 verum
2717 4501 2880 4556 etiam
2905 4502 3146 4555 omnium
3179 4513 3358 4554 rerum
3382 4497 3741 4564 sensibilium,

2153 4611 2301 4664 quas
2333 4592 2493 4663 hujus
2534 4593 2721 4648 mundi
2765 4593 3002 4648 ambitus
3053 4591 3496 4662 comprehendit,
3542 4590 3742 4645 videris

452 4679 604 4726 turae
638 4711 654 4741 ,
732 4689 871 4746 quas
931 4678 1176 4735 condidit
1237 4682 1352 4753 ipsa
1417 4685 1619 4742 veritas
1687 4701 1794 4742 non
1856 4687 1924 4741 ad
1990 4701 2048 4742 se
2079 4677 2127 4738 D
2154 4701 2418 4743 asserere.
2444 4683 2582 4741 MAG.
2608 4684 2790 4741 Mirari
2810 4701 2918 4743 non
2937 4685 3149 4754 desino,
3167 4700 3267 4744 cur
3295 4694 3400 4744 tam
3425 4683 3740 4756 frequenter

1743 4883 1998 4942 VARIAE
2032 4883 2432 4942 LECTlONES.

529 5039 548 5071 ί
589 5039 682 5094 Sic
712 5041 784 5107 A;
810 5042 897 5100 CF
928 5043 1194 5107 deorsum.
1268 5043 1290 5074 ⁸
1325 5039 1688 5096 universaliter
1720 5056 1827 5096 om.
1870 5043 1934 5096 A.

458 5106 482 5142 ³
518 5111 564 5164 Α
603 5106 976 5168 concludamus
1016 5115 1251 5170 breviter.
1331 5112 1352 5143 ⁶
1390 5113 1443 5166 in
1489 5127 1597 5166 om.
1627 5110 1734 5166 CF.

2030 5041 2052 5073 ³
2090 5041 2382 5112 specialiter
2405 5055 2523 5112 om.
2545 5042 2608 5112 ᾼ.

1830 5112 1849 5143 ⁷
1883 5114 1998 5182 ipsa
2035 5109 2143 5166 oni.
2173 5113 2238 5166 Λ.
2314 5114 2336 5144 ⁸
2376 5113 2467 5168 Sic
2495 5111 2610 5177 CF;
2643 5113 2687 5164 A
2719 5111 2917 5182 Ipsam.
2956 5110 3015 5182 ζ’
3057 5110 3150 5182 Sig
3183 5109 3389 5182 CF;‘A
3419 5121 3592 5182 cetera
3618 5130 3737 5166 vero

2715 5041 2739 5072 ‘
2773 5040 2864 5096 Sic
2888 5039 3007 5104 CF;
3043 5041 3088 5094 A
3129 5040 3393 5104 unigenito
3435 5039 3535 5094 Dei
3562 5043 3736 5098 verbo.

455 5196 645 5253 quae.__
690 5180 732 5253 f"
764 5181 856 5253 Sic
890 5185 955 5249 A,
984 5200 1051 5240 ex
1078 5186 1342 5253 margine,
1365 5183 1578 5251 opinor,
1607 5182 1786 5248 illata;
1815 5182 1879 5236 de
1900 5179 2535 5253 ordinetheophaniarum
2556 5198 2665 5237 om.
2695 5181 2800 5237 CF.
2881 5180 2922 5212 “
2949 5179 3039 5234 Sic
3055 5179 3172 5245 CF;
3199 5179 3260 5253 in
3286 5179 3741 5253 theophaniiiaug

456 5259 560 5304 tem
590 5251 704 5304 dixi
723 5251 1000 5320 pluraliter
1017 5286 1086 5295 —
1107 5251 1333 5310 obtinent
1361 5253 1529 5307 locum
1555 5267 1662 5305 om.
1712 5253 1778 5306 A.

455 5337 634 5391 super.

1857 5253 1898 5283 ¹¹
1941 5252 2031 5307 Sic
2067 5252 2186 5317 CF;
2223 5250 2416 5322 'prrcter
2449 5253 2586 5306 verbi
2611 5255 2990 5322 humanitatem
3035 5250 3246 5322 om.uA.

715 5318 758 5352 “
792 5321 884 5378 Sic
915 5323 1032 5390 CF;
1078 5326 1122 5380 Α
1151 5335 1198 5380 et
1226 5325 1456 5378 videtur.
1533 5324 1578 5356 ³⁸
1613 5322 1741 5377 Post
1770 5324 1993 5378 verbum
2024 5318 2235 5378 erimus
2261 5324 2304 5376 A
2356 5324 2488 5378 haec
2537 5323 2699 5377 habet
2731 5339 2743 5375 :
2776 5321 2844 5376 In
2881 5319 3202 5390 theophaniis
3225 5327 3398 5372 autem
3426 5318 3537 5372 dixi
3562 5319 3741 5388 plura-

3346 5247 3388 5278 ¹³
3429 5249 3518 5301 Sic
3547 5248 3661 5314 CF;
3695 5252 3741 5304 Α

454 5390 578 5445 liter
599 5407 764 5462 quum
798 5410 891 5448 nec
919 5394 1314 5459 intellectuales,
1349 5410 1440 5448 nec
1463 5391 1745 5450 rationales
1783 5403 2002 5448 naturae
2025 5393 2205 5447 eodeni
2233 5394 2386 5446 modo
2415 5395 2676 5447 veritatem
2703 5390 3150 5462 contemplaturae
3170 5399 3314 5462 sunt,
3344 5390 3432 5442 sed
3463 5390 3742 5460 unicuique

455 5463 554 5516 hoc
575 5460 727 5548 elicit,
754 5463 819 5518 de
841 5465 1079 5548 angelica
1103 5477 1152 5548 et
1193 5467 1424 5548 humana
1441 5474 1665 5548 “natura,
1685 5481 1820 5547 quae
1844 5464 2272 5548 sublimissimum
2309 5464 2662 5548 universitatis
2689 5463 2929 5548 conditae
2953 5461 3125 5513 locum
3170 5460 3422 5525 obtinent,
3449 5477 3630 5548 eorum
3649 5477 3742 5548 (se-

455 5534 688 5607 eundum
730 5533 1002 5606 propriam
1027 5537 1325 5607 analogiam
1357 5535 1580 5590 altitudo
1624 5533 1853 5588 theoriae
1897 5535 2229 5607 distribuitur
2265 5534 2709 5607 matteae/initur.
2735 5533 2960 5607 Ceterae
2987 5540 3366 5607 vef0_natut_'ac
3389 5540 3494 5607 cet.

761 5609 987 5678 asipsa_
1007 5609 1197 5662 ueritas
1227 5624 1281 5661 ιι.
1319 5623 1367 5661 a.
1401 5623 1446 5661 s.
1476 5607 1927 5678 contemplandum
1965 5607 2107 5676 fecit.

454 5602 574 5668 CF;
608 5605 653 5658 Α

3579 5532 3623 5567 ³⁸
3649 5529 3740 5583 Sic

2185 5605 2228 5639 ³⁷
2270 5600 2360 5660 Sic
2406 5600 2528 5669 CF;
2570 5606 2615 5658 Α
2668 5603 2934 5656 subditum
3034 5600 3075 5631 ¹⁸
3101 5600 3193 5655 Sic
3224 5600 3348 5666 CF;
3385 5602 3430 5654 A
3482 5600 3634 5670 plane
3661 5609 3738 5670 et.

458 5668 763 5748 '_'_Sic_CF;
789 5668 927 5734 Milo.
950 5676 1168 5748 Collige.
1199 5679 1353 5748 Dtsc.
1379 5694 1481 5732 om.
1513 5679 1578 5730 A.
1655 5668 1699 5709 ’δ
1731 5668 1975 5748 Gratiani
2008 5676 2350 5748 veroudonum
2371 5691 2479 5748 om.
2500 5674 2618 5748 _C_F.
2694 5673 2738 5705 ³¹
2762 5673 2960 5748 edicere
2991 5672 3226 5728 homines
3255 5687 3366 5728 om.
3397 5668 3502 5727 (2F.
3582 5671 3626 5701 ¹¹
3652 5668 3742 5726 Sic

457 5742 574 5811 CF;
621 5746 663 5800 A
693 5765 903 5820 eosque.
983 5749 1031 5782 “
1067 5742 1158 5805 Sic
1179 5747 1296 5814 CF;
1339 5749 1383 5802 A
1410 5747 1636 5803 subdito.
1713 5747 1758 5780 “
1793 5746 1876 5803 CF
1906 5746 2036 5805 Rate
2059 5746 2338 5818 collegisti.
2416 5746 2462 5776 ’⁸
2487 5744 2573 5801 CF
2596 5754 2646 5800 te
2671 5746 2837 5801 suasi.
