4212 6272
519 366 617 424 907

1879 362 2161 419 JOANNIS
2203 361 2394 419 SCOTI

3703 365 3825 419 nos

524 481 589 537 dc
635 480 830 537 talibus
858 478 1115 544 haesitas,
1149 491 1269 535 cum
1318 493 1538 537 suasum
1588 478 1683 541 tibi
1725 485 1739 515 ι
1786 491 1945 555 saepe
1976 493 2103 535 con-
2133 484 2178 544 Α
2209 488 2358 535 extra
2385 479 2553 547 ipsum
2573 477 2878 541 universam
2897 484 3199 537 creaturam
3214 474 3443 531 dicimus
3464 492 3603 545 esse,
3628 496 3702 533 ea
3736 498 3830 535 ia-

524 573 977 645 cesseris,omnia
1000 574 1051 629 in
1075 573 1294 637 homine
1312 582 1492 629 creata
1516 588 1635 629 esse
1663 580 1703 639 ³,
1738 572 1966 629 visibilia
1984 573 2110 633 dico

522 677 577 721 et
592 664 901 728 invisibilia,
918 679 981 741 ac
996 672 1116 735 post
1130 666 1232 721 hoc
1250 673 1553 721 resurrectu
1562 665 1844 721 ra.Verunt
1862 666 1926 719 de
1940 679 2112 721 resur-
2132 688 2154 714 ο

525 757 767 814 rectione
783 755 1133 819 invisibilium
1152 772 1297 811 nunc
1319 766 1551 819 tractare
1574 772 1678 811 non
1698 766 1782 811 est
1805 755 1972 817 nostri
1987 771 2111 827 pro-

524 847 704 920 positi.
750 846 826 903 De
846 846 1239 902 resurrectione
1278 860 1404 901 vero
1433 845 1794 917 corporalium
1824 844 1844 877 ³
1884 845 2113 903 sensibi—

524 939 678 1005 lium,
707 939 809 993 hoc
838 946 940 1005 est,
966 938 1030 993 de
1046 953 1232 993 eorum
1255 938 1431 995 reditu
1454 939 1506 992 in
1531 952 1656 1010 suas
1684 938 1704 967 "
1731 952 1923 992 causas
1938 938 2113 1009 dispu-

530 1040 725 1084 tamus.
780 1029 836 1083 Si
875 1044 1006 1099 ergo
1040 1030 1060 1060 ⁸
1085 1030 1317 1087 humana
1366 1035 1557 1084 natura
1591 1044 1656 1082 ex
1688 1026 2112 1096 intelligibilibus

528 1129 582 1176 et
604 1119 976 1189 corporalibus
1000 1121 1020 1151 ⁸
1050 1119 1395 1175 εειιδὶιφὶιὶὺυε
1428 1120 1726 1189 composita
1749 1126 1855 1185 est,
1890 1119 2111 1175 anima?

528 1215 651 1271 dico
677 1225 731 1273 et
753 1231 980 1289 corpore
1007 1234 1019 1271 :
1050 1215 1177 1291 quid
1207 1215 1427 1281 mirum,
1451 1215 1495 1269 si
1523 1214 1852 1275 universitas
1874 1213 2113 1275 omnium

528 1308 864 1364 sensibilium
914 1308 967 1363 in
1017 1308 1256 1363 humano
1299 1322 1527 1377 corpore
1574 1315 1841 1377 resurgat,
1877 1315 1933 1361 et
1982 1321 2115 1376 quo.

528 1416 742 1472 cunque
774 1401 1067 1465 transierit,
1104 1402 1379 1459 transeat?
1412 1400 1466 1455 In
1489 1414 1684 1455 causas
1707 1410 1886 1455 tamen
1915 1398 2117 1455 solum.

530 1492 689 1546 modo
724 1490 865 1557 dico,
907 1508 1011 1548 non
1044 1492 1096 1546 in
1134 1492 1305 1561 ipsam
1348 1490 1779 1556 deificationem,
1815 1505 1954 1560 quae
1991 1490 2119 1555 solis

528 1581 924 1651 purgatissimis
965 1581 1327 1637 iutellectibus
1367 1581 1678 1638 donabitur.
1733 1582 1800 1636 Et
1839 1582 1885 1637 si
1940 1582 2113 1639 maxi-

529 1686 672 1725 mam
695 1670 718 1703 ⁸
741 1673 1260 1741 argumentationem
1283 1671 1348 1726 de
1370 1673 1474 1727 hoc
1499 1674 1684 1729 audire
1711 1673 2005 1740 desideras,
2040 1680 2121 1725 at-

532 1772 708 1818 tentus
736 1773 874 1830 esto,
910 1765 1033 1820 etin
1058 1779 1141 1829 ea,
1168 1779 1309 1835 quae
1334 1772 1563 1829 restant,
1587 1766 1814 1820 intuere.
1833 1766 1911 1825 At:
1937 1775 1991 1819 ut
2021 1763 2119 1818 de“

2219 572 2385 649 tione,
2412 580 2469 637 ut
2494 571 2635 635 intra
2662 571 2834 641 ipsum
2856 569 3107 635 dicantur
3126 584 3323 629 causae
3346 585 3531 635 rerum
3548 582 3604 625 et
3632 573 3830 631 ratius

2215 680 2310 721 nes
2322 673 2543 734 propter
2562 661 2970 727 similitudinem
2987 675 3178 723 earum
3199 670 3255 719 et
3269 661 3677 731 simplicitatem
3689 705 3707 730 ,
3723 681 3825 721 ex.

2216 765 2295 813 tra
2319 771 2448 823 rero
2462 756 2638 828 ipsum
2664 757 2705 786 η
2728 755 2955 819 etractus
2972 770 3156 810 earum
3176 756 3220 787 ¹⁵
3237 770 3524 821 causarum
3544 766 3602 821 et
3628 759 3828 819 ratio.-

2214 866 2340 905 num
2354 859 2581 921 propter
2598 848 2865 919 quandam
2885 848 3404 915 dissimilitudinem;
3432 849 3567 911 locis
3580 850 3743 911 enim
3769 860 3827 915 et

2216 944 2546 1013 temporibus
2563 959 2625 999 va
2634 943 2864 1006 riantur,
2879 943 3167 1013 generibus
3180 951 3235 997 et
3247 942 3548 1012 speciebus,
3564 944 3831 1012 mntio-

2216 1036 2417 1095 tatibus
2429 1035 3275 1099 etaccidentibusdiscernuntur,
3292 1034 3522 1104 Ideoque
3534 1034 3711 1097 veluti
3726 1050 3829 1090 ex-

2184 1199 2200 1215 .
2217 1139 2295 1184 tra
2312 1128 2707 1198 simplicitatem
2721 1128 2934 1187 divinae
2949 1127 3244 1197 sapientiae
3260 1126 3512 1187 dicuntur
3522 1142 3674 1192 esse,
3689 1142 3825 1187 cum

2216 1232 2369 1281 extra
2404 1223 2576 1291 ipsam
2609 1221 2742 1279 nihil
2760 1221 2850 1287 sit,
2878 1229 2933 1275 et
2963 1222 3015 1277 in
3041 1221 3153 1290 ipsa
3179 1219 3383 1285 omnia,
3415 1220 3829 1279 universaliset

2217 1313 2445 1382 simplex
2483 1313 2590 1368 vita
2635 1320 2739 1369 est.
2766 1310 2904 1377 Quid
2932 1311 3073 1366 enim
3118 1310 3171 1364 in
3218 1309 3483 1379 sapientia
3522 1308 3614 1371 Dei
3640 1316 3824 1378 esset,

2217 1406 2361 1475 quod
2388 1405 2493 1462 vita
2545 1411 2797 1469 careret,
2830 1409 2923 1459 aut
2953 1402 3063 1456 vita
3095 1416 3197 1459 non
3226 1407 3407 1464 esset,
3434 1416 3557 1461 cum
3604 1409 3661 1457 et
3702 1401 3854 1469 ipsa-

2218 1513 2344 1553 vcra
2370 1496 2480 1551 vita
2502 1496 2592 1560 sit,
2627 1504 2681 1549 et
2710 1495 2988 1564 plusquam
3017 1494 3148 1558 vita,
3175 1500 3227 1555 et
3255 1490 3388 1553 nihil
3415 1491 3466 1547 in
3498 1491 3634 1561 ipsa,
3669 1491 3825 1560 quod

2221 1597 2311 1649 aut
2332 1588 2444 1659 ipsa
2474 1596 2703 1666 nonpst,
2729 1594 2819 1639 aut
2848 1585 2927 1639 sui
2953 1581 3316 1643 simillimum?
3342 1580 3664 1643 Praesertim
3690 1594 3822 1642 cum

2224 1677 2529 1748 Theologns
2574 1677 2809 1733 Joannes
2849 1676 3035 1730 dicat:
3073 1674 3260 1731 Omnia
3310 1691 3400 1743 per
3450 1675 3621 1743 ipsum
3668 1673 3820 1743 facta

2224 1784 2363 1838 sunt,
2392 1785 2437 1835 et
2463 1774 2574 1829 sine
2598 1774 2710 1844 ipso
2749 1771 2947 1841 factum
2975 1781 3048 1825 est
3092 1768 3223 1825 nihil
3247 1810 3260 1834 ,
3298 1767 3437 1839 quod
3466 1767 3662 1836 factum
3694 1775 3821 1820 est:

529 1855 654 1925 ﬁdei
696 1855 995 1911 catholicae
1038 1857 1383 1926 simplicitate
1404 1856 1678 1933 disputare
1706 1857 2024 1927 incipiamus
2054 1857 2117 1923 ¹⁰,
2153 1853 2195 1913 Β
2224 1868 2277 1925 in
2303 1867 2415 1932 ipso
2442 1867 2546 1921 vita
2584 1874 2716 1919 erat.
2746 1863 2881 1923 Mm.
2916 1863 2972 1925 In
3006 1862 3181 1923 Verbo
3214 1861 3411 1931 igitur,
3444 1860 3591 1930 quod
3618 1869 3698 1914 est
3719 1875 3816 1915 sa-

529 1962 596 2015 ex
639 1964 743 2021 qua
764 1950 942 2006 omnis
973 1965 1226 2005 assensus
1271 1951 1323 2004 in
1347 1949 1691 2025 purlssimam
1733 1964 1911 2015 rerum
1943 1948 2123 2018 cogni-

532 2041 732 2113 tionem
757 2042 975 2099 inchoat
1002 2062 1012 2095 :
1041 2044 1236 2113 credis,
1260 2052 1321 2098 ut
1338 2044 1552 2112 Opinor,
1567 2044 1748 2107 omnia
1768 2058 1909 2115 quae
1930 2052 2124 2105 suntet

532 2148 675 2209 quae
713 2149 829 2197 non,
859 2143 1004 2200 sunt,
1035 2136 1138 2190 hoc
1171 2144 1276 2203 est,
1306 2150 1445 2206 quae
1476 2136 1655 2191 sensui
1683 2142 1737 2191 et
1760 2134 2051 2209 intellectui
2078 2134 2119 2166 ¹¹

532 2229 913 2296 succumbunt,
949 2237 1003 2283 et
1028 2245 1166 2301 quae
1208 2245 1425 2286 sensum
1455 2244 1668 2297 omnem
1711 2237 1766 2293 et
1791 2228 2124 2293 intellectum

535 2328 811 2389 superant,
845 2329 898 2379 et
941 2329 1118 2375 tamen
1166 2330 1288 2397 post
1317 2322 1518 2386 Deum,
1570 2330 1627 2377 ut
1667 2329 1721 2383 et
1742 2319 1920 2383 verbis
1950 2318 2121 2385 sancti

534 2409 772 2481 Dionysii
799 2410 1156 2483 Areopagitae
1184 2420 1325 2477 utar,
1354 2411 1496 2471 circa
1518 2412 1687 2471 Deum
1710 2410 2017 2477 volvuntur,
2049 2410 2124 2465 in-

535 2496 825 2578 l‘crioribus
846 2518 905 2565 se
927 2504 1136 2559 naturis
1161 2503 1430 2574 incognite
1448 2504 1498 2557 in
1514 2501 1689 2563 Verbo
1707 2503 1800 2557 Dei
1824 2501 1970 2563 facta
1983 2516 2121 2558 esse.

605 2594 693 2651 24.
732 2593 878 2651 Dtsc.
910 2595 1023 2651 Hoc
1056 2598 1433 2661 incunctanter
1465 2604 1518 2651 et
1549 2596 1729 2663 credo,
1761 2603 1834 2660 et,
1865 2602 2136 2664 quantum,

539 2684 816 2749 illumiuor
840 2703 1078 2760 superno
1110 2688 1331 2752 lumine,
1366 2687 1628 2758 intelligo,
1658 2685 1883 2747 audiens
1914 2699 2126 2751 sacram

537 2774 872 2863 Scripturam
903 2781 1171 2836 dicentem
1204 2798 1216 2834 :
1243 2779 1308 2835 In
1334 2781 1589 2853 principio
1613 2779 1733 2850 fecit
1762 2777 1904 2845 Deus
1920 2776 2124 2841 caelum

535 2880 581 2927 et
604 2883 830 2940 (errant;
863 2875 1184 2946 principium
1209 2873 1485 2953 appellans
1507 2871 1842 2943 unigenitum
1868 2868 2124 2937 Verbum,

539 2963 592 3019 in
625 2981 731 3039 quo
758 2966 920 3022 Pater
944 2967 1069 3035 fecit
1100 2967 1300 3033 omnia,
1331 2964 1463 3021 caeli
1495 2979 1620 3019 vero
1653 2972 1937 3035 terraeque
1968 2976 2128 3016 voca-

538 3055 680 3111 bulis
708 3056 1030 3123 invisibilem
1078 3066 1131 3113 et
1161 3056 1424 3119 visibilem
1459 3065 1761 3117 creaturam
1794 3053 2124 3125 signiﬁcans.

540 3144 606 3199 Et
631 3145 754 3201 alibi
785 3147 1124 3218 simpliciter,
1156 3147 1259 3205 hoc
1281 3153 1363 3201 cst
1392 3132 1770 3201 universaliler
1794 3144 1906 3198 ait:
1934 3142 2127 3198 Omnia

2227 1960 2427 2030 pientia
2453 1958 2545 2019 Dei
2574 1958 2637 2022 ‘5,
2663 1957 2840 2012 omnis
2864 1962 3109 2011 creatura
3132 1962 3186 2011 et
3209 1962 3366 2015 estet
3384 1953 3539 2018 vivit,
3560 1963 3615 2007 et
3629 1966 3820 2016 mune,

2226 2051 2368 2121 quod
2416 2052 2466 2104 in
2516 2050 2633 2121 ipso
2664 2056 2769 2117 est,
2805 2047 2983 2119 perire
3025 2062 3130 2109 non
3156 2051 3354 2116 potest.
3388 2042 3442 2105 Si
3469 2044 3629 2109 enim,
3664 2040 3821 2113 quod

2227 2142 2494 2207 continet,
2549 2154 2764 2210 semper
2804 2147 2859 2194 et
2911 2136 3486 2203 incommunicabiliter
3525 2145 3702 2193 manet
3748 2142 3813 2191 et

2229 2234 2383 2300 vivit,
2409 2233 2517 2288 imo
2544 2232 2708 2289 etiam
2730 2231 2836 2297 vita
2867 2238 2950 2291 est
2968 2239 3021 2293 et,
3047 2230 3156 2293 vita
3180 2236 3397 2287 aeterna
3421 2245 3433 2289 ς
3461 2243 3635 2291 omne,
3657 2226 3810 2296 quod

2228 2326 2372 2381 ineo
2404 2324 2729 2389 continetur,
2763 2321 3068 2377 necessarie
3099 2328 3293 2384 etest,
3335 2328 3387 2377 et
3442 2332 3648 2389 semper
3687 2333 3818 2372 ma-

2230 2426 2352 2484 net,
2403 2425 2457 2471 et
2514 2423 2734 2481 aeterna
2786 2414 2892 2467 vita
2950 2421 3035 2467 est
3086 2412 3149 2464 ιτ.
3202 2410 3342 2467 Disc.
3385 2409 3522 2471 Hine
3571 2407 3822 2467 dubitare

2227 2516 2281 2562 et
2331 2506 2555 2576 impium
2586 2512 2641 2569 et
2678 2503 3058 2565 stultissimum
3095 2508 3198 2568 est,
3227 2516 3349 2555 eum
3386 2498 3564 2561 omnis
3604 2498 3823 2555 divinae

2229 2596 2488 2657 historiae
2511 2594 2826 2659 auctoritas,
2858 2605 3153 2663 ontnesque
3184 2590 3441 2660 Theologi
3473 2588 3817 2659 perhibet-tui.

2239 2690 2457 2753 onlnem
2485 2696 2788 2749 creaturam
2818 2687 2869 2751 in
2903 2686 3076 2743 Verbo
3101 2685 3194 2749 Dei
3224 2684 3266 2717 ’³
3302 2683 3648 2747 newrnaliter
3672 2696 3819 2749 esse.

2231 2782 2367 2847 Hinc
2413 2789 2635 2848 sanctus
2672 2780 3005 2850 Augustinus
3038 2779 3090 2834 in
3129 2778 3338 2835 decimo
3383 2785 3538 2837 sexto
3585 2775 3821 2845 capitulo

2230 2874 2532 2937 duodecimi
2567 2872 2691 2928 libri
2722 2869 2788 2927 de
2809 2866 3040 2926 Civitate
3066 2870 3158 2933 Dei
3180 2870 3585 2931 evidentissime
3604 2884 3667 2925 ac
3691 2870 3823 2925 bre-

2229 2969 2371 3031 vitct‘
2411 2966 2736 3031 Sententiam
2778 2964 2999 3035 protulit
3024 2964 3092 3021 de
3115 2978 3212 3028 eo.
3243 2962 3383 3031 quod
3413 2961 3555 3023 Deus
3596 2977 3698 3017 non
3736 2976 3827 3015 so-

2229 3059 2339 3119 lum
2361 3058 2604 3121 eximium
2625 3066 2840 3119 creator
2859 3064 3231 3119 creaturarum
3256 3069 3470 3123 semper
3490 3052 3611 3127 fuit,
3635 3069 3827 3108 verum

2230 3152 2392 3217 etiam
2424 3159 2480 3205 et
2513 3150 2796 3215 dominus,
2833 3157 2887 3202 et
2926 3148 3067 3207 sicut
3101 3162 3373 3216 nunquam
3415 3145 3514 3205 fuit
3540 3161 3646 3209 non
3670 3161 3828 3201 crea-

539 3243 592 3295 in
623 3242 878 3312 sapientia
911 3241 1118 3312 fecisti;
1158 3239 1339 3303 omnia
1378 3239 1585 3303 dicens,
1621 3236 1860 3293 omnium
1911 3241 2125 3289 creatu-
2155 3230 2198 3292 C
2234 3251 2337 3310 tor,
2373 3244 2446 3305 ita
2475 3256 2751 3321 nunqu..m
2782 3256 2888 3301 non
2916 3238 3017 3297 fuit
3046 3239 3315 3302 dominus,
3344 3236 3643 3305 disputans.
3676 3236 3827 3301 Qua-

542 3347 721 3385 rarmn
755 3333 1220 3391 universalitatem
1248 3332 1300 3389 in
1328 3330 1506 3395 Verbo
1532 3330 1625 3391 Dei
1676 3328 1874 3385 factam
1912 3326 2130 3380 conclu-

541 3425 631 3487 sit.
671 3424 810 3480 MAG.
859 3423 1093 3478 Putasne
1141 3424 1303 3492 igitur
1344 3422 1547 3486 omnia,
1580 3434 1718 3488 quae
1760 3419 1812 3472 in
1863 3416 2128 3487 sapientia

542 3511 637 3568 Dei
667 3511 807 3565 facta
841 3520 982 3573 sunt.
1014 3512 1220 3575 vivere,
1253 3526 1319 3565 an
1354 3509 1463 3567 vita
1491 3522 1707 3573 carere:
1736 3507 1838 3571 vel,
1870 3515 1925 3569 ut
1950 3505 2131 3561 verius

541 3612 596 3659 et
626 3602 865 3672 apertius
896 3601 1097 3666 dicam,
1126 3609 1304 3655 utrum
1331 3612 1512 3663 omne,
1543 3598 1684 3667 quod
1718 3598 1770 3651 in
1806 3596 1898 3663 Dei
1921 3596 2132 3666 sapien-

540 3695 615 3757 tia
663 3691 863 3747 factum
916 3701 1021 3757 est,
1080 3691 1185 3747 vita
1234 3699 1289 3746 et
1340 3690 1602 3760 sapientia
1637 3699 1737 3767 est,
1789 3690 2039 3759 vitaeque
2082 3694 2136 3743 et

543 3784 845 3858 sapientiae
892 3785 1185 3861 particeps,
1229 3782 1437 3838 necne?
1468 3782 1536 3837 Et
1565 3781 1610 3838 si
1638 3783 1747 3836 vita
1778 3790 1831 3836 et
1872 3779 2133 3851 sapientia

543 3887 829 3945 estomne,
869 3877 1010 3948 quod
1057 3877 1108 3931 in
1157 3876 1337 3931 divina
1384 3875 1646 3946 sapientia
1692 3874 1893 3937 factum
1942 3882 2025 3929 est
2069 3872 2136 3949 ",

546 3978 727 4047 utrum
770 3967 1138 4040 temporaliter
1165 3967 1340 4040 coepit
1364 3982 1516 4033 esse,
1556 3983 1622 4022 an
1652 3981 1882 4040 semper
1910 3972 2048 4033 erat,
2085 3971 2139 4029 et

547 4078 651 4118 non
684 4069 803 4115 erat
846 4060 1062 4132 quando
1092 4076 1199 4117 non
1240 4060 1394 4116 erat?
1422 4059 1489 4115 Et
1529 4060 1573 4114 si
1620 4058 1691 4113 ita
1725 4067 1829 4124 est,
1864 4071 2134 4127 nunquam

546 4155 671 4220 erit,
721 4155 940 4224 quando
981 4170 1085 4208 non
1133 4154 1269 4219 erit;
1320 4168 1443 4207 nam
1494 4152 1538 4211 si
1582 4169 1645 4208 ex
1681 4162 1919 4222 tempore
1959 4152 2140 4221 coepit

547 4263 689 4313 esse,
724 4262 945 4303 necesse
970 4256 1053 4303 est
1097 4262 1217 4301 cum
1271 4255 1509 4318 tempore
1540 4243 1702 4301 ﬁniri.
1739 4246 1883 4300 Dtsc.
1921 4243 2077 4299 Absit
2107 4258 2137 4298 a

548 4341 709 4395 corde
759 4341 993 4396 ﬁdelium
1044 4340 1146 4395 hoc
1190 4340 1523 4404 existimare,
1576 4345 1636 4391 ut
1677 4353 1858 4401 omne,
1905 4336 2047 4407 quod
2087 4335 2138 4393 in

549 4432 727 4486 Verbo
762 4431 853 4485 Dei
884 4430 1081 4485 factum
1116 4439 1218 4500 est,
1252 4430 1359 4483 vita
1393 4444 1497 4483 non
1530 4427 1600 4483 sit
1629 4435 1681 4481 et
1705 4427 1811 4480 vita
1843 4426 2056 4497 sapiens
2087 4433 2141 4479 et

551 4531 790 4584 aeterna,
825 4522 1029 4589 absque
1059 4519 1163 4571 ulla
1213 4519 1488 4590 temporali
1534 4519 1892 4581 inchoatione,
1935 4517 2142 4586 alrsque

2237 3341 2469 3405 propter,
2502 3331 2711 3400 inquit,
2739 3330 2783 3385 si
2817 3328 3069 3393 Domitius
3097 3327 3137 3373 *θ
3170 3327 3310 3387 Deus
3335 3342 3536 3405 semper
3580 3326 3823 3383 donum“

2236 3402 2358 3493 fuit,
2389 3436 2590 3490 semper
2613 3419 2790 3475 habuit
2818 3429 3111 3479 creaturam
3134 3435 3229 3472 suo
3268 3402 3559 3481 domintum
3594 3417 3825 3475 seruien-

2236 3524 2367 3577 tem,
2405 3519 2744 3567 veruntamen
2778 3526 2880 3573 non
2906 3510 2968 3567 de
2991 3512 3100 3581 ipso
3124 3509 3171 3542 ¹⁰
3198 3510 3425 3580 genitam
3445 3548 3458 3575 ,
3498 3509 3588 3565 sed
3620 3507 3682 3565 ab
3710 3508 3829 3578 ipso

2236 3604 2300 3669 de
2330 3600 2493 3669 nihilo
2518 3601 2733 3671 factam,
2768 3618 2859 3665 nec
2896 3602 2944 3659 ei
2968 3613 3316 3666 consternant.
3345 3602 3471 3665 Erat
3493 3604 3680 3674 quippe
3702 3613 3830 3660 ante

2236 3698 2407 3765 illam,
2431 3695 2665 3768 quantvia
2696 3694 2841 3753 nullo
2862 3705 3088 3767 tempore
3109 3697 3219 3757 sine
3236 3693 3327 3749 illa
3347 3734 3362 3760 ,
3397 3710 3500 3751 non
3521 3710 3633 3749 eam
3654 3694 3826 3762 spatio

2240 3799 2653 3857 transcurrente,
2677 3788 2767 3845 sed
2790 3797 3029 3843 manente
3060 3788 3103 3818 ²¹
3125 3788 3466 3859 perpetuitate
3490 3785 3829 3857 praecedens.

2240 3882 2342 3953 Sed
2363 3884 2406 3939 si
2430 3881 2740 3953 respondero
2753 3881 2848 3946 eis,
2870 3882 2958 3952 qui
2976 3878 3535 3951 requirunt,quomodo
3555 3893 3760 3947 seraper
3786 3876 3832 3909 ²¹

2243 3984 2449 4035 creator
2480 3988 2682 4044 semper
2708 3971 2951 4035 dominus
2979 3970 3098 4041 fuit,
3127 3970 3173 4032 si
3195 3980 3439 4025 creatura
3462 3970 3684 4025 serviens
3723 3985 3830 4027 non

2240 4081 2439 4137 semper
2475 4064 2594 4136 fuit,
2623 4074 2711 4127 aut
2746 4063 2793 4093 ³³
2818 4063 3075 4134 quomodo
3112 4071 3289 4119 creata
3316 4072 3412 4128 est,
3453 4072 3500 4119 et
3526 4078 3629 4117 non
3654 4062 3830 4131 potius

2240 4156 2465 4217 creatori
2486 4166 2761 4219 coaeterna
2789 4163 2888 4219 est,
2916 4154 2962 4209 si
2990 4169 3191 4224 semper
3209 4153 3309 4223 fuit
3338 4166 3356 4204 :
3383 4169 3586 4219 vereor,
3607 4169 3668 4207 ne
3696 4152 3830 4229 [avi-

2242 4251 2345 4307 lius
2362 4251 2577 4323 judicer
2605 4250 2884 4322 aﬂ'irmare,
2909 4249 3046 4321 quod
3076 4249 3269 4314 nescio,
3305 4264 3464 4319 quam
3486 4248 3669 4307 docere
3689 4244 3828 4316 quod

2242 4342 2372 4396 scio.
2417 4340 2586 4395 Aclsi
2616 4346 2802 4411 aperte
2845 4339 3121 4409 praelatus
3160 4337 3323 4394 Pater
3368 4339 3603 4403 diceret,
3653 4337 3831 4397 minus

2244 4431 2623 4489 aeternitatem
2668 4428 2715 4460 "
2761 4438 3133 4485 creaturarum
3191 4430 3474 4499 capacium
3525 4428 3828 4493 tarditatem

2246 4522 2620 4592 redarguens:
2680 4522 2738 4579 Si
2789 4536 3103 4588 asseruero,
3155 4520 3298 4590 quod
3342 4520 3646 4581 ﬁrmissimo
3688 4516 3824 4581 sciO.

552 4614 664 4666 ullo
697 4609 977 4680 temporali
1029 4609 1276 4662 termino.
1326 4608 1458 4661 Nam
1490 4617 1543 4663 et
1579 4624 1824 4679 corpora,
1859 4608 2141 4676 omnisque
2167 4594 2219 4659 D
2248 4615 2413 4672 Deum
2467 4612 2714 4689 videlicet
2761 4622 2817 4670 ει
2861 4628 3074 4684 semper
3118 4622 3417 4668 creatorem
3460 4619 3516 4671 ει
3555 4608 3827 4665 dominum

552 4701 824 4762 sensibilis
852 4704 1124 4761 creatura,
1175 4700 1226 4752 in
1271 4700 1383 4767 ipso
1428 4700 1537 4753 vita
1568 4700 1784 4768 sapiens
1827 4708 1881 4753 et
1924 4707 2138 4752 aeterna

554 4804 659 4857 cst,
690 4793 764 4846 ita
795 4800 854 4844 ut
896 4787 1153 4843 ineil‘abili
1182 4797 1235 4841 et
1265 4788 1789 4856 incomprehensibili
1816 4789 1993 4853 modo,
2018 4802 2141 4842 cre-

472 4948 475 4951 _
553 4885 702 4941 dibili
734 4882 994 4947 tamen”,
1012 4881 1189 4937 omnis
1210 4881 1524 4935 creaturain
1548 4880 1820 4949 ipsovivat
1840 4889 1893 4935 et
1909 4881 2015 4935 vita
2039 4880 2140 4947 sit;

555 4986 612 5033 et
638 4992 760 5043 eum
792 4983 945 5039 extra
972 4973 1146 5045 ipsum
1168 4973 1301 5031 nihil
1332 4972 1420 5037 sit,
1451 4971 1516 5035 de
1547 4971 1744 5042 seipse,
1776 4973 1937 5029 veluti
1959 4983 2139 5041 extra,

553 5073 839 5134 creaturas
862 5065 1108 5129 conditas
1133 5063 1404 5136 produxit.
1436 5061 1570 5120 Nam
1603 5071 1657 5121 et
1698 5065 1842 5122 intra
1869 5066 2045 5138 ipsum
2086 5076 2141 5123 et

2247 4710 2533 4756 creaturae
2582 4699 2770 4766 fuisse,
2802 4716 2866 4756 ac
2911 4717 3007 4770 per
3053 4702 3156 4755 hoc
3186 4710 3240 4755 et
3280 4715 3492 4769 seraper
3524 4706 3823 4753 creaturam

2247 4794 2570 4855 servientem
2608 4791 2953 4847 substitutam
2995 4808 3100 4847 nou
3141 4791 3406 4857 defuisse;
3442 4806 3564 4846 nam
3600 4790 3643 4843 si
3677 4801 3822 4841 scm-

2248 4898 2345 4954 per
2366 4884 2610 4938 serviens
2633 4892 2884 4939 creatura
2915 4900 3018 4940 non
3042 4884 3165 4957 fuit,
3192 4885 3451 4955 sequitur,
3481 4895 3652 4950 neque
3672 4894 3825 4933 crea-

2250 4986 2453 5041 torem,
2496 4991 2673 5046 neque
2698 4986 2980 5034 creaturae
3019 4992 3233 5047 semper
3269 4977 3655 5041 dominatorem
3691 4972 3827 5025 exti-

2248 5068 2406 5133 tisse;
2458 5077 2514 5123 at
2540 5085 2668 5125 vero
2706 5071 2833 5141 quia
2881 5079 2935 5128 et
2967 5086 3180 5142 semper
3225 5078 3439 5126 creator
3479 5076 3534 5123 et
3582 5066 3826 5122 dominus

1852 5222 2102 5279 VARIAE
2140 5221 2538 5282 LECTIONES.

630 5369 653 5401 ι
687 5364 774 5423 CF
805 5381 1024 5423 suasum
1064 5375 1115 5421 te
1143 5377 1324 5435 saepe.
1399 5369 1422 5400 ³
1459 5363 1505 5419 Α
1536 5380 1646 5420 esse
1674 5372 1870 5418 creata.
1948 5361 1970 5394 ³
2005 5362 2358 5431 corporalium
2387 5378 2495 5419 om.
2540 5364 2645 5420 CF.
2725 5365 2746 5398 ⁸
2780 5383 2904 5420 suae
2928 5380 3038 5420 om.
3071 5363 3173 5420 CF.
3254 5365 3276 5398 ⁸
3308 5364 3354 5419 Α
3385 5364 3565 5489 igitur.

630 5437 825 5489 rutilum
861 5450 970 5489 om.
1000 5437 1107 5489 CF.
1209 5438 1228 5469 '
1254 5435 1345 5489 Sic
1377 5435 1459 5489 F:
1502 5436 1547 5489 Α
1573 5436 1769 5489 animo.
1801 5432 1842 5487 G
1866 5432 2049 5485 animi.
2145 5433 2167 5465 ⁸
2192 5435 2235 5486 Α
2262 5437 2510 5489 maxime.
2602 5438 2623 5468 ⁹
2654 5435 2744 5489 Sic
2784 5453 2946 5489 supra
2978 5436 3154 5489 adscr.
3201 5449 3342 5489 corr.
3453 5453 3466 5489 :
3500 5434 3545 5486 Α

555 5437 825 5514 perdite
858 5450 970 5514 ρω-
1000 5437 1107 5514 CF:
1138 5507 1148 5514 .
1209 5432 1420 5514 ’ἓίοηὲτ
1444 5436 1547 5514 ae
1573 5436 1774 5514 αῖιίηποι
1801 5432 1842 5513 (ἓ
1866 5432 2049 5514 animi:

558 5506 705 5575 ﬁdei,
727 5506 810 5563 CF
842 5508 920 5563 Ac
945 5518 1001 5560 ut
1032 5507 1171 5561 ﬁdei.

3659 5359 3682 5391 ⁸
3719 5375 3829 5413 cor-

2602 5438 2623 5468 ⁹
2654 5435 2744 5490 Sic
2784 5453 2946 5507 supra
2978 5436 3154 5490 adscr.
3201 5449 3342 5490 corr.
3392 5431 3466 5507 Ἐς
3500 5431 3665 5507 ΑΑΑιξ
3714 5446 3830 5484 rem

1252 5506 1296 5537 ¹⁰
1336 5505 1426 5561 Sic
1453 5504 1565 5571 CF;
1591 5506 1635 5559 Α
1672 5504 1938 5575 incipiam.
2018 5501 2174 5575 “Sch
2203 5503 2288 5559 CF
2313 5522 2326 5568 ;
2356 5521 2494 5575 quae
2524 5523 2678 5561 sensu
2701 5516 2753 5572 get
2781 5501 3061 5560 intellectu.
3137 5507 3181 5539 ¹²
3201 5507 3244 5559 Α
3273 5507 3326 5559 in
3354 5504 3610 5573 sapientia
3636 5502 3829 5575 factum

560 5592 635 5637 est
660 5571 986 5658 diuinaun“
1025 5575 1334 5658 SientlFinA
1367 5571 1916 5658 incomprehensibili,
1947 5572 2182 5658 στίξςὶίίζὶ
2216 5571 2393 5658 tamen
2417 5578 2599 5658 modo.
2671 5577 2715 5608 ”
2753 5577 2842 5631 Sic
2861 5577 2979 5642 CF;
3012 5577 3054 5629 Α
3078 5571 3591 5658 extra‘ipsmn‘vero.
3670 5572 3714 5605 ¹³¹
3747 5588 3834 5658 εει-

561 5666 680 5702 rttm
710 5662 819 5701 om.
852 5647 957 5701 CF.
1036 5645 1199 5715 “Sic
1224 5641 1341 5709 CF;
1371 5649 1415 5699 A
1447 5641 1707 5715 sapientia
1748 5641 1940 5696 divina.

564 5720 608 5751 “
648 5717 904 5769 Dominus
941 5730 1047 5769 om.
1080 5714 1146 5767 Α.

568 5795 615 5841 ct
639 5785 927 5855 quomodo.
1004 5783 1047 5814 “
1082 5783 1160 5837 sic
1190 5784 1305 5851 CF;
1336 5786 1376 5839 A
1402 5787 1462 5841 in
1502 5795 1823 5841 aeternitate.

2022 5640 2325 5719 f'ﬁiot‘j‘;
2368 5646 2408 5698 Α
2454 5656 2509 5701 et
2553 5650 2657 5699 vita
2705 5658 2915 5701 aeterna
2952 5640 3056 5711 (est
3088 5664 3198 5701 om.
3227 5640 3315 5719 A).

1222 5716 1266 5746 ²⁰
1295 5715 1385 5770 Sic
1405 5713 1523 5781 (Ἓξ
1554 5717 1600 5769 Α
1627 5716 1695 5770 de
1734 5716 1919 5781 seipse.
1988 5713 2034 5745 ³³
2066 5713 2156 5769 Sic
2187 5717 2273 5773 CF
2299 5734 2312 5783 ;
2351 5719 2394 5771 A
2433 5726 2781 5783 permanente.
2857 5719 2901 5749 ”
2927 5735 3127 5784 semper
3149 5733 3256 5773 om.
3277 5713 3353 5774 Ἀ.

3764 5642 3832 5769 ἧς

3544 5729 3595 5768 lc
3729 5729 3743 5770 ζ

3544 5729 3595 5768 te
3627 5729 3743 5780 ur;
