4212 6272
413 371 518 429 909

1275 375 1378 430 DE.
1398 375 1736 431 DIVISIONE
1777 373 2125 429 NATURAE.
2168 404 2236 413 -—
2272 374 2477 429 LIBER
2517 375 2839 442 QUINTUS.

3590 379 3697 438 910

413 495 553 555 erat,
578 487 887 545 necessario
906 488 1171 559 sequitur,
1195 502 1411 560 semper
1433 496 1741 544 creaturam
1762 488 2002 543 servicn-
2031 489 2079 547 Α
2108 487 2381 542 contuitus
2410 487 2696 557 caliginem
2735 488 2939 557 patitur
2964 506 2978 542 :
3018 489 3165 545 clare
3199 491 3466 561 siquidem
3493 506 3557 548 ac
3578 494 3698 550 sine

416 584 525 634 tem
554 587 790 634 creatam
826 579 840 609 ⁸
879 578 1220 644 substitisse;
1254 594 1358 633 non
1387 579 1531 633 enim
1557 580 1813 634 accidens
1836 578 2003 633 Crca-
2052 570 2059 573 ⁷

418 668 520 723 tori
548 670 786 725 omnium
817 677 899 724 est
917 683 1133 724 creasse
1161 684 1302 739 quae
1333 670 1568 736 creavit,
1606 670 1701 724 sed
1742 668 1853 723 sola
1884 683 2005 739 per-

414 760 675 830 petuitate
699 760 1105 830 superascendit
1132 766 1153 795 ²
1185 769 1241 818 et
1287 761 1569 834 praecellit
1597 776 1735 832 quae
1758 760 1967 816 creavit
1988 774 2011 845 εὖ

326 928 341 937 _
416 868 608 908 vereor
628 853 835 910 ironice
869 854 1180 926 suggillatis,
1212 871 1280 912 ne
1308 857 1447 912 forte
1466 856 1685 928 judicer
1710 854 2004 922 aﬁirmarc,

414 945 556 1013 quod
583 945 791 1012 nescio,
822 962 987 1017 quam
1029 947 1245 1014 docere,
1284 948 1424 1020 quod
1449 948 1583 1005 scio.
1628 949 2009 1003 Incunctanter

414 1036 683 1106 siquidem
734 1038 975 1111 intelligo
999 1080 1013 1105 ,
1046 1055 1260 1111 semper
1295 1052 1351 1098 et
1377 1052 1681 1098 creaturam
1705 1050 1762 1096 et
1782 1041 2005 1098 Creato-

416 1144 530 1183 rem
556 1128 695 1197 ejus,
726 1138 791 1185 et'
809 1131 1096 1188 Dominum
1121 1142 1175 1189 et
1201 1136 1522 1191 servientem
1543 1136 1647 1192 sibi
1678 1136 2011 1205 inseparabi-

417 1220 542 1275 liter
591 1221 796 1289 fuissc;
831 1241 935 1280 non
965 1229 1106 1296 quod
1146 1238 1392 1284 creatura
1420 1230 1686 1297 Creatori,
1712 1231 1794 1286 vel
1833 1231 1854 1262 ³
1897 1246 2012 1286 scr-

422 1312 574 1365 viens
601 1312 830 1370 Domino
856 1325 1144 1372 coaeterna
1171 1319 1268 1386 sit;
1296 1319 1519 1376 Creator
1545 1321 1807 1391 siquidem
1850 1322 2012 1377 Crea-

425 1412 623 1468 turam,
650 1414 705 1460 et
731 1406 989 1464 Dominus
1019 1411 1342 1467 servientem
1370 1414 1692 1467 aeternitate
1719 1414 2012 1483 praecedit,

425 1508 529 1547 non
562 1504 825 1566 tempore,
853 1499 947 1553 sed
989 1498 1011 1529 ⁸
1048 1516 1110 1555 ea
1143 1503 1388 1570 ratione,
1432 1520 1539 1575 qua
1567 1503 1794 1561 Greater
1817 1515 1877 1561 et
1911 1505 2016 1561 Ι)οι

426 1586 602 1642 minus
627 1590 952 1658 principium
999 1602 1281 1649 creaturae
1310 1606 1366 1653 et
1412 1582 1700 1654 servientis
1721 1607 1822 1664 est,
1851 1598 2016 1655 Crea-

426 1689 507 1733 tor
528 1688 706 1735 autem
728 1692 785 1738 et
813 1684 1076 1742 Dominus
1104 1685 1338 1767 ἄναρχος
1359 1731 1375 1755 ,
1399 1691 1503 1748 hoc
1524 1700 1608 1747 est
1636 1708 1833 1748 carens
1858 1695 2015 1764 prin-

422 1770 582 1840 cipio.
633 1773 946 1830 Creatorem
993 1788 1174 1835 autem
1225 1790 1471 1838 nostrum
1517 1786 1540 1819 ⁸
1603 1798 1660 1840 et
1729 1785 2016 1842 Dominum

426 1862 658 1920 dicimus
686 1881 852 1921 unum
878 1877 934 1923 et
958 1870 1133 1926 solum
1160 1872 1349 1935 Deum.
1387 1891 1653 1931 sutnmam
1684 1877 1936 1935 videlicet
1961 1886 2018 1932 et

419 1961 666 2009 sanctam
689 1954 1010 2015 Trinitatem
1042 2001 1056 2025 ,
1084 1977 1243 2017 unam
1268 1967 1557 2020 essentiam
1604 1968 1658 2021 in
1691 1969 1861 2025 tribus
1891 1969 2017 2025 sub-

423 2045 671 2112 stantiis;
701 2062 841 2117 quae
869 2051 992 2105 dum
1019 2069 1120 2123 per
1140 2070 1199 2110 se
1229 2058 1519 2126 cogitatur,
1545 2058 1696 2115 solus
1736 2059 1877 2115 inea
1914 2059 2019 2116 Pa-

422 2143 507 2189 ter
546 2134 784 2214 ἄναρχος
822 2142 1093 2211 creditur;
1145 2163 1270 2202 nam
1303 2162 1359 2204 et
1401 2149 1423 2181 ⁸
1465 2151 1635 2207 Filius
1680 2163 1737 2208 et
1778 2153 2020 2225 Spiritus

419 2238 640 2286 sanctus
672 2247 776 2287 non
807 2235 1030 2292 omnino
1073 2235 1299 2316 ἄναρχοι
1338 2250 1484 2309 sunt,
1512 2243 1640 2299 dum
1671 2246 2018 2317 principium,

422 2320 638 2379 Patrem
662 2324 804 2391 dico,
828 2328 1050 2385 habent.
1076 2331 1243 2388 Filius
1264 2349 1496 2405 namque
1520 2338 1589 2393 ab
1614 2337 1730 2406 ipso
1751 2340 1966 2409 genitus
1994 2341 2015 2374 ⁷

423 2421 536 2476 est,
570 2425 790 2473 sanctus
818 2433 948 2474 vero
980 2420 1217 2497 Spiritus
1254 2427 1575 2494 procedens.
1608 2426 1750 2484 Mss.
1776 2429 2018 2487 Primor-

427 2503 596 2561 diales
621 2521 812 2563 causas
850 2510 901 2563 in
944 2512 1056 2567 Deo
1094 2512 1428 2572 solummodo
1458 2526 1673 2576 creatas
1710 2519 1876 2577 fuisse
1898 2560 1914 2587 ,
1958 2537 2022 2580 ac

429 2598 659 2656 Domino
705 2618 804 2657 suo
850 2606 1117 2673 servisse,
1168 2623 1279 2664 non
1321 2619 1503 2666 autem
1532 2628 1723 2670 earum
1774 2615 2020 2684 eﬁ‘ectus,

425 2692 624 2761 quibus
665 2695 809 2751 hunc
850 2698 1164 2756 sensibilem
1215 2704 1480 2761 mundum
1509 2709 1869 2778 compositum
1914 2727 2020 2768 non

427 2781 723 2854 incongrue
746 2788 1044 2858 credimus,
1069 2793 1375 2860 arbitraris,
1406 2806 1464 2851 ut
1485 2798 1697 2867 opinor.
1722 2800 1867 2856 Dtsc.
1899 2801 2020 2859 Non

427 2872 589 2929 aliter
622 2877 879 2933 arbitror.
914 2879 1117 2937 Causas
1138 2868 1545 2943 etenim‘rerum
1571 2902 1784 2961 semper
1803 2902 2020 2950 creatas

430 2963 621 3032 fuisse,
674 2962 861 3024 earum
915 2988 1042 3027 vero
1102 2973 1326 3033 ell‘ectus
1380 2979 1619 3036 deﬁnitis
1664 2981 1904 3038 locorum
1953 3000 2019 3041 ac

434 3064 735 3129 temporum
788 3061 1094 3141 interstitiis
1120 3066 1175 3122 in
1210 3069 1353 3125 hunc
1378 3071 1635 3128 mundum
1662 3076 2015 3144 processisse,

429 3155 486 3202 et
516 3148 693 3205 adhuc
745 3154 1069 3222 procedere,
1106 3166 1159 3210 et
1204 3173 1555 3228 processuros
1599 3177 1752 3231 esse,
1800 3167 2015 3237 opinor.

429 3237 570 3294 ΜΑο.
601 3240 743 3299 Haec
774 3245 957 3316 opinio
994 3264 1167 3319 neque
1195 3266 1225 3305 a
1248 3253 1355 3308 ﬁde
1372 3255 1659 3323 catholica,
1689 3272 1865 3328 neque
1890 3273 2016 3315 vera

428 3330 779 3404 intelligentia
821 3340 1074 3395 recedere
1101 3343 1485 3401 existimanda.
1515 3346 1652 3413 Quid
1690 3348 1887 3419 igitur?
1913 3349 2018 3405 Pu-

428 3428 605 3487 tasne,
659 3437 854 3482 causas
900 3429 1234 3488 solummodo
1274 3451 1455 3491 rerum
1507 3446 1760 3496 aeternas
1804 3439 2017 3507 fuisse,

425 3511 649 3572 ell‘cctus
693 3533 822 3574 vero
850 3535 1037 3579 earum
1081 3528 1424 3596 temporales,
1472 3544 1537 3585 ac
1576 3547 1677 3602 per
1726 3532 1829 3587 hoc
1873 3532 2019 3590 solas

426 3618 621 3662 causas
663 3624 880 3680 semper
933 3630 1250 3683 mansuras,
1288 3619 1511 3676 eﬂ‘ectus
1548 3638 1678 3678 vero
1705 3625 2019 3693 perituros?

426 3697 573 3754 DISC.
599 3700 618 3755 Ι
626 3712 674 3756 ta
698 3719 913 3775 semper
937 3709 1177 3781 cogitare
1196 3711 1389 3768 solitus
1408 3729 1591 3779 eram;
1618 3716 1710 3771 sed
1730 3724 2017 3787 postquam

428 3790 591 3861 hujus
612 3797 911 3865 praesentis
931 3799 1309 3871 diSputationis
1327 3806 1575 3861 semitam
1598 3817 1774 3863 tecum
1796 3823 2020 3879 carpere

432 3880 703 3948 inchoavi,
753 3888 977 3973 rationis
1004 3905 1230 3947 acumen
1265 3908 1328 3950 ac
1378 3896 1541 3951 veluti
1577 3898 1898 3954 inevitabilis
1931 3915 2016 3954 re-

435 3991 553 4029 rmn
582 3982 962 4049 consequentia
984 3986 1160 4056 coepit
1186 4002 1271 4042 me
1300 3989 1597 4055 attrahere,
1623 4000 1679 4045 ut
1707 4006 1814 4046 non
1836 3992 2015 4048 solum

432 4083 662 4136 causas,
702 4086 886 4127 verum
916 4076 1079 4132 etiam
1109 4094 1296 4135 earum
1340 4081 1362 4111 ⁸
1414 4083 1792 4152 processiones
1817 4123 1833 4149 ,
1879 4099 2017 4153 quas

430 4162 701 4231 sapientes
723 4163 944 4222 eﬁ‘ectus
970 4180 1183 4235 vocant,
1216 4173 1606 4242 perpetualiter
1631 4189 2017 4243 permansurae

429 4256 810 4319 concesserim,
844 4273 908 4314 eo
943 4268 1120 4315 tamen
1151 4270 1371 4331 tenore,
1398 4270 1588 4317 utnon
1620 4264 1769 4333 ipsae
1800 4279 2017 4334 proces-

429 4346 607 4401 sioncs
648 4348 700 4402 in
732 4352 1065 4422 semetipsis,
1102 4356 1207 4409 sed
1234 4355 1287 4409 in
1315 4369 1441 4411 suas
1465 4371 1656 4411 causas
1698 4372 2017 4414 reversurae

429 4449 802 4523 permaneant.
840 4441 982 4499 Msa.
1011 4444 1085 4499 De
1108 4447 1209 4502 hoc
1235 4447 1412 4503 adhuc
1440 4447 1711 4505 haesitare
1746 4458 1799 4504 te
1823 4449 2016 4505 video?

432 4526 574 4582 DlSC.
607 4528 814 4602 Negare
860 4549 964 4589 non
1004 4551 1243 4606 possum.
1278 4536 1410 4592 Nam
1435 4554 1573 4609 quae
1602 4553 1697 4609 per
1721 4554 1809 4595 me
1832 4540 1899 4595 de
1929 4541 2015 4597 his

428 4619 766 4689 cogitabam,
818 4639 942 4680 vera
994 4628 1134 4682 ratio
1183 4637 1375 4684 nutare
1416 4631 1436 4660 ⁹
1482 4630 1626 4701 cogit
1673 4645 1688 4684 :
1740 4632 2012 4701 incognita

428 4722 555 4765 vero
582 4754 596 4778 ,
621 4729 762 4785 quae
804 4716 1148 4774 introducere
1182 4720 1300 4785 vis,
1352 4722 1591 4778 nondum
1635 4722 1764 4776 mihi
1813 4721 2013 4791 liquide

428 4804 695 4871 patefacta
720 4818 850 4864 sunt
870 4808 933 4863 ‘°.
962 4810 1101 4866 MAG.
1134 4812 1253 4878 Die,
1281 4829 1501 4884 quaeso,
1529 4815 1656 4885 quid
1694 4829 1829 4884 pure
1855 4814 2013 4884 liqui-

432 4895 601 4965 deque
622 4901 908 4971 perspicis,
933 4913 987 4958 et
1011 4905 1075 4960 de
1103 4906 1297 4974 quibus
1326 4907 1501 4962 adhuc
1529 4916 1622 4963 aut
1649 4908 1862 4978 penitus
1888 4908 2015 4962 titu-

433 4984 547 5050 bas,
581 4999 673 5043 aut
690 4994 886 5071 partim
912 4995 1211 5069 intelligere
1244 4999 1453 5069 incipis,
1488 4999 1682 5068 partim
1712 5000 2019 5057 obscuritas

433 5084 594 5144 atque
631 5081 898 5139 subtilitas
938 5087 1113 5141 aciem
1149 5096 1272 5142 tuae
1302 5087 1495 5142 mentis
1528 5085 1732 5160 eﬁ‘ugit.
1767 5089 1909 5144 DlSC.
1938 5090 2015 5145 De

432 5166 614 5220 causis
646 5162 989 5231 aeternaliter
1022 5177 1202 5245 factis,
1229 5192 1548 5250 semperque
1577 5180 1936 5245 manentibus,
1960 5189 2017 5235 et

425 5253 485 5310 in
515 5256 786 5315 inﬁnitum
830 5268 1226 5337 permansuris,
1264 5283 1602 5341 nequaquam
1640 5271 1839 5325 mentis
1865 5284 2015 5325 meae

1709 5406 1965 5462 VARIAE
2005 5402 2409 5463 LECTIONES.

1405 5524 1425 5556 ³
1468 5520 1559 5578 Sic
1589 5521 1708 5588 CF;
1760 5522 1805 5575 A
1857 5536 2060 5591 semper
2095 5520 2349 5575 ascendit.

2060 5601 2356 5662 generates.-

2082 5654 2124 5693 “
2158 5661 2248 5717 Sic
2271 5659 2385 5724 CF;
2428 5660 2473 5713 A
2510 5654 2684 5713 nullus
2732 5656 3087 5728 noaimpius.

504 5516 518 5549 ί
568 5515 660 5570 Sic
684 5513 805 5583 CF;
840 5529 1069 5576 creatam
1115 5538 1225 5579 om.
1263 5524 1330 5578 A.

429 5587 578 5658 “Sic
619 5587 696 5654 A;
743 5604 841 5658 pro
885 5604 1121 5648 nostram
1177 5594 1259 5649 CF
1298 5611 1451 5648 nunc.
1530 5593 1619 5647 “et
1648 5609 1757 5649 om.
1790 5593 1851 5646 A.
1931 5587 2034 5647 ⁷Ἀ

433 5657 479 5736 '_°_
505 5669 624 5736 sunt
655 5657 765 5736 om.
795 5659 899 5736 CF.
980 5663 1020 5736 ‘5
1057 5663 1147 5719 Sic
1167 5664 1283 5734 CF;
1326 5667 1367 5718 Α
1403 5666 1455 5718 in
1497 5664 1757 5736 sapientia
1785 5662 2003 5736 divina.

431 5729 630 5806 citabit.
712 5728 756 5760 “
786 5734 965 5799 Coma;
998 5734 1132 5788 Atil?
1182 5729 1496 5806 redigentur.

434 5796 478 5833 ⁸⁸
502 5815 704 5875 semper
728 5819 816 5859 om
841 5806 948 5860 CF.

1577 5736 1618 5766 ’⁵
1656 5735 1746 5789 Sic
1772 5733 1854 5788 CF
1880 5752 1894 5799 ;
1926 5734 1967 5788 Α
1999 5741 2279 5789 asseverat.
2352 5729 2653 5801 {gradum
2675 5744 2783 5801 oin.

1057 5807 1096 5837 "
1130 5808 1184 5862 in
1208 5796 1315 5861 οιηῖ
1345 5806 1388 5860 Α
1419 5825 1429 5834 ·
1462 5806 1506 5837 ¹¹⁰
1532 5806 1621 5861 Sic
1650 5805 1770 5882 CF;
1801 5796 1896 5860 Aa
1928 5818 2076 5863 vera.
2152 5804 2192 5836 "
2223 5802 2313 5860 Sic
2336 5799 2420 5859 CF
2432 5796 2451 5869 ξ
2472 5800 2518 5856 A
2547 5796 2697 5857 verbi
2724 5798 2931 5855 divisim
2960 5797 3318 5873 praedicatur.

2109 580 2215 634 ulla
2242 580 2434 635 nebula
2473 579 2603 635 illud
2622 580 2856 644 intueor,
2890 593 2954 635 ea
2979 582 3211 638 maxime
3248 584 3459 640 ratione
3480 585 3697 653 ductus.

2108 687 2213 742 qua
2244 674 2298 728 in
2320 673 2591 743 sapientia
2613 674 2708 728 Dei
2742 672 2784 703 ¹¹
2814 680 3028 730 creatas
3049 688 3169 729 esse
3190 691 3295 732 non
3319 676 3493 732 solum
3513 675 3699 743 credo,

2109 781 2297 821 verum
2348 766 2512 821 etiam
2568 765 2811 838 intelligo
2876 766 3270 823 incunctanter.
3320 766 3457 823 Nam
3501 781 3702 833 omne,

2110 859 2252 929 quod
2276 859 2328 912 in
2350 857 2615 928 sapientia
2637 857 2732 912 Dei
2760 867 3004 914 creatum
3025 857 3291 924 subsistit,
3318 857 3497 911 nullus
3537 857 3642 912 nisi
3658 857 3705 892 ⁸⁸

2110 950 2307 1019 impius
2322 950 2406 1004 vel
2423 949 2680 1019 insipiens
2702 965 2915 1021 semper
2925 965 3340 1021 permansurum
3356 950 3615 1006 dubitarit
3631 950 3696 1006 ".

2112 1042 2189 1097 De
2228 1039 2508 1097 eﬁ‘ectibus
2538 1054 2686 1105 vero,
2715 1056 2852 1110 quos
2894 1041 3267 1110 processiones
3293 1054 3578 1097 causarum
3609 1056 3703 1097 sa-

2111 1136 2324 1205 pientes
2351 1148 2586 1202 sequens
2606 1133 2835 1198 vocasti,
2853 1133 3171 1202 jamdudum
3204 1134 3462 1201 delibero,
3496 1144 3704 1203 utrum,

2114 1226 2256 1282 sicut
2282 1239 2413 1281 suae
2442 1240 2659 1292 causae,
2686 1226 3048 1296 permansuri,
3077 1241 3144 1280 an
3177 1241 3297 1280 cmn
3326 1227 3527 1282 mundo
3571 1241 3703 1296 per-

2113 1318 2267 1383 ituri,
2302 1317 2374 1372 ita
2403 1325 2462 1371 ut
2500 1331 2624 1372 non-
2661 1317 2715 1371 in
2766 1332 2957 1373 causas
3003 1332 3131 1372 suas
3182 1317 3409 1375 redeant
3445 1325 3502 1372 et
3539 1316 3593 1371 in
3626 1317 3709 1372 eis

2116 1408 2425 1473 salventur,
2450 1408 2545 1463 sed
2584 1406 2636 1461 in
2670 1407 2937 1471 nihilum,
2970 1410 3035 1464 de
3061 1408 3325 1477 quo'l‘acti
3365 1417 3521 1472 sunt,
3563 1405 3710 1463 redi-

2117 1494 2315 1570 gantur
2342 1497 2404 1563 ",
2434 1507 2493 1551 ut
2512 1498 2729 1567 penitus
2750 1497 2982 1552 ulterius
3007 1513 3112 1552 non
3142 1499 3269 1553 sint.
3299 1496 3439 1552 MAG.
3470 1495 3711 1557 Effectus

2118 1607 2260 1647 nunc
2288 1604 2580 1644 causarum
2628 1589 2861 1644 dicimus
2896 1597 3064 1643 totum
3104 1589 3364 1649 mundum
3398 1588 3713 1647 sensibilem
3747 1587 3755 1594 ’

2119 1699 2240 1739 cum
2265 1682 2516 1738 omnibus
2551 1682 2663 1737 suis
2688 1680 2934 1751 partibus
2952 1718 2967 1746 ,
2993 1680 3190 1750 quibus
3215 1688 3447 1749 constat.
3476 1679 3609 1734 Nam
3644 1680 3714 1736 de

2120 1779 2322 1832 mundo
2359 1774 2682 1847 intelligibili
2714 1772 3081 1829 indubitabilis
3114 1775 3381 1828 sententia
3415 1781 3497 1828 est
3519 1814 3533 1839 ,
3566 1770 3713 1842 quod

2043 1847 2093 1912 ⁸
2121 1884 2399 1939 nunquam
2428 1867 2706 1937 periturus
2734 1907 2749 1932 ,
2782 1866 3035 1936 quoniam
3081 1866 3134 1920 in
3166 1865 3254 1919 illo
3292 1866 3426 1921 nihil
3471 1874 3556 1920 est
3584 1879 3711 1920 cor-

2119 1960 2353 2031 ruptioni
2377 1958 2711 2026 obnoxium;
2747 1959 2877 2030 ipse-
2896 1957 3163 2029 siquidem
3194 1972 3408 2027 semper
3445 1956 3712 2022 subsistit,

2119 2033 2576 2122 quemadmodum
2607 2061 2662 2107 et
2693 2066 2906 2117 causae,
2938 2065 3165 2120 quarum
3191 2047 3415 2104 eﬁ‘ectus
3439 2056 3556 2113 est,
3588 2062 3716 2105 eae-

2119 2144 2281 2200 lestes
2307 2145 2428 2200 dico
2449 2144 2733 2207 essentias,
2758 2143 3006 2212 quamvis
3023 2143 3212 2195 beatus
3234 2139 3519 2213 Dionysius
3536 2139 3713 2196 Areo-

2117 2238 2299 2309 pagita
2325 2248 2534 2292 asserat
2557 2238 2623 2301 ³⁵,
2657 2235 2919 2306 quasdam
2955 2233 3223 2304 angelicas
3260 2232 3489 2288 virtutes
3536 2224 3591 2285 in
3633 2228 3717 2284 al-

2123 2330 2312 2384 tiorem
2346 2328 2560 2383 divinae
2593 2328 2833 2383 theoriae
2855 2327 3080 2399 gradum
3107 2327 3122 2356 ί
3141 2330 3171 2391 τ,
3200 2340 3362 2395 quam
3385 2338 3529 2379 nunc
3559 2329 3710 2389 sunt,

2121 2435 2464 2485 ascensurus,
2501 2420 2627 2474 dum
2652 2419 2791 2474 Deus
2813 2420 2988 2473 omnia
3014 2420 3067 2471 in
3097 2418 3336 2472 omnibus
3362 2416 3543 2487 fuerit.

2189 2510 2278 2566 25.
2315 2511 2459 2566 Disc.
2493 2511 2569 2565 De
2596 2509 2875 2565 ell‘ectibus
2921 2525 3205 2566 causarum
3239 2507 3613 2573 invisibilium,
3646 2505 3715 2563 de

2121 2602 2375 2659 invisibili
2408 2602 2450 2633 ¹⁷
2494 2603 2614 2656 dico
2659 2602 2881 2666 mtmdo,
2927 2601 3101 2655 adhuc
3149 2599 3341 2667 titubo,
3385 2598 3713 2666 deliberans,

2122 2710 2226 2766 qua
2260 2696 2469 2751 ratione
2498 2694 2730 2759 dit-itur,
2758 2695 2899 2764 quod
2949 2693 3223 2764 periturus
3261 2693 3332 2749 sit
3378 2701 3429 2748 et
3460 2706 3716 2763 perman-

2121 2788 2488 2852 surus;.haec
2535 2785 2678 2840 enim
2729 2784 2833 2839 sibi
2880 2784 3112 2840 invicem
3158 2798 3399 2856 pugnare
3436 2782 3713 2850 videntur,

2120 2881 2297 2951 perire
2320 2880 2442 2934 dico
2461 2886 2514 2932 et
2540 2892 2879 2947 permanere.
2906 2876 3187 2946 Quomodo
3207 2876 3350 2931 enim
3373 2875 3535 2946 perit,
3564 2873 3714 2944 quod

2120 2980 2421 3042 permanet,
2458 2971 2538 3025 vel
2572 2979 2851 3041 permanet
2868 2971 3008 3040 quod
3032 2970 3203 3040 perit?
3229 2967 3368 3025 MAG.
3392 2966 3528 3023 Num
3554 2967 3715 3038 paulo

2121 3046 2367 3133 superius
2394 3060 2672 3117 confessus
2698 3075 2779 3125 cs,
2801 3062 2943 3130 quod
2964 3075 3027 3114 ea
3051 3060 3261 3115 ratione
3283 3060 3517 3115 maxime
3546 3060 3711 3116 intro-

2121 3156 2313 3209 ductus
2336 3153 2534 3217 fueras,
2561 3153 2785 3220 utnullo
2816 3154 2973 3208 modo
2996 3153 3270 3210 dubitares
3296 3154 3361 3208 de
3382 3154 3708 3209 aeternitate

2120 3261 2428 3311 causarum,
2460 3245 2713 3315 quoniam
2760 3245 2814 3300 in
2843 3243 3020 3301 Verbo
3051 3244 3143 3300 Dei
3188 3244 3363 3300 factae
3393 3254 3555 3310 sunt;
3602 3261 3710 3301 non

2119 3338 2263 3392 enim
2284 3345 2457 3407 potest
2472 3337 2649 3406 perire
2665 3352 2847 3403 omne,
2863 3337 3003 3406 quod
3029 3350 3245 3407 semper
3265 3336 3452 3392 vivens
3474 3335 3712 3391 Verbum

2118 3435 2377 3511 continet,
2410 3442 2465 3490 et
2488 3435 2540 3489 in
2581 3449 2687 3505 quo
2729 3434 2911 3488 omnia
2940 3447 3156 3504 semper
3191 3431 3234 3466 ¹⁸
3264 3433 3378 3488 vita
3404 3440 3549 3499 sunt,
3580 3432 3711 3488 nulli

2120 3528 2456 3597 corruptioni
2492 3536 2547 3582 ct
2590 3525 2821 3581 defectui
2852 3522 3117 3592 subjecta.
3150 3520 3296 3580 Disc.
3336 3524 3416 3580 Ad
3453 3526 3557 3580 hoc
3581 3538 3714 3581 sane

2118 3622 2410 3691 productus
2446 3635 2599 3686 sum,
2631 3619 2688 3673 in
2721 3627 2929 3673 tantum
2949 3659 2963 3683 ,
2997 3629 3056 3672 ut
3079 3618 3231 3690 prius
3261 3619 3477 3685 dicam,
3506 3634 3592 3673 me
3621 3634 3712 3689 pc-

2121 3714 2266 3768 nitus
2295 3727 2401 3767 non
2430 3725 2574 3778 csse,
2604 3725 2764 3780 quam
2806 3709 2940 3763 illud
2982 3708 3233 3780 ignorare
3260 3723 3442 3780 posse,
3489 3708 3683 3764 audien

2117 3804 2436 3877 Apostolum
2462 3800 2732 3859 dicentem
2765 3822 2777 3856 :
2822 3800 2889 3857 In
2918 3818 3021 3873 quo
3057 3802 3271 3857 vivimus
3293 3841 3307 3867 ,
3336 3811 3386 3857 et
3426 3817 3680 3857 movemur

2097 3907 2394 3952 'etsumus.
2443 3894 2501 3950 Si
2546 3896 2691 3953 enim
2739 3895 2792 3948 in
2844 3895 2963 3963 ipso
3010 3910 3115 3949 non
3156 3910 3299 3959 sum,
3346 3895 3569 3950 omnino
3603 3910 3694 3950 non

2117 4001 2235 4041 sum
2270 4004 2282 4039 ε
2321 3993 2377 4040 et
2406 3983 2452 4041 Si
2478 3985 2581 4039 hoc
2611 3983 2821 4056 ignoro,
2850 3983 2902 4036 in
2929 3982 2971 4014 ¹⁹
3001 3983 3342 4053 insipientiae
3373 3993 3429 4038 et
3462 3984 3710 4053 ignoran-

2120 4077 2228 4131 tiae
2256 4076 2476 4131 interitu
2508 4075 2753 4143 perditus
2773 4088 2911 4127 sum.
2944 4072 3083 4128 MAG.
3113 4074 3210 4128 Dic
3236 4073 3422 4143 igitur,
3454 4090 3582 4127 num
3614 4072 3710 4127 Dei

2119 4167 2390 4231 Verbum,
2422 4165 2474 4220 in
2502 4181 2610 4234 quo
2647 4177 2845 4235 causae
2874 4163 3114 4219 omnimn
3144 4161 3494 4218 aeternaliter
3533 4162 3712 4218 subsi-

2118 4266 2290 4325 stunt,
2321 4259 2467 4312 venit
2506 4257 2560 4311 in
2601 4270 2887 4311 causarum
2918 4252 3161 4320 eﬁ'ectus,
3205 4256 3308 4309 hoc
3336 4262 3437 4318 est,
3465 4255 3518 4310 in
3566 4255 3710 4310 hunc

2119 4353 2375 4408 mundum
2408 4348 2738 4412 sensibilem,
2771 4363 2960 4404 necne.
3011 4347 3151 4403 DISC.
3183 4346 3439 4418 Quisquis
3467 4347 3572 4402 hoc
3616 4361 3709 4402 ne«

2118 4445 2346 4516 gaverit,
2388 4442 2609 4517 omnino
2655 4454 2781 4495 vera
2810 4439 2854 4469 ὀ
2885 4438 3175 4509 religione,
3225 4453 3332 4509 qua
3376 4452 3516 4493 unus
3566 4438 3708 4492 Deus

2117 4535 2330 4599 colitur,
2362 4542 2419 4588 et
2466 4531 2765 4607 incarnatio
2796 4528 2953 4585 Verbi
2986 4529 3077 4584 Dei
3108 4530 3151 4561 ’ί
3179 4528 3546 4599 praedicatur,
3576 4527 3711 4583 alic—

2116 4643 2217 4681 nus
2240 4634 2342 4681 est.
2362 4624 2452 4678 Ait
2480 4623 2624 4678 enim
2646 4619 2936 4691 Theologia
2964 4638 2976 4674 :
3010 4620 3079 4674 Et
3112 4619 3337 4675 Verbum
3356 4636 3479 4675 caro
3508 4620 3710 4691 factum

2115 4698 2227 4785 est,
2252 4716 2353 4770 hoc
2380 4723 2480 4785 est,
2525 4712 2753 4767 Verbum
2782 4713 2943 4783 homo
2972 4711 3171 4765 factum
3211 4720 3324 4778 est;
3358 4726 3576 4768 carnem
3608 4724 3707 4781 pro

2119 4792 2229 4865 toto
2258 4809 2475 4863 homine
2502 4806 2704 4881 posuit,
2738 4821 2803 4862 eo
2834 4804 2993 4860 modo
3021 4804 3305 4876 loquendi,
3332 4820 3441 4876 quo
3472 4814 3642 4860 totum
3674 4820 3706 4858 a

2116 4884 2270 4973 parte
2296 4899 2650 4973 signiﬁcatur.
2685 4897 2925 4967 Itemque
2962 4899 3137 4967 ipsum
3181 4897 3413 4953 Verbum
3455 4897 3704 4952 incarna-
3738 4906 3743 4911 ‘

2122 5006 2232 5052 tum
2262 4996 2329 5050 de
2364 4994 2545 5064 seipse
2576 4992 2897 5064 praedicans
2926 5009 2944 5047 :
2982 4991 3152 5054 Exivi,
3204 4991 3397 5060 inquit,
3444 5007 3476 5044 a
3516 4988 3701 5049 Patre,

2119 5099 2166 5143 et
2192 5087 2301 5142 vrm'
2315 5087 2368 5140 in
2388 5085 2663 5151 mundum,
2677 5093 2725 5138 et
2744 5085 2933 5159 iterum
2950 5080 3186 5151 relinquo
3205 5082 3483 5147 mundum,
3499 5089 3545 5134 et
3570 5080 3702 5134 vado

2120 5179 2188 5234 ad
2212 5175 2449 5231 Patrem.
2471 5175 2548 5230 Ac
2572 5175 2616 5230 si
2649 5182 2835 5246 aperte
2858 5173 3061 5229 diceret
3088 5189 3099 5224 :
3129 5171 3256 5243 Ego,
3284 5170 3377 5240 qui
3404 5166 3699 5224 secundum

2122 5269 2457 5325 divinitatem
2496 5264 2739 5336 aequalis
2779 5280 2898 5321 sum
2940 5264 3117 5329 Patri,
3159 5262 3318 5318 unius
3352 5260 3698 5332 ejusdemque

3021 5513 3043 5544 ⁸
3086 5512 3177 5568 Sic
3202 5512 3279 5579 A;
3314 5513 3405 5568 sed
3445 5528 3555 5567 om.
3581 5511 3687 5567 CF.

3037 5584 3057 5615 ⁹
3100 5584 3190 5640 Sic
3230 5583 3351 5649 (2F;
3402 5584 3446 5638 Α
3474 5593 3698 5637 mutare.

3166 5654 3210 5688 ¹³
3245 5654 3335 5710 Sic
3361 5650 3475 5719 CF;
3525 5651 3569 5706 Α
3599 5654 3697 5707 du.

3004 5726 3044 5757 ’⁷
3074 5724 3227 5783 Cch
3260 5724 3593 5781 visibili'dico
3620 5740 3693 5780 m.

2457 5518 2475 5549 ³
2508 5516 2599 5574 Sic
2626 5515 2743 5581 CF;
2771 5517 2814 5572 A
2848 5526 2921 5570 ut.

2432 5590 2455 5621 ⁸
2482 5603 2665 5643 earum
2694 5602 2802 5642 om.
2834 5586 2939 5642 CF.
