4212 6272
522 376 580 439 9i
601 384 619 436 l

1911 372 2196 432 JOANNIS
2231 373 2428 429 SCOTI

3680 371 3783 430 912

520 494 811 560 essentiac,
842 492 993 561 cujus
1021 500 1076 547 et
1111 491 1227 563 ipse
1264 499 1349 548 est
1368 534 1381 558 ,
1413 493 1655 547 existens
1674 530 1690 557 ,
1720 488 1863 546 exivi
1901 489 1970 544 ab
1996 486 2109 553 illo,
2139 488 2188 549 Α
2216 486 2351 542 dixit
2382 505 2394 540 :
2423 484 2731 543 Praedicate
2756 485 3075 558 evangelium
3094 487 3236 543 omni
3255 495 3547 553 creaturae,
3574 502 3784 545 omnem

521 586 624 641 hoc
651 593 734 639 est
760 582 1033 638 exinanivi
1061 583 1323 654 meipsum
1342 623 1357 649 ,
1386 582 1616 639 formam
1645 581 1791 636 servi
1818 579 2108 649 accipiens,

522 690 655 731 caro
682 674 932 731 videlicet
956 675 1134 730 factus
1152 690 1290 740 sum,
1325 684 1604 745 totamque
1632 675 1922 730 humanam
1953 680 2109 728 natu-

522 781 642 822 ram
672 765 887 835 accepi,
920 772 976 820 et
1004 764 1199 820 iterum
1230 765 1477 836 relinquo
1505 763 1763 820 mundum
1790 773 1847 820 et
1872 763 2014 819 vado
2040 763 2109 818 ad

520 857 761 923 Patrem,
794 856 897 912 hoc
916 862 1022 920 est,
1052 854 1302 911 servilem
1329 855 1576 921 formam,
1610 865 1888 926 totamque
1917 856 2110 911 huma-

520 965 646 1005 nam
677 957 948 1015 naturam,
976 962 1175 1020 corpus
1206 947 1452 1004 videlicet
1475 957 1531 1005 et
1550 950 1787 1004 animam
1816 956 1871 1006 et
1898 947 2113 1005 intelle-

522 1048 693 1103 ctum,
722 1049 777 1095 et
802 1038 1180 1096 universaliter
1204 1053 1365 1094 omne
1382 1079 1398 1104 ,
1425 1038 1567 1109 quod
1592 1053 1657 1093 ex
1684 1038 1800 1108 ipsa
1833 1046 2106 1105 creatura,

521 1147 664 1203 quae
712 1138 926 1189 constat
970 1146 1037 1187 ex
1081 1130 1282 1186 visibili
1329 1139 1383 1186 et
1429 1128 1747 1201 intelligibili
1797 1129 2108 1196 existentia,

521 1225 756 1295 sumpsi,
796 1222 938 1278 ultra
976 1235 1191 1278 omnem
1230 1221 1489 1277 mundum
1527 1220 1580 1275 in
1618 1219 1887 1301 Deitatem
1912 1234 2107 1287 ,meam

522 1326 873 1383 convertens,
922 1315 1071 1371 salva
1113 1323 1467 1378 naturarum,
1512 1329 1579 1369 ex
1616 1302 1814 1383 quibus
1850 1312 2105 1377 subsiste,

522 1411 731 1464 ratione
765 1417 1036 1475 manente,
1067 1423 1231 1479 super
1269 1407 1473 1471 omnia,
1520 1421 1659 1477 quae
1693 1412 1822 1461 sunt
1867 1413 1923 1459 et
1968 1418 2111 1475 quae

521 1520 626 1559 non
660 1513 807 1569 sunt,
842 1502 1022 1558 exalto
1054 1501 1093 1554 ⁸.
1135 1499 1315 1555 Exivit
1344 1500 1507 1571 igitur
1530 1515 1560 1554 a
1587 1498 1766 1566 Patre,
1797 1507 1853 1555 et
1877 1497 2027 1554 venit
2053 1498 2108 1553 in

522 1596 803 1660 mundum,
845 1594 1140 1649 humanam
1184 1591 1438 1648 videlicet
1488 1599 1740 1647 naturam
1776 1591 2008 1663 accepit,
2051 1591 2107 1646 in

518 1703 625 1758 qua
678 1696 823 1742 totus
860 1686 1089 1741 mundus
1137 1684 1417 1751 subsistit;
1452 1684 1587 1739 nihil
1623 1684 1768 1740 enim
1812 1683 1869 1740 in
1906 1681 2108 1739 mundo

518 1788 621 1841 est,
652 1779 793 1849 quod
826 1792 932 1833 non
976 1777 1032 1831 in
1080 1777 1317 1832 humana
1345 1784 1540 1831 natura
1568 1774 2061 1846 comprehendatur
2089 1794 2102 1829 :

2212 586 2518 635 creaturam
2548 580 2822 650 appellans
2852 579 3145 635 hominem.
3179 577 3292 635 Non
3323 580 3469 636 enim
3502 580 3787 638 irrationa-

2212 670 2410 727 bilibus
2440 670 2783 737 animalibus,
2822 684 2915 726 seu
2944 672 3191 727 omnibus
3224 671 3489 727 creaturis
3515 688 3679 730 sensu
3701 689 3792 731 ca-

2212 763 2485 831 rentibus,
2519 779 2675 820 suum
2718 763 3052 835 evangelium
3080 764 3379 834 praedicari
3409 765 3575 837 jussit
3601 773 3646 834 τ,
3694 770 3784 827 sed

2210 855 2310 911 soli
2336 856 2565 921 homini,
2596 855 2650 911 in
2687 870 2794 926 quo
2819 855 2996 911 omnis
3034 864 3223 912 natura
3253 864 3433 913 creata
3463 861 3780 918 continetur.

2211 945 2352 1003 MAG.
2385 947 2576 1003 Omnis
2610 948 2793 1017 itaque
2827 958 3075 1003 creatura
3112 948 3167 1003 in
3209 950 3427 1005 homine
3473 952 3598 1007 est?
3643 953 3781 1013 Disci

2210 1038 2326 1095 Hoc
2352 1039 2717 1094 indubitanter
2740 1036 3039 1097 fatendum.
3068 1038 3208 1096 MAG.
3241 1038 3453 1097 Fateris
3477 1056 3631 1113 ergo,
3661 1044 3783 1100 Ver-

2209 1129 2340 1185 bum
2367 1129 2486 1196 Dei,
2514 1129 2567 1183 in
2594 1142 2721 1198 quo,
2750 1137 2806 1184 et
2826 1144 2923 1201 per
2950 1128 3112 1200 quod,
3140 1138 3195 1186 et
3222 1129 3289 1186 ad
3319 1132 3460 1201 quod
3496 1132 3641 1188 facta
3666 1147 3783 1192 sunt

2211 1221 2414 1288 omnia,
2453 1220 2746 1276 secundum
2778 1235 2928 1275 suam
2957 1220 3296 1277 divinitatem
3327 1222 3381 1278 in
3409 1221 3632 1280 effectus
3660 1242 3779 1282 cau-

2209 1325 2391 1368 sarum
2434 1310 2780 1366 descendisse
2823 1311 3117 1366 secundum
3159 1327 3311 1368 suam
3359 1312 3781 1372 humanitatem?

2210 1401 2357 1458 Dtsc.
2406 1401 2743 1457 Firmissime
2797 1400 2990 1457 fateor.
3044 1400 3184 1458 MAG.
3249 1402 3428 1472 Quare
3484 1406 3783 1463 descendit?

2211 1494 2360 1550 Disc.
2401 1493 2499 1549 Die
2518 1533 2533 1559 ,
2560 1508 2783 1564 quaeso.
2825 1492 2964 1549 MAG.
3006 1493 3121 1549 Non
3160 1494 3324 1550 aliam
3347 1496 3417 1552 ob
3446 1510 3663 1553 causam
3686 1540 3700 1567 ,
3727 1508 3783 1554 ut

2210 1586 2421 1657 Opinor,
2450 1585 2556 1642 nisi
2585 1594 2643 1641 ut
2683 1601 2989 1652 causarum,
3022 1602 3157 1658 quas
3188 1588 3485 1645 secundum
3523 1606 3674 1646 suam
3700 1592 3778 1648 di-

2208 1678 2488 1733 vinitatem
2520 1677 2865 1734 aeternaliter
2886 1688 2941 1734 et
2965 1677 3475 1737 incommutabiliter
3500 1683 3681 1750 habet,
3704 1700 3781 1741 se-

2212 1769 2446 1826 cundum
2477 1784 2630 1825 suam
2672 1771 3063 1827 humanitatem
3093 1770 3315 1828 effectus
3352 1773 3603 1841 salvaret,
3632 1777 3782 1848 inque

517 1881 573 1925 ct
601 1838 796 1926 iterum
828 1870 1045 1941 reliquit
1087 1871 1345 1925 mundum
1365 1910 1382 1937 ,
1410 1879 1465 1925 et
1492 1870 1589 1926 ivit
1626 1870 1693 1925 ad
1719 1869 1938 1926 Patrem
1958 1910 1973 1935 ,
2006 1869 2110 1926 hoc
2138 1838 2186 1900 Β
2214 1876 2340 1918 suas
2363 1876 2555 1919 causas
2580 1872 2862 1919 revocaret
2880 1904 2894 1929 ,
2924 1871 2985 1917 ιιι
3024 1864 3078 1918 in
3116 1863 3247 1935 ἱρεὶε
3275 1863 3531 1921 ineffabili
3561 1867 3778 1938 quadam

519 1972 621 2029 est,
675 1964 967 2018 humanam
1004 1976 1163 2033 quam
1195 1970 1481 2033 acceperat
1508 1970 1760 2018 naturam
1801 1976 1966 2032 super
1989 1976 2106 2016 om‘

520 2057 608 2111 nia
642 2055 873 2111 visibilia
902 2063 957 2110 et
985 2055 1294 2123 invisibilia,
1321 2068 1481 2126 super
1509 2070 1702 2112 omnes
1725 2054 1955 2111 virtutes
1983 2069 2109 2111 cae-

519 2144 706 2211 lestes,
738 2161 900 2217 super
923 2161 1085 2201 omne
1127 2146 1271 2218 quod
1301 2146 1498 2202 dicitur
1523 2156 1577 2202 et
1603 2145 1941 2219 intelligitur,
1979 2160 2111 2203 suae

518 2234 737 2303 Deitati,
760 2253 902 2309 quae
930 2238 1075 2293 Patri
1107 2237 1348 2309 aequalis
1378 2247 1462 2294 est
1488 2240 1530 2304 ’,
1570 2238 1816 2295 adunans
1853 2238 2110 2295 sublima-

518 2331 614 2384 vit.
633 2308 953 2399 Quanquam
971 2329 1114 2383 enim
1138 2308 1309 2385 totam
1333 2330 1624 2385 humanam
1647 2337 1922 2394 naturam,
1945 2343 2107 2400 quam

522 2429 688 2477 totam
736 2423 966 2493 accepit,
1000 2429 1165 2477 totam
1214 2423 1269 2477 in
1316 2424 1497 2492 seipso
1525 2431 1580 2479 et
1625 2424 1677 2478 in
1723 2432 1835 2479 toto
1872 2423 2110 2479 humano

519 2528 721 2585 genere
742 2521 911 2568 totam
939 2513 1188 2581 salvavit,
1215 2515 1475 2584 quosdam
1499 2514 1717 2585 quidem
1744 2516 1797 2570 in
1820 2515 2106 2587 pristinum

518 2616 747 2662 naturae
774 2612 976 2661 statum
1005 2604 1319 2671 restituens,
1347 2604 1614 2675 quosdam
1651 2619 1781 2661 vero
1808 2621 1908 2677 per
1934 2603 2112 2661 excel-

517 2695 738 2751 lentiam
765 2697 905 2751 ultra
932 2704 1181 2752 naturam
1205 2695 1465 2752 deiﬁcans
1499 2716 1511 2751 :
1554 2698 1607 2752 in
1630 2697 1777 2753 nullo
1802 2705 1979 2752 tamen
2002 2696 2107 2752 nisi

522 2789 576 2842 in
611 2788 726 2859 ipso
763 2788 878 2845 solo
906 2788 1217 2844 humanitas
1242 2785 1440 2844 Deitati
1479 2788 1533 2842 in
1561 2788 1822 2843 unitatem
1862 2787 2108 2844 substan-

521 2880 627 2935 tiae
666 2883 897 2937 aduuata
933 2890 1036 2949 est,
1073 2888 1129 2937 et
1161 2880 1217 2935 in
1249 2881 1420 2951 ipsam
1457 2880 1723 2935 Deitatem
1763 2888 1968 2935 mutata
1996 2895 2110 2935 om-

520 2973 609 3025 nia
644 2973 996 3029 transcendit.
1027 2973 1141 3029 Hoc
1161 2973 1307 3028 enim
1336 2972 1617 3044 proprium
1639 2981 1804 3044 caput
1831 2972 2109 3028 Ecclesiae

521 3063 624 3118 sibi
661 3065 761 3135 ipsi
796 3065 1121 3133 reservavit,
1160 3073 1222 3121 ut
1264 3080 1371 3120 non
1413 3078 1589 3121 sonum
1639 3063 1754 3134 ejus
1793 3064 2107 3121 humanitas

525 3156 799 3228 particeps
829 3157 1085 3224 Deitatis,
1130 3172 1318 3213 verum
1370 3158 1534 3215 etiam
1564 3157 1681 3228 ipsa
1712 3158 1917 3224 Deitas,
1954 3164 2106 3227 post-

519 3262 681 3317 quam
710 3233 956 3305 ascendit
984 3249 1052 3305 ad
1094 3249 1333 3318 Patrem,
1367 3249 1553 3317 ﬁeret;
1586 3250 1639 3305 in
1668 3265 1830 3321 quam
1868 3250 2106 3306 altitudi-

523 3359 645 3398 nem
676 3344 853 3400 nullus
886 3353 1101 3416 praeter
1131 3346 1305 3415 ipsum
1347 3344 1611 3411 ascendit,
1650 3359 1752 3400 nec
1781 3358 2106 3400 ascensurus

519 3441 618 3490 est.
657 3435 726 3489 Et
764 3436 866 3491 hoc
905 3444 1020 3502 est,
1051 3440 1194 3506 quod
1237 3437 1363 3493 alibi
1394 3446 1578 3508 aperte
1605 3431 1683 3492 ile
1724 3437 1903 3506 seipso
1932 3437 2103 3492 dicit:

522 3520 693 3576 Nemo
718 3525 950 3578 ascendit
976 3526 1030 3577 in
1052 3525 1275 3594 caelum,
1314 3527 1416 3579 nisi
1441 3529 1533 3595 qui
1562 3526 1625 3580 de
1647 3525 1791 3581 caelo
1819 3526 2104 3592 descendit,

520 3614 666 3684 ﬁlius
694 3614 920 3669 hominis
940 3655 955 3681 ,
987 3615 1076 3684 qui
1104 3625 1180 3670 est
1217 3620 1272 3673 in
1313 3617 1476 3671 caelo.
1513 3618 1592 3673 Ac
1621 3618 1666 3674 si
1707 3617 1993 3675 manifeste
2022 3619 2106 3674 di-

521 3711 671 3759 ceret
705 3722 717 3756 :
758 3716 915 3759 nemo
952 3705 1197 3761 ascendit
1233 3708 1286 3762 in
1315 3706 1562 3772 Patrem,
1593 3708 1698 3763 nisi
1725 3709 1816 3779 qui
1848 3722 1917 3765 ex
1945 3709 2109 3767 Patre

521 3794 837 3862 descendit,
879 3803 935 3851 et
975 3796 1101 3851 dum
1146 3813 1176 3852 a
1211 3797 1373 3855 Patre
1410 3799 1710 3867 descendit,
1742 3800 1959 3865 Patrem
2000 3818 2108 3860 non

520 3886 789 3954 deseruit;
823 3888 912 3958 qui
961 3902 1176 3960 semper
1218 3889 1276 3945 in
1323 3890 1483 3947 Patre
1525 3899 1627 3958 est,
1664 3893 1919 3963 quoniam
1946 3893 2111 3951 Pater

521 3977 577 4033 in
612 3977 706 4034 illo
735 3978 1206 4051 inseparabiliter,
1236 3987 1292 4037 et
1322 3981 1412 4038 ille
1440 3982 1495 4038 in
1536 3981 1696 4040 Patre
1733 3998 1948 4055 semper
1980 3993 2104 4042 est:

525 4068 640 4141 Ego
668 4071 824 4138 enim,
856 4072 953 4139 ait,
977 4080 1024 4127 et
1048 4069 1212 4127 Pater
1235 4090 1399 4128 unum
1424 4090 1623 4131 sumus.
1658 4076 1716 4132 ln
1742 4092 1902 4149 quam
1931 4078 2108 4133 unita-

525 4169 635 4216 tem
667 4161 814 4217 solus
850 4162 940 4219 ille
978 4177 1131 4219 suam
1171 4165 1561 4221 humanitatem
1597 4167 2109 4238 subvexit,_ceteros

522 4262 727 4322 autem,
757 4270 894 4326 quos
922 4255 1160 4323 deiﬁcat,
1188 4257 1302 4313 sola
1329 4257 1742 4328 participatione
1771 4273 1899 4315 suae
1928 4260 2108 4315 Deita-

520 4346 590 4402 tis
618 4345 640 4378 ³
680 4363 1113 4420 unumquemque
1152 4350 1448 4406 seeundum
1491 4349 1826 4406 altitudinem
1854 4353 2108 4422 propriae

519 4440 990 4509 contemplationis
1039 4448 1165 4509 post
1211 4438 1236 4472 δ
1286 4453 1347 4497 se
1381 4439 1694 4507 constituit,
1743 4441 2001 4497 ordinans
2050 4441 2104 4496 in

2129 3212 2179 3278 C

2212 1953 2560 2020 adunatione,
2592 1954 2751 2010 sicuti
2779 1961 2834 2010 et
2862 1955 3010 2025 ipsae
3040 1970 3233 2011 causae
3263 1956 3304 2022 ⁸,
3336 1956 3684 2015 salvarentur.
3710 1962 3783 2016 Ac

2211 2044 2256 2099 si
2297 2053 2481 2115 aperte
2510 2045 2717 2101 diceret
2746 2062 2758 2100 :
2790 2044 2848 2101 Si
2876 2045 2969 2102 Dei
2994 2047 3255 2116 sapientia
3281 2047 3334 2102 in
3356 2045 3574 2105 eﬂ'ectus
3599 2066 3786 2107 causa-

2212 2149 2350 2199 rum,
2376 2150 2517 2206 quae
2536 2135 2588 2190 in
2616 2149 2679 2191 ea
2700 2136 3050 2192 aeternaliter
3069 2137 3274 2203 vivunt,
3292 2153 3394 2194 non
3418 2140 3771 2208 descenderet,

2212 2240 2497 2282 causarum
2523 2227 2665 2283 ratio
2693 2229 2897 2299 periret
2922 2247 2933 2283 :
2960 2230 3310 2298 pereuntibus
3335 2232 3469 2286 enim
3496 2247 3773 2289 causarum

2210 2318 2490 2377 ell‘ectibus
2523 2318 2665 2375 nulla
2697 2334 2859 2377 causa
2899 2331 3236 2390 remaneret,
3276 2331 3413 2378 sicut
3445 2327 3780 2395 pereuntibus

2211 2413 2391 2469 causis
2420 2412 2552 2468 nulli
2592 2423 2936 2470 remanerent
2964 2416 3216 2484 cll'ectus;
3249 2417 3385 2472 haec
3417 2419 3559 2471 enim
3601 2417 3780 2472 relati-

2210 2518 2402 2559 verum
2431 2505 2643 2561 ratione
2669 2505 3112 2574 simuloriuntur,
3136 2516 3189 2563 et
3215 2508 3377 2563 simul
3401 2508 3670 2574 occidunt,
3696 2518 3785 2564 aut

2210 2598 2372 2655 simul
2416 2606 2472 2654 et
2517 2612 2731 2670 semper
2766 2609 3087 2671 permanent
3121 2603 3166 2655 ⁸.
3227 2600 3372 2657 Dtsc.
3414 2599 3582 2657 Totus
3613 2601 3783 2670 itaque

2211 2688 2444 2746 mundus
2482 2690 2536 2744 in
2575 2690 2754 2745 Verbo
2795 2690 2890 2746 Dei
2937 2691 3243 2763 unigenito,
3287 2692 3595 2755 incarnato,
3634 2692 3779 2745 inhu-

2212 2787 2428 2834 manato
2454 2779 2632 2835 adhuc
2658 2779 2966 2850 specialiter
2997 2783 3278 2838 restitutus
3308 2791 3414 2849 est,
3446 2783 3499 2837 in
3534 2782 3635 2838 line
3659 2798 3778 2837 vero

2209 2875 2394 2931 mundi
2425 2875 2751 2946 generaliter
2777 2886 2833 2933 et
2861 2878 3244 2935 universaliter
3272 2880 3327 2935 in
3358 2881 3546 2935 eodem
3578 2889 3779 2953 restau:

2208 2970 2439 3025 rabitur.
2477 2969 2630 3038 Quod
2657 2971 2800 3026 enim
2827 2973 3133 3043 specialiter
3160 2974 3212 3029 in
3255 2976 3434 3045 seipso
3463 2973 3506 3005 ¹⁰
3544 2975 3785 3046 perfecit,

2208 3062 2532 3134 generaliter
2556 3063 2611 3119 in
2652 3064 2907 3121 omnibus
2941 3066 3204 3136 perﬁciet.
3238 3065 3355 3123 Non
3387 3067 3506 3124 dico
3535 3068 3587 3122 in
3615 3068 3784 3123 omni-

2209 3158 2311 3214 bus
2351 3158 2661 3215 hominibus
2709 3158 3080 3225 solummodo,
3123 3161 3217 3215 sed
3259 3161 3312 3215 in
3359 3162 3502 3215 omni
3550 3160 3787 3217 sensibili

2207 3249 2694 3329 creatum-Ipsum
2733 3249 2997 3320 siquidem
3036 3251 3131 3306 Dei
3158 3249 3416 3319 Verbum,
3459 3252 3673 3322 quando
3699 3267 3786 3307 ac-

2206 3344 2349 3414 cepit
2381 3344 2673 3399 humanam
2715 3353 2995 3411 naturam,
3034 3345 3236 3401 nullam
3265 3354 3503 3402 creatam
3542 3347 3782 3402 substan-

2208 3436 2338 3490 tiam
2374 3435 2758 3505 praetermisit,
2803 3451 2966 3507 quam
3012 3437 3064 3491 in
3096 3452 3158 3493 ea
3189 3438 3231 3469 “
3272 3452 3379 3493 non
3420 3438 3681 3509 acceperit
3716 3438 3781 3491 ¹¹.

2205 3524 2492 3595 Accipiens
2518 3525 2680 3597 igitur
2708 3525 3003 3583 humanam
3033 3537 3307 3595 naturam,
3338 3544 3553 3585 omnem
3580 3538 3786 3585 creatu-

2209 3630 2326 3671 ram
2356 3616 2582 3687 accepit.
2606 3615 2684 3671 Ac
2704 3632 2803 3689 per
2822 3617 2925 3673 hoc
2950 3618 2993 3673 si
3019 3618 3308 3674 humanam
3332 3628 3602 3685 naturam,
3627 3633 3782 3690 quam

2209 3707 2448 3778 accepit,
2500 3708 2731 3764 salvavit
2779 3717 2834 3765 et
2882 3710 3234 3778 restauravit,
3283 3726 3500 3767 omnem
3549 3708 3780 3782 profecto

2208 3807 2510 3855 creaturam
2542 3799 2808 3856 visibilem
2838 3808 2894 3856 et
2920 3801 3245 3858 invisibilem
3276 3803 3619 3858 restauravit.
3649 3801 3782 3859 Hinc

2209 3905 2316 3946 non
2360 3892 2634 3948 incassum
2665 3893 2935 3949 credimus
2963 3902 3017 3949 et
3055 3895 3434 3967 intelligimus,
3463 3897 3786 3953 incarnatio-

2207 3999 2332 4039 nem
2364 3984 2527 4041 Verbi
2556 3985 2653 4042 Dei
2684 4003 2789 4044 non
2833 3988 3012 4043 minus
3036 3986 3262 4057 angelis,
3294 4004 3456 4058 quam
3483 3989 3785 4046 hominibus

2208 4073 2505 4145 profuisse;
2531 4078 2733 4149 proluit
2760 4078 3328 4147 namquehominibus
3355 4079 3423 4134 ad
3448 4095 3601 4136 suam
3637 4082 3680 4113 ”
3706 4097 3785 4136 re-

2209 4155 2569 4237 demptionem
2606 4185 2844 4241 suaeque
2886 4179 3112 4225 naturae
3152 4174 3623 4239 restaurationem,
3660 4187 3784 4244 pro-

2208 4260 2308 4316 fuit
2325 4263 2530 4333 angelis
2550 4263 2616 4318 ad
2642 4264 3023 4334 cognitionem.
3040 4264 3585 4335 lncomprehensibilc
3599 4269 3785 4338 quippe

2208 4360 2329 4406 erat
2375 4351 2611 4409 Verbum
2659 4355 2805 4410 enini
2838 4364 3119 4411 creaturae
3167 4356 3360 4411 visibili
3409 4365 3465 4412 et
3504 4359 3781 4422 invisibili,

2207 4445 2311 4501 hoc
2334 4454 2418 4502 est
2453 4447 2799 4504 intcllectuali
2834 4456 2887 4504 et
2915 4449 3198 4515 rationali,
3229 4451 3433 4521 angelis
3457 4452 3703 4507 videlicet
3733 4461 3787 4506 ct

521 4529 702 4597 seipso
721 4568 737 4595 ,
776 4529 939 4585 veluti
968 4531 1024 4584 in
1052 4530 1284 4599 quadam
1313 4531 1476 4587 domo
1504 4530 1548 4598 ³,
1575 4545 1785 4598 omnes,
1817 4545 1952 4602 quos
1975 4546 2105 4589 con-
2128 4564 2186 4628 Β
2210 4538 2541 4603 hominibus,
2565 4539 2881 4609 priusquam
2908 4540 3305 4606 incarnarctur,
3333 4542 3587 4612 quoniam
3616 4557 3784 4597 remo-

520 4620 724 4675 t’ormes
750 4619 854 4674 sibi
898 4618 923 4651 ⁸
959 4618 1079 4674 ﬂeri
1115 4620 1292 4691 elegit.
1326 4621 1470 4679 Deus
1506 4622 1687 4693 itaque
1714 4624 1811 4680 Dei
1840 4622 2100 4693 Verbum,

521 4715 580 4769 in
620 4726 728 4782 quo
758 4713 938 4769 omnia
982 4711 1125 4767 facta
1169 4721 1296 4769 sunt
1342 4717 1637 4773 causaliter
1678 4727 1735 4774 et
1777 4719 2101 4789 subsistunt,

522 4804 819 4860 secundum
848 4818 1000 4859 suam
1040 4802 1375 4860 divinitatem
1402 4806 1680 4864 descendit
1709 4808 1764 4863 in
1792 4823 2100 4878 causarum,

525 4910 665 4967 quae
699 4895 752 4951 in
792 4894 910 4965 ipso
947 4893 1267 4962 subsistunt,
1297 4894 1540 4966 eﬂ'ectus,
1570 4897 1625 4953 in
1652 4896 1814 4954 istum
1853 4898 2104 4957 videlicet

525 4986 838 5045 sensibilem
875 4987 1164 5055 mundum,
1202 4989 1493 5046 humanam
1526 4991 1799 5062 accipiens
1825 4999 2097 5063 naturam,

523 5078 580 5133 in
608 5091 713 5147 qua
738 5077 915 5134 omnis
934 5078 1163 5136 visibilis
1188 5089 1243 5136 et
1270 5081 1554 5140 invisibilis
1576 5092 1825 5141 creatura
1853 5086 2099 5142 contine-

527 5177 632 5225 tur.
656 5169 800 5227 Dtsc.
830 5170 887 5227 ln
912 5172 1015 5228 hoc
1035 5172 1410 5231 incunctanter
1433 5175 1696 5237 catholica
1721 5176 1855 5235 ﬁdes
1875 5194 2101 5236 consen-

2210 4636 2323 4683 tum
2344 4637 2400 4684 et
2423 4637 2690 4684 secretum
2714 4643 2877 4701 super
2897 4646 3077 4697 omne,
3105 4632 3247 4702 quod
3269 4639 3352 4686 est
3374 4641 3429 4687 et
3449 4633 3592 4702 quod
3616 4633 3657 4663 “
3681 4649 3783 4687 non

2209 4730 2311 4787 est,
2341 4735 2504 4793 super
2531 4734 2710 4786 omne,
2743 4721 2887 4791 quod
2919 4722 3118 4779 dicitur
3138 4732 3193 4778 et
3218 4722 3533 4794 intelligitur
3560 4742 3572 4778 :
3605 4726 3802 4779 incar-

2208 4823 2394 4869 natum
2421 4828 2549 4869 vero
2576 4813 2971 4883 quodammodo
3008 4814 3366 4876 descendens.
3392 4812 3623 4868 mirabili
3651 4828 3783 4882 qua-

2208 4907 2331 4962 dam
2380 4907 2703 4977 theophania
2735 4915 2790 4963 et
2818 4905 3072 4964 ineli’abili
3111 4918 3167 4963 et
3207 4906 3480 4977 multiplici
3519 4906 3637 4961 sine
3676 4907 3784 4961 line

2205 5003 2259 5056 in
2289 5001 2652 5073 cognitionem
2688 5001 2962 5072 angelicae
2998 5002 3369 5072 humanaeque
3398 5008 3625 5054 naturae
3654 5015 3782 5069 pro-

2204 5095 2396 5162 cessit,
2440 5102 2495 5150 et
2540 5110 2703 5165 super
2753 5095 2933 5150 omnia
2983 5095 3313 5166 incognitum
3349 5092 3393 5125 ⁶⁸
3427 5108 3496 5148 ex
3535 5093 3783 5146 omnilms

2203 5196 2475 5253 naturam,
2510 5186 2563 5241 in
2593 5201 2699 5257 qua
2726 5194 3163 5257 cognosceretur,
3186 5183 3497 5255 assumpsit,
3527 5184 3781 5239 mundum

522 5264 607 5319 tit.
642 5265 821 5336 Ipsum
848 5281 1085 5339 namque
1117 5267 1215 5325 Dei
1234 5269 1470 5327 Verbum
1495 5272 1659 5330 homo
1693 5272 1917 5343 factum,
1952 5286 2105 5347 post-
2201 5278 2512 5335 sensibilem
2541 5286 2598 5333 et
2628 5276 3015 5348 intelligihilem
3040 5277 3096 5331 in
3127 5279 3304 5346 seipso
3334 5275 3784 5345 incomprehensi-

524 5371 687 5427 quam
714 5362 1067 5419 resurrexita
1091 5364 1345 5432 mortuis,
1388 5378 1515 5423 suos
1541 5366 1829 5440 discipulos
1848 5369 2100 5426 erudiens
2202 5369 2294 5426 bili
2333 5370 2620 5428 harmonia
2664 5373 2927 5426 adunans.
2973 5369 3040 5425 Et
3082 5368 3173 5425 lux
3212 5369 3604 5426 inaccessibilis
3635 5368 3780 5424 Ollllli

1781 5479 2037 5538 VARIAE
2072 5481 2365 5540 LECTlON
2370 5484 2471 5540 ES.

596 5590 612 5620 ¹
642 5588 733 5644 Sic
761 5589 955 5663 CF_;_A
978 5591 1230 5663 exaltata.
1308 5595 1330 5625 ¹
1358 5593 1450 5649 Sic
1471 5593 1584 5663 CF;
1614 5596 1657 5649 A
1698 5603 1777 5650 est
1799 5594 2054 5661 aequalis.
2131 5595 2155 5628 ³
2177 5595 2268 5652 Sic
2293 5596 2375 5651 CF
2402 5613 2416 5661 ;
2446 5598 2489 5652 A
2516 5597 2826 5652 divinitatis.

522 5670 735 5747 diemet;
779 5659 911 5747 'Jtll"
936 5659 1240 5747 cpnl‘ormes
1264 5680 1387 5718 suos
1412 5659 1838 5747 ﬁeri‘c'l‘egit_.mf
1869 5659 2074 5747 CF‘
2095 5666 2185 5747 ;.A
2216 5667 2379 5747 jussit
2404 5659 2722 5747 praedicari.

3646 5596 3782 5655 'CF

3653 5670 3781 5724 Ἀθ

2924 5597 3298 5672 δξίίξϐιῖςΔ
3349 5613 3573 5672 prose.

2821 5671 2843 5703 ⁸
2867 5666 2959 5723 Sic
2989 5669 3110 5734 Cl“;
3160 5671 3202 5724 A
3233 5666 3556 5741 ipsecausa.

521 5726 568 5777 si
590 5735 765 5808 aperte
780 5728 1376 5808 diceret—permanent
1401 5748 1511 5808 om.
1536 5726 1761 5808 (Ἓξ-ω
1777 5733 1870 5808 Sic
1885 5734 1982 5808 ΕΡ
2003 5726 2169 5808 iam
2197 5726 2365 5806 seipso
2392 5726 2703 5806 specialiter.
2750 5792 2761 5807 ,
2783 5739 2824 5770 ¹¹
2849 5741 2902 5793 in
2925 5757 2985 5794 ea
3014 5726 3122 5796 oni.
3146 5741 3213 5795 Α.
3241 5726 3264 5794 .”
3295 5742 3336 5772 ⁸³
3367 5738 3457 5796 Sic
3479 5740 3596 5808 CF;
3623 5741 3666 5795 Δ
3695 5757 3782 5795 ac—

520 5794 676 5859 cepit.
752 5794 795 5825 ¹³
820 5811 970 5847 smmi
994 5794 1083 5851 om
1110 5798 1176 5850 Α.
1256 5800 1299 5830 ³⁸
1328 5802 1468 5873 quod
1494 5818 1601 5859 om.
1626 5803 1731 5859 CF.
1809 5807 1851 5839 “
1879 5805 1970 5861 Sic
1993 5794 2108 5874 Cl“;
2138 5806 2180 5861 A
2221 5794 2558 5876 incognitam.
