4212 6272
357 384 468 442 915

1225 375 1314 430 DE
1354 368 1694 428 DlVlSlONE
1733 365 2086 423 NATURAE.
2127 395 2200 407 -
2235 364 2441 422 LIBER
2477 364 2806 434 QUINTUS.

3543 366 3649 422 9M

360 505 650 556 creaturae
698 492 1047 550 intellectuali
1091 496 1147 548 et
1192 488 1449 546 rationali
1483 483 1735 558 praebuit
1770 497 1958 537 acces-
1986 482 2041 543 A
2065 484 2318 539 omnibus
2349 480 2715 545 sensibilibus.
2754 478 2868 534 sive
2905 478 3227 534 caelestibus
3253 476 3368 534 sive
3396 481 3650 546 terrenis,

365 607 509 648 sum.
542 588 682 644 llinc
712 593 815 651 est,
849 585 992 655 quod
1021 581 1385 638 communiter
1404 578 1702 649 angelicam
1732 576 1962 646 hymno-

369 683 569 753 logiam
594 675 914 733 universalis
937 673 1180 730 Ecclesia
1211 673 1264 728 in
1287 670 1439 727 caelo
1467 680 1522 725 et
1552 669 1605 723 in
1626 676 1772 722 terra
1799 666 1959 722 intel-

369 773 557 847 ligibili
585 781 639 828 et
666 768 906 826 sensibili
937 783 1071 824 voce
1099 775 1324 824 cantare
1362 782 1470 821 non
1503 763 1702 820 desinit
1734 781 1746 815 :
1780 759 1963 854 Gloria

371 869 427 922 in
454 863 668 920 excelsis
697 861 830 924 Deo,
858 869 906 915 et
937 861 993 914 in
1041 869 1183 914 terra
1218 875 1324 931 pax
1350 855 1646 911 hominibus
1675 853 1841 907 bonae
1871 867 1961 906 vo-

373 953 610 1008 luntatis.
642 951 722 1006 Ac
746 965 845 1020 per
877 951 982 1004 hoc
1006 949 1246 1004 breviter
1278 945 1730 1007 concludendum,
1762 943 1815 997 in
1847 941 1965 1012 ipso

373 1043 552 1100 omnia
585 1045 601 1074 ⁸
632 1041 868 1097 visibilia
919 1048 974 1095 et
1012 1039 1325 1104 invisibilia,
1357 1038 1461 1093 hoc
1498 1046 1583 1092 est
1609 1032 1881 1090 sensibilis
1912 1039 1969 1086 et

375 1134 728 1206 intelligibilis
775 1131 1048 1195 mundus,
1100 1139 1443 1196 restaurata,
1501 1127 1663 1198 inque
1704 1126 1968 1181 unitatem

377 1226 709 1283 inell‘abilem
739 1233 994 1280 revocata
1031 1232 1156 1278 sunt
1189 1240 1202 1276 :
1234 1223 1410 1278 adhuc
1448 1222 1503 1277 in
1533 1235 1656 1291 Spe,
1697 1219 1750 1273 in
1790 1218 1970 1272 futuro

380 1334 510 1374 vero
544 1319 601 1373 in
631 1334 728 1374 re:
753 1318 929 1372 adhuc
954 1317 1008 1371 in
1034 1315 1158 1381 (ide,
1183 1315 1236 1369 in
1265 1314 1446 1368 futuro
1470 1312 1525 1366 in
1548 1310 1729 1383 specie
1753 1328 1765 1365 :
1796 1309 1971 1364 adhuc

383 1411 437 1465 in
474 1416 812 1480 argumento,
841 1409 894 1462 in
917 1406 1098 1462 futuro
1124 1405 1176 1460 in
1200 1405 1574 1475 experimento
1607 1421 1619 1457 :
1643 1402 1757 1472 jam
1781 1401 1832 1455 in
1855 1399 1971 1470 ipso

383 1499 625 1565 homine,
661 1513 819 1568 quem
855 1497 1164 1568 specialiter
1198 1497 1406 1566 accepit
1444 1496 1668 1560 factum,
1700 1495 1752 1548 in
1791 1493 1973 1547 futuro

383 1593 436 1646 in
460 1591 711 1648 omnibus
733 1590 1060 1661 generaliter
1081 1588 1490 1660 perﬁciendum.
1508 1585 1625 1641 Non
1650 1587 1830 1656 itaque
1852 1583 1975 1655 quis

381 1682 756 1752 parvipendat,
783 1681 928 1751 quod
959 1681 1055 1736 Dei
1083 1679 1321 1737 Verbum
1352 1679 1762 1734 inhumanatum
1791 1678 1882 1744 sit,
1911 1691 1975 1732 ac

380 1774 546 1829 veluti
592 1773 887 1828 humanam
956 1782 1208 1828 naturam
1268 1770 1606 1828 solummodo
1655 1769 1879 1826 salvarit
1920 1771 1973 1833 ',

2066 575 2493 646 intelligendum.
2523 571 2713 626 Omnia
2743 570 3032 639 siquidem,
3073 585 3213 642 quae
3235 571 3368 627 locis
3397 573 3652 643 tempori-

2065 673 2278 740 busque
2323 657 2626 732 variantur,
2675 665 3063 735 corporeisque
3113 666 3364 721 sensibus
3399 679 3651 721 succum-

2065 765 2222 828 bunt,
2277 776 2383 816 non
2435 759 2584 830 ipsae
2628 773 2716 814 res
2745 757 3132 814 substantiales
3154 773 3388 828 vereque
3413 760 3655 815 existen-

2068 865 2173 920 tes,
2209 853 2302 909 sed
2354 853 2596 924 ipsarum
2641 866 2824 906 rerum
2862 865 2992 906 vere
3019 851 3364 907 existentium
3390 854 3656 924 quaedam

2069 947 2421 1004 transitoriae
2471 947 2735 1017 imagines
2782 955 2837 1000 et
2882 945 3261 1002 resultatioues
3313 947 3659 1019 intelligenda

2070 1049 2216 1097 sunt.
2279 1038 2447 1108 Cujus
2509 1035 2737 1091 rationis
2792 1035 3100 1106 exemplum
3155 1046 3239 1092 est
3281 1052 3385 1092 vox
3433 1037 3660 1108 ejusque

2071 1136 2268 1202 imago,
2323 1145 2460 1201 quae
2499 1145 2529 1184 a
2578 1128 2805 1184 Graecis
2853 1133 2974 1201 ἠχώ
3021 1137 3269 1195 vocatur,
3311 1147 3405 1186 seu
3434 1147 3664 1203 corpora

2073 1227 2424 1296 ipsorumque
2478 1220 2724 1284 umbrae,
2779 1235 2919 1289 quae
2963 1220 3079 1275 sive
3127 1220 3180 1274 in
3224 1236 3360 1290 puro
3403 1225 3528 1279 aere
3557 1226 3667 1279 for-

2074 1325 2279 1381 matae,
2309 1315 2424 1368 sive
2455 1311 2522 1367 de
2559 1311 2736 1381 aquis,
2764 1311 2878 1365 sive
2909 1311 2976 1366 de
3003 1311 3369 1382 qualicunque
3403 1329 3485 1380 re,
3525 1317 3667 1371 unde

2075 1408 2252 1464 solent
2304 1403 2952 1473 resultarefresultant:
2984 1419 3125 1475 quae
3160 1414 3356 1461 cuncta
3405 1421 3512 1462 non
3557 1423 3666 1474 res,

2078 1503 2173 1559 sed
2219 1501 2388 1556 falsae
2434 1513 2616 1554 rerum
2670 1497 2936 1568 imagines
2974 1499 3273 1569 probantur
3311 1499 3670 1571 esse.,ltaque

2078 1595 2217 1650 sicut
2252 1591 2514 1660 imagines
2537 1605 2732 1645 vocum
2775 1589 3108 1661 umbraeque
3136 1606 3422 1663 corporum
3470 1608 3567 1664 per
3614 1607 3675 1648 se

2079 1700 2188 1740 non
2221 1683 2546 1746 subsistunt,
2595 1681 2722 1751 quia
2775 1683 3079 1737 substantia
3113 1698 3217 1738 non
3247 1692 3410 1739 sunt:
3438 1685 3516 1740 sic
3551 1700 3671 1740 cor-

2079 1795 2214 1851 pora
2236 1779 2338 1834 ista
2363 1776 2637 1833 sensibilia
2665 1775 2830 1830 veluti
2854 1790 3038 1831 rerum
3067 1777 3477 1832 subsistentium
3507 1793 3674 1848 quae-

380 1867 478 1921 sed
503 1865 817 1922 ﬁrmissime
843 1866 1029 1922 credat
1053 1907 1068 1931 ,
1102 1876 1156 1921 et
1195 1843 1482 1936 purissime
1512 1863 1805 1933 intelligat,
1835 1864 1979 1934 quod
2007 1850 2054 1911 Β
2082 1843 2206 1928 dam
2235 1869 2618 1926 similitudines
2641 1877 2785 1934 sunt,
2814 1877 2869 1924 et
2887 1882 2986 1938 per
3005 1883 3063 1924 se
3085 1869 3381 1924 subsistere
3404 1843 3671 1925 nesciunt.

380 1975 478 2027 per
504 1959 1005 2016 inhumanationem
1018 1959 1140 2014 Filii
1157 1961 1251 2015 Dei
1277 1959 1455 2014 omnis
1474 1968 1724 2014 creatura
1752 1959 1805 2013 in
1828 1957 1980 2013 caelo

381 2060 438 2106 et
469 2049 524 2104 in
552 2048 574 2081 ⁸
622 2058 766 2104 terra
790 2050 935 2104 salva
966 2049 1107 2104 facta
1138 2057 1239 2104 est.
1267 2047 1496 2104 Omnem
1518 2064 1648 2104 vero
1672 2056 1980 2105 creaturam

382 2142 510 2198 dico
547 2156 762 2211 corpus,
801 2151 856 2196 et
884 2141 1104 2196 vitalem
1133 2148 1364 2206 motum,
1389 2149 1444 2195 et
1468 2156 1708 2207 sensum,
1736 2148 1792 2196 et
1819 2155 1983 2210 super

383 2234 522 2288 haec
562 2232 830 2287 rationem
869 2241 924 2287 et
965 2231 1316 2288 intellectum.
1361 2231 1526 2286 Extra
1579 2247 1716 2302 quae
1755 2240 1984 2302 putasne

384 2329 600 2392 praeter
638 2323 806 2377 Deum
848 2321 1013 2378 ullam
1059 2331 1310 2378 naturam
1346 2323 1505 2377 esse?
1557 2321 1698 2378 Msa.
1746 2321 1981 2377 Nullam.

391 2413 582 2468 Totius
605 2413 753 2468 enim
774 2412 798 2443 ⁸
837 2421 1116 2468 creaturae
1137 2413 1282 2468 nulla
1313 2413 1416 2467 alia
1447 2413 1667 2483 partitio
1692 2413 1984 2468 invenitur.

395 2503 450 2558 Si
483 2505 629 2560 enim
663 2514 780 2571 est,
808 2514 902 2559 aut
938 2505 1244 2562 intellectus
1281 2507 1533 2577 cognitus
1562 2507 1647 2562 vel
1687 2507 1990 2578 incognitus

393 2605 500 2663 est,
525 2606 619 2653 aut
643 2597 806 2665 ratio,
837 2607 932 2655 aut
955 2613 1178 2664 sensus,
1207 2607 1302 2653 aut
1332 2600 1443 2654 vita
1476 2600 1724 2655 nutriens
1756 2615 1987 2671 augens-

393 2705 500 2760 que
526 2703 774 2760 corpora,
799 2699 894 2743 aut
918 2703 1114 2760 corpus
1143 2690 1320 2760 ipsum
1352 2691 1373 2722 '
1419 2691 1547 2756 erit,
1571 2699 1624 2746 et
1649 2691 1784 2747 haec
1809 2692 1988 2746 omnia

398 2780 634 2835 Verbum
663 2779 763 2834 Dei
787 2780 1128 2835 incarnatum
1161 2782 1393 2851 accepit.
1441 2781 1586 2836 DISC.
1632 2782 1770 2849 Quid
1812 2783 1990 2852 itaque

395 2873 593 2928 dicturi
635 2873 859 2928 sumus?
893 2871 1032 2927 Num
1075 2873 1471 2928 irrationabilia
1513 2872 1798 2938 animalia,
1846 2873 1989 2944 ligna

397 2963 563 3018 etiam
603 2973 658 3018 et
705 2964 928 3029 herbae,
971 2979 1268 3034 omnesque
1302 2965 1462 3034 hujus
1504 2964 1688 3019 mundi
1734 2972 1918 3033 partes
1957 2979 1986 3018 a

399 3072 613 3112 summo
651 3072 823 3127 usque
856 3057 1106 3112 deorsum
1146 3057 1200 3111 in
1224 3055 1404 3112 Verbo
1433 3055 1529 3111 Dei
1576 3056 1855 3111 incarnato
1899 3071 1986 3110 re-

400 3157 639 3204 staurata
666 3159 792 3204 sunt
815 3151 872 3205 '?
919 3150 1058 3206 Msa.
1089 3149 1275 3215 Miror,
1302 3166 1399 3205 cur
1428 3151 1583 3204 toties
1612 3153 1835 3206 eandem
1868 3165 1982 3204 rem

402 3238 622 3309 repetis.
651 3237 840 3293 Nonne
864 3237 1099 3294 Verbum
1140 3253 1422 3295 assumens
1447 3239 1744 3304 hominem,
1769 3253 1986 3294 omnem

397 3339 704 3386 creaturam
721 3329 985 3385 visibilem
1006 3340 1060 3386 et
1077 3331 1400 3387 invisibilem
1417 3333 1648 3403 accepit,
1665 3333 1755 3386 et"
1791 3341 1985 3400 totum,

395 3419 539 3490 quod
557 3420 612 3474 in
635 3420 854 3476 homine
881 3422 1112 3490 accepit,
1137 3422 1348 3477 salvum
1374 3421 1538 3478 fecit?
1559 3423 1628 3478 At
1653 3422 1674 3453 ⁸
1697 3423 1742 3480 si
1769 3439 1986 3479 onmem

395 3519 698 3567 creaturam
717 3512 944 3581 accepit,
969 3513 1261 3568 humanam
1276 3515 1549 3584 accipiens
1573 3528 1844 3581 naturam,
1861 3530 1986 3586 pro-

396 3605 537 3660 lecto
579 3619 794 3660 omnem
844 3612 1150 3660 creaturam
1203 3606 1457 3680 salvavit,
1500 3617 1554 3662 et
1601 3607 1656 3662 in
1703 3618 1986 3662 aeternum

397 3695 728 3753 salvaturum
757 3702 778 3734 θ
817 3695 942 3750 erit.
974 3694 1126 3753 Dtsc.
1158 3696 1462 3768 Corporeae
1490 3699 1654 3767 igitur
1688 3699 1877 3767 moles,
1910 3698 1989 3756 lo-

396 3788 605 3844 calibus
633 3788 823 3858 Spatiis
845 3789 1135 3854 distentae,
1170 3789 1354 3846 multis
1371 3789 1714 3862 diversisque
1743 3792 1988 3862 partibus

398 3879 753 3950 compositae,
787 3894 887 3935 nec
915 3896 1022 3935 non
1054 3881 1219 3937 etiam
1251 3881 1493 3937 visibiles
1521 3883 1764 3952 species,
1793 3883 1989 3954 quibus

400 3972 570 4028 moles
599 3973 768 4043 ipsae,
803 3988 870 4028 ne
895 3972 1062 4027 ﬂuant
1094 3975 1146 4028 in
1175 3991 1374 4041 unum,
1404 3976 1772 4041 continentur,
1801 3991 1987 4030 resur-

398 4072 648 4120 recturae
674 4073 798 4119 sunt
828 4065 882 4120 in
907 4066 1143 4136 generali
1174 4067 1452 4122 hominum
1481 4068 1524 4099 ¹⁰
1557 4069 1990 4124 resurrectione?

396 4159 476 4212 Ac
503 4173 601 4228 per
628 4159 734 4214 hoc
758 4158 803 4215 si
838 4167 1026 4229 partes
1049 4159 1198 4231 ipsae
1236 4161 1293 4214 in
1327 4175 1455 4216 suas
1483 4161 1654 4216 moles
1679 4159 1989 4232 formasque

396 4264 452 4309 et
495 4257 728 4326 species,
778 4257 980 4327 quibus
1019 4257 1249 4314 visibilis
1295 4259 1530 4313 mundus
1571 4266 1626 4314 et
1667 4266 1897 4314 ornatur
1935 4266 1992 4314 et

395 4348 761 4416 componitur,
788 4357 1096 4419 resurgant,
1119 4347 1391 4420 sequitur,
1416 4348 1561 4420 quod
1585 4357 1729 4405 totus
1756 4348 1989 4405 mundus

397 4454 502 4493 non
531 4441 806 4508 periturus
827 4442 917 4508 sit,
947 4445 1040 4498 sed
1066 4444 1118 4498 in
1141 4445 1371 4501 eundem
1410 4451 1608 4499 statum
1646 4458 1984 4500 reversurus.

398 4528 532 4582 Nam
565 4530 610 4584 si
640 4539 824 4600 partes
857 4536 1328 4602 reslaurabuntur,
1353 4551 1454 4591 cur
1484 4550 1590 4590 non
1625 4543 1679 4590 et
1709 4544 1877 4590 totum
1903 4537 1988 4591 “?

2014 3216 2060 3280 C

2081 1963 2217 2018 Nam
2243 1970 2298 2016 et
2321 1962 2556 2016 humana
2579 1975 2825 2029 corpora,
2859 1974 2998 2030 quae
3029 1975 3172 2014 nunc
3206 1960 3246 1989 ¹¹
3291 1959 3536 2014 localiter
3565 1960 3675 2014 dis-

2085 2056 2398 2122 tenduntur,
2447 2053 2796 2110 incrementis
2869 2053 3338 2123 decrementisque
3391 2055 3670 2110 variantur

2081 2154 2138 2201 et
2165 2146 2211 2178 ¹³
2235 2153 2534 2209 moventur,
2572 2145 2782 2214 species
2814 2159 3028 2214 quoque
3057 2159 3244 2200 eorum
3270 2146 3338 2210 “,
3372 2145 3484 2201 sive
3515 2161 3676 2217 gene-

2083 2237 2227 2293 rales
2251 2235 2392 2300 illae,
2427 2250 2562 2306 quas
2592 2235 2637 2267 ¹⁵
2670 2235 2852 2290 omnia
2875 2249 3103 2304 corpora
3136 2235 3372 2290 humana
3395 2237 3438 2276 ὀ
3461 2238 3680 2306 partici-

2084 2343 2236 2406 pant,
2267 2333 2380 2388 sive
2408 2331 2691 2402 speciales,
2739 2331 2937 2402 quibus
2959 2329 3003 2364 ’⁷
3028 2330 3360 2402 singulorum
3391 2345 3676 2401 corpormn

2087 2425 2370 2498 quantitas
2416 2422 2908 2488 circumscribitur,
2957 2421 3012 2476 in
3058 2421 3457 2476 resurrectione
3499 2420 3677 2475 futura

2092 2535 2197 2574 non
2228 2527 2387 2574 erunt
2415 2517 2483 2582 η,
2516 2516 2609 2571 sed
2634 2517 2689 2570 in
2720 2516 3053 2587 spiritualem
3078 2526 3350 2582 naturam,
3381 2532 3520 2586 quae
3547 2517 3682 2572 locis

2089 2609 2556 2680 temporibusque,
2587 2607 2820 2679 propriis
2854 2622 3069 2678 quoque
3098 2609 3402 2678 speciebus,
3437 2624 3578 2680 quae
3609 2624 3674 2664 ex

2091 2701 2357 2773 qualitate
2404 2708 2459 2754 et
2500 2698 2804 2768 quantitate
2855 2705 3162 2764 sumuntur,
3217 2697 3390 2753 nescit
3439 2697 3676 2751 cireum-

2091 2792 2278 2857 scribi,
2310 2790 2637 2846 transituras
2662 2788 2705 2822 ¹⁹
2731 2803 2852 2845 esse
2875 2788 3139 2844 naturalis
3167 2789 3305 2844 ratio
3327 2789 3535 2844 edocet.
3567 2787 3680 2844 Hoc

2093 2895 2272 2940 autem
2307 2883 2538 2939 dicimus
2565 2898 2671 2937 non
2693 2881 3113 2953 praescribendo
3141 2883 3439 2938 sententias
3467 2897 3676 2947 eorum,

2091 2977 2181 3046 qui
2212 2977 2372 3032 aliter
2399 2976 2466 3031 de
2501 2974 2902 3030 resurrectione
2933 2988 3221 3044 corporum
3251 2974 3473 3029 omnino
3497 2973 3684 3044 dispu-

2091 3078 2229 3124 tant.
2273 3067 2749 3134 Aﬂlrmantenim,
2792 3069 3031 3123 humana
3068 3082 3293 3138 corpora
3325 3067 3379 3122 in
3408 3081 3471 3123 ea
3500 3082 3679 3137 quan-

2094 3166 2246 3219 titate
2277 3172 2331 3219 et
2360 3164 2560 3235 specie,
2614 3164 2668 3218 in
2717 3178 2824 3234 qua
2873 3163 3294 3234 unumquodque
3327 3162 3546 3228 cecidit,
3595 3164 3679 3217 l'u-

2093 3265 2213 3333 tura
2242 3270 2382 3323 esse,
2411 3271 2710 3327 sexumque
2732 3272 2945 3324 eorum,
2975 3257 3185 3312 virilem
3213 3257 3334 3313 dico
3360 3257 3681 3313 fetnincum-

2089 3365 2216 3420 que,
2279 3362 2699 3419 permansurum
2729 3355 3034 3404 autumant.
3084 3347 3160 3403 De
3206 3348 3402 3418 quibus
3437 3357 3678 3419 postmo-

2088 3441 2216 3495 dum
2257 3440 2826 3496 eommemorabimus.
2873 3440 3030 3508 Quod
3079 3448 3260 3497 autem
3315 3440 3574 3495 animalia
3615 3454 3681 3495 ea

2089 3532 2322 3599 ratione,
2362 3547 2470 3602 qua
2503 3533 2762 3601 diximus,
2791 3533 2895 3590 hoc
2916 3541 3019 3600 est,
3051 3533 3106 3588 in
3137 3533 3317 3598 causis
3345 3532 3458 3588 suis
3481 3533 3678 3588 iterum

2089 3622 2272 3679 futura
2295 3625 2405 3680 sint
2433 3623 2498 3690 '°,
2525 3639 2594 3680 ex
2620 3625 2799 3681 verbis
2824 3625 2999 3681 sancti
3022 3625 3276 3698 Dionysii
3306 3625 3682 3682 incunctanter

2087 3731 2376 3786 possumus
2433 3717 2820 3788 argumentari.
2870 3717 3118 3787 Capitulo
3169 3727 3322 3773 sexto
3371 3719 3437 3773 de
3485 3717 3681 3772 divinis

2089 3806 2409 3864 Nominibus
2435 3807 2503 3863 de
2541 3807 2720 3862 divina
2751 3809 2861 3862 vita
2900 3808 3184 3879 disputans
3215 3825 3229 3862 :
3258 3807 3675 3872 Immortalimn,

2091 3899 2283 3968 inquit,
2309 3898 2612 3969 angelorum
2655 3901 2759 3954 vita
2787 3909 2835 3953 et
2863 3899 3256 3965 immortalitas,
3286 3909 3334 3954 et
3356 3898 3682 3969 imperdibile

2089 3988 2548 4059 ipsumfangelicae
2563 4005 2764 4058 semper
2782 3991 3043 4054 motionis,
3074 4006 3140 4045 ea;
3162 3991 3508 4057 ipsa,fdivina
3534 3989 3684 4044 vidc-

2091 4079 2219 4134 licet
2246 4079 2380 4144 vita,
2415 4088 2462 4132 et
2484 4096 2576 4148 per
2602 4081 2768 4150 ipsam
2801 4089 2876 4134 est
2907 4089 2956 4134 et
2993 4081 3260 4145 subsistit;
3291 4081 3487 4135 idcirco
3525 4090 3572 4135 et
3603 4082 3681 4136 vi-

2092 4180 2262 4228 rentes
2291 4185 2492 4240 semper
2529 4180 2577 4223 et
2606 4171 2926 4225 immortales
2954 4171 3221 4236 dicuntur,
3259 4183 3306 4226 et
3337 4188 3441 4226 non
3471 4171 3684 4226 immor-

2092 4263 2220 4318 tales
2251 4262 2476 4328 iterum,
2505 4261 2629 4332 quia
2658 4276 2762 4315 non
2808 4277 2842 4315 a
2885 4262 3070 4331 seipsis
3095 4261 3282 4316 habent
3320 4263 3685 4316 immortaliter

2093 4372 2203 4410 esse
2227 4364 2274 4411 et
2298 4353 2636 4408 aeternaliter
2662 4354 2850 4421 vivere,
2875 4355 3049 4426 sed-ea:
3074 4354 3275 4423 rivi/ica
3298 4364 3345 4410 et
3367 4357 3525 4409 totius
3545 4356 3682 4410 vitae

2095 4444 2311 4514 factrice
2332 4454 2378 4498 et
2411 4444 2786 4498 continuatrice
2807 4460 2989 4498 causa.
3022 4442 3090 4498 Et
3118 4446 3251 4498 sicut
3272 4445 3330 4498 in
3349 4445 3524 4500 ante"
3547 4445 3680 4499 dici-

2093 4553 2231 4602 mus,
2247 4537 2349 4591 hoc
2374 4543 2456 4590 cst
2478 4536 2543 4590 de
2558 4537 2793 4590 essentia
2821 4545 3115 4592 tractantes
3133 4555 3145 4602 ;
3173 4534 3395 4610 3»._enim
3409 4553 3439 4592 a
3457 4537 3682 4593 Graecis

396 4616 534 4673 MAG.
552 4617 856 4677 Visibilium
869 4631 923 4678 et
947 4623 1286 4680 sensibilium
1300 4640 1587 4695 corporum
1605 4626 1773 4681 moles
1793 4635 1848 4680 et
1866 4641 1988 4696 spc-
2014 4605 2066 4664 Ῑ)
2091 4628 2330 4684 essentia
2347 4625 2736 4682 diciturdivina
2756 4627 2823 4693 ",
2838 4625 2958 4681 ut"
2972 4637 3026 4682 et
3046 4605 3348 4696 contmnam
3376 4640 3422 4683 et
3447 4628 3677 4699 ejusdem

394 4709 505 4764 cies
517 4720 926 4769 resurrecturas
947 4729 1056 4769 non
1069 4715 1316 4780 dicimus,
1334 4717 1453 4783 sed,
1471 4725 1529 4770 ut
1549 4731 1712 4787 saepe
1725 4718 1864 4772 inter
1889 4734 1986 4774 nos

395 4813 744 4869 convenerat,
759 4806 814 4860 in
837 4821 967 4861 suas
986 4822 1181 4862 causas
1201 4816 1255 4862 et
1274 4809 1530 4873 rationes,
1547 4825 1685 4880 quae
1702 4811 1753 4863 in
1769 4809 1988 4864 homine

399 4890 568 4947 factae
598 4906 744 4960 sunt,
780 4897 834 4951 in
885 4899 1282 4955 resurrectione
1327 4901 1559 4956 hominis
1600 4917 1722 4958 cum
1771 4903 1991 4957 homine

400 4990 455 5034 et
486 4983 538 5036 in
568 4987 788 5044 homine
836 5005 1173 5058 reversurus,
1231 4993 1283 5046 in
1335 4993 1532 5062 quibus
1573 4994 1693 5063 plus
1736 4995 1987 5050 animalia

396 5074 582 5128 omnia
623 5078 845 5135 dicenda
892 5093 1019 5138 sunt
1073 5084 1325 5138 animalia
1370 5099 1514 5148 esse,
1563 5101 1723 5154 quam
1763 5088 1814 5142 in
1859 5088 1990 5158 ipsis

396 5164 682 5224 dilectibus
707 5174 985 5241 corporeis
1033 5191 1096 5230 ac
1143 5176 1509 5232 sensibilibus.
1555 5175 1655 5232 Ubi
1687 5178 1832 5232 enim
1863 5179 1992 5234 sub-

395 5262 619 5332 sistunt,
669 5264 743 5320 ibi
789 5268 1057 5325 veraciter
1111 5271 1364 5326 animalia
1409 5279 1554 5326 sunt.
1603 5270 1866 5327 Similiter
1919 5271 1989 5327 de

2093 4737 2202 4775 esse
2241 4730 2314 4775 est
2341 4719 2591 4786 causalis,
2627 4720 2702 4773 sic
2733 4729 2780 4774 et
2809 4720 2880 4773 ibi
2909 4721 3119 4788 iterum,
3173 4721 3226 4775 in
3259 4722 3372 4776 vita
3402 4721 3679 4785 videlicet,

2094 4815 2220 4885 quia
2245 4823 2293 4867 et
2324 4828 2416 4884 per
2440 4814 2667 4882 seipsam
2697 4813 2802 4866 vita
2825 4822 2900 4868 est
2931 4813 3112 4868 divina
3141 4813 3266 4881 vita,
3293 4814 3464 4871 vitalis
3482 4821 3534 4868 'et
3556 4813 3680 4869 sub-

2096 4905 2384 4972 stantialis,
2419 4915 2466 4960 et
2495 4907 2662 4960 onmis
2693 4906 2822 4971 vita,
2849 4915 2897 4960 et
2921 4905 3093 4960 vitalis
3123 4916 3294 4960 motus
3315 4923 3380 4960 ea:
3405 4907 3512 4959 vita
3541 4905 3679 4974 ipsa,

2095 5015 2230 5070 quae
2266 5007 2340 5053 est
2375 5013 2532 5067 super
2563 5012 2766 5051 onmem
2800 4997 2960 5052 vitam
2990 5006 3036 5050 et
3068 5011 3218 5050 omne
3254 4997 3571 5066 principium
3603 5004 3680 5047 to-

2095 5093 2198 5145 tius
2231 5092 2384 5145 vitae.
2412 5089 2496 5143 Ea:
2521 5090 2637 5159 ipsa
2666 5100 2712 5143 et
2741 5090 2948 5143 anintae
2972 5087 3297 5158 imperdibile
3326 5089 3513 5141 habent
3536 5087 3604 5151 ⁸⁸,
3633 5097 3680 5138 et

2097 5183 2350 5237 animalia
2405 5183 2581 5236 omnia
2626 5191 2673 5235 et
2723 5182 2960 5252 germina
3019 5181 3304 5235 secundum
3346 5181 3678 5234 novissimam

2095 5275 2492 5330 consonantiam
2512 5273 2720 5328 animae
2739 5271 2928 5328 habent
2952 5271 3134 5328 virere.
3153 5269 3271 5338 Qua
3293 5269 3493 5337 ablata,
3510 5269 3678 5324 tant"

1683 5409 1932 5467 VARIAE
1970 5408 2370 5467 LECTIONES.

468 5535 482 5564 ³
513 5539 692 5591 omnia
715 5552 827 5593 om.
857 5539 926 5595 Α.

390 5604 526 5680 7_Sic
554 5607 671 5674 CF;
703 5609 748 5664 A
771 5627 852 5665 ac.
934 5615 956 5645 ⁸
980 5611 1070 5668 Sic
1100 5612 1222 5680 CF;
1254 5604 1298 5668 Α
1324 5616 1417 5668 Ac.

389 5677 433 5710 “
464 5694 601 5731 nunc
633 5695 744 5734 om.
776 5681 844 5734 A.
925 5683 972 5715 ³³
998 5694 1047 5739 et
1086 5677 1217 5738 om]
1252 5685 1357 5739 CF.

387 5760 503 5833 om;
536 5749 634 5803 CF
680 5751 834 5833 μίτιᾼ
853 5754 1252 5833 specialis‘qtta.
1303 5756 1498 5833 __”ASic
1538 5756 1638 5811 CF
1657 5749 1911 5833 {Ar-sunt.

392 5821 446 5870 in
476 5821 605 5876 ὄντι.
680 5822 727 5854 ³⁸
753 5821 940 5883 αἰνέτω
957 5839 1072 5883 om.
1105 5821 1227 5880 CF.
1302 5827 1346 5858 ³³
1375 5828 1416 5882 Α
1447 5830 1600 5881 sicut.

1006 5549 1026 5580 ²
1048 5541 1137 5597 Sic
1159 5542 1242 5598 CF
1265 5560 1278 5609 ;
1305 5542 1590 5598 Asalvavit.
1670 5543 1690 5574 ³
1714 5543 1767 5596 in
1793 5557 1899 5598 om.
1926 5543 1987 5597 F.

1495 5614 1779 5700 "nSichnF;
1871 5613 2169 5700 salvaturus
2195 5615 2318 5700 erit.

1437 5685 1481 5715 “
1511 5685 1600 5740 Sic
1637 5686 1760 5750 CF;
1795 5686 1840 5738 Λ
1887 5685 2120 5740 illorum.
2200 5686 2244 5719 ³⁵
2270 5685 2359 5738 Sic
2410 5685 2532 5748 CF;
2567 5685 2598 5737 Α

1437 5757 1498 5809 lic
1538 5756 1668 5809 CF:
1703 5757 1744 5808 Α
1773 5766 1911 5809 sunt.
1989 5756 2031 5790 ¹⁹
2062 5755 2108 5809 Α
2137 5757 2426 5808 trtmsitura
2459 5769 2598 5808 esse.

1675 5827 1718 5859 "’
1743 5830 1787 5882 Δ
1817 5827 2004 5885 habent
2033 5824 2377 5897 imperdibilc.

2063 5542 2087 5574 ⁸
2115 5543 2254 5597 enim
2283 5557 2392 5598 om.
2423 5542 2489 5597 A.
2568 5542 2590 5574 ⁸
2613 5540 2844 5610 Aipsum
2866 5553 3075 5609 corpus.
3124 5537 3174 5610 7‘
3205 5537 3295 5595 Sic
3321 5537 3440 5605 CF;
3481 5539 3522 5592 Λ
3553 5539 3675 5592 sint.

2425 5613 2466 5644 ¹⁰
2495 5609 2766 5667 hominum
2791 5626 2899 5664 om.
2924 5611 2989 5664 Α.
3093 5609 3134 5640 ¹¹
3171 5610 3262 5667 Sic
3290 5611 3406 5674 CF;
3440 5610 3481 5663 Α
3515 5620 3680 5669 totus.

2200 5686 2244 5719 ³⁵
2270 5685 2359 5738 Sic
2410 5683 2532 5748 CF;
2567 5685 2609 5737 A
2643 5680 3076 5769 gezigalismillan
3107 5699 3285 5752 quam.
3365 5681 3680 5769 t'nltui‘t‘tana

2459 5769 2598 5808 esse.
2650 5751 2722 5783 "°
2751 5752 2842 5806 Sic
2869 5751 2988 5822 CF;
3048 5753 3091 5808 A
3119 5751 3262 5809 sunt.
3339 5752 3381 5785 “
3410 5753 3500 5808 Sic
3525 5751 3609 5806 Cl“
3637 5753 3679 5804 A

2455 5825 2502 5857 ³⁵
2525 5835 2631 5882 tam
2657 5839 2766 5883 om.
2792 5822 2900 5881 CF.
