4212 6272
480 5376 491 5387 ο

476 5394 499 5408 η

479 5418 498 5446 ’ϐ

475 5458 493 5529 ἰ

476 5544 503 5597 ³,
546 5549 587 5580 ¹⁶
619 5548 708 5602 Sic
736 5546 851 5608 CF;
881 5550 922 5603 A
950 5550 1173 5604 desinat.

498 5644 503 5651 ν

562 323 666 379 915

1928 307 2212 367 ιοΑΝΝιε
2251 309 2448 367 SCO'H

3751 321 3867 377 916

559 430 795 507 generali
828 428 1077 488 videlicet
1109 426 1217 481 vita
1269 439 1433 497 quam
1464 422 1687 497 speciali
1719 431 1776 479 et
1813 422 2076 494 singulari
2110 423 2159 493 ‘,
2178 425 2229 487 Α
2257 422 2385 478 bulo
2414 422 2458 453 ¹⁶
2480 422 2709 494 mystice
2731 421 3089 493 signiﬁcatur.
3116 424 3338 491 Quodsi
3356 426 3598 499 cuipiam
3616 428 3860 489 m5-

550 529 710 599 juxta
760 522 1025 594 eloquium
1064 519 1239 589 deﬁcit
1291 520 1395 575 vita
1432 518 1601 575 omnis
1639 516 1709 570 ad
1740 525 1958 582 terram,
1986 524 2032 570 et
2065 515 2156 571 de-

558 620 793 689 ﬁcientia
826 614 896 669 ad
927 612 1352 683 participuudum
1382 627 1495 669 eam
1527 610 1915 679 inﬁrmitatem,
1962 609 2155 671 iterum
2197 661 2201 665 .

559 724 827 773 conversa,
875 706 1062 759 iterum
1109 703 1364 758 animalia
1403 703 1562 772 fiunt.
1609 700 1666 757 In
1724 702 1922 775 quibus
1974 700 2157 756 verbis

558 799 789 872 praefati
824 796 1061 869 theologi
1094 811 1201 851 non
1243 795 1699 852 resurrectionem
1729 794 2048 851 animalium
2074 794 2152 849 ir-

560 887 989 955 rationabilium,
1041 902 1135 942 seu
1168 899 1350 941 rerum
1395 899 1554 941 sensu
1594 886 1899 941 carentium
1936 885 2153 940 restitu-

560 984 759 1038 tionem
786 984 806 1014 ²
831 981 885 1036 in
933 980 1198 1051 pristinas
1218 978 1431 1052 species
1458 979 1926 1050 quantitatesque,
1959 977 2156 1049 quibus

558 1074 792 1131 mundus
833 1073 937 1128 iste
976 1072 1255 1144 impletur,
1286 1071 1523 1127 futuram
1568 1071 1937 1144 intelligimus,
1971 1072 2066 1127 sed
2097 1072 2153 1127 in

558 1183 753 1224 causas
782 1181 933 1233 suas,
963 1181 1029 1220 ex
1056 1165 1254 1235 quibus
1284 1165 1608 1235 procedunt,
1636 1172 1691 1219 et
1720 1164 1773 1218 in
1803 1164 1998 1234 quibus
2027 1163 2155 1219 sub-

558 1258 781 1325 sistunt,
818 1259 1048 1313 reditum
1078 1271 1199 1312 esse
1236 1256 1501 1311 futurum.
1531 1255 1649 1311 Non
1679 1255 1824 1310 enim
1868 1254 2027 1321 dixit,
2078 1253 2152 1311 di-

562 1355 745 1410 vinam
774 1353 941 1407 vitam
973 1352 1250 1422 angelicae
1279 1350 1616 1406 solummodo
1643 1358 1699 1404 et
1727 1348 2020 1415 humanae,
2050 1348 2153 1405 hoc

566 1452 670 1511 est,
726 1441 1101 1498 intellectualis
1136 1450 1192 1498 ct
1220 1440 1501 1498 rationalis
1552 1439 1698 1495 vitae
1736 1454 1959 1495 causam
2007 1453 2150 1506 esse,

564 1540 657 1592 Sed
688 1534 1069 1590 u‘niversaliter
1094 1533 1273 1593 orntus
1301 1534 1461 1589 vitae.
1492 1531 1682 1589 Omnis
1711 1540 1893 1588 autem
1926 1533 2035 1587 vita
2059 1542 2155 1591 aut

555 1627 834 1683 rationalis
856 1636 959 1695 est,
1003 1627 1140 1682 utin
1184 1626 1556 1699 superioribus
1594 1625 1747 1680 libris
1790 1625 2008 1697 copiose
2041 1625 2152 1680 dis-

552 1729 795 1791 ptttalttltt
855 1719 899 1785 ³,
948 1731 1043 1775 aut
1086 1719 1445 1785 irrationalis,
1498 1727 1592 1774 aut
1643 1719 1901 1774 nutritiva
1957 1733 2149 1789 corpo-

556 1828 672 1865 rum
702 1821 751 1866 et
780 1811 993 1867 auctiva
1024 1811 1072 1878 '*,
1103 1812 1205 1868 hoc
1247 1821 1332 1867 est
1356 1819 1452 1867 aut
1477 1810 1743 1883 angelica,
1773 1821 1867 1865 aut
1888 1811 2145 1876 humana,
2179 1795 2227 1855 Β
2255 1825 2472 1880 quoque
2520 1812 2806 1881 passiones
2858 1812 3252 1870 irrationabilis
3321 1824 3605 1873 creaturae
3632 1860 3647 1885 ,

556 1912 649 1957 aut
681 1903 952 1966 animalis.
982 1912 1076 1957 aut
1104 1920 1267 1961 sensu
1298 1905 1603 1960 carentium
1630 1944 1645 1970 ,
1680 1912 1740 1958 ut
1765 1911 1892 1958 sunt
1922 1903 2066 1975 ligna
2092 1911 2149 1956 et

557 1999 760 2055 herbae
786 2008 1081 2069 ceteraque
1122 2000 1338 2064 similia,
1372 2000 1423 2053 in
1468 2000 1667 2069 quibus
1715 1998 1897 2053 vitalis
1946 1998 2147 2054 soluat-

554 2090 716 2144 modo
762 2099 941 2145 motus
980 2099 1260 2161 operatur.
1295 2090 1373 2144 Ac
1414 2105 1510 2159 per
1548 2090 1652 2147 hoc
1683 2106 1791 2147 non
1817 2090 1883 2145 de
1907 2091 2021 2148 sola
2049 2092 2149 2145 hu-

554 2197 713 2236 mana
763 2182 897 2246 vita,
930 2182 1022 2237 sed
1051 2182 1116 2235 dc
1146 2180 1399 2236 euntibus
1428 2181 1725 2252 praedictis
1765 2182 1912 2237 vitae
1945 2182 2149 2251 specie—

552 2273 675 2340 bus,
711 2289 810 2327 nec
840 2274 905 2329 de
935 2273 1255 2345 corporibus
1291 2273 1632 2329 solummodo
1663 2273 1939 2341 humanis,
1963 2275 2054 2330 sed
2081 2273 2149 2329 de

558 2366 811 2422 OllllllllllS
855 2381 995 2436 quae
1034 2366 1262 2438 spiritus
1307 2366 1450 2422 vitae
1478 2376 1716 2438 vegetat,
1746 2367 1987 2423 divinum
2016 2382 2145 2437 pro-

555 2457 771 2511 nuntiat
813 2458 1086 2529 eloquium
1115 2476 1128 2514 :
1158 2459 1379 2529 Auferes
1421 2458 1665 2531 spiritum
1700 2477 1905 2525 eorum,
1939 2469 1987 2514 et
2017 2459 2149 2529 deﬁ-

552 2548 703 2609 cient,
755 2558 802 2603 et
844 2550 897 2602 in
939 2553 1201 2621 pulverem
1240 2568 1393 2606 suum
1420 2561 1761 2608 revertentur.
1811 2552 1966 2608 Nulla
2001 2553 2146 2608 enim

552 2640 682 2706 vita,
715 2655 807 2696 seu
849 2640 1149 2706 rationalis,
1184 2658 1278 2698 seu
1306 2641 1576 2709 animalis,
1601 2658 1697 2698 seu
1728 2642 2011 2709 nutritiva,
2034 2643 2143 2707 diu,

552 2741 623 2806 ut
663 2748 767 2787 non
805 2733 826 2765 ⁸
854 2733 1032 2789 dicam
1080 2750 1314 2806 semper,
1369 2734 1745 2803 corruptibilia
1795 2741 1849 2789 et
1897 2732 2146 2788 mortalia

553 2805 780 2894 corpora
830 2825 1107 2880 vivificarc
1157 2805 1212 2880 et
1256 2826 1644 2881 administrare
1674 2832 1885 2896 potest;
1918 2825 2147 2897 ideoque

551 2917 771 2985 deserit,
801 2931 971 2989 eaque.
1014 2918 1034 2948 ³
1077 2918 1357 2974 deserente
1392 2917 1642 2975 deﬁcient
1669 2920 1687 2940 "
1720 2933 1970 2989 corpora,
2000 2927 2055 2974 et
2093 2919 2144 2973 in

552 3007 827 3076 pulverem
882 3024 1038 3064 suum
1100 3019 1464 3067 revertentur.
1508 3010 1574 3066 Et
1608 3011 1712 3066 hoc
1738 3018 1820 3066 est
1849 3010 1991 3082 quod
2024 3011 2143 3066 ait:

554 3085 618 3151 Et
657 3098 896 3168 deﬁcient
924 3104 970 3166 ⁸,
1006 3099 1056 3155 id
1099 3111 1182 3156 est
1211 3100 1462 3157 animalia
1490 3109 1541 3156 et
1564 3102 1807 3172 germina
1836 3101 1902 3156 ad
1925 3100 2144 3172 partici-

2258 514 2369 571 bile
2394 515 2606 572 videtur
2628 524 2687 572 et
2706 526 2896 572 cutura
2917 517 3224 575 naturalem
3253 519 3541 590 rationem,
3564 523 3861 581 irrationa-

2254 606 2385 667 bilia
2415 621 2688 679 sensuque
2708 609 2958 665 carentia
2988 610 3042 666 in
3074 611 3370 666 humanam
3406 614 3643 671 transire
3690 626 3857 673 natu-

2254 714 2398 764 ram,
2427 699 2661 769 primum
2694 699 2936 756 intentus
2963 702 3345 773 conspicetur,
3370 704 3521 774 quod
3564 705 3857 768 inferiores

2257 793 2526 849 humanae
2555 804 2787 849 naturae
2823 801 3039 863 partes,
3088 810 3311 851 sensum
3356 795 3479 852 dico
3524 812 3852 869 corporeum

2254 898 2313 942 et
2353 887 2675 943 nutritivam
2714 886 2882 942 vitam
2927 888 3209 958 ipsumque
3236 902 3459 959 corpus,
3492 890 3850 949 irrationabi-

2252 976 2386 1033 lium
2436 992 2709 1048 sensuque
2738 979 3042 1034 carentium
3079 994 3180 1036 nec
3210 994 3317 1035 non
3354 989 3411 1035 et
3438 979 3480 1013 "
3510 989 3849 1041 terrenon

2252 1084 2546 1141 corporum
2576 1070 2983 1127 conditionibus
3010 1072 3323 1127 simillimae
3362 1083 3509 1128 sunt.
3553 1075 3625 1129 At
3676 1078 3720 1131 si
3773 1077 3846 1134 ita

2252 1172 2361 1229 est,
2390 1164 2523 1234 quid
2551 1164 2750 1220 mirum
2789 1174 2881 1220 aut
2917 1164 3233 1220 incredibile
3270 1166 3402 1231 ’ἢεί
3428 1167 3627 1222 similia
3668 1177 3845 1226 trans-

2252 1264 2381 1311 eant
2416 1255 2469 1309 in
2519 1256 2605 1311 sui
2644 1255 2877 1321 similia,
2922 1267 2983 1311 ut
3028 1273 3091 1313 ex
3149 1256 3334 1314 multis
3372 1258 3641 1316 similibus
3687 1278 3841 1317 uiuum

2254 1349 2512 1419 quiddam
2559 1348 2662 1405 sibi
2710 1349 2888 1405 simile
2933 1349 3220 1418 eiliciatur,
3252 1352 3327 1406 ita
3377 1359 3561 1407 tamen
3590 1353 3839 1410 interiora

2252 1440 2450 1496 similia
2486 1439 2529 1473 ι’
2556 1440 2613 1496 in
2657 1441 3219 1512 superiora,quorum
3263 1443 3653 1500 similitudines
3698 1455 3838 1514 sunt,

2256 1542 2561 1591 transeant.
2588 1533 2707 1590 Non
2731 1536 2876 1591 enim
2906 1536 3169 1592 naturalis
3211 1539 3358 1593 ratio
3394 1538 3529 1595 sinit
3574 1541 3840 1610 superiora

2256 1627 2309 1682 in
2336 1628 2597 1684 inferiora
2626 1628 2846 1693 mutari,
2876 1627 3133 1684 inferiora
3164 1644 3295 1686 vero
3322 1632 3607 1701 superiora
3630 1643 3839 1690 natura-

2256 1717 2379 1774 liter
2409 1727 2673 1789 appetunt
2697 1720 2888 1791 eiSque
2912 1720 3098 1776 volunt
3146 1720 3191 1752 ⁸⁸
3241 1722 3492 1777 adnnari.
3552 1724 3840 1796 Perspiciat

3706 1836 3838 1890 quas

2250 1915 2374 1973 post
2410 1904 2451 1934 “
2481 1918 2667 1960 casum
2713 1903 2951 1961 hominis
2975 1920 3007 1959 a
3033 1905 3298 1976 dignitate
3342 1907 3558 1962 divinae
3598 1909 3837 1980 imaginis

2250 1996 2484 2052 insertas
2512 1996 2614 2052 sibi
2638 2011 2810 2067 poena
2830 1996 3065 2067 quadam
3112 1999 3320 2068 peccati
3370 2000 3602 2055 humans
3654 2012 3838 2058 natura

2247 2093 2572 2150 attraxerat,
2596 2101 2841 2157 quasque
2863 2088 2908 2120 ³³
2931 2088 3125 2143 insitas
3146 2089 3467 2144 naturaliter
3484 2100 3610 2145 ante
3629 2092 3838 2161 lapsum

2249 2192 2354 2233 non
2376 2176 2634 2244 habebat,
2660 2177 2865 2233 moveri
2901 2194 3062 2250 posse
3098 2180 3151 2235 in
3181 2181 3288 2247 his,
3311 2182 3395 2250 qui
3420 2181 3642 2251 perfecti
3679 2192 3831 2251 sunt,

2250 2267 2302 2322 in
2337 2266 2565 2323 virtutes
2593 2268 2891 2325 naturales.
2917 2268 3207 2325 Passiones
3230 2279 3408 2326 autem
3438 2272 3559 2327 dico
3588 2272 3835 2342 volupta—

2255 2369 2364 2413 tem
2390 2368 2444 2413 et
2474 2358 2773 2426 tristitiam,
2802 2363 3298 2431 concupiscentiam
3346 2374 3508 2433 atque
3561 2365 3833 2431 timorem,

2248 2462 2475 2522 etquae
2494 2466 2561 2508 ex
2611 2451 2697 2507 his
2737 2461 3060 2519 nascuntur,
3114 2469 3252 2524 quas
3303 2455 3357 2508 in
3412 2456 3642 2511 virtutes
3685 2471 3835 2526 posse

2242 2530 2449 2603 mutari
2471 2545 2693 2600 dubium
2717 2560 2823 2601 non
2852 2554 2957 2601 est.
2977 2546 3140 2602 Verbi
3168 2547 3365 2619 gratia,
3401 2548 3831 2618 concupiscentia

2248 2638 2464 2708 quidem
2522 2636 2900 2693 intellectualis
2945 2639 3253 2697 divinorum
3303 2642 3578 2711 appetitus
3627 2640 3830 2696 deside-

2249 2729 2486 2784 rantium
2515 2736 2774 2800 operatur
2799 2737 3038 2796 motum;
3089 2730 3339 2802 voluptas
3384 2746 3514 2787 vero
3555 2732 3829 2787 innocuam

2244 2819 2543 2876 nutritivae
2565 2820 2730 2875 animi
2756 2821 3092 2891 operationis
3118 2820 3412 2888 laetitiam;
3440 2823 3601 2877 timor
3624 2836 3829 2893 quoque

2246 2911 2464 2969 futurae
2494 2914 2547 2967 in
2574 2913 2787 2969 delictis
2829 2913 3109 2983 providam
3151 2914 3375 2972 ultionis
3424 2928 3653 2985 curam;
3709 2917 3831 2973 item

2248 3007 2473 3062 tristitia
2501 3005 2886 3062 correctricem
2931 3008 2983 3060 in
3012 3008 3286 3077 praesenti
3341 3008 3605 3064 malorum
3658 3010 3834 3078 puerti-

2253 3101 2497 3156 tentiam.
2536 3100 2592 3156 Si
2621 3115 2748 3172 ergo
2770 3103 3073 3173 passiones,
3097 3119 3236 3173 quas
3261 3103 3605 3160 rationabilis
3645 3113 3831 3159 natura

549 3190 788 3262 pandum
812 3207 930 3248 eam
966 3193 1332 3249 inﬁrmitatem
1358 3195 1409 3262 ’;
1444 3210 1548 3250 non
1573 3196 1717 3253 enim
1742 3211 1956 3268 seraper
1975 3195 2146 3267 parti-
2170 3161 2217 3224 Ο
2246 3209 2314 3249 ex
2342 3192 2699 3249 irrationabili
2742 3194 2794 3249 in
2841 3195 3077 3265 seipsam
3117 3196 3432 3262 deduxerat,
3466 3196 3520 3250 in
3568 3195 3831 3252 naturales

551 3282 731 3354 cipare
781 3285 944 3338 vitam
991 3296 1238 3355 possunt,
1261 3295 1485 3359 propter
1517 3288 1947 3358 corruptibilium
1976 3296 2144 3343 terre—

552 3390 856 3444 norumque
905 3392 1195 3446 rorporum
1250 3377 1621 3433 inlirmitatem
1670 3387 1727 3434 et
1768 3378 2140 3451 fragilitate.

552 3460 827 3519 Naturalis
876 3474 1055 3517 autem
1098 3465 1343 3535 operatio
1380 3466 1524 3520 vitae
1556 3466 1611 3521 iu
1649 3468 1988 3537 corporibus,
2028 3468 2144 3525 sive

556 3565 617 3603 ca
668 3551 901 3623 regendo
939 3552 1052 3606 sive
1084 3553 1399 3619 deserendo,
1439 3556 1504 3608 ad
1535 3554 1851 3612 Creatorem
1899 3558 2140 3614 omnium

552 3639 810 3696 refertur.
853 3641 1154 3713 Propterea
1204 3642 1369 3698 dicit:
1399 3644 1619 3715 Auferes
1658 3646 1901 3717 spiritum
1936 3664 2141 3714 eorum,

557 3746 662 3785 non
700 3732 842 3801 quod
872 3732 1013 3787 Deus
1040 3732 1251 3789 auferat
1276 3735 1527 3807 spiritum
1552 3735 1715 3792 ullius
1736 3719 2003 3809 corporis,
2046 3739 2141 3795 sed

547 3824 689 3893 quod
717 3824 857 3879 sinat
878 3825 922 3858 ¹⁰
947 3825 1170 3895 spiritus
1195 3829 1583 3901 corruptilibus
1606 3832 1929 3903 corporibus
1952 3848 2143 3906 grava-

550 3924 631 3970 tos
657 3914 699 3946 ¹¹
725 3914 792 3969 ab
816 3916 894 3975 eis
920 3916 1150 3973 deficere
1175 3919 1239 3974 ad
1266 3927 1499 3991 tempus,
1548 3922 1599 3976 in
1641 3923 1865 3978 eandem
1898 3926 2142 3980 incorru-

545 4007 891 4077 ptibilitatem
908 4017 960 4065 et
985 4010 1419 4083 spiritualitatcm
1452 4028 1710 4071 conversa
1737 4017 1780 4053 η
1812 4016 2011 4072 iterum
2043 4033 2141 4073 ua-

550 4099 710 4154 turali
756 4112 906 4157 motu
951 4106 1272 4161 reversuris.
1318 4104 1472 4174 Quod
1509 4107 1653 4161 enim
1684 4109 1765 4163 eis
1792 4110 2141 4182 congenitqu

546 4200 631 4246 est
659 4192 710 4247 in
741 4193 883 4249 hunc
912 4196 1194 4263 mundum,
1226 4212 1330 4253 non
1363 4210 1589 4267 possunt
1618 4216 1833 4272 semper
1860 4202 2136 4269 deserere,

546 4284 638 4339 sed
691 4288 1015 4360 quandoque
1072 4288 1224 4346 linito
1283 4293 1483 4347 annulo
1541 4293 1841 4364 recipient,
1897 4294 2022 4351 dum
2083 4295 2137 4349 in

545 4377 742 4443 causis,
776 4379 915 4447 quod
968 4380 1106 4450 regit
1152 4380 1195 4412 ⁸³
1237 4389 1291 4435 et
1337 4383 1481 4452 quod
1533 4382 1739 4453 regitur
1786 4382 1851 4447 η,
1902 4383 2135 4439 mirabili

545 4471 778 4541 quadam
805 4475 847 4507 ¹⁵
879 4476 1161 4531 harmonia
1187 4494 1353 4533 unum
1385 4479 1747 4551 inseparabile
1772 4482 2010 4537 futurum
2040 4483 2132 4538 sit.

542 4562 777 4633 Ideoque
800 4567 873 4618 ait
912 4583 923 4619 :
957 4564 1150 4620 Emitte
1170 4569 1411 4637 spiritum
1434 4581 1603 4638 tuum,
1623 4581 1669 4626 et
1702 4574 2039 4628 creabantur.
2055 4574 2136 4630 Ac

546 4650 592 4704 si
623 4652 824 4706 diceret
868 4667 882 4705 :
931 4653 1179 4724 spiritum
1210 4656 1452 4724 vitalem,
1488 4676 1648 4732 quem
1697 4662 1894 4726 fecisti,
1927 4665 2135 4732 emitte,

549 4747 651 4799 hoc
683 4753 789 4809 est,
815 4746 987 4802 emitti
1014 4756 1067 4800 et
1098 4748 1275 4801 redire
1308 4750 1359 4803 in
1383 4766 1633 4821 corpora,
1659 4770 1797 4824 quae
1830 4758 2139 4826 temporali-

547 4846 630 4892 ter
658 4836 912 4902 deseruit,
938 4838 1167 4892 naturali
1202 4841 1443 4910 appetitu
1469 4842 1739 4897 volentem
1795 4845 1973 4900 redire
2016 4863 2137 4916 per-

545 4929 721 4982 mitlc.
752 4927 820 4982 Et
844 4928 1113 4983 reuovubis
1139 4929 1329 5003 facient
1360 4939 1553 4997 terrae,
1586 4931 1687 4986 hoc
1736 4941 1837 4996 est,
1884 4935 2136 4991 adunatis

544 5021 982 5092 inseparabiliter
1009 5024 1327 5095 corporibus
1363 5025 1475 5081 suis
1525 5025 1778 5083 vitalibus
1827 5029 2133 5098 speciebus,

2161 4525 2215 4587 D

2250 3286 2463 3340 animae
2503 3293 2729 3354 possunt
2750 3286 2946 3339 mutari
2980 3284 3237 3351 virtutes,
3259 3284 3358 3341 cur
3383 3285 3693 3341 incredibile
3737 3286 3826 3350 sit,

2249 3374 2418 3443 ipsam
2452 3373 2984 3430 irrationabilitatem
3015 3375 3067 3430 in
3116 3376 3456 3431 altitudinem
3498 3375 3859 3457 rationabili:

2248 3467 2376 3523 tatis
2427 3468 2812 3522 transmutari?
2876 3467 3010 3524 Nam
3058 3477 3115 3525 et
3164 3469 3437 3539 superbia,
3477 3485 3615 3540 quae
3668 3468 3833 3526 veluti

2245 3567 2410 3627 caput
2444 3558 2609 3614 totius
2636 3559 2875 3614 malitiae
2902 3562 3242 3631 perhibetur,
3277 3561 3330 3616 in
3373 3575 3614 3616 amorem
3656 3560 3829 3617 caele-

2244 3652 2343 3707 stis
2372 3651 2755 3719 excellentiae,
2776 3662 2831 3708 et
2854 3654 2905 3709 in
2942 3653 3262 3724 despectum
3306 3662 3553 3710 terrenae
3604 3653 3829 3707 inﬁrmi-

2247 3748 2373 3803 tatis
2400 3748 2452 3801 in
2474 3747 2631 3802 bonis
2662 3748 2973 3803 hominibus
2999 3749 3253 3810 vertitur,
3281 3749 3497 3803 dicente
3530 3746 3782 3819 Apostolo
3806 3760 3825 3800 :

2246 3836 2394 3903 Quae
2415 3854 2622 3893 sursum
2642 3848 2763 3893 sunt
2793 3841 2982 3909 sapite,
3014 3855 3118 3894 non
3156 3839 3202 3874 ⁸³
3240 3856 3378 3911 quae
3418 3855 3574 3909 super
3620 3849 3823 3893 terram.
3862 3904 3907 3915 ᾖ,

2244 3926 2596 3999 Brevitertwe
2617 3929 2926 3993 dicendum,
2959 3929 3167 3983 nullum
3201 3930 3392 3983 vitium
3419 3944 3572 3993 esse,
3604 3928 3744 3999 quod
3778 3929 3828 3982 in

2242 4019 2595 4089 sapientibus,
2628 4020 2812 4075 divina
2834 4020 3007 4090 gratia
3040 4020 3092 4074 in
3124 4020 3204 4074 eis
3226 4019 3274 4058 ³⁵
3301 4030 3584 4093 cperante,
3632 4019 3828 4075 mutari

2243 4110 2297 4167 in
2340 4111 2596 4167 virtutem
2622 4126 2730 4167 non
2763 4111 2953 4181 possit.
2980 4110 3061 4165 Ac
3093 4111 3174 4171 sic
3199 4112 3265 4166 de
3297 4112 3499 4166 malitia
3528 4112 3667 4167 solet
3710 4110 3825 4167 ﬁeri

2242 4202 2481 4268 bonitas,
2508 4203 2574 4258 de
2606 4202 2849 4259 bonitate
2876 4212 3056 4258 autem
3081 4218 3420 4273 nequaquam
3459 4205 3687 4259 malitia.
3709 4202 3827 4257 Vir-

2244 4301 2329 4349 tus
2358 4294 2623 4363 siquidem
2650 4294 2912 4351 bonitatis
2962 4295 3308 4351 contrarium
3345 4297 3427 4352 sui
3482 4298 3535 4350 in
3598 4297 3824 4367 seipsatn

2240 4385 2508 4439 consumit
2535 4384 2597 4439 ’⁵.
2633 4384 2868 4441 Malitiac
2887 4400 3018 4442 vero
3042 4387 3278 4442 dedecus
3313 4387 3571 4443 bonitatis
3594 4385 3826 4458 pulchri-

2243 4476 2480 4530 tudinem
2509 4476 2823 4533 decolorare
2861 4478 3194 4548 impossibile
3216 4487 3320 4534 est.
3375 4480 3434 4535 Si
3475 4481 3656 4550 itaque
3696 4478 3821 4533 vitia

2244 4567 2296 4622 in
2329 4567 2579 4632 virtutes,
2612 4583 2736 4623 cum
2776 4568 2875 4624 sibi
2905 4569 3133 4625 invicem
3158 4571 3434 4626 eontrania
3463 4571 3589 4635 sint,
3622 4569 3820 4623 moveri

2243 4676 2346 4715 non
2380 4674 2638 4728 negamus
2678 4679 2690 4715 :
2735 4676 2834 4717 cur
2887 4672 3113 4719 naturas
3166 4664 3453 4721 inferiores
3493 4666 3547 4720 in
3602 4673 3822 4719 naturas

2242 4750 2573 4820 superiores,
2599 4755 2723 4806 dum
2751 4752 2854 4807 sibi
2886 4754 3033 4810 nullo
3062 4757 3221 4810 modo
3261 4756 3628 4820 adversantur,
3654 4723 3859 4815 mira-Q

2243 4844 2331 4898 bili
2371 4843 2606 4912 quadam
2664 4845 2990 4900 aaunatione
3056 4846 3357 4903 transfundi
3411 4844 3820 4915 negaverimus?

2238 4934 2382 4991 Satis
2415 4933 2481 4988 de
2512 4935 2596 4990 bis
2623 4935 2823 4992 dictum
2854 4937 2899 4971 ³⁸
2929 4937 3070 4993 Dtsc.
3103 4938 3249 4995 Satis
3277 4938 3444 5009 plane.

2305 5029 2394 5086 26.
2439 5029 2581 5087 MAG.
2619 5031 2883 5099 Quoniam
2915 5047 3044 5088 vero
3085 5035 3153 5090 de
3193 5049 3278 5098 eo,
3307 5030 3449 5102 quod
3491 5030 3889 5090 resurrectio“

544 5116 875 5172 restaurabis
900 5117 1265 5191 integritatem
1293 5128 1539 5187 naturae,
1568 5136 1706 5192 quae
1749 5131 1925 5179 terrae
1970 5140 2132 5180 voca—
2233 5137 2521 5193 corporum
2555 5124 2786 5180 naturali
2814 5125 3011 5180 virtute
3030 5165 3045 5192 ,
3066 5126 3248 5181 divina
3278 5126 3453 5196 gratia
3475 5132 3815 5195 cooperante,

1821 5279 2079 5334 VARIAE
2115 5278 2519 5337 LEC'I‘IONES.

616 5405 635 5479 ἦ
662 5405 746 5461 CF
773 5422 932 5476 quam
959 5408 1208 5479 speciales
1231 5418 1277 5463 et
1304 5409 1617 5479 singulares.

540 5476 562 5509 ⁸
609 5477 654 5531 Α
700 5487 869 5532 utne.
984 5476 1002 5511 δ
1056 5481 1141 5537 CF
1180 5498 1263 5546 ea,
1316 5476 1437 5551 quo.
1549 5481 1571 5513 ⁷
1603 5479 1693 5536 Sic
1737 5481 1820 5545 A;
1870 5482 1902 5535 C

546 5549 587 5580 ¹⁰
619 5548 708 5602 Sic
736 5546 851 5605 CF;
881 5550 922 5603 A
950 5550 1173 5604 desinat.
1266 5551 1303 5582 “
1334 5549 1424 5605 Sic
1459 5549 1565 5605 CF:
1592 5550 1631 5604 A
1658 5562 1902 5605 araratus

549 5567 587 5580 ’ν
619 5567 708 5602 διο
736 5567 809 5602 t.r
839 5567 851 5608 ;
881 5567 922 5603 Α
950 5567 1173 5604 aesmut.
1267 5567 1303 5582 ἰ
1334 5567 1424 5605 me
1459 5567 1565 5615 ut;
1592 5567 1631 5604 Α
1658 5567 1921 5622 gravatus.

540 5620 750 5687 tegitur.
777 5619 820 5650 ¹⁵
878 5620 1104 5687 quadam
1133 5637 1239 5673 om.
1265 5621 1368 5676 CF.
1468 5624 1509 5658 ³⁸
1534 5622 1573 5677 Α
1603 5620 1850 5677 vorabqu
1879 5632 1921 5674 te

541 5754 591 5788 ³³
615 5755 658 5807 Α
687 5765 734 5808 et
764 5771 884 5810 non.
966 5757 1010 5791 "‘
1031 5759 1086 5812 iu
1115 5760 1188 5813 eis
1209 5774 1317 5814 om.
1353 5754 1414 5821 A,

1716 5411 1736 5442 ³
1762 5411 1810 5465 Α
1830 5414 2279 5467 restaurationem.

1549 5481 1571 5513 ⁷
1603 5479 1693 5536 Sic
1737 5481 1779 5536 A
1805 5499 1820 5545 ;
1870 5482 1955 5537 CF
1983 5483 2251 5550 deﬁciunt.

2015 5553 2052 5585 η
2085 5553 2174 5608 Sic
2202 5552 2286 5609 CF
2305 5571 2320 5619 ;
2345 5555 2385 5607 Α
2420 5571 2682 5609 converso.

1468 5624 1509 5658 ³⁸
1534 5622 1573 5677 Α
1603 5620 1850 5677 υοήιγιὸυΙο
1879 5632 2066 5676 terrae.
2145 5624 2187 5655 ¹⁷
2211 5636 2257 5678 et
2285 5642 2389 5679 om.
2419 5626 2483 5679 A.

470 5695 503 5750 ρ’
541 5686 693 5773 ‘in
716 5689 798 5773 sui
824 5686 1049 5773 similith
1069 5690 1121 5741 id
1147 5702 1219 5770 est
1252 5694 1303 5743 in
1335 5693 1615 5773 scpcijpra
1654 5703 1758 5773 ert-(3;
1836 5692 1881 5773 '_°
1913 5692 2220 5773 volnut_om.
2240 5696 2315 5773 Ἀ.
2393 5696 2433 5728 ²¹
2468 5694 2557 5773 Sic
2578 5695 2692 5773 CF;
2723 5698 2767 5752 A
2788 5709 3075 5773 propter.__
3093 5702 3137 5731 “
3168 5700 3213 5755 Α
3240 5719 3372 5773 quas
3402 5686 3548 5772 (-que
3587 5717 3694 5756 om.
3721 5699 3810 5770 .~\°.)

1491 5764 1535 5793 “
1561 5763 1651 5819 Sic
1674 5762 1758 5818 CF
1783 5779 1798 5828 ;
1828 5762 1872 5817 A
1901 5774 2065 5820 mutat
2092 5766 2147 5824 in
2176 5767 2418 5827 seinsam.
2497 5765 2543 5796 "
2566 5768 2762 5824 dictum
2784 5762 2893 5829 om;
2989 5770 3097 5829 CF.
3252 5762 3263 5773 ⁷
3410 5762 3420 5772 ’
3459 5762 3470 5772 ’
3655 5812 3660 5816 ~

2372 5412 2393 5443 ³
2427 5412 2517 5485 Sic
2542 5412 2657 5485 CF;
2684 5414 3146 5485 Adisputmu'mus.
3245 5417 3269 5449 ‘
3290 5416 3380 5471 Sic
3408 5415 3495 5472 CF
3513 5435 3526 5481 ;
3552 5418 3598 5472 A
3626 5417 3813 5471 activa.

2370 5484 2391 5515 ⁸
2420 5484 2509 5539 Sic
2537 5484 2614 5551 A;
2665 5484 2752 5539 CF
2778 5484 2839 5540 et
2873 5486 3187 5554 deﬁetentia.
3303 5488 3323 5517 τ’
3355 5487 3439 5541 CF
3484 5488 3811 5556 inﬁrmitate.

2370 5567 2385 5606 ι
2420 5571 2682 5609 conuerso.
2776 5556 2819 5588 "
2845 5556 2935 5611 Sic
2968 5556 3095 5613 CF:
3130 5557 3175 5612 A
3205 5560 3347 5613 teait.
3448 5558 3490 5591 ιθ
3520 5559 3610 5613 Sic
3632 5558 3738 5613 CF:
3769 5558 3811 5610 Α

2563 5573 2682 5608 rrso.
2777 5573 2819 5588 ··
2845 5573 2935 5611 Sic
2968 5573 3052 5612 ut
3078 5573 3095 5623 ;
3130 5573 3175 5612 Α
3205 5573 3347 5629 tegit.
3448 5573 3490 5591 υ
3520 5573 3610 5613 διε
3632 5573 3738 5619 ut;
3769 5573 3811 5610 Α

2563 5626 2605 5658 ⁸⁸
2627 5629 2666 5678 Α
2687 5626 3003 5683 incredibile
3023 5639 3118 5684 est.
3199 5630 3239 5660 "
3269 5630 3358 5684 Sic
3380 5628 3493 5695 CF;
3522 5631 3563 5684 A
3594 5631 3637 5684 si
3670 5628 3815 5683 simi-

2989 5770 3097 5829 CF.
