4212 6272
367 385 467 440 917

1225 376 1313 431 DE
1350 373 1691 431 DIVISIONE
1731 372 2083 438 NATUBAE.
2120 403 2189 418 --—
2225 371 2423 439 LIBER
2465 371 2791 440 QUINTUS.

3544 370 3650 430 918

362 515 462 572 per
520 497 818 554 Salvatoris
872 495 1052 550 mundi
1102 494 1600 555 inhumanationem
1642 492 1819 548 futura
1861 491 1954 560 sit,
1987 504 2029 570 Α
2063 493 2227 548 radiis
2294 493 2522 562 undique
2587 491 2931 563 complectens
2959 532 2973 558 ,
3039 492 3096 548 in
3167 491 3464 550 summitate
3527 495 3647 550 coni

364 591 512 648 beati
554 588 840 666 Epiphanii
870 587 1234 643 testimoniqu
1267 586 1685 652 introduximus,
1712 600 1955 642 necessar

363 683 507 739 rium
561 684 827 746 arbitror,
878 679 1057 752 magni
1101 679 1116 710 ¹
1169 694 1384 754 quoque
1431 677 1662 752 theologi
1711 677 1953 752 Gregorii

363 777 693 832 sententiam
720 773 786 829 de
827 772 1014 828 eadem
1064 771 1271 826 ratione
1329 769 1756 826 iutroducamus.
1807 771 1951 832 Dtsc,

362 865 761 923 Necessarium.
807 862 943 918 Nam
997 871 1052 918 et
1088 863 1165 918 sic
1206 861 1560 933 promissum,
1595 863 1615 892 ¹
1641 871 1695 916 et
1721 862 1859 938 quod
1905 862 1958 920 in

363 965 452 1003 ore
474 949 701 1002 duorum
725 947 1036 1000 idoneorum
1063 947 1274 999 testium
1303 944 1662 1010 constituitur,
1681 945 1959 999 inconcus-

361 1059 476 1098 sum
499 1059 611 1096 esse
639 1041 861 1096 videtur.
894 1035 1036 1094 MAG.
1071 1037 1340 1093 Vieesimo
1364 1038 1545 1109 itaque
1576 1047 1630 1093 et
1678 1036 1913 1094 secundo
1937 1035 1958 1068 ⁸

363 1135 602 1206 capitulo
649 1133 919 1189 sermonis
962 1133 1028 1187 de
1073 1131 1316 1202 imagine
1351 1131 1652 1206 disputans,
1684 1130 1826 1201 quod
1874 1145 1958 1186 re-

365 1230 634 1286 surrectio
658 1243 763 1282 non
799 1236 1009 1281 tantum
1057 1242 1123 1281 cx
1169 1226 1574 1298 praedicatione
1601 1225 1920 1296 Scripturae
1941 1266 1958 1296 ,

369 1331 632 1394 quantum
663 1337 727 1376 ex
769 1320 885 1390 ipsa
928 1335 1108 1374 rerum
1162 1318 1487 1374 necessitate
1536 1327 1826 1390 speratur:
1861 1314 1962 1376 Sed

370 1430 472 1468 non
500 1413 575 1468 sic
600 1419 694 1478 est,
723 1412 914 1486 inquit,
961 1411 1110 1478 {ortis
1134 1409 1156 1440 ⁸
1177 1409 1406 1476 malitia,
1434 1419 1488 1462 ut
1517 1408 1762 1463 bonitatis
1794 1407 1959 1462 vincat

368 1503 609 1558 virtutem
631 1518 648 1556 :
673 1516 834 1572 neque
858 1499 994 1555 enim
1018 1497 1204 1552 melius
1229 1513 1391 1569 neque
1412 1498 1755 1568 singularias,
1779 1496 1875 1551 hoc
1887 1503 1960 1550 est

367 1594 676 1668 simplicius,
702 1601 910 1646 nostrae
936 1600 1158 1645 naturae
1200 1589 1578 1652 inconsultum,
1609 1588 1962 1658 insipientiam

368 1686 510 1750 dico,
535 1701 692 1755 quam
719 1682 814 1736 Dei
834 1681 1114 1752 sapientia.
1148 1677 1271 1735 Non
1295 1680 1428 1734 enim
1450 1678 1696 1752 possibile
1718 1687 1816 1744 est,
1841 1695 1964 1733 con-

305 1815 324 1848 .,
366 1773 600 1830 versibile
621 1781 774 1846 atque
798 1772 1050 1827 mufabile
1083 1774 1346 1844 potentius
1374 1789 1482 1826 esse
1530 1782 1684 1842 atque
1729 1769 1963 1842 singula-

2059 583 2430 642 commissuras
2490 581 2704 640 lmuinis
2767 583 3066 650 connectit;
3131 585 3308 657 itaque
3364 584 3648 644 secundum

2057 675 2364 750 hypothesin
2387 675 2468 730 sin
2495 675 2641 743 ﬁeret
2666 673 2827 730 alicui
2851 675 3021 730 uirtus
3049 677 3648 749 transgrediendi.mett~

2057 783 2260 829 suram,
2304 767 2356 818 in
2395 783 2555 838 quam
2575 767 2876 825 extenditur
2911 768 3096 826 umbra
3126 773 3194 838 ³³,
3226 771 3438 828 antnine
3468 771 3524 826 in
3557 769 3648 828 lu-

2057 858 2196 910 mine
2222 865 2376 926 esset,
2399 874 2430 910 α
2472 857 2695 914 tenebris
2743 858 2958 916 illaesus
2982 875 3000 914 :
3027 861 3104 915 sic
3131 859 3366 920 arbitror
3411 871 3651 932 oportere

2058 947 2213 1001 etiam
2254 948 2317 1002 de
2355 947 2501 1002 nobis
2529 949 2758 1024 cogitare
2785 949 2854 1017 ",
2890 951 3015 1020 quia
3045 961 3378 1008 transeuntes
3414 953 3650 1012 malitiae

2059 1037 2360 1108 terminum,
2407 1054 2526 1092 cum
2565 1039 2621 1094 in
2661 1041 2961 1098 summitate
2995 1042 3212 1099 umbrae
3249 1045 3448 1112 peccati
3485 1045 3653 1114 fueri-

2059 1143 2176 1182 mus
2197 1167 2212 1192 ,
2261 1128 2449 1184 iterum
2505 1129 2558 1185 in
2611 1128 2808 1186 tiunine
2854 1130 3311 1198 conrersabimur,
3366 1135 3652 1192 secundum

2060 1221 2326 1292 inﬁnitam
2394 1221 2916 1294 multiplicationem,
2975 1233 3234 1294 quantum
3291 1225 3364 1282 ad
3415 1225 3654 1282 malitiae

2064 1329 2386 1382 mensuram,
2429 1312 2682 1368 bonorum
2719 1323 2912 1372 natura
2943 1312 3263 1368 abundante.
3297 1311 3501 1370 Iterum
3529 1331 3652 1384 ergo

2062 1405 2375 1476 paradisus,
2420 1405 2611 1462 iterum
2660 1419 2811 1458 omne
2856 1402 2990 1460 illud
3035 1403 3270 1474 lignum,
3314 1403 3454 1474 quod
3493 1405 3653 1461 etiam

2065 1499 2196 1553 vitae
2222 1510 2298 1554 est
2333 1499 2553 1571 lignum,
2593 1498 2784 1556 iterum
2822 1495 3066 1568 imaginis
3107 1497 3286 1568 gratia
3323 1503 3374 1553 et
3409 1495 3656 1566 principii

2065 1590 2317 1666 dignitas.
2361 1587 2768 1654 Animadverte,
2803 1603 2965 1660 quam
2993 1587 3140 1642 clare
3166 1595 3223 1644 et
3261 1585 3656 1646 rationabiliter

2065 1689 2120 1736 et
2166 1681 2536 1738 indubitanter
2579 1679 2816 1736 astruit:
2861 1680 3098 1750 primum
3132 1679 3351 1750 quidem
3393 1677 3660 1739 malitiam

2067 1790 2172 1834 non
2199 1789 2359 1849 posse
2385 1788 2504 1830 esse
2533 1782 2869 1844 perpetuam,
2901 1771 2994 1830 sed
3025 1787 3091 1828 ex
3119 1772 3445 1830 necessitate
3471 1785 3656 1829 rerum

365 1867 496 1931 rius,
520 1882 677 1937 quam
704 1865 846 1936 quod
876 1881 1078 1936 semper
1111 1863 1357 1919 similiter
1393 1882 1448 1919 se
1483 1863 1660 1930 habet,
1709 1873 1864 1934 atque
1905 1862 1959 1916 in
1993 1867 2037 1930 ο
2066 1862 2131 1918 ad
2165 1873 2371 1920 certum
2405 1863 2694 1920 terminum
2732 1873 3134 1938 perventuram.
3172 1871 3228 1920 et
3258 1863 3584 1934 quandoque
3606 1859 3657 1894 “

365 1959 498 2013 bono
524 1959 688 2028 ﬁxum
735 1969 808 2012 est
840 1958 880 2010 ⁸.
915 1955 1057 2012 Nam
1087 1957 1108 1989 ‘
1155 1958 1389 2011 divinum
1417 1957 1624 2029 quidem
1677 1956 1957 2010 consilium

363 2065 567 2120 semper
595 2059 642 2102 et
669 2049 691 2080 '
736 2047 1059 2104 immutabile
1115 2048 1305 2122 ubique
1330 2049 1351 2079 ⁸
1381 2065 1436 2103 se
1469 2048 1685 2118 {habet
1711 2061 1728 2099 :
1753 2063 1963 2100 conver-

365 2139 515 2194 sibile
549 2149 722 2193 autem
753 2149 962 2193 nostrae
984 2149 1205 2192 naturae
1238 2156 1342 2194 non
1373 2140 1427 2193 in
1473 2139 1614 2196 malo
1652 2139 1816 2212 fixum
1849 2155 1962 2194 ma;

366 2240 467 2284 net.
506 2228 660 2296 Quod
702 2230 836 2284 enim
877 2247 1078 2300 semper
1112 2232 1324 2290 omnino
1361 2239 1633 2298 movetur,
1664 2233 1710 2286 si
1747 2231 1958 2302 quidem

363 2319 433 2372 ad
465 2319 655 2372 bonum
687 2320 1065 2390 processionem
1087 2319 1350 2386 habuerit,
1373 2317 1586 2394 propter
1607 2322 1957 2377 eximietatem

370 2413 442 2466 rei
481 2412 856 2484 perquirendae
905 2429 1174 2484 nunquam
1207 2413 1404 2468 desinet
1447 2414 1510 2467 ab
1547 2415 1682 2484 ipso,
1713 2415 1802 2486 qui
1839 2431 1960 2467 sur-

367 2521 482 2558 sum
509 2513 606 2569 est,
639 2513 832 2557 meatu.
867 2500 991 2558 Non
1008 2497 1396 2566 enim'inreniet
1419 2507 1696 2562 terminum
1717 2507 1960 2580 quaesiti,

367 2599 456 2668 qui
477 2596 525 2633 "
548 2599 896 2652 nanciscentis
922 2595 1232 2652 stabilitabit
1275 2616 1502 2676 unquam
1532 2609 1748 2656 motum.
1791 2599 1888 2656 Sin
1921 2601 1961 2636 ¹¹

368 2692 436 2743 ad
462 2691 538 2756 id,
561 2691 702 2760 quod
731 2691 1054 2744 contrarium
1075 2699 1170 2755 est,
1200 2701 1398 2746 motum
1422 2693 1464 2724 ¹’
1487 2694 1792 2765 susceperit,
1814 2693 1900 2747 ubi
1921 2693 1962 2725 ¹³

367 2797 576 2836 cursum
607 2781 842 2836 malitiae
890 2783 1169 2852 peregerit,
1195 2792 1244 2837 et
1284 2783 1338 2838 in
1373 2785 1800 2840 sublimissimam
1835 2786 1964 2840 mali

370 2891 666 2928 mensuram
690 2875 976 2946 pervenerit
1008 2891 1026 2929 :
1056 2884 1180 2930 tunc
1199 2877 1342 2954 quod
1377 2893 1578 2950 semper
1605 2878 1798 2954 impetu
1846 2895 1962 2933 mo-

369 2975 536 3034 retur,
568 2965 770 3021 nullum
817 2973 882 3022 ea:
936 2976 1128 3023 natura
1176 2977 1373 3024 statum
1421 2969 1702 3036 inreuiens,
1751 2987 1868 3024 cum
1919 2969 1960 3002 ί¹⁶

368 3061 618 3130 spatium,
643 3061 784 3130 quod
805 3062 860 3116 in
899 3061 1106 3116 malitia
1135 3071 1230 3130 est,
1253 3069 1614 3118 transcursum
1657 3062 1841 3142 fuerit,
1876 3081 1962 3120 se-

371 3152 600 3208 cundum
625 3155 981 3210 necessitatem
1017 3155 1085 3208 ad
1118 3154 1162 3188 ¹⁹
1191 3155 1382 3214 bonum
1430 3153 1680 3212 convertit
1736 3163 1954 3212 motum.

2071 1955 2366 2010 desituram
2387 1955 2452 2010 2".
2479 1953 2691 2012 Sicnim
2709 1956 2886 2014 divina
2903 1955 3136 2022 bonitas,
3155 1971 3296 2031 quae
3319 1971 3534 2026 semper
3549 1970 3656 2014 non

2067 2045 2240 2100 solum
2267 2045 2320 2102 in
2365 2046 2542 2112 bouis,
2586 2061 2772 2104 verum
2809 2045 2974 2102 etiam
3007 2045 3061 2102 in
3102 2045 3260 2104 malis
3298 2047 3438 2104 bene
3465 2060 3658 2116 opera-

2068 2146 2173 2207 tur,
2216 2147 2435 2193 aeterna
2486 2145 2540 2191 et
2567 2136 2773 2192 inliuita
2805 2147 2888 2194 est
2915 2136 2982 2204 ’°,
3019 2138 3358 2198 contrarium
3387 2135 3507 2209 ejus
3555 2153 3654 2194 ue-

2063 2230 2304 2285 cessario
2380 2246 2485 2284 non
2544 2230 2648 2284 erit
2712 2239 2992 2290 aeternum
3058 2238 3114 2288 et
3167 2230 3486 2300 inﬁnitum;
3525 2232 3658 2294 alio-

2062 2321 2192 2393 quin
2249 2337 2352 2376 non
2385 2322 2489 2378 erit
2519 2321 2879 2390 contrarium,
2921 2336 3024 2382 nec
3054 2336 3119 2378 ex
3171 2323 3386 2383 diversa
3417 2325 3460 2358 '7
3502 2331 3660 2394 parte

2063 2415 2391 2488 oppositum.
2457 2413 2691 2468 Aeterna
2748 2414 3048 2489 siquidem,
3095 2417 3345 2490 quamvis
3396 2415 3660 2486 qualitate

2065 2505 2419 2578 discrepant,
2475 2505 2588 2562 sola
2651 2505 2992 2566 aeternitatis
3053 2507 3384 2580 aequalitate
3437 2509 3660 2568 sibimet

2063 2599 2412 2656 conveniunt.
2455 2597 2645 2652 Divina
2693 2613 2928 2668 namque
2975 2599 3148 2668 pietas
3193 2609 3355 2672 atque
3391 2601 3660 2660 severitas

2065 2689 2327 2764 qualitate
2357 2688 2660 2754 dissonaut,
2709 2687 2833 2743 dum
2876 2704 2979 2744 una
3021 2689 3220 2748 delicta
3261 2691 3438 2764 punit,
3483 2691 3655 2749 altera

2064 2777 2308 2850 indulget
2341 2797 2353 2832 :
2387 2779 2577 2833 ambae
2611 2789 2786 2832 tamen
2827 2790 3084 2837 aeternae
3124 2789 3268 2838 sunt.
3305 2779 3530 2838 Divinae
3563 2796 3658 2838 au-

2065 2879 2174 2927 tem
2230 2871 2457 2930 bonitati
2516 2871 2724 2932 malitia
2789 2873 3012 2932 omnino
3078 2873 3389 2948 opponitur.
3452 2865 3718 2932 Malitiaﬁ

2063 2961 2246 3034 itaque
2271 2963 2791 3024 consummationem
2825 2963 3076 3034 accipiet,
3108 2972 3163 3022 et
3192 2963 3244 3022 in
3279 2962 3425 3022 nulla
3461 2972 3658 3025 natura

2063 3056 2390 3126 remanebit,
2435 3056 2688 3126 quoniam
2735 3056 2788 3110 in
2832 3057 3085 3116 omnibus
3123 3057 3339 3118 bonitas
3377 3056 3560 3116 divina
3597 3066 3658 3120 et

2061 3153 2375 3232 operabitur
2395 3161 2450 3210 et
2474 3153 2774 3222 apparebit.
2791 3153 2870 3214 Ac
2899 3169 2995 3226 per
3017 3153 3120 3224 hoc
3143 3164 3392 3220 naturam
3414 3167 3656 3217 nostram
3721 3167 3724 3183 '

375 3244 513 3300 Nam
553 3247 679 3300 dum
707 3248 912 3302 malitia
963 3249 1018 3303 in
1055 3248 1320 3318 inﬁnitum
1362 3265 1464 3310 non
1499 3248 1836 3334 progreditur
1877 3248 1918 3280 “‘
1940 3289 1954 3318 ,
1985 3259 2032 3321 ο
2063 3264 2166 3308 non
2191 3265 2312 3308 esse
2343 3248 2392 3304 in
2424 3248 2564 3308 malo
2589 3248 2892 3314 ﬁxammec
2919 3249 3287 3314 fuwramcssc
3307 3265 3522 3322 semper
3548 3267 3660 3310 tua-

371 3337 461 3393 sed
490 3339 797 3395 necessariis
834 3340 1028 3410 ﬁnibus
1070 3341 1544 3420 comprehenditur,
1577 3350 1955 3420 consequenter

368 3429 488 3483 boni
524 3433 784 3488 successio
810 3431 966 3506 ﬁnem
1013 3430 1247 3490 malitiae
1289 3433 1525 3506 excipiet.
1553 3434 1627 3488 Ac
1660 3435 1758 3502 sic,
1785 3443 1840 3488 ut
1875 3433 1956 3488 di-

365 3529 504 3574 ctum
525 3529 618 3587 est,
644 3521 1058 3596 semper-mobile
1087 3532 1296 3580 nostrae
1322 3532 1540 3578 naturae
1569 3523 1750 3578 ultimo
1781 3540 1957 3580 recur—

367 3624 439 3668 ret
478 3614 530 3668 in
558 3615 746 3670 bonam
775 3615 912 3670 viam
944 3615 1012 3690 "_,
1039 3615 1166 3670 dum
1193 3633 1258 3670 ea:
1288 3617 1541 3683 memoria
1589 3617 1826 3696 priorum
1874 3619 1956 3673 in-

366 3703 675 3774 felicitatum
697 3706 1006 3780 castigatur,
1031 3723 1094 3760 ne
1115 3707 1170 3762 in
1191 3705 1434 3780 aequales
1458 3707 1653 3762 recidat
1673 3707 1734 3763 ".
1756 3707 1956 3766 Rursus

366 3795 530 3864 igitur
553 3797 648 3849 erit
677 3796 722 3827 "
755 3797 901 3852 nobis
937 3813 1122 3853 cursus
1149 3807 1206 3852 t‘n
1255 3797 1421 3866 bonis,
1471 3816 1531 3854 eo
1575 3800 1715 3872 quod
1761 3801 1956 3872 ﬁnibus

371 3886 674 3941 necessariis
699 3887 930 3942 malitiae
953 3897 1144 3943 natura
1172 3889 1705 3944 circurnterminatur.
1729 3888 1795 3944 Ut
1816 3893 1953 3945 enim

368 3972 694 4048 superiorum
721 3979 874 4048 periti
896 3977 941 4010 ’⁸
979 3978 1192 4036 luminis
1232 3982 1443 4059 quidem
1470 3999 1674 4036 onmem
1698 3984 1952 4038 mumlum

365 4068 577 4140 plenum
608 4085 719 4124 esse
747 4069 950 4136 dicunt,
971 4071 1208 4126 tenebras
1239 4089 1358 4126 vero
1401 4073 1724 4144 oppositione
1760 4073 1952 4128 terreni

365 4160 600 4229 corporis
637 4160 1087 4217 obumbralionem
1131 4163 1269 4232 ﬁeri,
1293 4179 1451 4234 quum
1481 4162 1691 4234 quidem
1742 4181 1774 4216 a
1823 4163 1950 4218 solis

363 4252 529 4306 radiis
579 4270 610 4307 a
653 4259 796 4322 tergo
835 4255 1121 4309 secundum
1176 4254 1402 4332 formam
1459 4254 1671 4308 rotundi
1716 4256 1951 4326 corporis

363 4343 546 4396 umbra
607 4345 776 4399 instar
811 4348 927 4405 coni
967 4347 1250 4403 claudatur
1285 4347 1372 4413 ⁸¹;
1425 4345 1506 4402 sol
1569 4349 1706 4408 enim
1769 4349 1952 4404 multi-

363 4431 570 4501 pliciter
637 4437 996 4507 magnitudine
1061 4449 1254 4494 terram
1333 4456 1586 4518 superans
1621 4481 1638 4508 ,
1703 4439 1992 4516 illamque.

2061 3339 2172 3414 lilia
2193 3339 2486 3408 detentam,
2517 3341 2610 3396 sed
2639 3341 2706 3397 ad
2723 3341 2928 3399 bonum
2953 3343 3106 3404 linito
3127 3342 3280 3402 omni
3297 3341 3439 3402 Inalo
3471 3357 3654 3404 rever-

2063 3447 2268 3499 suram,
2303 3433 2580 3512 praelatus
2625 3443 2814 3492 auctor
2843 3437 3059 3496 asserit.
3091 3437 3246 3494 Sicut
3273 3437 3417 3496 enim
3462 3438 3656 3506 umbra

2065 3534 2262 3592 terrae,
2291 3543 2454 3599 quam
2487 3538 2698 3588 noctem
2728 3528 3018 3600 appellant,
3051 3529 3104 3588 in
3150 3529 3294 3593 aéris
3321 3536 3376 3588 et
3417 3528 3656 3585 aetheris

2065 3617 2237 3690 spatia
2268 3633 2362 3689 per
2408 3618 2678 3678 inlinitum
2719 3633 2824 3678 non
2864 3619 3178 3690 porrigitur,
3211 3619 3305 3678 sed
3345 3619 3484 3678 intra
3523 3633 3656 3676 oen-

2068 3721 2180 3770 tum
2208 3711 2398 3784 viginti
2425 3713 2468 3750 ’8
2490 3728 2586 3775 sex
2619 3713 2784 3774 millia
2817 3714 3140 3777 stadiorum,
3181 3720 3241 3772 ut
3278 3712 3486 3784 physici
3533 3726 3658 3783 per-

2063 3803 2279 3868 hibeat,
2323 3805 2696 3862 coartantibus
2736 3819 2857 3863 eam
2895 3804 3132 3874 undique
3179 3803 3448 3877 solaribus
3491 3802 3657 3858 radiis

2063 3895 2210 3952 circa
2245 3905 2443 3958 terram
2473 3895 2704 3962 ditiusis,
2737 3895 2912 3953 instar
2938 3896 3061 3952 coni
3092 3895 3456 3957 acuminatur,
3495 3895 3568 3950 ita
3599 3901 3658 3948 ut

2060 3987 2276 4056 penitus
2319 3986 2537 4042 deﬁciat
2571 4005 2586 4048 ;
2619 3987 2700 4050 sic
2736 3986 2974 4053 malitia,
3005 3999 3147 4056 quae
3189 3986 3354 4044 veluti
3387 3985 3655 4057 quaedam

2059 4077 2250 4138 umbra
2291 4077 2612 4140 delictorum
2645 4087 2961 4140 nostrorum
3009 4087 3252 4136 nostram
3289 4085 3518 4146 occupat
3557 4092 3657 4131 ua-

2061 4179 2260 4234 turam,
2313 4169 2638 4226 abundantia
2690 4183 2955 4236 supernae
3000 4179 3361 4239 aeternaeque
3395 4171 3438 4208 "
3489 4167 3646 4222 boui~

2062 4262 2188 4323 tatis
2228 4261 2580 4328 coartabitur,
2607 4270 2663 4317 et
2705 4261 2926 4324 omnino
2969 4260 3308 4328 abolebitur,
3347 4260 3474 4319 dum
3507 4259 3652 4314 irrao

2064 4345 2346 4412 tionabiles
2389 4353 2660 4418 humanae
2703 4353 2921 4416 animae
2972 4361 3152 4414 niotus
3195 4353 3262 4412 ad
3305 4349 3652 4410 rationabiles

2061 4445 2308 4508 veritatis
2354 4445 2580 4512 aﬂ‘ectus
2623 4453 3010 4512 convertentur
3051 4459 3101 4504 ο.
3156 4444 3362 4508 Deinde
3411 4451 3652 4502 nostrum

1654 4595 1910 4651 VARIAE
1950 4596 2352 4654 LECTIONES.

432 4737 447 4767 ι
473 4727 516 4785 A
548 4737 602 4783 ut
632 4727 830 4804 magni.
909 4730 929 4759 ³
952 4728 1338 4804 Apermissum.
1411 4729 1436 4804 _'
1463 4727 1554 4804 Sic
1575 4727 2168 4804 CF_vicesiuuret_t_l,_A
2195 4729 2451 4804 vicesimp
2475 4729 2669 4802 primo.
2747 4729 2770 4764 ⁸
2791 4729 3048 4804 aﬂuent
3073 4731 3224 4802 fertis
3244 4731 3433 4804 inquit.
3519 4731 3542 4766 ⁸
3561 4729 3649 4788 CF

361 4797 1377 4874 qunnLquodsgmpersimiliter/labet
1405 4801 1456 4854 in
1489 4801 1620 4874 bono
1641 4801 1882 4874 faciens;
1989 4797 2076 4855 CF
2095 4797 2230 4874 'Setl.
2250 4801 2328 4874 μζ
2357 4797 2442 4855 CF
2467 4797 2639 4874 atque.
2737 4800 2873 4874 {CF
2893 4797 3454 4874 ubiquéimntutabile.
3542 4805 3564 4840 ⁹
3583 4822 3650 4874 se

362 4885 468 4942 (nn.
491 4867 595 4922 (ιν.
672 4867 852 4942 {Prov
869 4871 962 4942 qui
977 4869 1073 4942 illi
1091 4869 1220 4924 nihil
1241 4887 1344 4924 non
1367 4867 1656 4924 nascentis.
1696 4941 1703 4942 ί
1732 4871 1772 4906 ιι
1799 4871 1882 4925 Cl"
1904 4869 2103 4942 Neque.
2185 4871 2226 4902 "
2240 4869 2326 4925 CF
2353 4867 2688 4926 momentum.
2770 4872 2812 4902 ⁸³
2830 4889 2927 4942 pro
2951 4867 3132 4928 ubiCF
3155 4891 3272 4927 cum
3291 4891 3424 4928 vero.
3505 4873 3648 4942 {‘CF

363 4939 506 5011 (tum.
589 4942 630 4976 ι’
653 4939 739 4996 CF
769 4942 842 4996 iu.
882 4939 891 4942 ⁷
922 4940 966 4974 ¹⁶
991 4940 1075 5004 (JF
1103 4942 1482 5010 progrediatur.
1563 4942 1604 4972 ³⁷
1623 4941 1707 4996 (JF
1735 4951 1954 4998 nostrae
1979 4939 2205 4997 naturae
2226 4945 2413 4996 iterum
2441 4943 2663 5011 ﬁrmiter
2685 4945 2739 4998 in
2771 4939 2959 4997 bonum
2991 4953 3216 4998 recurret
3246 4946 3402 4999 viam.
3480 4940 3524 4974 *'
3559 4943 3646 4998 CF

361 5007 488 5084 dum
513 5021 576 5060 ex
602 5013 856 5084 memoria
888 5007 1128 5084 priorum
1158 5007 1618 5084 calamitatumad
1640 5011 1913 5084 essendum
1936 5015 2122 5084 iterum
2144 5013 2198 5068 iu
2217 5013 2297 5067 his
2318 5007 2454 5084 quae
2477 5023 2618 5068 recta
2634 5024 2779 5077 sunt,
2805 5016 3168 5084 compescitur.
3246 5015 3290 5048 “
3316 5015 3422 5068 Pro
3445 5013 3647 5068 Rursus

359 5076 521 5154 igitur
546 5077 637 5129 erit
665 5079 750 5154 CF
777 5076 903 5154 Non
922 5099 1045 5154 ergo
1067 5083 1274 5154 iterum.
1349 5081 1396 5114 ³⁸
1417 5079 1501 5134 CF
1519 5079 1741 5154 Utenim
1771 5084 1860 5152 qui
1891 5083 2117 5154 aetheria
2144 5076 2352 5154 sapiunt
2383 5086 2551 5154 spatia
2577 5076 2794 5145 luminis
2817 5076 3033 5154 quidem
3058 5093 3166 5146 eet.

3263 5087 3306 5118 “
3333 5085 3419 5142 CF
3451 5087 3648 5140 obum-

361 5144 670 5234 b'rationom
701 5149 860 5234 ﬁeri;
879 5144 1002 5234 θεῖς’
1024 5155 1122 5208 Ιιοσ
1141 5151 1352 5234 quidem
1372 5167 1474 5234 per
1499 5151 1742 5231 figuram
1773 5144 2169 5234 sphaeriformis
2205 5144 2437 5224 corporis
2469 5155 2739 5234 considero
2761 5144 2922 5234 solari
2952 5144 3249 5234 rudique-oni
3273 5154 3501 5234 ﬁgurant
3521 5171 3647 5208 cou-

359 5215 658 5295 cludente._
701 5221 744 5255 ³³
776 5220 860 5278 CF
889 5221 1066 5295 Solem
1091 5215 1210 5295 uero
1225 5215 1598 5290 multiplicitér
1622 5215 2008 5295 magnitudine:
2031 5231 2228 5295 terram
2259 5215 2508 5294 superans
2539 5225 2768 5295 undique
2795 5227 2959 5294 ipsum
2985 5223 3158 5276 radiis
3191 5224 3242 5276 in
3271 5215 3384 5295 giro
3421 5237 3648 5295 compre-

359 5286 697 5362 hendens,_in
725 5292 1041 5362 summitate.
1058 5293 1180 5348 coni
1204 5286 1591 5348 couuuissuras
1617 5286 1834 5346 luminis
1857 5291 2170 5362 copulando,
2203 5286 2357 5362 itaut
2375 5286 2958 5362 secundum'materiem
2983 5297 3026 5347 si
3051 5295 3200 5348 ﬁeret
3223 5286 3450 5362 cuipiam
3472 5286 3646 5348 virtus

357 5358 794 5432 transgrediendi
839 5377 1170 5432 metnsuram,
1217 5365 1266 5416 in
1317 5378 1479 5432 quam
1530 5363 1714 5417 umbra
1743 5355 2062 5418 extenditur.
2142 5355 2187 5396 ’³
2217 5361 2302 5418 CF
2352 5355 2657 5432 intelligere.

355 5426 404 5510 ξξ
435 5426 536 5510 Suc—
561 5427 682 5496 CF;
718 5431 766 5486 A
795 5426 1164 5502 defecturam.‘
1213 5433 1258 5464 ’⁸
1291 5426 1350 5488 Α’
1373 5442 1591 5490 acterna
1625 5441 1700 5489 est
1735 5444 1789 5489 et
1833 5434 2060 5510 inﬁnita.
2138 5437 2180 5467 ’⁷
2211 5432 2302 5490 Sic
2336 5433 2454 5502 GF;

355 5498 400 5536 ³⁸
439 5497 482 5556 Δ
519 5511 568 5554 et
611 5497 894 5559 aeternae.

2754 5365 2800 5400 "
2831 5364 3078 5434 Sic_CF;
3125 5364 3168 5416 A
3205 5364 3640 5434 quandocunque.

2589 5435 2828 5498 adversa.
2863 5483 2870 5492 .
2905 5431 2950 5468 ³⁸
2993 5435 3039 5490 Α
3082 5431 3300 5491 centum
3342 5443 3390 5488 et
3435 5431 3642 5508 viginti.

1877 5575 2127 5633 NOTAE.

427 5663 599 5754 ana,
632 5681 795 5754 quae
835 5666 1074 5754 Joannes
1130 5669 1486 5754 Scottis-jam
1545 5671 1612 5754 de
1659 5669 1948 5753 abolitione

355 5731 498 5814 mali
538 5731 958 5814 deqtiepoenis
1015 5755 1080 5795 ac
1134 5731 1437 5814 suppliciis
1467 5742 1786 5814 impiorum,
1835 5742 1947 5814 sive

354 5802 656 5876 hominum,
706 5802 820 5864 sive
857 5802 1214 5882 daemonum;
1237 5802 1350 5868 'cet.
1407 5802 1692 5888 disputat,"
1728 5802 1944 5870 veritatl

2058 5672 2359 5744 catholicae
2388 5671 2611 5744 omnino
2637 5685 2958 5744 repugnare,
2989 5669 3073 5734 vix
3116 5677 3218 5732 est,
3251 5670 3396 5744 quod
3422 5685 3647 5744 monea-

2055 5759 2194 5814 mus.
2239 5741 2321 5800 Cl.
2370 5744 2436 5798 de
2467 5740 2673 5814 Joanne
2701 5740 2886 5814 Scuto
2919 5743 3442 5813 Comutﬂttlalltttlﬂll
3479 5740 3542 5806 Ρ.
3575 5741 3645 5814 li,

2054 5811 2176 5888 957
2207 5829 2369 5888 supra
2400 5812 2502 5870 col.
2526 5813 2594 5871 78
2622 5821 2677 5871 et
2711 5813 2798 5872 79.
