4212 6272
409 405 516 460 925

1267 401 1356 454 DE
1393 397 1732 457 DIVISIONE
1769 397 2121 454 NATURAE.
2164 429 2230 440 —-
2271 395 2474 452 LIBER
2514 395 2840 463 QUINTUS.

3569 397 3674 451 θέρε

402 519 568 590 biguo
593 515 810 588 posita,_
844 521 902 570 ut
947 522 1002 568 tu
1033 513 1148 584 ipse
1188 510 1398 577 fateris,
1431 512 1528 566 tibi
1573 511 1844 578 videntur,
1892 528 1990 566 ue—
2015 526 2063 588 Α
2091 525 2198 581 que
2235 509 2461 566 scientia
2509 525 2672 565 causa
2724 519 2808 564 est
2842 509 3211 578 existentium,
3261 509 3506 580 ideoque,
3538 513 3682 584 quies

404 608 710 665 cessaritun
739 605 974 662 arbitror
997 645 1010 670 ,
1040 619 1106 659 ea
1139 611 1405 674 repetere,
1453 603 1508 657 in
1536 604 1734 674 quibus
1759 603 1996 658 titubare

402 702 624 766 videris,
667 708 726 754 ut
764 697 968 753 sedatis
1001 697 1308 752 animorum
1363 696 1619 752 ﬂuctibus
1667 696 1880 751 ﬁrmam
1932 697 1998 752 de

401 793 514 859 bis,
539 805 679 861 quae
705 791 848 846 inter
869 803 968 845 nos
983 788 1320 858 quaerimus,
1345 786 1620 860 proferam
1644 789 1994 854 sententiam,

401 899 469 938 ne
522 881 724 936 diutius
788 879 1085 949 amphiboli
1133 881 1150 910 ί
1198 879 1500 945 videmur,
1549 879 1626 936 nil
1682 879 1750 934 ad
1800 895 1996 950 purum

399 975 770 1030 diseutientes.
805 972 954 1028 Disc.
981 971 1066 1026 lta
1091 970 1206 1028 ﬁat.
1243 971 1382 1028 Msa.
1431 972 1624 1026 Divin
1649 971 1834 1027 animo
1879 986 1994 1026 om-

397 1066 488 1120 nia
529 1063 802 1118 contineri
829 1061 1012 1116 nullus
1047 1071 1194 1118 recte
1221 1071 1444 1118 naturas
1473 1077 1656 1118 rerum
1686 1062 1994 1132 intelligens

401 1155 638 1212 dubitat.
671 1154 824 1210 Disc.
853 1153 994 1210 Hinc
1025 1155 1275 1210 dubitare
1303 1153 1612 1218 ridiculum,
1641 1156 1766 1210 dum
1807 1169 1996 1212 omnes

399 1246 676 1316 sapientes
727 1243 876 1298 nullo
905 1245 1066 1300 modo
1101 1243 1154 1298 in
1195 1244 1300 1299 hoc
1333 1243 1686 1311 dissentiunt,
1713 1244 1998 1300 audientes

401 1337 724 1408 Apostolum
757 1337 1026 1392 dicentem
1058 1354 1070 1390 :
1100 1336 1186 1391 Ea:
1211 1339 1324 1407 ipso
1345 1348 1392 1392 et
1407 1355 1499 1407 per
1521 1339 1694 1409 ipsum
1730 1349 1778 1394 et
1807 1341 1864 1394 in
1886 1340 1996 1409 ipsa

406 1441 456 1484 et
477 1430 546 1482 ad
570 1429 742 1498 ipsum
770 1437 892 1482 sunt
921 1428 1118 1482 omnia.
1166 1427 1460 1500 Dionysius
1481 1430 1810 1500 Areopagita
1847 1430 1996 1500 capi-

411 1521 526 1576 tulo
555 1522 786 1592 septimo
817 1521 884 1575 de
913 1520 1110 1576 divinis
1139 1518 1460 1578 Nominibus
1494 1536 1510 1576 :
1543 1521 1728 1576 Omnis
1747 1561 1768 1587 ,
1797 1521 1994 1590 inquit,

406 1613 572 1669 animi
609 1621 660 1668 et
703 1611 948 1677 rationis,
987 1621 1038 1664 et
1065 1628 1248 1666 sensus
1274 1615 1468 1679 omnis,
1517 1613 1696 1668 dicina
1737 1613 2000 1682 sapientia,

404 1715 452 1761 et
473 1707 791 1775 principium
825 1713 876 1760 ct
911 1719 1076 1759 causa
1103 1713 1150 1760 et
1191 1703 1490 1758 substantia
1515 1713 1572 1758 et.
1613 1705 1992 1758 consummatio

401 1807 449 1852 et
475 1796 716 1852 custodia
743 1807 792 1851 et
820 1795 940 1866 [ous
981 1797 1180 1850 dicitur
1203 1805 1226 1838 ι
1249 1804 1413 1851 etest.
1437 1795 1640 1851 Beatus
1671 1785 1994 1852 Ambrosius

2102 600 2234 670 quid
2277 600 2447 666 novit,
2493 615 2718 654 necesse
2742 609 2824 654 est
2855 598 2908 652 in
2943 609 3132 654 natura
3161 617 3339 654 rerum
3368 601 3504 656 ﬁeri.
3538 601 3686 670 Quod

2099 700 2280 746 autem
2295 691 2348 744 in
2364 699 2556 746 natura
2578 707 2756 746 rerum
2773 707 2878 746 non
2896 691 3190 756 invenitur,
3210 693 3352 748 nullo
3371 695 3527 750 modo
3543 696 3595 749 in
3615 695 3686 749 di-

2099 785 2222 837 vina
2251 784 2478 837 scientia
2507 783 2734 838 inveniri
2763 785 3014 854 possibile
3035 793 3136 840 est.
3171 783 3308 842 MAG.
3339 787 3481 842 Deus
3507 787 3687 857 itaque

2098 875 2290 942 impios
2303 875 2476 928 nescit
2491 884 2544 929 et
2573 875 2791 944 angelos
2804 883 2858 929 et
2877 877 3146 942 homines,
3161 893 3459 948 omnesque
3474 881 3689 934 divinae

2097 967 2229 1036 legis
2243 967 2724 1035 praevaricatores.
2748 969 2892 1022 Disc.
2914 969 3126 1024 Illorum
3147 971 3478 1028 substantias
3499 989 3687 1030 omne-

2096 1059 2369 1128 que,quod
2385 1057 2436 1111 in
2453 1057 2532 1112 eis
2548 1055 2694 1122 fecit,
2713 1059 2832 1112 etin
2849 1059 2962 1127 ipso
2980 1061 3242 1126 subsistit,
3262 1063 3428 1117 novit:
3445 1064 3584 1134 quod
3601 1079 3688 1118 au-

2099 1164 2204 1210 tem
2223 1154 2436 1208 illorum
2463 1153 2728 1224 perversis
2757 1155 2992 1209 motibus
3011 1163 3234 1210 naturae
3260 1156 3328 1208 ab
3354 1157 3468 1226 ipso
3485 1159 3686 1212 substi-

2099 1253 2246 1300 tutae
2258 1244 2474 1310 accidit,
2500 1245 2725 1298 omnino
2739 1245 2969 1314 ignorat.
2989 1244 3122 1298 Nam
3140 1246 3392 1316 quicquid
3415 1265 3520 1302 non
3539 1250 3684 1316 fecit,

2097 1353 2192 1394 sua
2207 1337 2432 1394 scientia
2449 1337 2663 1408 penitus
2678 1336 2910 1390 alienum
2928 1345 3026 1390 est.
3049 1336 3184 1392 MAG.
3205 1339 3279 1392 De
3298 1337 3508 1393 divinae
3529 1351 3688 1392 natu-

2097 1443 2210 1494 rae,
2225 1429 2600 1498 omniumque,
2625 1442 2764 1496 quae
2793 1427 2844 1482 in
2862 1429 2972 1497 ipsa
2989 1438 3042 1482 et
3067 1444 3160 1498 per
3183 1432 3352 1500 ipsam
3368 1432 3502 1486 etad
3519 1432 3690 1500 ipsam

2097 1530 2152 1576 et
2180 1536 2246 1575 ex
2275 1520 2388 1590 ipsa
2431 1517 2573 1575 facta
2603 1527 2762 1585 sunt,
2794 1521 3130 1586 aeternitate,
3165 1531 3220 1576 et
3267 1525 3406 1591 quod
3435 1524 3546 1594 ipsa
3581 1523 3692 1578 Sola

2094 1627 2222 1667 vere
2248 1626 2312 1666 ac
2332 1613 2352 1644 ³
2379 1611 2726 1684 singulariter
2765 1622 2984 1668 aeterna
3019 1615 3108 1678 sit,
3139 1621 3193 1668 et
3233 1615 3374 1684 quod
3413 1630 3572 1670 omne
3601 1631 3692 1670 ae-

2095 1709 2305 1759 ternum
2319 1703 2728 1774 participatione
2746 1706 3081 1760 aeternitatis
3109 1707 3176 1762 sit
3199 1717 3480 1762 aeternum
3506 1708 3568 1773 '°,
3587 1725 3690 1764 non

2095 1797 2334 1864 dubitas,
2352 1799 2534 1852 credo.
2553 1797 2698 1852 Dtsc.
2717 1798 2996 1864 Quomodo
3009 1799 3320 1864 dubitarim,
3346 1799 3470 1854 dum
3491 1800 3613 1854 talia
3640 1811 3694 1855 ct

401 1890 456 1946 in
479 1889 820 1960 expositione
849 1889 904 1944 in
931 1888 1136 1944 Lucam
1165 1887 1518 1944 introducens
1542 1885 1848 1956 apostolum
1878 1903 1890 1938 :
1922 1884 1992 1940 In
2019 1887 2067 1947 B
2095 1889 2234 1944 ratio
2278 1899 2334 1944 et
2381 1889 2560 1942 divina
2597 1892 2890 1944 auctoritas
2935 1890 3240 1960 approbat?
3279 1890 3336 1944 Si
3364 1891 3506 1944 enim
3557 1907 3692 1944 llltlts

401 1981 652 2050 Domino,
683 1981 878 2050 inquit,
908 1981 1038 2036 Iesu
1075 1982 1252 2034 omnia
1274 1981 1486 2034 condita
1514 1989 1636 2034 sunt
1672 1981 1730 2034 in
1748 1979 1906 2032 caelis
1937 1987 1988 2032 et

399 2072 456 2125 in
485 2081 654 2136 terra,
679 2071 908 2126 cisibits'a
939 2081 988 2126 et
1029 2069 1340 2136 inuisibilia,
1378 2079 1428 2124 et
1455 2072 1566 2140 ipse
1608 2079 1684 2124 est
1725 2078 1846 2122 ante
1884 2083 1992 2122 om-

401 2179 512 2228 nes,
543 2175 594 2218 st
633 2164 810 2217 omnia
837 2162 898 2216 in
943 2162 1054 2232 ipso
1103 2170 1367 2216 constant.
1413 2159 1730 2216 Ceterorum
1768 2159 1988 2214 Patrum

408 2259 704 2314 sententias
725 2259 796 2313 de
815 2259 920 2313 hoc
941 2272 1146 2328 ponere
1169 2257 1392 2328 longum
1428 2267 1542 2322 est,
1563 2263 1620 2312 et
1659 2269 1770 2310 non
1795 2270 1988 2310 neces-

408 2351 633 2404 sarium.
664 2349 802 2405 Iac.
833 2349 894 2404 Si-
919 2349 1094 2420 ergo8
1133 2351 1190 2404 in
1233 2349 1418 2404 animo
1469 2348 1660 2404 divino
1692 2347 1998 2404 subsistunt

409 2442 618 2507 omnia,
641 2441 952 2496 tribuentes
978 2442 1152 2511 ipsum
1179 2440 1468 2496 conﬁcitur
1495 2455 1637 2497 esse.
1669 2442 1818 2496 Diae.
1842 2440 1864 2470 ’⁵
1893 2438 1996 2494 Su-

409 2545 512 2600 pra
535 2544 698 2600 quem
725 2531 812 2585 vei
835 2531 864 2562 ⁵·
892 2529 1034 2586 infra
1075 2531 1158 2602 vel
1185 2541 1340 2586 extra
1395 2531 1534 2586 nihil
1571 2539 1674 2587 est.
1705 2529 1846 2586 Msa.
1871 2529 1998 2586 0m-

413 2621 550 2676 nino—
598 2622 778 2691 itaque
802 2621 824 2652 ⁸
865 2623 980 2692 ipse
1023 2630 1108 2678 est
1131 2622 1334 2678 omnia.
1387 2623 1536 2678 Disc.
1567 2620 1822 2680 Omnino.
1859 2619 1996 2687 Quid

411 2713 556 2768 enim
585 2713 738 2768 aliud
759 2713 942 2768 omnia
967 2722 1116 2779 sunt,
1153 2715 1260 2769 nisi
1289 2729 1476 2770 eorum
1505 2714 1562 2768 in
1587 2714 1770 2768 divino
1813 2713 1998 2769 animo

413 2805 664 2870 scientia,
683 2805 824 2861 sicut
852 2805 932 2860 ait
949 2806 1006 2859 in
1026 2805 1270 2877 praefato
1294 2805 1530 2876 capitulo
1549 2805 1837 2876 Dionysius
1863 2823 1876 2858 :
1899 2804 1996 2860 Di—

411 2899 562 2951 vinas
600 2897 808 2952 animus
847 2898 1026 2952 omnia
1063 2897 1324 2963 continet,
1347 2897 1584 2952 omnibus
1607 2905 1804 2948 remota
1829 2895 1996 2949 scien—

407 2987 504 3053 tia,
522 2989 686 3056 juxta
720 2989 956 3042 mium
982 3003 1206 3043 causam
1219 2989 1276 3042 in
1289 2989 1457 3058 seipse
1475 2989 1706 3042 omnium
1723 2987 1994 3041 scientiam

411 3081 796 3152 praeanin'ens,
847 3081 1152 3151 priusquam
1179 3079 1352 3151 angeli
1383 3080 1592 3149 ﬁerent,
1623 3079 1794 3134 sciens
1831 3089 1878 3132 et
1906 3082 2012 3154 ad—_

407 3173 602 3227 ducens
645 3170 878 3241 angelos,
925 3179 976 3225 et
1003 3171 1114 3225 alia
1142 3172 1316 3225 omnia
1347 3173 1418 3224 ab
1439 3171 1600 3236 intus,
1633 3180 1680 3224 et
1715 3170 1778 3224 ab
1809 3186 1886 3234 eo,
1937 3181 1994 3224 ut

2093 1978 2234 2034 Deus
2259 1986 2342 2034 est
2387 1993 2554 2034 causa
2581 1979 2820 2034 omnium
2852 1995 2914 2036 ac
2945 1981 2985 2011 “
3027 1980 3148 2036 ﬁnis
3171 2023 3186 2046 ,
3231 1983 3496 2051 sequitur,
3547 1983 3690 2051 quod

2093 2069 2242 2126 solus
2265 2069 2610 2140 singulariter
2649 2063 2900 2125 aeternus
2958 2073 3046 2138 sit,
3079 2080 3134 2124 et
3176 2086 3366 2136 omne,
3397 2071 3540 2140 quod
3567 2087 3690 2126 eum

2092 2161 2406 2232 participat,
2451 2161 2787 2232 solummodo
2837 2170 3114 2216 aeternum
3163 2176 3304 2216 esse.
3353 2159 3494 2228 Quid
3545 2162 3694 2216 enim

2095 2264 2374 2312 aeternum
2401 2268 2523 2310 esse
2553 2263 2732 2324 potest
2757 2265 2972 2325 praeter
3001 2256 3172 2324 ipsum
3191 2296 3206 2320 ,
3243 2265 3298 2309 et
3325 2255 3465 2324 quod
3495 2254 3546 2308 in
3577 2255 3692 2324 ipso

2094 2345 2236 2402 etab
2263 2346 2381 2416 ipso
2406 2346 2608 2402 factum
2633 2355 2714 2402 est
2736 2347 2758 2400 ’ἰ
2787 2346 2926 2402 the.
2949 2346 3206 2400 Malitiam
3237 2345 3692 2416 pedissequasque

2095 2437 2208 2510 ejus
2229 2479 2244 2503 ,
2275 2447 2506 2494 mortem
2541 2437 2661 2492 dico
2691 2445 2746 2494 et
2785 2437 3080 2502 miseriam,
3121 2437 3564 2506 diversormnque
3609 2437 3694 2489 de-

2095 2531 2344 2603 lictorum
2371 2545 2576 2602 poenas
2605 2529 2961 2584 arbitrarisne
2990 2544 3018 2583 a
3051 2528 3160 2584 Deo
3189 2527 3362 2584 factas
3384 2568 3399 2592 ,
3429 2536 3520 2580 aut
3555 2527 3692 2580 divi-

2095 2638 2198 2678 nae
2223 2623 2440 2678 virtutis
2469 2623 2760 2693 participes
2773 2623 2934 2677 esse?
2957 2619 3090 2674 Nam
3118 2620 3260 2691 quod
3285 2620 3544 2690 scriptum
3569 2628 3648 2673 est
3674 2638 3684 2674 :

2097 2711 2244 2768 Mors
2271 2724 2320 2768 et
2357 2716 2462 2768 vita
2493 2731 2526 2767 α
2571 2713 2794 2770 Domino
2825 2713 2934 2770 Deo
2961 2725 3034 2768 cst
3055 2753 3072 2778 ,
3111 2727 3218 2768 non
3247 2713 3312 2766 dc
3357 2712 3443 2766 illa
3491 2720 3688 2774 morte,

2097 2823 2206 2877 qua
2233 2807 2460 2866 moritur
2489 2807 2798 2862 humanitas
2837 2806 3140 2876 peccando,
3171 2820 3451 2876 poenaque
3481 2804 3686 2874 peooati

2104 2899 2470 2967 subsequente
2495 2911 2590 2969 per
2611 2897 3010 2968 corruptionem
3035 2895 3280 2958 solvitur,
3306 2893 3537 2950 arbitror
3569 2910 3688 2948 esse

2097 2990 2324 3054 dictum,
2355 2990 2448 3044 sed
2480 2990 2544 3044 de
2571 2989 2684 3054 illa,
2715 2989 2782 3044 de
2803 3005 2906 3058 qua
2937 2987 3222 3042 Psalmista
3249 2988 3380 3042 dicit
3406 3005 3416 3040 :
3451 2986 3690 3040 Pretiosa

2097 3081 2152 3133 in
2191 3092 2468 3150 conspectu
2501 3079 2714 3134 Domini
2755 3097 2896 3134 mors
2944 3090 3248 3136 sanctorum
3290 3080 3432 3150 ejus,
3457 3081 3558 3133 hoc
3586 3089 3690 3145 est,

2097 3169 2366 3238 pretiosus
2415 3169 2920 3242 purgatissimarum
2969 3169 3272 3224 animarum
3333 3170 3386 3223 in
3447 3163 3690 3224 intimam

407 3267 484 3319 sic
509 3265 702 3330 dicant,
717 3266 978 3334 principio
1011 3266 1180 3319 sciens
1216 3273 1264 3317 et
1289 3265 1635 3318 inessentiam
1667 3263 1882 3318 ducens.
1927 3261 1992 3316 Et
2021 3247 2065 3307 C
2099 3261 2340 3314 veritatis
2371 3261 2902 3332 contemplationem,
2939 3277 3076 3330 (piae
3103 3275 3230 3316 vere
3255 3277 3382 3316 vera
3413 3261 3691 3315 beatitudo

405 3357 742 3411 hocarbitror
770 3357 982 3410 tradere
1001 3355 1292 3426 eloquium,
1321 3371 1440 3410 cum
1472 3357 1546 3410 ait
1571 3369 1590 3408 :
1614 3356 1784 3410 sciens
1815 3354 1992 3408 omnia

409 3459 526 3504 ante
551 3451 938 3520 generationem
968 3463 1170 3502 eorum.
1221 3445 1348 3502 Non
1387 3450 1528 3502 enim
1565 3465 1630 3502 ea;
1658 3447 1994 3502 existentibus

406 3541 684 3596 existentia
715 3539 991 3594 addiscons
1027 3540 1166 3592 nouit
1206 3539 1414 3592 divinus
1471 3539 1702 3604 animus,
1729 3539 1820 3594 sed
1853 3555 1920 3594 ea;
1941 3555 1996 3592 se

405 3643 454 3687 et
481 3632 538 3685 in
561 3647 616 3684 se
649 3630 938 3684 secundum
985 3645 1200 3684 causam
1239 3629 1476 3684 omnium
1521 3630 1796 3684 scientiam
1827 3639 1876 3684 et
1904 3645 1994 3684 co-

406 3723 684 3792 gnitionem
713 3721 938 3791 praefert
962 3731 1008 3776 et
1051 3721 1471 3775 ante-coambioit
1515 3734 1533 3772 :
1569 3737 1670 3775 non
1711 3721 1996 3774 secundum

407 3814 626 3881 speciem
671 3811 880 3881 singula
938 3810 1315 3882 contemplans,
1368 3811 1458 3866 sed
1505 3811 1788 3864 secundum
1835 3827 1994 3864 unam

351 3914 354 3917 ·
409 3919 602 3956 causae
655 3903 1102 3958 circumstantiam
1155 3902 1334 3956 omnia
1379 3902 1546 3956 sciens
1601 3910 1650 3956 et
1701 3902 1990 3965 continens,

406 3995 542 4048 sicut
567 4003 614 4046 et
645 3993 736 4046 tua
773 3993 1056 4048 secundum
1099 4009 1314 4048 causam
1361 3994 1418 4048 in
1451 3994 1620 4063 seipsa
1647 3993 1994 4063 cognitionem

406 4088 742 4142 tenebrarum
775 4087 1090 4158 procumbit,
1137 4103 1242 4141 non
1288 4086 1502 4140 aliunde
1549 4086 1726 4140 uidens
1759 4088 1994 4140 tenebras

401 4175 1020 4249 guam—a-iumineJemct
1035 4178 1198 4247 iy‘tur
1211 4177 1392 4230 divina
1403 4176 1664 4245 sapientia
1679 4191 1992 4245 cognoscens

405 4268 672 4335 cognoscit
689 4279 864 4320 omina
889 4266 1307 4322 immateriaiiter
1329 4265 1647 4328 materiatio,
1674 4275 1721 4320 et
1745 4283 1848 4320 non
1865 4283 1992 4338 par-

406 4360 498 4412 tite
509 4359 728 4424 partita,
751 4369 802 4413 et
829 4359 996 4414 multa
1021 4357 1412 4424 uniuersaliter,
1426 4358 1488 4412 in-
1509 4357 1596 4412 se'
1611 4357 1722 4427 ipso
1745 4373 1850 4412 uno
1877 4373 1990 4412 om-

412 4451 504 4504 nia
533 4461 580 4504 et
613 4467 926 4521 cognossem
965 4462 1012 4506 et
1038 4452 1326 4507 adducens.
1368 4451 1584 4506 Etenim
1621 4451 1668 4506 si
1703 4451 1990 4506 secundum

403 4563 565 4600 unam
587 4563 804 4603 eamus
831 4547 976 4604 Deus
997 4549 1240 4603 omnibus
1265 4548 1604 4604 existentibus
1639 4563 1749 4602 esse
1773 4548 1938 4602 tradit
1967 4561 1986 4600 :

401 4639 688 4693 secundum
713 4641 938 4694 andem
961 4642 1174 4696 unicam
1217 4655 1434 4695 causam
1462 4641 1608 4695 sciuit
1659 4642 1854 4705 omnia,
1885 4651 1942 4694 ut
1964 4640 1988 4672 ⁸
2017 4619 2066 4678 Ῑ)

400 4742 466 4781 ea:
489 4729 604 4798 ipso
635 4729 942 4794 catistentia,
971 4739 1022 4784 et
1069 4730 1126 4784 in
1153 4730 1268 4799 ipso
1295 4741 1418 4786 ante
1457 4731 1776 4795 substituto;
1809 4741 1860 4784 et
1883 4747 1988 4784 non

403 4831 466 4868 ea:
489 4819 830 4873 existentibus
865 4820 1086 4889 accipiet
1137 4835 1318 4874 eorum
1345 4821 1637 4886 scientiam,
1665 4828 1756 4875 sed
1785 4831 1834 4876 et
1861 4821 1988 4891 ipsis

405 4905 636 4974 singulis—
651 4925 836 4964 sorum
851 4911 1104 4966 scientiae
1147 4913 1244 4966 erit
1288 4913 1530 4982 largitor.
1575 4912 1714 4969 the.
1765 4913 2022 4970 Divinas.

405 4997 590 5066 itaque
631 5004 848 5060 animus
877 5003 1086 5060 nullum
1119 5005 1320 5060 malum
1365 5005 1678 5075 nullamque
1726 5009 1987 5063 malitiam

405 5087 580 5142 novit.
611 5089 758 5146 Nam
775 5095 822 5150 si
865 5107 1068 5164 nosset,
1093 5099 1524 5155 substantialtter
1546 5101 1874 5166 extitissent,
1897 5116 1990 5155 ne-

404 5193 512 5245 que
538 5193 710 5236 causa
729 5189 1140 5245 «iamiam
1167 5204 1296 5245 vero
1321 5198 1378 5244 et
1395 5203 1560 5244 causa
1581 5199 1788 5256 carent,
1813 5207 1878 5246 ae
1897 5207 1992 5260 per

404 5267 510 5322 hoc
535 5269 600 5323 in
619 5285 864 5328 numero.
895 5277 1234 5334 conditarum
1281 5288 1606 5332 naturarum
1629 5279 1994 5335 essentialiter

403 5372 510 5413 non
537 5368 690 5426 sunt,
737 5362 968 5434 ideoque
989 5368 1216 5422 Omnino
1240 5367 1420 5424 divina
1450 5368 1756 5422 alienantur
1779 5371 1990 5426 notitia.

401 5447 547 5506 Disc.
579 5451 750 5508 Aliter
771 5453 996 5527 intelligi
1025 5473 1152 5514 vera
1165 5475 1272 5515 non
1295 5459 1423 5515 sinit
1447 5461 1600 5516 ratio.
1627 5461 1818 5516 Divina
1839 5479 1994 5517 nam-

2098 3366 2182 3408 est
2223 3363 2278 3410 et
2320 3356 2630 3422 aeternitas,
2675 3356 2951 3410 transitus.
2985 3353 3054 3410 Et
3106 3356 3242 3408 haec
3267 3365 3350 3410 est
3377 3371 3544 3419 mors,
3585 3372 3690 3426 qua

2099 3448 2344 3518 religiose
2371 3448 2640 3514 viventes,
2667 3448 2756 3517 pie
2787 3448 2830 3487 ¹ί
2862 3456 3116 3516 casteque
3143 3447 3312 3502 Deum
3337 3462 3492 3501 suum
3523 3463 3687 3516 quae-

2097 3549 2302 3608 rentes,
2331 3541 2504 3596 adhuc
2537 3541 2591 3594 in
2625 3542 2727 3596 hac
2750 3540 2966 3596 mortali
3000 3542 3106 3594 vita
3135 3541 3418 3594 constituti
3450 3539 3689 3593 moriun-

2101 3643 2214 3700 tur,
2247 3635 2302 3689 in
2325 3634 2544 3704 speculo
2565 3644 2621 3688 et
2652 3634 2978 3704 aenigmate,
3008 3632 3150 3702 quod
3189 3639 3476 3700 quaerunt,
3508 3631 3692 3684 viden-

2098 3735 2212 3791 tes,
2256 3725 2308 3778 in
2339 3724 2520 3780 futuro
2573 3739 2698 3780 vero
2752 3725 2803 3778 in
2851 3725 3134 3794 pristinam
3185 3724 3398 3778 divinae
3443 3721 3688 3794 imaginis

2096 3817 2444 3888 dignitatem,
2471 3818 2536 3870 ad
2577 3833 2738 3886 quam
2777 3815 2912 3872 facti.
2956 3825 3124 3882 sunt,
3176 3815 3486 3880 reversuri,
3515 3815 3685 3884 ipsum

2093 3907 2262 3962 Deum
2291 3908 2424 3976 {acie
2451 3908 2520 3960 ad
2551 3909 2740 3977 faciem
2759 3948 2776 3972 ,
2805 3915 3064 3976 quantum
3112 3917 3398 3961 creaturae
3445 3921 3690 3976 conlpre-

2093 4000 2342 4054 hensibili
2372 4007 2428 4054 et
2455 3999 2776 4070 iutelligibili
2807 3997 2886 4052 fas
2911 3999 2976 4064 ¹³,
3011 3997 3603 4066 incomprehensibilem
3635 4004 3689 4050 et

2095 4088 2482 4160 intelligibilem
2552 4087 2972 4144 univcrsalitatis
3023 4103 3263 4152 causam,
3298 4101 3458 4156 super
3507 4087 3686 4141 omnia

2093 4180 2354 4244 exaltati,
2404 4177 2544 4234 faeie
2602 4181 2672 4234 ad
2730 4179 2944 4244 facient,
3009 4179 3111 4232 boc
3173 4185 3294 4240 est,
3325 4177 3570 4247 proxima
3613 4177 3684 4232 illi

2097 4271 2424 4344 tlteOpbania
2473 4271 2642 4326 visuri
2671 4279 2826 4335 sunt,
2857 4270 2996 4324 sicut
3037 4269 3114 4323 ait
3158 4267 3490 4338 Apostolus:
3531 4267 3685 4322 Vnic-

2095 4383 2212 4420 mus
2245 4383 2380 4420 nunc
2407 4381 2500 4435 per
2523 4363 2796 4435 speculum
2835 4373 2882 4416 et
2923 4364 2977 4416 in
3023 4361 3346 4432 aenigmate,
3365 4369 3488 4412 tunc
3513 4369 3683 4413 (intem

2094 4457 2228 4527 [acie
2254 4457 2324 4512 ad
2363 4455 2574 4526 faciem,
2611 4453 2802 4508 faciem
2835 4452 3112 4523 appellans
3142 4449 3681 4520 comprehensibilem

2093 4549 2364 4620 quandam
2413 4547 2650 4600 humano
2681 4544 2974 4600 intellectui
3019 4543 3232 4598 divinae
3259 4541 3476 4596 virtutis
3502 4584 3516 4608 ,
3547 4557 3686 4614 quae

2094 4656 2126 4696 a
2159 4638 2301 4694 nulla
2325 4645 2578 4692 creatura
2613 4651 2710 4706 per
2739 4637 2970 4706 seipsam
2999 4633 3346 4706 perspicitur,
3389 4632 3685 4715 apparitio.—

2097 4744 2242 4784 nem.
2275 4727 2446 4782 Porro
2491 4727 2536 4782 si
2577 4727 2780 4782 malitia
2811 4735 2865 4782 et
2914 4743 3057 4782 mors
3101 4735 3156 4780 et
3198 4724 3416 4780 miseria
3459 4733 3683 4780 naturae

2098 4823 2232 4880 adeo
2260 4821 2509 4877 conditae
2539 4837 2840 4892 repugnans
2863 4863 2878 4888 ,
2923 4837 3098 4894 neque
3144 4821 3198 4874 in
3231 4835 3394 4876 causa
3440 4821 3680 4874 omnium

2095 4913 2260 4978 facta,
2295 4927 2468 4982 neque
2493 4912 2609 4982 ejus
2653 4914 2924 4981 particeps
2962 4923 3076 4977 est,
3111 4913 3296 4978 mirqr,
3324 4925 3429 4982 qua
3474 4911 3682 4964 ratione

2096 5007 2380 5072 deliberas,
2407 5016 2463 5061 et
2485 5007 2750 5074 haesitas,
2775 5009 3036 5062 malitiam
3067 5016 3406 5078 mortemque
3433 5015 3680 5062 aeterno-

2095 5113 2214 5152 rutn
2247 5105 2636 5152 tormentorum
2677 5097 2736 5152 in
2778 5097 3138 5160 humanitate,
3178 5111 3342 5166 quam
3389 5104 3555 5150 totam
3585 5096 3680 5150 Dei

2097 5189 2328 5246 Verbum
2357 5191 2410 5244 in
2437 5190 2614 5260 seipse
2655 5199 2990 5259 assumptum
3025 5187 3312 5252 liberavit,
3333 5184 3682 5242 aclernaliter

2093 5297 2524 5351 permansurum,
2575 5297 2708 5338 cum.
2739 5297 2868 5338 vera
2893 5283 3036 5338 ratio
3061 5282 3270 5346 doceat,
3299 5265 3504 5334 nullum
3546 5293 3680 5334 con-

2094 5373 2320 5428 trarium
2373 5373 2590 5430 divinae
2643 5374 2874 5430 bonitati
2929 5375 3180 5442 vitaeque
3234 5387 3298 5428 ac
3359 5369 3678 5426 beatitudini

2091 5479 2250 5536 posse
2295 5481 2420 5522 esse
2475 5474 2839 5522 coaeternum.
2893 5465 3082 5520 Divina
3143 5465 3410 5535 siquidem
3464 5461 3682 5518 bonitas

1027 5601 1042 5636 _-
1716 5577 1969 5635 VARI‘AE
2007 5579 2404 5640 LECTIONES.

478 5681 614 5768 '“Sie
637 5685 756 5768 CFI;
791 5689 1230 5768 A_t_miplt_iboiogi.
1313 5692 1466 5768 _’_Sic
1485 5693 1568 5748 CF
1595 5713 1606 5758 ;
1648 5694 1972 5768 diciture-tse
1997 5707 2177 5754 etest.
2265 5699 2284 5730 ³
2323 5700 2366 5752 Δ
2393 5699 2570 5768 igitur.
2649 5697 2672 5727 ’⁵
2699 5712 2810 5752 esse
2835 5695 2982 5768 Dtsc.
3015 5709 3126 5752 om.
3156 5697 3220 5768 Α.
3295 5691 3316 5725 ⁸
3347 5693 3422 5748 vel
3470 5705 3579 5746 om.
3610 5691 3674 5768 ᾼ.

401 5751 814 5849 ῗῑΑρςιοηιξιξηο.
839 5751 978 5816 Mati.
1011 5751 1212 5849 [itaque].
1251 5817 1284 5841 _.
1313 5764 1331 5794 ⁷
1357 5765 1408 5816 in
1439 5751 1623 5849 solum.
1661 5767 1720 5818 Α.

477 5822 516 5874 Λ
545 5835 610 5877 ct.
693 5829 732 5858 ¹²
765 5833 846 5898 pie
875 5851 980 5886 om.
1013 5831 1076 5884 Α.
1109 5822 1120 5830 ’
1157 5835 1198 5864 ³³
1233 5835 1312 5901 [as
1349 5851 1453 5887 om.
1490 5835 1589 5888 Cl".

1799 5776 1818 5806 ⁸
1846 5767 1934 5823 Sic
1963 5768 2078 5833 (2F;
2121 5772 2162 5826 A
2194 5780 2258 5822 et.

2339 5769 2358 5799 θ
2387 5765 2430 5821 Ᾱ
2461 5780 2530 5822 et.
2613 5769 2652 5800 ¹⁰
2679 5769 2730 5824 Α.
2755 5767 3095 5824 aeternitatis
3141 5767 3262 5835 ejus
3291 5774 3554 5820 aeternum
3591 5765 3674 5820 sit.
