  <div class='ocr_page' id='page_1' title='image "/cluster/home/n/w/nwhite01/storage/ocr_20150623/122/pst.000018028355/502.png"; bbox 0 0 4168 6284; ppageno 0'>
   <div class='ocr_carea' id='block_1_1' title="bbox 415 353 522 411">
    <p class='ocr_par' dir='ltr' id='par_1_1' title="bbox 415 353 522 411">
     <span class='ocr_line' id='line_1_1' title="bbox 415 353 522 411; baseline -0.009 0"><span class='ocrx_word' id='word_1_1' title='bbox 415 353 522 411; x_wconf 73' lang='lat'><strong>929</strong></span> 
     </span>
    </p>
   </div>
   <div class='ocr_carea' id='block_1_2' title="bbox 1257 328 2811 404">
    <p class='ocr_par' dir='ltr' id='par_1_2' title="bbox 1257 328 2811 404">
     <span class='ocr_line' id='line_1_2' title="bbox 1257 328 2811 404; baseline -0.007 -3"><span class='ocrx_word' id='word_1_2' title='bbox 1257 345 1346 401; x_wconf 86' lang='lat' dir='ltr'><strong>DE</strong></span> <span class='ocrx_word' id='word_1_3' title='bbox 1383 341 1721 400; x_wconf 80' lang='lat' dir='ltr'><strong>DIVISIONE</strong></span> <span class='ocrx_word' id='word_1_4' title='bbox 1761 336 2107 393; x_wconf 76' lang='lat' dir='ltr'><strong>NATURAE.</strong></span> <span class='ocrx_word' id='word_1_5' title='bbox 2141 328 2213 376; x_wconf 58' lang='grc' dir='ltr'><strong>-ἔ</strong></span> <span class='ocrx_word' id='word_1_6' title='bbox 2253 335 2451 392; x_wconf 82' lang='lat' dir='ltr'><strong>LIBER</strong></span> <span class='ocrx_word' id='word_1_7' title='bbox 2492 336 2811 404; x_wconf 77' lang='lat' dir='ltr'><strong>QUINTUS.</strong></span> 
     </span>
    </p>
   </div>
   <div class='ocr_carea' id='block_1_3' title="bbox 3561 340 3668 396">
    <p class='ocr_par' dir='ltr' id='par_1_3' title="bbox 3561 340 3668 396">
     <span class='ocr_line' id='line_1_3' title="bbox 3561 340 3668 396; baseline 0.019 -2"><span class='ocrx_word' id='word_1_8' title='bbox 3561 340 3668 396; x_wconf 73' lang='lat'><strong>950</strong></span> 
     </span>
    </p>
   </div>
   <div class='ocr_carea' id='block_1_4' title="bbox 418 448 3671 537">
    <p class='ocr_par' dir='ltr' id='par_1_4' title="bbox 418 448 3671 537">
     <span class='ocr_line' id='line_1_4' title="bbox 418 448 3671 537; baseline -0.003 -24"><span class='ocrx_word' id='word_1_9' title='bbox 418 481 703 537; x_wconf 57' lang='lat' dir='ltr'><strong>omnaque</strong></span> <span class='ocrx_word' id='word_1_10' title='bbox 733 464 937 520; x_wconf 81' lang='lat' dir='ltr'><strong>malitia</strong></span> <span class='ocrx_word' id='word_1_11' title='bbox 968 460 1250 516; x_wconf 76' lang='lat' dir='ltr'><strong>interitura</strong></span> <span class='ocrx_word' id='word_1_12' title='bbox 1278 460 1351 514; x_wconf 99' lang='lat' dir='ltr'><strong>sit</strong></span> <span class='ocrx_word' id='word_1_13' title='bbox 1369 497 1385 522; x_wconf 91' lang='lat'><strong>,</strong></span> <span class='ocrx_word' id='word_1_14' title='bbox 1429 456 1523 513; x_wconf 85' lang='lat' dir='ltr'><strong>sed</strong></span> <span class='ocrx_word' id='word_1_15' title='bbox 1562 456 1615 509; x_wconf 88' lang='lat' dir='ltr'><strong>in</strong></span> <span class='ocrx_word' id='word_1_16' title='bbox 1650 463 1806 523; x_wconf 82' lang='lat' dir='ltr'><strong>parte</strong></span> <span class='ocrx_word' id='word_1_17' title='bbox 1835 466 1986 508; x_wconf 85' lang='lat' dir='ltr'><strong>crca—</strong></span> <span class='ocrx_word' id='word_1_18' title='bbox 2014 456 2059 511; x_wconf 82' lang='grc' dir='ltr'>Α</span> <span class='ocrx_word' id='word_1_19' title='bbox 2086 458 2313 518; x_wconf 76' lang='lat' dir='ltr'><strong><em>quantae</em></strong></span> <span class='ocrx_word' id='word_1_20' title='bbox 2331 450 2597 518; x_wconf 76' lang='lat' dir='ltr'><strong>puritatis,</strong></span> <span class='ocrx_word' id='word_1_21' title='bbox 2623 458 2852 517; x_wconf 87' lang='lat' dir='ltr'><strong>quantae</strong></span> <span class='ocrx_word' id='word_1_22' title='bbox 2873 448 3196 513; x_wconf 83' lang='lat' dir='ltr'><strong>subtilitatis,</strong></span> <span class='ocrx_word' id='word_1_23' title='bbox 3221 458 3448 518; x_wconf 76' lang='lat' dir='ltr'><strong><em>quantae</em></strong></span> <span class='ocrx_word' id='word_1_24' title='bbox 3471 450 3671 521; x_wconf 76' lang='lat' dir='ltr'><strong>gloriae</strong></span> 
     </span>
    </p>
   </div>
   <div class='ocr_carea' id='block_1_5' title="bbox 332 542 1988 620">
    <p class='ocr_par' dir='ltr' id='par_1_5' title="bbox 332 542 1988 620">
     <span class='ocr_line' id='line_1_5' title="bbox 332 542 1988 620; baseline -0.011 -5"><span class='ocrx_word' id='word_1_25' title='bbox 332 566 338 571; x_wconf 79' lang='grc'><em>”</em></span> <span class='ocrx_word' id='word_1_26' title='bbox 422 571 575 615; x_wconf 85' lang='lat' dir='ltr'><strong>turae</strong></span> <span class='ocrx_word' id='word_1_27' title='bbox 626 557 1044 617; x_wconf 73' lang='lat' dir='ltr'><strong>interimentur,‘</strong></span> <span class='ocrx_word' id='word_1_28' title='bbox 1075 552 1130 605; x_wconf 90' lang='lat' dir='ltr'><strong>in</strong></span> <span class='ocrx_word' id='word_1_29' title='bbox 1178 558 1335 620; x_wconf 84' lang='lat' dir='ltr'><strong>parte</strong></span> <span class='ocrx_word' id='word_1_30' title='bbox 1383 545 1812 617; x_wconf 83' lang='lat' dir='ltr'><strong>permanebunt,</strong></span> <span class='ocrx_word' id='word_1_31' title='bbox 1862 542 1988 597; x_wconf 84' lang='lat' dir='ltr'><strong>audi</strong></span> 
     </span>
    </p>
   </div>
   <div class='ocr_carea' id='block_1_6' title="bbox 420 633 1991 721">
    <p class='ocr_par' dir='ltr' id='par_1_6' title="bbox 420 633 1991 721">
     <span class='ocr_line' id='line_1_6' title="bbox 420 633 1991 721; baseline -0.012 -15"><span class='ocrx_word' id='word_1_32' title='bbox 420 665 672 721; x_wconf 77' lang='lat' dir='ltr'><strong>maguum</strong></span> <span class='ocrx_word' id='word_1_33' title='bbox 702 647 1014 715; x_wconf 82' lang='lat' dir='ltr'><strong>Origenem,</strong></span> <span class='ocrx_word' id='word_1_34' title='bbox 1045 639 1518 711; x_wconf 77' lang='lat' dir='ltr'><strong>diligentissimum</strong></span> <span class='ocrx_word' id='word_1_35' title='bbox 1552 651 1733 691; x_wconf 86' lang='lat' dir='ltr'><strong>rerum</strong></span> <span class='ocrx_word' id='word_1_36' title='bbox 1766 633 1991 703; x_wconf 80' lang='lat' dir='ltr'><strong>inquisi-</strong></span> 
     </span>
    </p>
   </div>
   <div class='ocr_carea' id='block_1_7' title="bbox 420 724 1992 807">
    <p class='ocr_par' dir='ltr' id='par_1_7' title="bbox 420 724 1992 807">
     <span class='ocr_line' id='line_1_7' title="bbox 420 724 1992 807; baseline -0.013 -10"><span class='ocrx_word' id='word_1_37' title='bbox 420 751 614 800; x_wconf 85' lang='lat' dir='ltr'><strong>torem,</strong></span> <span class='ocrx_word' id='word_1_38' title='bbox 638 738 691 792; x_wconf 85' lang='lat' dir='ltr'><strong>in</strong></span> <span class='ocrx_word' id='word_1_39' title='bbox 718 735 877 791; x_wconf 89' lang='lat' dir='ltr'><strong>tertio</strong></span> <span class='ocrx_word' id='word_1_40' title='bbox 904 734 1041 789; x_wconf 84' lang='lat' dir='ltr'><strong>libro</strong></span> <span class='ocrx_word' id='word_1_41' title='bbox 1065 734 1185 807; x_wconf 76' lang='lat' dir='ltr'><strong>rupi</strong></span> <span class='ocrx_word' id='word_1_42' title='bbox 1206 732 1411 804; x_wconf 78' lang='grc' dir='ltr'>Ἀρχῶν</span> <span class='ocrx_word' id='word_1_43' title='bbox 1439 729 1505 783; x_wconf 88' lang='lat' dir='ltr'><strong>de</strong></span> <span class='ocrx_word' id='word_1_44' title='bbox 1529 724 1992 783; x_wconf 86' lang='lat' dir='ltr'><strong>consummatione</strong></span> 
     </span>
    </p>
   </div>
   <div class='ocr_carea' id='block_1_8' title="bbox 419 814 1990 893">
    <p class='ocr_par' dir='ltr' id='par_1_8' title="bbox 419 814 1990 893">
     <span class='ocr_line' id='line_1_8' title="bbox 419 814 1990 893; baseline -0.013 -7"><span class='ocrx_word' id='word_1_45' title='bbox 419 830 602 886; x_wconf 80' lang='lat' dir='ltr'><strong>mundi</strong></span> <span class='ocrx_word' id='word_1_46' title='bbox 623 829 781 893; x_wconf 75' lang='lat' dir='ltr'><strong>,-lroc</strong></span> <span class='ocrx_word' id='word_1_47' title='bbox 807 835 890 881; x_wconf 91' lang='lat' dir='ltr'><strong>est</strong></span> <span class='ocrx_word' id='word_1_48' title='bbox 912 826 985 886; x_wconf 78' lang='lat' dir='ltr'><strong>,de</strong></span> <span class='ocrx_word' id='word_1_49' title='bbox 1013 837 1225 879; x_wconf 89' lang='lat' dir='ltr'><strong>summo</strong></span> <span class='ocrx_word' id='word_1_50' title='bbox 1252 822 1418 883; x_wconf 86' lang='lat' dir='ltr'><strong>bono,</strong></span> <span class='ocrx_word' id='word_1_51' title='bbox 1459 818 1529 872; x_wconf 87' lang='lat' dir='ltr'><strong>ad</strong></span> <span class='ocrx_word' id='word_1_52' title='bbox 1558 816 1700 887; x_wconf 87' lang='lat' dir='ltr'><strong>quod</strong></span> <span class='ocrx_word' id='word_1_53' title='bbox 1740 814 1990 869; x_wconf 82' lang='lat' dir='ltr'><strong>universa</strong></span> 
     </span>
    </p>
   </div>
   <div class='ocr_carea' id='block_1_9' title="bbox 422 903 1991 974">
    <p class='ocr_par' dir='ltr' id='par_1_9' title="bbox 422 903 1991 974">
     <span class='ocr_line' id='line_1_9' title="bbox 422 903 1991 974; baseline -0.012 -1"><span class='ocrx_word' id='word_1_54' title='bbox 422 916 760 973; x_wconf 69' lang='lat' dir='ltr'><strong>rationabilis</strong></span> <span class='ocrx_word' id='word_1_55' title='bbox 793 923 991 969; x_wconf 85' lang='lat' dir='ltr'><strong>natura</strong></span> <span class='ocrx_word' id='word_1_56' title='bbox 1022 912 1277 974; x_wconf 75' lang='lat' dir='ltr'><strong>festinat,</strong></span> <span class='ocrx_word' id='word_1_57' title='bbox 1309 917 1368 963; x_wconf 87' lang='lat' dir='ltr'><strong>ut</strong></span> <span class='ocrx_word' id='word_1_58' title='bbox 1398 909 1540 963; x_wconf 85' lang='lat' dir='ltr'><strong>Deus</strong></span> <span class='ocrx_word' id='word_1_59' title='bbox 1567 904 1749 962; x_wconf 83' lang='lat' dir='ltr'><strong>omnia</strong></span> <span class='ocrx_word' id='word_1_60' title='bbox 1785 903 1838 956; x_wconf 91' lang='lat' dir='ltr'><strong>in</strong></span> <span class='ocrx_word' id='word_1_61' title='bbox 1870 917 1991 956; x_wconf 89' lang='lat' dir='ltr'><strong>om-</strong></span> 
     </span>
    </p>
   </div>
   <div class='ocr_carea' id='block_1_10' title="bbox 422 992 1996 1069">
    <p class='ocr_par' dir='ltr' id='par_1_10' title="bbox 422 992 1996 1069">
     <span class='ocr_line' id='line_1_10' title="bbox 422 992 1996 1069; baseline -0.013 -6"><span class='ocrx_word' id='word_1_62' title='bbox 422 1008 585 1063; x_wconf 79' lang='lat' dir='ltr'><strong>nibus</strong></span> <span class='ocrx_word' id='word_1_63' title='bbox 619 1007 730 1069; x_wconf 85' lang='lat' dir='ltr'><strong>sit;</strong></span> <span class='ocrx_word' id='word_1_64' title='bbox 760 1019 865 1059; x_wconf 88' lang='lat' dir='ltr'><strong>non</strong></span> <span class='ocrx_word' id='word_1_65' title='bbox 908 1003 1054 1057; x_wconf 89' lang='lat' dir='ltr'><strong>enim</strong></span> <span class='ocrx_word' id='word_1_66' title='bbox 1096 1001 1202 1054; x_wconf 86' lang='lat' dir='ltr'><strong>alia</strong></span> <span class='ocrx_word' id='word_1_67' title='bbox 1240 995 1631 1054; x_wconf 79' lang='lat' dir='ltr'><strong>censummalio</strong></span> <span class='ocrx_word' id='word_1_68' title='bbox 1679 992 1864 1047; x_wconf 86' lang='lat' dir='ltr'><strong>mundi</strong></span> <span class='ocrx_word' id='word_1_69' title='bbox 1909 999 1996 1044; x_wconf 85' lang='lat' dir='ltr'><strong>est.</strong></span> 
     </span>
    </p>
   </div>
   <div class='ocr_carea' id='block_1_11' title="bbox 416 1085 1997 1167">
    <p class='ocr_par' dir='ltr' id='par_1_11' title="bbox 416 1085 1997 1167">
     <span class='ocr_line' id='line_1_11' title="bbox 416 1085 1997 1167; baseline -0.013 -16"><span class='ocrx_word' id='word_1_70' title='bbox 416 1105 635 1167; x_wconf 86' lang='lat' dir='ltr'><strong>praeter</strong></span> <span class='ocrx_word' id='word_1_71' title='bbox 663 1095 831 1148; x_wconf 85' lang='lat' dir='ltr'><strong>Deum</strong></span> <span class='ocrx_word' id='word_1_72' title='bbox 859 1092 1042 1146; x_wconf 87' lang='lat' dir='ltr'><strong>omnia</strong></span> <span class='ocrx_word' id='word_1_73' title='bbox 1074 1091 1128 1143; x_wconf 89' lang='lat' dir='ltr'><strong>in</strong></span> <span class='ocrx_word' id='word_1_74' title='bbox 1157 1087 1409 1143; x_wconf 88' lang='lat' dir='ltr'><strong>omnibus</strong></span> <span class='ocrx_word' id='word_1_75' title='bbox 1436 1099 1558 1139; x_wconf 86' lang='lat' dir='ltr'><strong>esse</strong></span> <span class='ocrx_word' id='word_1_76' title='bbox 1588 1089 1910 1136; x_wconf 84' lang='lat' dir='ltr'><strong>tractantem</strong></span> <span class='ocrx_word' id='word_1_77' title='bbox 1939 1085 1997 1133; x_wconf 84' lang='lat' dir='ltr'><strong>et</strong></span> 
     </span>
    </p>
   </div>
   <div class='ocr_carea' id='block_1_12' title="bbox 417 1167 1996 1245">
    <p class='ocr_par' dir='ltr' id='par_1_12' title="bbox 417 1167 1996 1245">
     <span class='ocr_line' id='line_1_12' title="bbox 417 1167 1996 1245; baseline -0.013 -5"><span class='ocrx_word' id='word_1_78' title='bbox 417 1186 689 1245; x_wconf 77' lang='lat' dir='ltr'><strong>dicentem</strong></span> <span class='ocrx_word' id='word_1_79' title='bbox 731 1182 772 1234; x_wconf 75' lang='grc' dir='ltr'><strong>ί.</strong></span> <span class='ocrx_word' id='word_1_80' title='bbox 827 1182 979 1244; x_wconf 75' lang='lat' dir='ltr'><strong>Quae</strong></span> <span class='ocrx_word' id='word_1_81' title='bbox 1017 1179 1120 1231; x_wconf 89' lang='lat' dir='ltr'><strong>sint</strong></span> <span class='ocrx_word' id='word_1_82' title='bbox 1150 1192 1272 1244; x_wconf 88' lang='lat' dir='ltr'><strong>ergo</strong></span> <span class='ocrx_word' id='word_1_83' title='bbox 1298 1176 1399 1228; x_wconf 91' lang='lat' dir='ltr'><strong>ista</strong></span> <span class='ocrx_word' id='word_1_84' title='bbox 1419 1176 1440 1204; x_wconf 77' lang='grc'>⁸</span> <span class='ocrx_word' id='word_1_85' title='bbox 1471 1172 1666 1236; x_wconf 80' lang='lat' dir='ltr'><strong>omnia,</strong></span> <span class='ocrx_word' id='word_1_86' title='bbox 1697 1184 1830 1237; x_wconf 91' lang='lat' dir='ltr'><strong>quae</strong></span> <span class='ocrx_word' id='word_1_87' title='bbox 1856 1167 1996 1221; x_wconf 89' lang='lat' dir='ltr'><strong>Deus</strong></span> 
     </span>
    </p>
   </div>
   <div class='ocr_carea' id='block_1_13' title="bbox 419 1257 1996 1343">
    <p class='ocr_par' dir='ltr' id='par_1_13' title="bbox 419 1257 1996 1343">
     <span class='ocr_line' id='line_1_13' title="bbox 419 1257 1996 1343; baseline -0.012 -15"><span class='ocrx_word' id='word_1_88' title='bbox 419 1276 636 1343; x_wconf 87' lang='lat' dir='ltr'><strong>futurus</strong></span> <span class='ocrx_word' id='word_1_89' title='bbox 674 1272 742 1326; x_wconf 89' lang='lat' dir='ltr'><strong>sit</strong></span> <span class='ocrx_word' id='word_1_90' title='bbox 779 1271 835 1323; x_wconf 89' lang='lat' dir='ltr'><strong>in</strong></span> <span class='ocrx_word' id='word_1_91' title='bbox 868 1268 1137 1331; x_wconf 88' lang='lat' dir='ltr'><strong>omnibus,</strong></span> <span class='ocrx_word' id='word_1_92' title='bbox 1171 1266 1519 1336; x_wconf 77' lang='lat' dir='ltr'><strong>requiramus.</strong></span> <span class='ocrx_word' id='word_1_93' title='bbox 1572 1261 1640 1314; x_wconf 86' lang='lat' dir='ltr'><strong>Et</strong></span> <span class='ocrx_word' id='word_1_94' title='bbox 1668 1277 1761 1329; x_wconf 87' lang='lat' dir='ltr'><strong>ego</strong></span> <span class='ocrx_word' id='word_1_95' title='bbox 1787 1257 1996 1328; x_wconf 80' lang='lat' dir='ltr'><strong>quidem</strong></span> 
     </span>
    </p>
   </div>
   <div class='ocr_carea' id='block_1_14' title="bbox 420 1346 1992 1428">
    <p class='ocr_par' dir='ltr' id='par_1_14' title="bbox 420 1346 1992 1428">
     <span class='ocr_line' id='line_1_14' title="bbox 420 1346 1992 1428; baseline -0.011 -13"><span class='ocrx_word' id='word_1_96' title='bbox 420 1361 672 1425; x_wconf 75' lang='lat' dir='ltr'><strong>arbitror,</strong></span> <span class='ocrx_word' id='word_1_97' title='bbox 700 1360 823 1428; x_wconf 83' lang='lat' dir='ltr'><strong>quia</strong></span> <span class='ocrx_word' id='word_1_98' title='bbox 854 1360 972 1420; x_wconf 89' lang='lat' dir='ltr'><strong>hoc,</strong></span> <span class='ocrx_word' id='word_1_99' title='bbox 1000 1355 1138 1422; x_wconf 81' lang='lat' dir='ltr'><strong>quod</strong></span> <span class='ocrx_word' id='word_1_100' title='bbox 1167 1355 1223 1408; x_wconf 89' lang='lat' dir='ltr'><strong>in</strong></span> <span class='ocrx_word' id='word_1_101' title='bbox 1253 1352 1495 1407; x_wconf 88' lang='lat' dir='ltr'><strong>omnibus</strong></span> <span class='ocrx_word' id='word_1_102' title='bbox 1526 1349 1705 1403; x_wconf 84' lang='lat' dir='ltr'><strong>omnia</strong></span> <span class='ocrx_word' id='word_1_103' title='bbox 1734 1363 1845 1401; x_wconf 87' lang='lat' dir='ltr'><strong>esse</strong></span> <span class='ocrx_word' id='word_1_104' title='bbox 1869 1346 1992 1398; x_wconf 84' lang='lat' dir='ltr'><strong>dici-</strong></span> 
     </span>
    </p>
   </div>
   <div class='ocr_carea' id='block_1_15' title="bbox 420 1436 1996 1517">
    <p class='ocr_par' dir='ltr' id='par_1_15' title="bbox 420 1436 1996 1517">
     <span class='ocr_line' id='line_1_15' title="bbox 420 1436 1996 1517; baseline -0.011 -14"><span class='ocrx_word' id='word_1_105' title='bbox 420 1461 510 1511; x_wconf 84' lang='lat' dir='ltr'><strong>tur</strong></span> <span class='ocrx_word' id='word_1_106' title='bbox 534 1449 698 1512; x_wconf 83' lang='lat' dir='ltr'><strong>Deus,</strong></span> <span class='ocrx_word' id='word_1_107' title='bbox 724 1447 977 1517; x_wconf 79' lang='lat' dir='ltr'><strong>signiﬁcet</strong></span> <span class='ocrx_word' id='word_1_108' title='bbox 1007 1445 1163 1498; x_wconf 89' lang='lat' dir='ltr'><strong>etiam</strong></span> <span class='ocrx_word' id='word_1_109' title='bbox 1193 1443 1247 1495; x_wconf 87' lang='lat' dir='ltr'><strong>in</strong></span> <span class='ocrx_word' id='word_1_110' title='bbox 1274 1438 1496 1511; x_wconf 88' lang='lat' dir='ltr'><strong>singulis</strong></span> <span class='ocrx_word' id='word_1_111' title='bbox 1526 1453 1644 1491; x_wconf 89' lang='lat' dir='ltr'><strong>eum</strong></span> <span class='ocrx_word' id='word_1_112' title='bbox 1666 1436 1842 1489; x_wconf 83' lang='lat' dir='ltr'><strong>omnia</strong></span> <span class='ocrx_word' id='word_1_113' title='bbox 1868 1449 1996 1488; x_wconf 88' lang='lat' dir='ltr'><strong>esse.</strong></span> 
     </span>
    </p>
   </div>
   <div class='ocr_carea' id='block_1_16' title="bbox 422 1522 2000 1606">
    <p class='ocr_par' dir='ltr' id='par_1_16' title="bbox 422 1522 2000 1606">
     <span class='ocr_line' id='line_1_16' title="bbox 422 1522 2000 1606; baseline -0.012 -13"><span class='ocrx_word' id='word_1_114' title='bbox 422 1537 532 1593; x_wconf 88' lang='lat' dir='ltr'><strong>Per</strong></span> <span class='ocrx_word' id='word_1_115' title='bbox 556 1537 790 1606; x_wconf 81' lang='lat' dir='ltr'><strong>singulos</strong></span> <span class='ocrx_word' id='word_1_116' title='bbox 829 1545 1004 1588; x_wconf 89' lang='lat' dir='ltr'><strong>autem</strong></span> <span class='ocrx_word' id='word_1_117' title='bbox 1042 1532 1220 1587; x_wconf 80' lang='lat' dir='ltr'><strong>omnia</strong></span> <span class='ocrx_word' id='word_1_118' title='bbox 1256 1531 1352 1584; x_wconf 89' lang='lat' dir='ltr'><strong>erit</strong></span> <span class='ocrx_word' id='word_1_119' title='bbox 1386 1531 1483 1583; x_wconf 90' lang='lat' dir='ltr'><strong>hoc</strong></span> <span class='ocrx_word' id='word_1_120' title='bbox 1521 1527 1699 1589; x_wconf 87' lang='lat' dir='ltr'><strong>modo,</strong></span> <span class='ocrx_word' id='word_1_121' title='bbox 1738 1534 1816 1588; x_wconf 91' lang='lat' dir='ltr'><strong>ut,</strong></span> <span class='ocrx_word' id='word_1_122' title='bbox 1855 1522 2000 1593; x_wconf 84' lang='lat' dir='ltr'><strong>quic-</strong></span> 
     </span>
    </p>
   </div>
   <div class='ocr_carea' id='block_1_17' title="bbox 420 1611 1999 1697">
    <p class='ocr_par' dir='ltr' id='par_1_17' title="bbox 420 1611 1999 1697">
     <span class='ocr_line' id='line_1_17' title="bbox 420 1611 1999 1697; baseline -0.012 -17"><span class='ocrx_word' id='word_1_123' title='bbox 420 1626 547 1697; x_wconf 86' lang='lat' dir='ltr'><strong>quid</strong></span> <span class='ocrx_word' id='word_1_124' title='bbox 571 1622 894 1679; x_wconf 84' lang='lat' dir='ltr'><strong>rationabilis</strong></span> <span class='ocrx_word' id='word_1_125' title='bbox 917 1638 1081 1685; x_wconf 86' lang='lat' dir='ltr'><strong>mens,</strong></span> <span class='ocrx_word' id='word_1_126' title='bbox 1099 1626 1386 1688; x_wconf 69' lang='lat' dir='ltr'><strong>expurgata</strong></span> <span class='ocrx_word' id='word_1_127' title='bbox 1407 1616 1548 1672; x_wconf 89' lang='lat' dir='ltr'><strong>omni</strong></span> <span class='ocrx_word' id='word_1_128' title='bbox 1571 1616 1815 1687; x_wconf 82' lang='lat' dir='ltr'><strong>vitiorum</strong></span> <span class='ocrx_word' id='word_1_129' title='bbox 1835 1611 1999 1680; x_wconf 89' lang='lat' dir='ltr'><strong>faece,</strong></span> 
     </span>
    </p>
   </div>
   <div class='ocr_carea' id='block_1_18' title="bbox 419 1702 2002 1786">
    <p class='ocr_par' dir='ltr' id='par_1_18' title="bbox 419 1702 2002 1786">
     <span class='ocr_line' id='line_1_18' title="bbox 419 1702 2002 1786; baseline -0.01 -17"><span class='ocrx_word' id='word_1_130' title='bbox 419 1733 575 1786; x_wconf 72' lang='lat' dir='ltr'><strong>atque</strong></span> <span class='ocrx_word' id='word_1_131' title='bbox 612 1716 754 1769; x_wconf 82' lang='lat' dir='ltr'><strong>omni</strong></span> <span class='ocrx_word' id='word_1_132' title='bbox 785 1713 993 1780; x_wconf 80' lang='lat' dir='ltr'><strong>penitus</strong></span> <span class='ocrx_word' id='word_1_133' title='bbox 1023 1711 1259 1766; x_wconf 87' lang='lat' dir='ltr'><strong>abstersa</strong></span> <span class='ocrx_word' id='word_1_134' title='bbox 1294 1709 1428 1762; x_wconf 88' lang='lat' dir='ltr'><strong>nube</strong></span> <span class='ocrx_word' id='word_1_135' title='bbox 1464 1706 1732 1769; x_wconf 83' lang='lat' dir='ltr'><strong>malitiae,</strong></span> <span class='ocrx_word' id='word_1_136' title='bbox 1771 1702 1849 1756; x_wconf 86' lang='lat' dir='ltr'><strong>vel</strong></span> <span class='ocrx_word' id='word_1_137' title='bbox 1884 1716 2002 1755; x_wconf 87' lang='lat' dir='ltr'><strong>sen-</strong></span> 
     </span>
    </p>
   </div>
   <div class='ocr_carea' id='block_1_19' title="bbox 2090 537 3673 608">
    <p class='ocr_par' dir='ltr' id='par_1_19' title="bbox 2090 537 3673 608">
     <span class='ocr_line' id='line_1_19' title="bbox 2090 537 3673 608; baseline 0 -15"><span class='ocrx_word' id='word_1_138' title='bbox 2090 540 2158 593; x_wconf 89' lang='lat' dir='ltr'><strong>sit</strong></span> <span class='ocrx_word' id='word_1_139' title='bbox 2181 539 2410 607; x_wconf 85' lang='lat' dir='ltr'><strong>qualitas</strong></span> <span class='ocrx_word' id='word_1_140' title='bbox 2432 538 2666 608; x_wconf 89' lang='lat' dir='ltr'><strong>corporis</strong></span> <span class='ocrx_word' id='word_1_141' title='bbox 2692 537 2854 601; x_wconf 89' lang='lat' dir='ltr'><strong>illius,</strong></span> <span class='ocrx_word' id='word_1_142' title='bbox 2880 540 2927 591; x_wconf 90' lang='lat' dir='ltr'><strong>si</strong></span> <span class='ocrx_word' id='word_1_143' title='bbox 2951 539 3389 608; x_wconf 88' lang='lat' dir='ltr'><strong>comparationem</strong></span> <span class='ocrx_word' id='word_1_144' title='bbox 3413 538 3673 607; x_wconf 81' lang='lat' dir='ltr'><strong>faciamus</strong></span> 
     </span>
    </p>
   </div>
   <div class='ocr_carea' id='block_1_20' title="bbox 2088 628 3676 702">
    <p class='ocr_par' dir='ltr' id='par_1_20' title="bbox 2088 628 3676 702">
     <span class='ocr_line' id='line_1_20' title="bbox 2088 628 3676 702; baseline 0.001 -19"><span class='ocrx_word' id='word_1_145' title='bbox 2088 629 2204 698; x_wconf 84' lang='lat' dir='ltr'><strong>ejus</strong></span> <span class='ocrx_word' id='word_1_146' title='bbox 2243 628 2313 682; x_wconf 86' lang='lat' dir='ltr'><strong>ad</strong></span> <span class='ocrx_word' id='word_1_147' title='bbox 2338 645 2421 693; x_wconf 86' lang='lat' dir='ltr'><strong>ea,</strong></span> <span class='ocrx_word' id='word_1_148' title='bbox 2451 644 2584 698; x_wconf 88' lang='lat' dir='ltr'><strong>quae</strong></span> <span class='ocrx_word' id='word_1_149' title='bbox 2612 644 2772 691; x_wconf 86' lang='lat' dir='ltr'><strong>nunc,</strong></span> <span class='ocrx_word' id='word_1_150' title='bbox 2805 628 2921 682; x_wconf 90' lang='lat' dir='ltr'><strong>licet</strong></span> <span class='ocrx_word' id='word_1_151' title='bbox 2961 628 3204 683; x_wconf 87' lang='lat' dir='ltr'><strong>caelestia</strong></span> <span class='ocrx_word' id='word_1_152' title='bbox 3232 631 3337 684; x_wconf 90' lang='lat' dir='ltr'><strong>sint</strong></span> <span class='ocrx_word' id='word_1_153' title='bbox 3363 640 3411 685; x_wconf 91' lang='lat' dir='ltr'><strong>et</strong></span> <span class='ocrx_word' id='word_1_154' title='bbox 3445 630 3676 702; x_wconf 86' lang='lat' dir='ltr'><strong>splendi-</strong></span> 
     </span>
    </p>
   </div>
   <div class='ocr_carea' id='block_1_21' title="bbox 2088 717 3670 786">
    <p class='ocr_par' dir='ltr' id='par_1_21' title="bbox 2088 717 3670 786">
     <span class='ocr_line' id='line_1_21' title="bbox 2088 717 3670 786; baseline 0.001 -16"><span class='ocrx_word' id='word_1_155' title='bbox 2088 717 2307 770; x_wconf 89' lang='lat' dir='ltr'><strong>dissima</strong></span> <span class='ocrx_word' id='word_1_156' title='bbox 2331 732 2577 786; x_wconf 89' lang='lat' dir='ltr'><strong>corpora,</strong></span> <span class='ocrx_word' id='word_1_157' title='bbox 2608 717 2917 786; x_wconf 84' lang='lat' dir='ltr'><strong>manufacta</strong></span> <span class='ocrx_word' id='word_1_158' title='bbox 2961 727 3136 772; x_wconf 86' lang='lat' dir='ltr'><strong>tamen</strong></span> <span class='ocrx_word' id='word_1_159' title='bbox 3181 728 3303 772; x_wconf 87' lang='lat' dir='ltr'><strong>sunt</strong></span> <span class='ocrx_word' id='word_1_160' title='bbox 3332 729 3380 772; x_wconf 91' lang='lat' dir='ltr'><strong>et</strong></span> <span class='ocrx_word' id='word_1_161' title='bbox 3418 718 3670 773; x_wconf 89' lang='lat' dir='ltr'><strong>visibilia.</strong></span> 
     </span>
    </p>
   </div>
   <div class='ocr_carea' id='block_1_22' title="bbox 2091 806 3673 877">
    <p class='ocr_par' dir='ltr' id='par_1_22' title="bbox 2091 806 3673 877">
     <span class='ocr_line' id='line_1_22' title="bbox 2091 806 3673 877; baseline 0.001 -17"><span class='ocrx_word' id='word_1_162' title='bbox 2091 808 2170 861; x_wconf 89' lang='lat' dir='ltr'><strong>De</strong></span> <span class='ocrx_word' id='word_1_163' title='bbox 2211 806 2306 861; x_wconf 89' lang='lat' dir='ltr'><strong>illo</strong></span> <span class='ocrx_word' id='word_1_164' title='bbox 2336 809 2377 838; x_wconf 81' lang='grc'>¹¹</span> <span class='ocrx_word' id='word_1_165' title='bbox 2405 817 2578 861; x_wconf 77' lang='lat' dir='ltr'><strong>autem</strong></span> <span class='ocrx_word' id='word_1_166' title='bbox 2608 807 2804 860; x_wconf 89' lang='lat' dir='ltr'><strong>dicitur</strong></span> <span class='ocrx_word' id='word_1_167' title='bbox 2831 809 3017 862; x_wconf 90' lang='lat' dir='ltr'><strong>domus</strong></span> <span class='ocrx_word' id='word_1_168' title='bbox 3055 824 3167 862; x_wconf 88' lang='lat' dir='ltr'><strong>esse</strong></span> <span class='ocrx_word' id='word_1_169' title='bbox 3197 824 3300 862; x_wconf 88' lang='lat' dir='ltr'><strong>non</strong></span> <span class='ocrx_word' id='word_1_170' title='bbox 3345 808 3673 877; x_wconf 88' lang='lat' dir='ltr'><strong>manufacta,</strong></span> 
     </span>
    </p>
   </div>
   <div class='ocr_carea' id='block_1_23' title="bbox 2090 894 3676 966">
    <p class='ocr_par' dir='ltr' id='par_1_23' title="bbox 2090 894 3676 966">
     <span class='ocr_line' id='line_1_23' title="bbox 2090 894 3676 966; baseline -0.002 -16"><span class='ocrx_word' id='word_1_171' title='bbox 2090 895 2181 950; x_wconf 90' lang='lat' dir='ltr'><strong>sed</strong></span> <span class='ocrx_word' id='word_1_172' title='bbox 2234 905 2446 949; x_wconf 90' lang='lat' dir='ltr'><strong>aeterna</strong></span> <span class='ocrx_word' id='word_1_173' title='bbox 2496 895 2550 948; x_wconf 90' lang='lat' dir='ltr'><strong>in</strong></span> <span class='ocrx_word' id='word_1_174' title='bbox 2603 895 2783 949; x_wconf 84' lang='lat' dir='ltr'><strong>caelis.</strong></span> <span class='ocrx_word' id='word_1_175' title='bbox 2838 894 2977 961; x_wconf 83' lang='lat' dir='ltr'><strong>Quia</strong></span> <span class='ocrx_word' id='word_1_176' title='bbox 3031 911 3176 966; x_wconf 83' lang='lat' dir='ltr'><strong>ergo,</strong></span> <span class='ocrx_word' id='word_1_177' title='bbox 3238 913 3372 966; x_wconf 88' lang='lat' dir='ltr'><strong>quae</strong></span> <span class='ocrx_word' id='word_1_178' title='bbox 3413 896 3676 958; x_wconf 82' lang='lat' dir='ltr'><strong>videntur,</strong></span> 
     </span>
    </p>
   </div>
   <div class='ocr_carea' id='block_1_24' title="bbox 2092 984 3677 1054">
    <p class='ocr_par' dir='ltr' id='par_1_24' title="bbox 2092 984 3677 1054">
     <span class='ocr_line' id='line_1_24' title="bbox 2092 984 3677 1054; baseline -0.001 -15"><span class='ocrx_word' id='word_1_179' title='bbox 2092 984 2403 1054; x_wconf 87' lang='lat' dir='ltr'><strong>temporalia</strong></span> <span class='ocrx_word' id='word_1_180' title='bbox 2442 994 2587 1048; x_wconf 92' lang='lat' dir='ltr'><strong>sunt,</strong></span> <span class='ocrx_word' id='word_1_181' title='bbox 2615 1001 2749 1054; x_wconf 86' lang='lat' dir='ltr'><strong>quae</strong></span> <span class='ocrx_word' id='word_1_182' title='bbox 2795 995 2971 1039; x_wconf 89' lang='lat' dir='ltr'><strong>autem</strong></span> <span class='ocrx_word' id='word_1_183' title='bbox 3018 1002 3119 1039; x_wconf 86' lang='lat' dir='ltr'><strong>non</strong></span> <span class='ocrx_word' id='word_1_184' title='bbox 3170 986 3430 1050; x_wconf 87' lang='lat' dir='ltr'><strong>videntur,</strong></span> <span class='ocrx_word' id='word_1_185' title='bbox 3466 995 3677 1039; x_wconf 87' lang='lat' dir='ltr'><strong>aeterna</strong></span> 
     </span>
    </p>
   </div>
   <div class='ocr_carea' id='block_1_25' title="bbox 2093 1072 3682 1143">
    <p class='ocr_par' dir='ltr' id='par_1_25' title="bbox 2093 1072 3682 1143">
     <span class='ocr_line' id='line_1_25' title="bbox 2093 1072 3682 1143; baseline -0.001 -16"><span class='ocrx_word' id='word_1_186' title='bbox 2093 1082 2235 1137; x_wconf 89' lang='lat' dir='ltr'><strong>sunt,</strong></span> <span class='ocrx_word' id='word_1_187' title='bbox 2264 1072 2503 1126; x_wconf 91' lang='lat' dir='ltr'><strong>omnibus</strong></span> <span class='ocrx_word' id='word_1_188' title='bbox 2537 1072 2617 1126; x_wconf 86' lang='lat' dir='ltr'><strong>his</strong></span> <span class='ocrx_word' id='word_1_189' title='bbox 2642 1074 2967 1143; x_wconf 85' lang='lat' dir='ltr'><strong>corporibus,</strong></span> <span class='ocrx_word' id='word_1_190' title='bbox 2991 1089 3125 1143; x_wconf 89' lang='lat' dir='ltr'><strong>quae</strong></span> <span class='ocrx_word' id='word_1_191' title='bbox 3152 1075 3259 1127; x_wconf 83' lang='lat' dir='ltr'><strong>sive</strong></span> <span class='ocrx_word' id='word_1_192' title='bbox 3295 1076 3353 1127; x_wconf 89' lang='lat' dir='ltr'><strong>in</strong></span> <span class='ocrx_word' id='word_1_193' title='bbox 3377 1075 3551 1136; x_wconf 87' lang='lat' dir='ltr'><strong>terris,</strong></span> <span class='ocrx_word' id='word_1_194' title='bbox 3575 1074 3682 1126; x_wconf 81' lang='lat' dir='ltr'><strong>sive</strong></span> 
     </span>
    </p>
   </div>
   <div class='ocr_carea' id='block_1_26' title="bbox 2093 1158 3681 1229">
    <p class='ocr_par' dir='ltr' id='par_1_26' title="bbox 2093 1158 3681 1229">
     <span class='ocr_line' id='line_1_26' title="bbox 2093 1158 3681 1229; baseline 0 -17"><span class='ocrx_word' id='word_1_195' title='bbox 2093 1160 2152 1212; x_wconf 90' lang='lat' dir='ltr'><strong>in</strong></span> <span class='ocrx_word' id='word_1_196' title='bbox 2191 1158 2349 1212; x_wconf 83' lang='lat' dir='ltr'><strong>caelis</strong></span> <span class='ocrx_word' id='word_1_197' title='bbox 2381 1158 2632 1224; x_wconf 86' lang='lat' dir='ltr'><strong>videmus,</strong></span> <span class='ocrx_word' id='word_1_198' title='bbox 2677 1172 2724 1212; x_wconf 92' lang='lat' dir='ltr'><strong>et</strong></span> <span class='ocrx_word' id='word_1_199' title='bbox 2767 1176 2900 1229; x_wconf 90' lang='lat' dir='ltr'><strong>quae</strong></span> <span class='ocrx_word' id='word_1_200' title='bbox 2931 1161 3093 1214; x_wconf 83' lang='lat' dir='ltr'><strong>videri</strong></span> <span class='ocrx_word' id='word_1_201' title='bbox 3136 1172 3374 1227; x_wconf 87' lang='lat' dir='ltr'><strong>possunt,</strong></span> <span class='ocrx_word' id='word_1_202' title='bbox 3417 1172 3463 1214; x_wconf 92' lang='lat' dir='ltr'><strong>et</strong></span> <span class='ocrx_word' id='word_1_203' title='bbox 3491 1177 3681 1216; x_wconf 85' lang='lat' dir='ltr'><strong>manu-</strong></span> 
     </span>
    </p>
   </div>
   <div class='ocr_carea' id='block_1_27' title="bbox 2097 1245 3677 1320">
    <p class='ocr_par' dir='ltr' id='par_1_27' title="bbox 2097 1245 3677 1320">
     <span class='ocr_line' id='line_1_27' title="bbox 2097 1245 3677 1320; baseline 0.004 -19"><span class='ocrx_word' id='word_1_204' title='bbox 2097 1249 2238 1317; x_wconf 89' lang='lat' dir='ltr'><strong>facta</strong></span> <span class='ocrx_word' id='word_1_205' title='bbox 2269 1258 2411 1312; x_wconf 91' lang='lat' dir='ltr'><strong>sunt,</strong></span> <span class='ocrx_word' id='word_1_206' title='bbox 2439 1245 2509 1318; x_wconf 90' lang='lat' dir='ltr'><strong>[et</strong></span> <span class='ocrx_word' id='word_1_207' title='bbox 2539 1257 2750 1302; x_wconf 88' lang='lat' dir='ltr'><strong>aeterna</strong></span> <span class='ocrx_word' id='word_1_208' title='bbox 2779 1249 2922 1317; x_wconf 89' lang='lat' dir='ltr'><strong>facta</strong></span> <span class='ocrx_word' id='word_1_209' title='bbox 2967 1247 3111 1320; x_wconf 90' lang='lat' dir='ltr'><strong>sunt]</strong></span> <span class='ocrx_word' id='word_1_210' title='bbox 3139 1250 3203 1313; x_wconf 60' lang='lat'><strong>‘3,</strong></span> <span class='ocrx_word' id='word_1_211' title='bbox 3226 1259 3274 1302; x_wconf 90' lang='lat' dir='ltr'><strong>et</strong></span> <span class='ocrx_word' id='word_1_212' title='bbox 3325 1258 3536 1305; x_wconf 88' lang='lat' dir='ltr'><strong>aeterna</strong></span> <span class='ocrx_word' id='word_1_213' title='bbox 3571 1270 3677 1306; x_wconf 79' lang='lat' dir='ltr'><strong>non</strong></span> 
     </span>
    </p>
   </div>
   <div class='ocr_carea' id='block_1_28' title="bbox 2097 1334 3678 1406">
    <p class='ocr_par' dir='ltr' id='par_1_28' title="bbox 2097 1334 3678 1406">
     <span class='ocr_line' id='line_1_28' title="bbox 2097 1334 3678 1406; baseline 0.003 -16"><span class='ocrx_word' id='word_1_214' title='bbox 2097 1347 2240 1401; x_wconf 91' lang='lat' dir='ltr'><strong>sunt,</strong></span> <span class='ocrx_word' id='word_1_215' title='bbox 2271 1345 2434 1389; x_wconf 81' lang='lat' dir='ltr'><strong>multa</strong></span> <span class='ocrx_word' id='word_1_216' title='bbox 2461 1334 2612 1405; x_wconf 86' lang='lat' dir='ltr'><strong>longe</strong></span> <span class='ocrx_word' id='word_1_217' title='bbox 2637 1335 2959 1404; x_wconf 88' lang='lat' dir='ltr'><strong>praelatione</strong></span> <span class='ocrx_word' id='word_1_218' title='bbox 2985 1335 3250 1405; x_wconf 84' lang='lat' dir='ltr'><strong>praecellit</strong></span> <span class='ocrx_word' id='word_1_219' title='bbox 3282 1335 3438 1401; x_wconf 90' lang='lat' dir='ltr'><strong>illud,</strong></span> <span class='ocrx_word' id='word_1_220' title='bbox 3466 1340 3605 1406; x_wconf 90' lang='lat' dir='ltr'><strong>quod</strong></span> <span class='ocrx_word' id='word_1_221' title='bbox 3629 1352 3678 1394; x_wconf 88' lang='lat' dir='ltr'><strong>et</strong></span> 
     </span>
    </p>
   </div>
   <div class='ocr_carea' id='block_1_29' title="bbox 2100 1422 3684 1492">
    <p class='ocr_par' dir='ltr' id='par_1_29' title="bbox 2100 1422 3684 1492">
     <span class='ocr_line' id='line_1_29' title="bbox 2100 1422 3684 1492; baseline 0.002 -13"><span class='ocrx_word' id='word_1_222' title='bbox 2100 1423 2296 1480; x_wconf 78' lang='lat' dir='ltr'><strong>uisibile</strong></span> <span class='ocrx_word' id='word_1_223' title='bbox 2339 1439 2444 1478; x_wconf 90' lang='lat' dir='ltr'><strong>non</strong></span> <span class='ocrx_word' id='word_1_224' title='bbox 2473 1432 2569 1488; x_wconf 89' lang='lat' dir='ltr'><strong>est,</strong></span> <span class='ocrx_word' id='word_1_225' title='bbox 2600 1439 2692 1477; x_wconf 91' lang='lat' dir='ltr'><strong>nec</strong></span> <span class='ocrx_word' id='word_1_226' title='bbox 2720 1422 3080 1492; x_wconf 89' lang='lat' dir='ltr'><strong>manufactum</strong></span> <span class='ocrx_word' id='word_1_227' title='bbox 3126 1434 3221 1490; x_wconf 91' lang='lat' dir='ltr'><strong>est,</strong></span> <span class='ocrx_word' id='word_1_228' title='bbox 3274 1426 3365 1479; x_wconf 88' lang='lat' dir='ltr'><strong>sed</strong></span> <span class='ocrx_word' id='word_1_229' title='bbox 3415 1436 3684 1482; x_wconf 82' lang='lat' dir='ltr'><strong>aeternum</strong></span> 
     </span>
    </p>
   </div>
   <div class='ocr_carea' id='block_1_30' title="bbox 2099 1510 3682 1585">
    <p class='ocr_par' dir='ltr' id='par_1_30' title="bbox 2099 1510 3682 1585">
     <span class='ocr_line' id='line_1_30' title="bbox 2099 1510 3682 1585; baseline 0.001 -16"><span class='ocrx_word' id='word_1_230' title='bbox 2099 1523 2197 1569; x_wconf 82' lang='lat' dir='ltr'><strong>est.</strong></span> <span class='ocrx_word' id='word_1_231' title='bbox 2222 1510 2309 1567; x_wconf 78' lang='lat' dir='ltr'><strong>Ea:</strong></span> <span class='ocrx_word' id='word_1_232' title='bbox 2328 1529 2432 1583; x_wconf 92' lang='lat' dir='ltr'><strong>qua</strong></span> <span class='ocrx_word' id='word_1_233' title='bbox 2462 1513 2851 1581; x_wconf 87' lang='lat' dir='ltr'><strong>comparatione</strong></span> <span class='ocrx_word' id='word_1_234' title='bbox 2880 1512 3071 1581; x_wconf 85' lang='lat' dir='ltr'><strong>conjici</strong></span> <span class='ocrx_word' id='word_1_235' title='bbox 3108 1524 3297 1583; x_wconf 89' lang='lat' dir='ltr'><strong>potest,</strong></span> <span class='ocrx_word' id='word_1_236' title='bbox 3326 1524 3554 1585; x_wconf 88' lang='lat' dir='ltr'><strong>quantus</strong></span> <span class='ocrx_word' id='word_1_237' title='bbox 3593 1522 3682 1570; x_wconf 85' lang='lat' dir='ltr'><strong>de-</strong></span> 
     </span>
    </p>
   </div>
   <div class='ocr_carea' id='block_1_31' title="bbox 2102 1599 3685 1676">
    <p class='ocr_par' dir='ltr' id='par_1_31' title="bbox 2102 1599 3685 1676">
     <span class='ocr_line' id='line_1_31' title="bbox 2102 1599 3685 1676; baseline 0.002 -20"><span class='ocrx_word' id='word_1_238' title='bbox 2102 1618 2208 1665; x_wconf 90' lang='lat' dir='ltr'><strong>cor,</strong></span> <span class='ocrx_word' id='word_1_239' title='bbox 2239 1612 2465 1672; x_wconf 89' lang='lat' dir='ltr'><strong>quantus</strong></span> <span class='ocrx_word' id='word_1_240' title='bbox 2489 1599 2754 1668; x_wconf 85' lang='lat' dir='ltr'><strong>splendor,</strong></span> <span class='ocrx_word' id='word_1_241' title='bbox 2798 1613 3126 1672; x_wconf 82' lang='lat' dir='ltr'><strong>quantusque</strong></span> <span class='ocrx_word' id='word_1_242' title='bbox 3153 1603 3329 1673; x_wconf 83' lang='lat' dir='ltr'><strong>fulgor</strong></span> <span class='ocrx_word' id='word_1_243' title='bbox 3355 1606 3421 1659; x_wconf 90' lang='lat' dir='ltr'><strong>sit</strong></span> <span class='ocrx_word' id='word_1_244' title='bbox 3450 1608 3685 1676; x_wconf 89' lang='lat' dir='ltr'><strong>corporis</strong></span> 
     </span>
    </p>
   </div>
   <div class='ocr_carea' id='block_1_32' title="bbox 2102 1689 3683 1764">
    <p class='ocr_par' dir='ltr' id='par_1_32' title="bbox 2102 1689 3683 1764">
     <span class='ocr_line' id='line_1_32' title="bbox 2102 1689 3683 1764; baseline 0.005 -20"><span class='ocrx_word' id='word_1_245' title='bbox 2102 1689 2423 1761; x_wconf 89' lang='lat' dir='ltr'><strong>spiritualis;</strong></span> <span class='ocrx_word' id='word_1_246' title='bbox 2474 1698 2523 1744; x_wconf 89' lang='lat' dir='ltr'><strong>et</strong></span> <span class='ocrx_word' id='word_1_247' title='bbox 2570 1706 2745 1743; x_wconf 89' lang='lat' dir='ltr'><strong>verum</strong></span> <span class='ocrx_word' id='word_1_248' title='bbox 2797 1707 2907 1745; x_wconf 89' lang='lat' dir='ltr'><strong>esse</strong></span> <span class='ocrx_word' id='word_1_249' title='bbox 2955 1691 3087 1746; x_wconf 88' lang='lat' dir='ltr'><strong>illud</strong></span> <span class='ocrx_word' id='word_1_250' title='bbox 3133 1695 3271 1764; x_wconf 91' lang='lat' dir='ltr'><strong>quod</strong></span> <span class='ocrx_word' id='word_1_251' title='bbox 3317 1696 3514 1750; x_wconf 86' lang='lat' dir='ltr'><strong>dictum</strong></span> <span class='ocrx_word' id='word_1_252' title='bbox 3552 1708 3683 1752; x_wconf 91' lang='lat' dir='ltr'><strong>est:</strong></span> 
     </span>
    </p>
   </div>
   <div class='ocr_carea' id='block_1_33' title="bbox 418 1768 1997 1874">
    <p class='ocr_par' dir='ltr' id='par_1_33' title="bbox 418 1768 1997 1874">
     <span class='ocr_line' id='line_1_33' title="bbox 418 1768 1997 1874; baseline -0.008 -17"><span class='ocrx_word' id='word_1_253' title='bbox 418 1768 518 1861; x_wconf 71' lang='lat' dir='ltr'><strong>tire</strong></span> <span class='ocrx_word' id='word_1_254' title='bbox 559 1802 636 1858; x_wconf 88' lang='lat' dir='ltr'><strong>vel</strong></span> <span class='ocrx_word' id='word_1_255' title='bbox 674 1803 961 1874; x_wconf 85' lang='lat' dir='ltr'><strong>intelligere</strong></span> <span class='ocrx_word' id='word_1_256' title='bbox 1010 1802 1086 1858; x_wconf 84' lang='lat' dir='ltr'><strong>vel</strong></span> <span class='ocrx_word' id='word_1_257' title='bbox 1133 1802 1361 1872; x_wconf 84' lang='lat' dir='ltr'><strong>cogitare</strong></span> <span class='ocrx_word' id='word_1_258' title='bbox 1407 1806 1592 1866; x_wconf 85' lang='lat' dir='ltr'><strong>potest,</strong></span> <span class='ocrx_word' id='word_1_259' title='bbox 1644 1795 1819 1851; x_wconf 89' lang='lat' dir='ltr'><strong>omnia</strong></span> <span class='ocrx_word' id='word_1_260' title='bbox 1864 1791 1997 1845; x_wconf 76' lang='lat' dir='ltr'><strong>Deut</strong></span> 
     </span>
    </p>
   </div>
   <div class='ocr_carea' id='block_1_34' title="bbox 2097 1768 3683 1874">
    <p class='ocr_par' dir='ltr' id='par_1_34' title="bbox 2110 1768 3683 1851">
     <span class='ocr_line' id='line_1_34' title="bbox 2110 1768 3683 1851; baseline 0.004 -17"><span class='ocrx_word' id='word_1_261' title='bbox 2110 1780 2250 1847; x_wconf 84' lang='lat' dir='ltr'><strong>Quia</strong></span> <span class='ocrx_word' id='word_1_262' title='bbox 2294 1779 2476 1833; x_wconf 88' lang='lat' dir='ltr'><strong>oculus</strong></span> <span class='ocrx_word' id='word_1_263' title='bbox 2490 1796 2593 1833; x_wconf 89' lang='lat' dir='ltr'><strong>non</strong></span> <span class='ocrx_word' id='word_1_264' title='bbox 2617 1779 2660 1810; x_wconf 83' lang='grc'>¹³</span> <span class='ocrx_word' id='word_1_265' title='bbox 2683 1768 2827 1846; x_wconf 83' lang='lat' dir='ltr'><strong>vidit,</strong></span> <span class='ocrx_word' id='word_1_266' title='bbox 2853 1798 2943 1835; x_wconf 90' lang='lat' dir='ltr'><strong>nec</strong></span> <span class='ocrx_word' id='word_1_267' title='bbox 2978 1784 3124 1837; x_wconf 83' lang='lat' dir='ltr'><strong>auris</strong></span> <span class='ocrx_word' id='word_1_268' title='bbox 3145 1785 3370 1851; x_wconf 81' lang='lat' dir='ltr'><strong>audiuit,</strong></span> <span class='ocrx_word' id='word_1_269' title='bbox 3393 1803 3486 1840; x_wconf 91' lang='lat' dir='ltr'><strong>nec</strong></span> <span class='ocrx_word' id='word_1_270' title='bbox 3508 1788 3561 1840; x_wconf 89' lang='lat' dir='ltr'><strong>in</strong></span> <span class='ocrx_word' id='word_1_271' title='bbox 3588 1805 3683 1841; x_wconf 89' lang='lat' dir='ltr'><strong>cor</strong></span> 
     </span>
    </p>
   </div>
   <div class='ocr_carea' id='block_1_35' title="bbox 417 1883 1995 1963">
    <p class='ocr_par' dir='ltr' id='par_1_35' title="bbox 417 1883 1995 1963">
     <span class='ocr_line' id='line_1_35' title="bbox 417 1883 1995 1963; baseline -0.01 -13"><span class='ocrx_word' id='word_1_272' title='bbox 417 1897 511 1960; x_wconf 87' lang='lat' dir='ltr'><strong>sit,</strong></span> <span class='ocrx_word' id='word_1_273' title='bbox 558 1912 651 1949; x_wconf 91' lang='lat' dir='ltr'><strong>nec</strong></span> <span class='ocrx_word' id='word_1_274' title='bbox 691 1893 831 1948; x_wconf 89' lang='lat' dir='ltr'><strong>ultra</strong></span> <span class='ocrx_word' id='word_1_275' title='bbox 873 1894 992 1963; x_wconf 87' lang='lat' dir='ltr'><strong>jam</strong></span> <span class='ocrx_word' id='word_1_276' title='bbox 1031 1892 1233 1961; x_wconf 88' lang='lat' dir='ltr'><strong>aliquid</strong></span> <span class='ocrx_word' id='word_1_277' title='bbox 1272 1890 1417 1945; x_wconf 80' lang='lat' dir='ltr'><strong>aliud</strong></span> <span class='ocrx_word' id='word_1_278' title='bbox 1458 1888 1558 1942; x_wconf 87' lang='lat' dir='ltr'><strong>nisi</strong></span> <span class='ocrx_word' id='word_1_279' title='bbox 1598 1886 1764 1941; x_wconf 86' lang='lat' dir='ltr'><strong>Deum</strong></span> <span class='ocrx_word' id='word_1_280' title='bbox 1801 1883 1995 1946; x_wconf 82' lang='lat' dir='ltr'><strong>videat,</strong></span> 
     </span>
    </p>
   </div>
   <div class='ocr_carea' id='block_1_36' title="bbox 418 1978 1996 2050">
    <p class='ocr_par' dir='ltr' id='par_1_36' title="bbox 418 1978 1996 2050">
     <span class='ocr_line' id='line_1_36' title="bbox 418 1978 1996 2050; baseline -0.011 -8"><span class='ocrx_word' id='word_1_281' title='bbox 418 1987 592 2042; x_wconf 84' lang='lat' dir='ltr'><strong>Deum</strong></span> <span class='ocrx_word' id='word_1_282' title='bbox 628 1994 821 2050; x_wconf 82' lang='lat' dir='ltr'><strong>teneat,</strong></span> <span class='ocrx_word' id='word_1_283' title='bbox 867 1984 1036 2038; x_wconf 87' lang='lat' dir='ltr'><strong>omnis</strong></span> <span class='ocrx_word' id='word_1_284' title='bbox 1065 1993 1235 2036; x_wconf 87' lang='lat' dir='ltr'><strong>motus</strong></span> <span class='ocrx_word' id='word_1_285' title='bbox 1273 1983 1354 2035; x_wconf 91' lang='lat' dir='ltr'><strong>sui</strong></span> <span class='ocrx_word' id='word_1_286' title='bbox 1382 1979 1521 2032; x_wconf 86' lang='lat' dir='ltr'><strong>Deus</strong></span> <span class='ocrx_word' id='word_1_287' title='bbox 1549 1978 1735 2032; x_wconf 89' lang='lat' dir='ltr'><strong>modus</strong></span> <span class='ocrx_word' id='word_1_288' title='bbox 1770 1983 1818 2029; x_wconf 89' lang='lat' dir='ltr'><strong>et</strong></span> <span class='ocrx_word' id='word_1_289' title='bbox 1848 1988 1996 2026; x_wconf 87' lang='lat' dir='ltr'><strong>men-</strong></span> 
     </span>
    </p>
   </div>
   <div class='ocr_carea' id='block_1_37' title="bbox 419 2062 2000 2146">
    <p class='ocr_par' dir='ltr' id='par_1_37' title="bbox 419 2062 2000 2146">
     <span class='ocr_line' id='line_1_37' title="bbox 419 2062 2000 2146; baseline -0.009 -16"><span class='ocrx_word' id='word_1_290' title='bbox 419 2093 546 2130; x_wconf 87' lang='lat' dir='ltr'><strong>sura</strong></span> <span class='ocrx_word' id='word_1_291' title='bbox 572 2077 674 2140; x_wconf 87' lang='lat' dir='ltr'><strong>sit;</strong></span> <span class='ocrx_word' id='word_1_292' title='bbox 706 2084 752 2128; x_wconf 91' lang='lat' dir='ltr'><strong>et</strong></span> <span class='ocrx_word' id='word_1_293' title='bbox 781 2076 855 2127; x_wconf 91' lang='lat' dir='ltr'><strong>ita</strong></span> <span class='ocrx_word' id='word_1_294' title='bbox 882 2074 979 2126; x_wconf 89' lang='lat' dir='ltr'><strong>erit</strong></span> <span class='ocrx_word' id='word_1_295' title='bbox 1003 2072 1185 2146; x_wconf 87' lang='lat' dir='ltr'><strong>omnia</strong></span> <span class='ocrx_word' id='word_1_296' title='bbox 1210 2070 1373 2123; x_wconf 89' lang='lat' dir='ltr'><strong>Deus.</strong></span> <span class='ocrx_word' id='word_1_297' title='bbox 1409 2068 1531 2121; x_wconf 89' lang='lat' dir='ltr'><strong>Non</strong></span> <span class='ocrx_word' id='word_1_298' title='bbox 1557 2068 1695 2120; x_wconf 89' lang='lat' dir='ltr'><strong>enim</strong></span> <span class='ocrx_word' id='word_1_299' title='bbox 1716 2064 1832 2133; x_wconf 89' lang='lat' dir='ltr'><strong>jam</strong></span> <span class='ocrx_word' id='word_1_300' title='bbox 1860 2062 2000 2116; x_wconf 83' lang='lat' dir='ltr'><strong>ultra</strong></span> 
     </span>
    </p>
   </div>
   <div class='ocr_carea' id='block_1_38' title="bbox 418 2150 1998 2233">
    <p class='ocr_par' dir='ltr' id='par_1_38' title="bbox 418 2150 1998 2233">
     <span class='ocr_line' id='line_1_38' title="bbox 418 2150 1998 2233; baseline -0.008 -17"><span class='ocrx_word' id='word_1_301' title='bbox 418 2164 546 2229; x_wconf 81' lang='lat' dir='ltr'><strong>mali</strong></span> <span class='ocrx_word' id='word_1_302' title='bbox 572 2165 792 2233; x_wconf 89' lang='lat' dir='ltr'><strong>bonique</strong></span> <span class='ocrx_word' id='word_1_303' title='bbox 819 2161 1084 2225; x_wconf 84' lang='lat' dir='ltr'><strong>discretio,</strong></span> <span class='ocrx_word' id='word_1_304' title='bbox 1114 2159 1238 2228; x_wconf 83' lang='lat' dir='ltr'><strong>quia</strong></span> <span class='ocrx_word' id='word_1_305' title='bbox 1268 2172 1522 2223; x_wconf 77' lang='lat' dir='ltr'><strong>nusquam</strong></span> <span class='ocrx_word' id='word_1_306' title='bbox 1551 2156 1771 2208; x_wconf 86' lang='lat' dir='ltr'><strong>malum.</strong></span> <span class='ocrx_word' id='word_1_307' title='bbox 1804 2150 1998 2206; x_wconf 86' lang='lat' dir='ltr'><strong>Omnia</strong></span> 
     </span>
    </p>
   </div>
   <div class='ocr_carea' id='block_1_39' title="bbox 417 2243 1997 2320">
    <p class='ocr_par' dir='ltr' id='par_1_39' title="bbox 417 2243 1997 2320">
     <span class='ocr_line' id='line_1_39' title="bbox 417 2243 1997 2320; baseline -0.009 -11"><span class='ocrx_word' id='word_1_308' title='bbox 417 2254 554 2309; x_wconf 79' lang='lat' dir='ltr'><strong>enim</strong></span> <span class='ocrx_word' id='word_1_309' title='bbox 585 2254 632 2307; x_wconf 90' lang='lat' dir='ltr'><strong>ei</strong></span> <span class='ocrx_word' id='word_1_310' title='bbox 660 2251 804 2306; x_wconf 88' lang='lat' dir='ltr'><strong>Deus</strong></span> <span class='ocrx_word' id='word_1_311' title='bbox 831 2261 928 2317; x_wconf 89' lang='lat' dir='ltr'><strong>est,</strong></span> <span class='ocrx_word' id='word_1_312' title='bbox 966 2251 1053 2305; x_wconf 90' lang='lat' dir='ltr'><strong>cui</strong></span> <span class='ocrx_word' id='word_1_313' title='bbox 1088 2250 1208 2320; x_wconf 86' lang='lat' dir='ltr'><strong>jam</strong></span> <span class='ocrx_word' id='word_1_314' title='bbox 1251 2266 1353 2302; x_wconf 90' lang='lat' dir='ltr'><strong>non</strong></span> <span class='ocrx_word' id='word_1_315' title='bbox 1382 2246 1588 2316; x_wconf 88' lang='lat' dir='ltr'><strong>adjacet</strong></span> <span class='ocrx_word' id='word_1_316' title='bbox 1620 2243 1861 2308; x_wconf 82' lang='lat' dir='ltr'><strong>malum;</strong></span> <span class='ocrx_word' id='word_1_317' title='bbox 1905 2258 1997 2296; x_wconf 76' lang='lat' dir='ltr'><strong>nec</strong></span> 
     </span>
    </p>
   </div>
   <div class='ocr_carea' id='block_1_40' title="bbox 419 2334 2001 2398">
    <p class='ocr_par' dir='ltr' id='par_1_40' title="bbox 419 2334 2001 2398">
     <span class='ocr_line' id='line_1_40' title="bbox 419 2334 2001 2398; baseline -0.008 -1"><span class='ocrx_word' id='word_1_318' title='bbox 419 2343 560 2397; x_wconf 90' lang='lat' dir='ltr'><strong>ultra</strong></span> <span class='ocrx_word' id='word_1_319' title='bbox 589 2359 654 2398; x_wconf 78' lang='lat' dir='ltr'><strong>ea:</strong></span> <span class='ocrx_word' id='word_1_320' title='bbox 681 2343 867 2396; x_wconf 90' lang='lat' dir='ltr'><strong>arbore</strong></span> <span class='ocrx_word' id='word_1_321' title='bbox 904 2341 1101 2397; x_wconf 84' lang='lat' dir='ltr'><strong>sciendi</strong></span> <span class='ocrx_word' id='word_1_322' title='bbox 1141 2339 1331 2393; x_wconf 88' lang='lat' dir='ltr'><strong>bonum</strong></span> <span class='ocrx_word' id='word_1_323' title='bbox 1374 2347 1421 2391; x_wconf 93' lang='lat' dir='ltr'><strong>et</strong></span> <span class='ocrx_word' id='word_1_324' title='bbox 1461 2335 1657 2390; x_wconf 87' lang='lat' dir='ltr'><strong>malum</strong></span> <span class='ocrx_word' id='word_1_325' title='bbox 1699 2334 1848 2388; x_wconf 90' lang='lat' dir='ltr'><strong>edere</strong></span> <span class='ocrx_word' id='word_1_326' title='bbox 1877 2348 2001 2387; x_wconf 86' lang='lat' dir='ltr'><strong>con-</strong></span> 
     </span>
    </p>
   </div>
   <div class='ocr_carea' id='block_1_41' title="bbox 421 2421 1999 2504">
    <p class='ocr_par' dir='ltr' id='par_1_41' title="bbox 421 2421 1999 2504">
     <span class='ocr_line' id='line_1_41' title="bbox 421 2421 1999 2504; baseline -0.008 -17"><span class='ocrx_word' id='word_1_327' title='bbox 421 2428 673 2504; x_wconf 83' lang='lat' dir='ltr'><strong>cupiscet,</strong></span> <span class='ocrx_word' id='word_1_328' title='bbox 696 2432 785 2503; x_wconf 90' lang='lat' dir='ltr'><strong>qui</strong></span> <span class='ocrx_word' id='word_1_329' title='bbox 804 2429 829 2463; x_wconf 82' lang='grc'><em>³</em></span> <span class='ocrx_word' id='word_1_330' title='bbox 854 2448 1053 2501; x_wconf 84' lang='lat' dir='ltr'><strong>semper</strong></span> <span class='ocrx_word' id='word_1_331' title='bbox 1093 2430 1148 2483; x_wconf 89' lang='lat' dir='ltr'><strong>in</strong></span> <span class='ocrx_word' id='word_1_332' title='bbox 1176 2429 1308 2483; x_wconf 89' lang='lat' dir='ltr'><strong>bono</strong></span> <span class='ocrx_word' id='word_1_333' title='bbox 1335 2439 1433 2492; x_wconf 86' lang='lat' dir='ltr'><strong>est,</strong></span> <span class='ocrx_word' id='word_1_334' title='bbox 1458 2436 1506 2480; x_wconf 87' lang='lat' dir='ltr'><strong>et</strong></span> <span class='ocrx_word' id='word_1_335' title='bbox 1539 2426 1625 2479; x_wconf 89' lang='lat' dir='ltr'><strong>cui</strong></span> <span class='ocrx_word' id='word_1_336' title='bbox 1653 2424 1830 2479; x_wconf 81' lang='lat' dir='ltr'><strong>omnia</strong></span> <span class='ocrx_word' id='word_1_337' title='bbox 1861 2421 1999 2475; x_wconf 87' lang='lat' dir='ltr'><strong>Deus</strong></span> 
     </span>
    </p>
   </div>
   <div class='ocr_carea' id='block_1_42' title="bbox 419 2520 2001 2592">
    <p class='ocr_par' dir='ltr' id='par_1_42' title="bbox 419 2520 2001 2592">
     <span class='ocr_line' id='line_1_42' title="bbox 419 2520 2001 2592; baseline -0.007 -15"><span class='ocrx_word' id='word_1_338' title='bbox 419 2534 517 2577; x_wconf 89' lang='lat' dir='ltr'><strong>est.</strong></span> <span class='ocrx_word' id='word_1_339' title='bbox 554 2522 616 2579; x_wconf 81' lang='lat' dir='ltr'><strong>Si</strong></span> <span class='ocrx_word' id='word_1_340' title='bbox 657 2539 779 2592; x_wconf 86' lang='lat' dir='ltr'><strong>ergo</strong></span> <span class='ocrx_word' id='word_1_341' title='bbox 803 2521 824 2553; x_wconf 72' lang='grc'><strong>’⁵</strong></span> <span class='ocrx_word' id='word_1_342' title='bbox 853 2521 975 2591; x_wconf 78' lang='lat' dir='ltr'><strong>ﬁnis</strong></span> <span class='ocrx_word' id='word_1_343' title='bbox 1002 2520 1071 2574; x_wconf 90' lang='lat' dir='ltr'><strong>ad</strong></span> <span class='ocrx_word' id='word_1_344' title='bbox 1098 2521 1409 2591; x_wconf 82' lang='lat' dir='ltr'><strong>principium</strong></span> <span class='ocrx_word' id='word_1_345' title='bbox 1435 2526 1733 2588; x_wconf 88' lang='lat' dir='ltr'><strong>reparatus,</strong></span> <span class='ocrx_word' id='word_1_346' title='bbox 1753 2524 1799 2570; x_wconf 90' lang='lat' dir='ltr'><strong>et</strong></span> <span class='ocrx_word' id='word_1_347' title='bbox 1828 2529 2001 2568; x_wconf 90' lang='lat' dir='ltr'><strong>rerum</strong></span> 
     </span>
    </p>
   </div>
   <div class='ocr_carea' id='block_1_43' title="bbox 419 2608 2000 2676">
    <p class='ocr_par' dir='ltr' id='par_1_43' title="bbox 419 2608 2000 2676">
     <span class='ocr_line' id='line_1_43' title="bbox 419 2608 2000 2676; baseline -0.006 -9"><span class='ocrx_word' id='word_1_348' title='bbox 419 2613 591 2667; x_wconf 71' lang='lat' dir='ltr'><strong>exitus</strong></span> <span class='ocrx_word' id='word_1_349' title='bbox 629 2612 851 2666; x_wconf 86' lang='lat' dir='ltr'><strong>collatus</strong></span> <span class='ocrx_word' id='word_1_350' title='bbox 880 2610 1078 2675; x_wconf 87' lang='lat' dir='ltr'><strong>initiis,</strong></span> <span class='ocrx_word' id='word_1_351' title='bbox 1117 2610 1351 2664; x_wconf 87' lang='lat' dir='ltr'><strong>restituet</strong></span> <span class='ocrx_word' id='word_1_352' title='bbox 1387 2608 1539 2663; x_wconf 89' lang='lat' dir='ltr'><strong>illum</strong></span> <span class='ocrx_word' id='word_1_353' title='bbox 1575 2617 1803 2672; x_wconf 90' lang='lat' dir='ltr'><strong>statum,</strong></span> <span class='ocrx_word' id='word_1_354' title='bbox 1849 2621 2000 2676; x_wconf 87' lang='lat' dir='ltr'><strong>quem</strong></span> 
     </span>
    </p>
   </div>
   <div class='ocr_carea' id='block_1_44' title="bbox 420 2693 2000 2767">
    <p class='ocr_par' dir='ltr' id='par_1_44' title="bbox 420 2693 2000 2767">
     <span class='ocr_line' id='line_1_44' title="bbox 420 2693 2000 2767; baseline -0.006 -12"><span class='ocrx_word' id='word_1_355' title='bbox 420 2713 545 2763; x_wconf 83' lang='lat' dir='ltr'><strong>tunc</strong></span> <span class='ocrx_word' id='word_1_356' title='bbox 570 2701 751 2754; x_wconf 84' lang='lat' dir='ltr'><strong>habuit</strong></span> <span class='ocrx_word' id='word_1_357' title='bbox 778 2710 971 2755; x_wconf 90' lang='lat' dir='ltr'><strong>natura</strong></span> <span class='ocrx_word' id='word_1_358' title='bbox 1005 2697 1359 2763; x_wconf 88' lang='lat' dir='ltr'><strong>rationabilis,</strong></span> <span class='ocrx_word' id='word_1_359' title='bbox 1385 2713 1505 2751; x_wconf 90' lang='lat' dir='ltr'><strong>cum</strong></span> <span class='ocrx_word' id='word_1_360' title='bbox 1538 2696 1604 2750; x_wconf 88' lang='lat' dir='ltr'><strong>de</strong></span> <span class='ocrx_word' id='word_1_361' title='bbox 1638 2696 1780 2767; x_wconf 90' lang='lat' dir='ltr'><strong>ligno</strong></span> <span class='ocrx_word' id='word_1_362' title='bbox 1803 2693 2000 2749; x_wconf 86' lang='lat' dir='ltr'><strong>sciendi</strong></span> 
     </span>
    </p>
   </div>
   <div class='ocr_carea' id='block_1_45' title="bbox 421 2788 1999 2859">
    <p class='ocr_par' dir='ltr' id='par_1_45' title="bbox 421 2788 1999 2859">
     <span class='ocr_line' id='line_1_45' title="bbox 421 2788 1999 2859; baseline -0.003 -14"><span class='ocrx_word' id='word_1_363' title='bbox 421 2792 612 2845; x_wconf 90' lang='lat' dir='ltr'><strong>bonum</strong></span> <span class='ocrx_word' id='word_1_364' title='bbox 643 2800 691 2845; x_wconf 90' lang='lat' dir='ltr'><strong>et</strong></span> <span class='ocrx_word' id='word_1_365' title='bbox 720 2790 922 2845; x_wconf 89' lang='lat' dir='ltr'><strong>malum</strong></span> <span class='ocrx_word' id='word_1_366' title='bbox 963 2792 984 2824; x_wconf 82' lang='grc'>⁸</span> <span class='ocrx_word' id='word_1_367' title='bbox 1013 2790 1168 2845; x_wconf 86' lang='lat' dir='ltr'><strong>edere</strong></span> <span class='ocrx_word' id='word_1_368' title='bbox 1196 2805 1300 2843; x_wconf 90' lang='lat' dir='ltr'><strong>non</strong></span> <span class='ocrx_word' id='word_1_369' title='bbox 1329 2788 1528 2859; x_wconf 88' lang='lat' dir='ltr'><strong>egebat,</strong></span> <span class='ocrx_word' id='word_1_370' title='bbox 1568 2796 1624 2841; x_wconf 90' lang='lat' dir='ltr'><strong>ut</strong></span> <span class='ocrx_word' id='word_1_371' title='bbox 1657 2797 1831 2841; x_wconf 86' lang='lat' dir='ltr'><strong>amoto</strong></span> <span class='ocrx_word' id='word_1_372' title='bbox 1858 2790 1999 2841; x_wconf 88' lang='lat' dir='ltr'><strong>omni</strong></span> 
     </span>
    </p>
   </div>
   <div class='ocr_carea' id='block_1_46' title="bbox 428 2875 1994 2947">
    <p class='ocr_par' dir='ltr' id='par_1_46' title="bbox 428 2875 1994 2947">
     <span class='ocr_line' id='line_1_46' title="bbox 428 2875 1994 2947; baseline -0.003 -13"><span class='ocrx_word' id='word_1_373' title='bbox 428 2880 665 2935; x_wconf 84' lang='lat' dir='ltr'><strong>malitiae</strong></span> <span class='ocrx_word' id='word_1_374' title='bbox 693 2897 874 2946; x_wconf 90' lang='lat' dir='ltr'><strong>sensu,</strong></span> <span class='ocrx_word' id='word_1_375' title='bbox 911 2891 960 2934; x_wconf 91' lang='lat' dir='ltr'><strong>et</strong></span> <span class='ocrx_word' id='word_1_376' title='bbox 1005 2880 1074 2933; x_wconf 89' lang='lat' dir='ltr'><strong>ad</strong></span> <span class='ocrx_word' id='word_1_377' title='bbox 1107 2879 1377 2934; x_wconf 88' lang='lat' dir='ltr'><strong>sincerum</strong></span> <span class='ocrx_word' id='word_1_378' title='bbox 1403 2879 1424 2911; x_wconf 81' lang='grc'>⁸</span> <span class='ocrx_word' id='word_1_379' title='bbox 1457 2892 1745 2947; x_wconf 83' lang='lat' dir='ltr'><strong>purumque</strong></span> <span class='ocrx_word' id='word_1_380' title='bbox 1773 2875 1994 2942; x_wconf 88' lang='lat' dir='ltr'><strong>deterso,</strong></span> 
     </span>
    </p>
   </div>
   <div class='ocr_carea' id='block_1_47' title="bbox 428 2966 1997 3038">
    <p class='ocr_par' dir='ltr' id='par_1_47' title="bbox 428 2966 1997 3038">
     <span class='ocr_line' id='line_1_47' title="bbox 428 2966 1997 3038; baseline -0.004 -13"><span class='ocrx_word' id='word_1_381' title='bbox 428 2969 595 3034; x_wconf 85' lang='lat' dir='ltr'><strong>solus,</strong></span> <span class='ocrx_word' id='word_1_382' title='bbox 632 2972 721 3038; x_wconf 89' lang='lat' dir='ltr'><strong>qui</strong></span> <span class='ocrx_word' id='word_1_383' title='bbox 752 2973 826 3024; x_wconf 89' lang='lat' dir='ltr'><strong>est</strong></span> <span class='ocrx_word' id='word_1_384' title='bbox 856 2987 1012 3034; x_wconf 87' lang='lat' dir='ltr'><strong>unus,</strong></span> <span class='ocrx_word' id='word_1_385' title='bbox 1046 2969 1186 3024; x_wconf 88' lang='lat' dir='ltr'><strong>Deus</strong></span> <span class='ocrx_word' id='word_1_386' title='bbox 1217 2970 1380 3024; x_wconf 86' lang='lat' dir='ltr'><strong>bonus</strong></span> <span class='ocrx_word' id='word_1_387' title='bbox 1415 2968 1498 3022; x_wconf 90' lang='lat' dir='ltr'><strong>hic</strong></span> <span class='ocrx_word' id='word_1_388' title='bbox 1524 2967 1571 3021; x_wconf 90' lang='lat' dir='ltr'><strong>ei</strong></span> <span class='ocrx_word' id='word_1_389' title='bbox 1594 2966 1688 3035; x_wconf 81' lang='lat' dir='ltr'><strong>ﬁat</strong></span> <span class='ocrx_word' id='word_1_390' title='bbox 1716 2967 1911 3032; x_wconf 88' lang='lat' dir='ltr'><strong>omnia,</strong></span> <span class='ocrx_word' id='word_1_391' title='bbox 1947 2976 1997 3021; x_wconf 87' lang='lat' dir='ltr'><strong>et</strong></span> 
     </span>
    </p>
   </div>
   <div class='ocr_carea' id='block_1_48' title="bbox 425 3054 1996 3129">
    <p class='ocr_par' dir='ltr' id='par_1_48' title="bbox 425 3054 1996 3129">
     <span class='ocr_line' id='line_1_48' title="bbox 425 3054 1996 3129; baseline -0.003 -17"><span class='ocrx_word' id='word_1_392' title='bbox 425 3076 530 3115; x_wconf 89' lang='lat' dir='ltr'><strong>non</strong></span> <span class='ocrx_word' id='word_1_393' title='bbox 558 3061 613 3113; x_wconf 92' lang='lat' dir='ltr'><strong>in</strong></span> <span class='ocrx_word' id='word_1_394' title='bbox 641 3062 823 3129; x_wconf 84' lang='lat' dir='ltr'><strong>paucis</strong></span> <span class='ocrx_word' id='word_1_395' title='bbox 853 3058 1113 3129; x_wconf 88' lang='lat' dir='ltr'><strong>aliquibus</strong></span> <span class='ocrx_word' id='word_1_396' title='bbox 1140 3055 1217 3112; x_wconf 86' lang='lat' dir='ltr'><strong>vel</strong></span> <span class='ocrx_word' id='word_1_397' title='bbox 1243 3056 1498 3127; x_wconf 86' lang='lat' dir='ltr'><strong>pluribus,</strong></span> <span class='ocrx_word' id='word_1_398' title='bbox 1527 3055 1618 3110; x_wconf 88' lang='lat' dir='ltr'><strong>sed</strong></span> <span class='ocrx_word' id='word_1_399' title='bbox 1655 3064 1710 3108; x_wconf 92' lang='lat' dir='ltr'><strong>ut</strong></span> <span class='ocrx_word' id='word_1_400' title='bbox 1748 3056 1802 3108; x_wconf 91' lang='lat' dir='ltr'><strong>in</strong></span> <span class='ocrx_word' id='word_1_401' title='bbox 1827 3054 1996 3108; x_wconf 89' lang='lat' dir='ltr'><strong>amni-</strong></span> 
     </span>
    </p>
   </div>
   <div class='ocr_carea' id='block_1_49' title="bbox 2094 1872 3682 1950">
    <p class='ocr_par' dir='ltr' id='par_1_49' title="bbox 2094 1872 3682 1950">
     <span class='ocr_line' id='line_1_49' title="bbox 2094 1872 3682 1950; baseline 0.005 -24"><span class='ocrx_word' id='word_1_402' title='bbox 2094 1872 2320 1926; x_wconf 88' lang='lat' dir='ltr'><strong>hominis</strong></span> <span class='ocrx_word' id='word_1_403' title='bbox 2350 1872 2394 1903; x_wconf 74' lang='lat'>“</span> <span class='ocrx_word' id='word_1_404' title='bbox 2423 1872 2678 1938; x_wconf 83' lang='lat' dir='ltr'><strong>ascendit,</strong></span> <span class='ocrx_word' id='word_1_405' title='bbox 2707 1889 2841 1943; x_wconf 91' lang='lat' dir='ltr'><strong>quae</strong></span> <span class='ocrx_word' id='word_1_406' title='bbox 2864 1877 3193 1945; x_wconf 87' lang='lat' dir='ltr'><strong>praeparavit</strong></span> <span class='ocrx_word' id='word_1_407' title='bbox 3237 1877 3375 1932; x_wconf 88' lang='lat' dir='ltr'><strong>Deus</strong></span> <span class='ocrx_word' id='word_1_408' title='bbox 3413 1881 3494 1934; x_wconf 90' lang='lat' dir='ltr'><strong>his</strong></span> <span class='ocrx_word' id='word_1_409' title='bbox 3521 1882 3563 1913; x_wconf 68' lang='grc'><strong>¹⁵</strong></span> <span class='ocrx_word' id='word_1_410' title='bbox 3588 1882 3682 1950; x_wconf 86' lang='lat' dir='ltr'><strong>qui</strong></span> 
     </span>
    </p>
   </div>
   <div class='ocr_carea' id='block_1_50' title="bbox 2096 1960 3679 2034">
    <p class='ocr_par' dir='ltr' id='par_1_50' title="bbox 2096 1960 3679 2034">
     <span class='ocr_line' id='line_1_50' title="bbox 2096 1960 3679 2034; baseline 0.004 -17"><span class='ocrx_word' id='word_1_411' title='bbox 2096 1964 2320 2034; x_wconf 89' lang='lat' dir='ltr'><strong>diligunt</strong></span> <span class='ocrx_word' id='word_1_412' title='bbox 2356 1979 2499 2017; x_wconf 87' lang='lat' dir='ltr'><strong>eum.</strong></span> <span class='ocrx_word' id='word_1_413' title='bbox 2539 1960 2665 2017; x_wconf 87' lang='lat' dir='ltr'><strong>Non</strong></span> <span class='ocrx_word' id='word_1_414' title='bbox 2716 1974 2891 2018; x_wconf 89' lang='lat' dir='ltr'><strong>autem</strong></span> <span class='ocrx_word' id='word_1_415' title='bbox 2936 1964 2980 1997; x_wconf 77' lang='lat'><strong>“</strong></span> <span class='ocrx_word' id='word_1_416' title='bbox 3020 1965 3366 2021; x_wconf 80' lang='lat' dir='ltr'><strong>dubitandum</strong></span> <span class='ocrx_word' id='word_1_417' title='bbox 3395 1979 3490 2033; x_wconf 91' lang='lat' dir='ltr'><strong>est,</strong></span> <span class='ocrx_word' id='word_1_418' title='bbox 3521 1981 3679 2023; x_wconf 52' lang='lat' dir='ltr'><strong>natu-</strong></span> 
     </span>
    </p>
   </div>
   <div class='ocr_carea' id='block_1_51' title="bbox 2099 2052 3683 2128">
    <p class='ocr_par' dir='ltr' id='par_1_51' title="bbox 2099 2052 3683 2128">
     <span class='ocr_line' id='line_1_51' title="bbox 2099 2052 3683 2128; baseline 0.004 -21"><span class='ocrx_word' id='word_1_419' title='bbox 2099 2071 2211 2107; x_wconf 87' lang='lat' dir='ltr'><strong>ram</strong></span> <span class='ocrx_word' id='word_1_420' title='bbox 2241 2054 2476 2124; x_wconf 88' lang='lat' dir='ltr'><strong>corporis</strong></span> <span class='ocrx_word' id='word_1_421' title='bbox 2523 2052 2684 2122; x_wconf 81' lang='lat' dir='ltr'><strong>hujus</strong></span> <span class='ocrx_word' id='word_1_422' title='bbox 2720 2055 2886 2108; x_wconf 89' lang='lat' dir='ltr'><strong>nostri</strong></span> <span class='ocrx_word' id='word_1_423' title='bbox 2928 2054 3191 2110; x_wconf 87' lang='lat' dir='ltr'><strong>voluntate</strong></span> <span class='ocrx_word' id='word_1_424' title='bbox 3232 2057 3347 2122; x_wconf 90' lang='lat' dir='ltr'><strong>Dei,</strong></span> <span class='ocrx_word' id='word_1_425' title='bbox 3389 2060 3478 2128; x_wconf 90' lang='lat' dir='ltr'><strong>qui</strong></span> <span class='ocrx_word' id='word_1_426' title='bbox 3522 2059 3683 2114; x_wconf 89' lang='lat' dir='ltr'><strong>talem</strong></span> 
     </span>
    </p>
   </div>
   <div class='ocr_carea' id='block_1_52' title="bbox 2096 2139 3685 2213">
    <p class='ocr_par' dir='ltr' id='par_1_52' title="bbox 2096 2139 3685 2213">
     <span class='ocr_line' id='line_1_52' title="bbox 2096 2139 3685 2213; baseline 0.005 -18"><span class='ocrx_word' id='word_1_427' title='bbox 2096 2140 2217 2212; x_wconf 86' lang='lat' dir='ltr'><strong>fecit</strong></span> <span class='ocrx_word' id='word_1_428' title='bbox 2240 2156 2378 2206; x_wconf 88' lang='lat' dir='ltr'><strong>eam,</strong></span> <span class='ocrx_word' id='word_1_429' title='bbox 2420 2156 2582 2211; x_wconf 88' lang='lat' dir='ltr'><strong>usque</strong></span> <span class='ocrx_word' id='word_1_430' title='bbox 2609 2142 2677 2195; x_wconf 89' lang='lat' dir='ltr'><strong>ad</strong></span> <span class='ocrx_word' id='word_1_431' title='bbox 2703 2139 2848 2196; x_wconf 87' lang='lat' dir='ltr'><strong>illam</strong></span> <span class='ocrx_word' id='word_1_432' title='bbox 2875 2141 3180 2213; x_wconf 85' lang='lat' dir='ltr'><strong>qualitatem</strong></span> <span class='ocrx_word' id='word_1_433' title='bbox 3211 2144 3251 2175; x_wconf 79' lang='lat'>&quot;</span> <span class='ocrx_word' id='word_1_434' title='bbox 3282 2145 3610 2201; x_wconf 86' lang='lat' dir='ltr'><strong>subtilissimi</strong></span> <span class='ocrx_word' id='word_1_435' title='bbox 3633 2161 3685 2203; x_wconf 89' lang='lat' dir='ltr'><strong>et</strong></span> 
     </span>
    </p>
   </div>
   <div class='ocr_carea' id='block_1_53' title="bbox 2097 2232 3685 2307">
    <p class='ocr_par' dir='ltr' id='par_1_53' title="bbox 2097 2232 3685 2307">
     <span class='ocr_line' id='line_1_53' title="bbox 2097 2232 3685 2307; baseline 0.006 -21"><span class='ocrx_word' id='word_1_436' title='bbox 2097 2233 2371 2304; x_wconf 87' lang='lat' dir='ltr'><strong>purissimi</strong></span> <span class='ocrx_word' id='word_1_437' title='bbox 2400 2248 2462 2287; x_wconf 91' lang='lat' dir='ltr'><strong>ac</strong></span> <span class='ocrx_word' id='word_1_438' title='bbox 2498 2232 2906 2303; x_wconf 87' lang='lat' dir='ltr'><strong>splendidissimi</strong></span> <span class='ocrx_word' id='word_1_439' title='bbox 2935 2237 3167 2307; x_wconf 88' lang='lat' dir='ltr'><strong>corporis</strong></span> <span class='ocrx_word' id='word_1_440' title='bbox 3195 2254 3346 2307; x_wconf 89' lang='lat' dir='ltr'><strong>posse</strong></span> <span class='ocrx_word' id='word_1_441' title='bbox 3373 2256 3406 2292; x_wconf 91' lang='lat' dir='ltr'><strong>a</strong></span> <span class='ocrx_word' id='word_1_442' title='bbox 3437 2236 3685 2295; x_wconf 81' lang='lat' dir='ltr'><strong>Creatore</strong></span> 
     </span>
    </p>
   </div>
   <div class='ocr_carea' id='block_1_54' title="bbox 2097 2323 3686 2395">
    <p class='ocr_par' dir='ltr' id='par_1_54' title="bbox 2097 2323 3686 2395">
     <span class='ocr_line' id='line_1_54' title="bbox 2097 2323 3686 2395; baseline 0.006 -19"><span class='ocrx_word' id='word_1_443' title='bbox 2097 2323 2334 2393; x_wconf 88' lang='lat' dir='ltr'><strong>produci,</strong></span> <span class='ocrx_word' id='word_1_444' title='bbox 2382 2333 2535 2393; x_wconf 89' lang='lat' dir='ltr'><strong>prout</strong></span> <span class='ocrx_word' id='word_1_445' title='bbox 2590 2340 2764 2378; x_wconf 91' lang='lat' dir='ltr'><strong>rerum</strong></span> <span class='ocrx_word' id='word_1_446' title='bbox 2808 2335 2977 2381; x_wconf 88' lang='lat' dir='ltr'><strong>status</strong></span> <span class='ocrx_word' id='word_1_447' title='bbox 3025 2329 3299 2395; x_wconf 73' lang='lat' dir='ltr'><strong>vocaverit,</strong></span> <span class='ocrx_word' id='word_1_448' title='bbox 3339 2339 3386 2384; x_wconf 87' lang='lat' dir='ltr'><strong>et</strong></span> <span class='ocrx_word' id='word_1_449' title='bbox 3439 2331 3686 2386; x_wconf 87' lang='lat' dir='ltr'><strong>meritum</strong></span> 
     </span>
    </p>
   </div>
   <div class='ocr_carea' id='block_1_55' title="bbox 2100 2413 3686 2488">
    <p class='ocr_par' dir='ltr' id='par_1_55' title="bbox 2100 2413 3686 2488">
     <span class='ocr_line' id='line_1_55' title="bbox 2100 2413 3686 2488; baseline 0.006 -23"><span class='ocrx_word' id='word_1_450' title='bbox 2100 2413 2429 2468; x_wconf 83' lang='lat' dir='ltr'><strong>rationabilis</strong></span> <span class='ocrx_word' id='word_1_451' title='bbox 2474 2422 2694 2468; x_wconf 86' lang='lat' dir='ltr'><strong>naturae</strong></span> <span class='ocrx_word' id='word_1_452' title='bbox 2731 2417 3041 2485; x_wconf 84' lang='lat' dir='ltr'><strong>poposcerit.</strong></span> <span class='ocrx_word' id='word_1_453' title='bbox 3081 2418 3315 2488; x_wconf 87' lang='lat' dir='ltr'><strong>Denique</strong></span> <span class='ocrx_word' id='word_1_454' title='bbox 3355 2437 3473 2474; x_wconf 90' lang='lat' dir='ltr'><strong>cum</strong></span> <span class='ocrx_word' id='word_1_455' title='bbox 3516 2422 3686 2476; x_wconf 85' lang='lat' dir='ltr'><strong>varie-</strong></span> 
     </span>
    </p>
   </div>
   <div class='ocr_carea' id='block_1_56' title="bbox 2100 2505 3684 2580">
    <p class='ocr_par' dir='ltr' id='par_1_56' title="bbox 2100 2505 3684 2580">
     <span class='ocr_line' id='line_1_56' title="bbox 2100 2505 3684 2580; baseline 0.003 -20"><span class='ocrx_word' id='word_1_456' title='bbox 2100 2516 2205 2560; x_wconf 90' lang='lat' dir='ltr'><strong>tate</strong></span> <span class='ocrx_word' id='word_1_457' title='bbox 2226 2516 2273 2560; x_wconf 89' lang='lat' dir='ltr'><strong>et</strong></span> <span class='ocrx_word' id='word_1_458' title='bbox 2302 2505 2602 2560; x_wconf 86' lang='lat' dir='ltr'><strong>diversitate</strong></span> <span class='ocrx_word' id='word_1_459' title='bbox 2624 2507 2847 2561; x_wconf 89' lang='lat' dir='ltr'><strong>mundus</strong></span> <span class='ocrx_word' id='word_1_460' title='bbox 2873 2509 3118 2579; x_wconf 80' lang='lat' dir='ltr'><strong>indiguit,</strong></span> <span class='ocrx_word' id='word_1_461' title='bbox 3140 2526 3233 2580; x_wconf 89' lang='lat' dir='ltr'><strong>per</strong></span> <span class='ocrx_word' id='word_1_462' title='bbox 3251 2509 3483 2567; x_wconf 82' lang='lat' dir='ltr'><strong>diversas</strong></span> <span class='ocrx_word' id='word_1_463' title='bbox 3508 2529 3684 2567; x_wconf 85' lang='lat' dir='ltr'><strong>rerum</strong></span> 
     </span>
    </p>
   </div>
   <div class='ocr_carea' id='block_1_57' title="bbox 2100 2597 3686 2671">
    <p class='ocr_par' dir='ltr' id='par_1_57' title="bbox 2100 2597 3686 2671">
     <span class='ocr_line' id='line_1_57' title="bbox 2100 2597 3686 2671; baseline 0.006 -22"><span class='ocrx_word' id='word_1_464' title='bbox 2100 2597 2262 2667; x_wconf 86' lang='lat' dir='ltr'><strong>facies</strong></span> <span class='ocrx_word' id='word_1_465' title='bbox 2288 2597 2581 2667; x_wconf 88' lang='lat' dir='ltr'><strong>speciesque</strong></span> <span class='ocrx_word' id='word_1_466' title='bbox 2623 2599 2764 2652; x_wconf 89' lang='lat' dir='ltr'><strong>omni</strong></span> <span class='ocrx_word' id='word_1_467' title='bbox 2794 2599 3058 2667; x_wconf 87' lang='lat' dir='ltr'><strong>famulatu</strong></span> <span class='ocrx_word' id='word_1_468' title='bbox 3098 2602 3336 2671; x_wconf 89' lang='lat' dir='ltr'><strong>praebuit</strong></span> <span class='ocrx_word' id='word_1_469' title='bbox 3376 2619 3433 2657; x_wconf 90' lang='lat' dir='ltr'><strong>se</strong></span> <span class='ocrx_word' id='word_1_470' title='bbox 3460 2606 3686 2659; x_wconf 70' lang='lat' dir='ltr'><strong>materia</strong></span> 
     </span>
    </p>
   </div>
   <div class='ocr_carea' id='block_1_58' title="bbox 2100 2687 3682 2764">
    <p class='ocr_par' dir='ltr' id='par_1_58' title="bbox 2100 2687 3682 2764">
     <span class='ocr_line' id='line_1_58' title="bbox 2100 2687 3682 2764; baseline 0.006 -25"><span class='ocrx_word' id='word_1_471' title='bbox 2100 2687 2379 2749; x_wconf 74' lang='lat' dir='ltr'><strong>conditori,</strong></span> <span class='ocrx_word' id='word_1_472' title='bbox 2418 2697 2593 2757; x_wconf 73' lang='lat' dir='ltr'><strong>utpote</strong></span> <span class='ocrx_word' id='word_1_473' title='bbox 2623 2687 2846 2741; x_wconf 86' lang='lat' dir='ltr'><strong>Domino</strong></span> <span class='ocrx_word' id='word_1_474' title='bbox 2875 2700 2922 2743; x_wconf 92' lang='lat' dir='ltr'><strong>et</strong></span> <span class='ocrx_word' id='word_1_475' title='bbox 2963 2688 3201 2744; x_wconf 88' lang='lat' dir='ltr'><strong>Creatori</strong></span> <span class='ocrx_word' id='word_1_476' title='bbox 3234 2709 3353 2758; x_wconf 89' lang='lat' dir='ltr'><strong>suo,</strong></span> <span class='ocrx_word' id='word_1_477' title='bbox 3376 2710 3479 2764; x_wconf 92' lang='lat' dir='ltr'><strong>quo</strong></span> <span class='ocrx_word' id='word_1_478' title='bbox 3507 2694 3682 2749; x_wconf 85' lang='lat' dir='ltr'><strong>diver-</strong></span> 
     </span>
    </p>
   </div>
   <div class='ocr_carea' id='block_1_59' title="bbox 2098 2777 3684 2852">
    <p class='ocr_par' dir='ltr' id='par_1_59' title="bbox 2098 2777 3684 2852">
     <span class='ocr_line' id='line_1_59' title="bbox 2098 2777 3684 2852; baseline 0.005 -20"><span class='ocrx_word' id='word_1_479' title='bbox 2098 2794 2185 2832; x_wconf 90' lang='lat' dir='ltr'><strong>sas</strong></span> <span class='ocrx_word' id='word_1_480' title='bbox 2211 2777 2512 2832; x_wconf 89' lang='lat' dir='ltr'><strong>caelestium</strong></span> <span class='ocrx_word' id='word_1_481' title='bbox 2556 2788 2981 2851; x_wconf 88' lang='lat' dir='ltr'><strong>terrenorumque</strong></span> <span class='ocrx_word' id='word_1_482' title='bbox 3010 2780 3096 2852; x_wconf 90' lang='lat' dir='ltr'><strong>[de</strong></span> <span class='ocrx_word' id='word_1_483' title='bbox 3133 2783 3464 2852; x_wconf 89' lang='lat' dir='ltr'><strong>simplicitate</strong></span> <span class='ocrx_word' id='word_1_484' title='bbox 3487 2794 3535 2839; x_wconf 89' lang='lat' dir='ltr'><strong>et</strong></span> <span class='ocrx_word' id='word_1_485' title='bbox 3564 2787 3684 2840; x_wconf 79' lang='lat' dir='ltr'><strong>uni-</strong></span> 
     </span>
    </p>
   </div>
   <div class='ocr_carea' id='block_1_60' title="bbox 2100 2870 3684 2943">
    <p class='ocr_par' dir='ltr' id='par_1_60' title="bbox 2100 2870 3684 2943">
     <span class='ocr_line' id='line_1_60' title="bbox 2100 2870 3684 2943; baseline 0.006 -23"><span class='ocrx_word' id='word_1_486' title='bbox 2100 2878 2205 2922; x_wconf 90' lang='lat' dir='ltr'><strong>tate</strong></span> <span class='ocrx_word' id='word_1_487' title='bbox 2233 2884 2511 2938; x_wconf 87' lang='lat' dir='ltr'><strong>corporum</strong></span> <span class='ocrx_word' id='word_1_488' title='bbox 2558 2880 2674 2939; x_wconf 88' lang='lat' dir='ltr'><strong>post</strong></span> <span class='ocrx_word' id='word_1_489' title='bbox 2718 2870 3171 2943; x_wconf 87' lang='lat' dir='ltr'><strong>resurrectionem]</strong></span> <span class='ocrx_word' id='word_1_490' title='bbox 3201 2874 3245 2912; x_wconf 74' lang='grc'><strong>¹⁸</strong></span> <span class='ocrx_word' id='word_1_491' title='bbox 3280 2890 3345 2927; x_wconf 78' lang='lat' dir='ltr'><strong>ea:</strong></span> <span class='ocrx_word' id='word_1_492' title='bbox 3385 2891 3445 2928; x_wconf 89' lang='lat' dir='ltr'><strong>ea</strong></span> <span class='ocrx_word' id='word_1_493' title='bbox 3472 2875 3684 2930; x_wconf 76' lang='lat' dir='ltr'><strong>duceret</strong></span> 
     </span>
    </p>
   </div>
   <div class='ocr_carea' id='block_1_61' title="bbox 2100 2957 3685 3033">
    <p class='ocr_par' dir='ltr' id='par_1_61' title="bbox 2100 2957 3685 3033">
     <span class='ocr_line' id='line_1_61' title="bbox 2100 2957 3685 3033; baseline 0.006 -23"><span class='ocrx_word' id='word_1_494' title='bbox 2100 2957 2317 3025; x_wconf 88' lang='lat' dir='ltr'><strong>formas.</strong></span> <span class='ocrx_word' id='word_1_495' title='bbox 2348 2957 2479 3011; x_wconf 78' lang='lat' dir='ltr'><strong>Cum</strong></span> <span class='ocrx_word' id='word_1_496' title='bbox 2520 2974 2638 3012; x_wconf 85' lang='lat' dir='ltr'><strong>vero</strong></span> <span class='ocrx_word' id='word_1_497' title='bbox 2665 2974 2745 3012; x_wconf 87' lang='lat' dir='ltr'><strong>res</strong></span> <span class='ocrx_word' id='word_1_498' title='bbox 2767 2959 2837 3013; x_wconf 88' lang='lat' dir='ltr'><strong>ad</strong></span> <span class='ocrx_word' id='word_1_499' title='bbox 2870 2958 3003 3013; x_wconf 89' lang='lat' dir='ltr'><strong>illud</strong></span> <span class='ocrx_word' id='word_1_500' title='bbox 3036 2964 3293 3032; x_wconf 88' lang='lat' dir='ltr'><strong>coeperint</strong></span> <span class='ocrx_word' id='word_1_501' title='bbox 3321 2964 3590 3033; x_wconf 89' lang='lat' dir='ltr'><strong>festinare,</strong></span> <span class='ocrx_word' id='word_1_502' title='bbox 3626 2976 3685 3020; x_wconf 81' lang='lat' dir='ltr'><strong>ut</strong></span> 
     </span>
    </p>
   </div>
   <div class='ocr_carea' id='block_1_62' title="bbox 2099 3047 3682 3120">
    <p class='ocr_par' dir='ltr' id='par_1_62' title="bbox 2099 3047 3682 3120">
     <span class='ocr_line' id='line_1_62' title="bbox 2099 3047 3682 3120; baseline 0.006 -20"><span class='ocrx_word' id='word_1_503' title='bbox 2099 3048 2200 3100; x_wconf 89' lang='lat' dir='ltr'><strong>sint</strong></span> <span class='ocrx_word' id='word_1_504' title='bbox 2237 3063 2412 3101; x_wconf 90' lang='lat' dir='ltr'><strong>omnes</strong></span> <span class='ocrx_word' id='word_1_505' title='bbox 2437 3064 2633 3111; x_wconf 90' lang='lat' dir='ltr'><strong>unum,</strong></span> <span class='ocrx_word' id='word_1_506' title='bbox 2678 3050 2812 3103; x_wconf 88' lang='lat' dir='ltr'><strong>sicut</strong></span> <span class='ocrx_word' id='word_1_507' title='bbox 2855 3059 2929 3104; x_wconf 87' lang='lat' dir='ltr'><strong>est</strong></span> <span class='ocrx_word' id='word_1_508' title='bbox 2959 3047 3122 3104; x_wconf 89' lang='lat' dir='ltr'><strong>Pater</strong></span> <span class='ocrx_word' id='word_1_509' title='bbox 3154 3068 3272 3105; x_wconf 89' lang='lat' dir='ltr'><strong>cum</strong></span> <span class='ocrx_word' id='word_1_510' title='bbox 3313 3051 3455 3107; x_wconf 85' lang='lat' dir='ltr'><strong>Filio</strong></span> <span class='ocrx_word' id='word_1_511' title='bbox 3494 3071 3682 3120; x_wconf 88' lang='lat' dir='ltr'><strong>unum,</strong></span> 
     </span>
    </p>
   </div>
   <div class='ocr_carea' id='block_1_63' title="bbox 427 3118 3680 3222">
    <p class='ocr_par' dir='ltr' id='par_1_63' title="bbox 427 3118 3680 3222">
     <span class='ocr_line' id='line_1_63' title="bbox 427 3118 3680 3222; baseline -0.001 -21"><span class='ocrx_word' id='word_1_512' title='bbox 427 3149 521 3202; x_wconf 91' lang='lat' dir='ltr'><strong>bus</strong></span> <span class='ocrx_word' id='word_1_513' title='bbox 564 3148 673 3218; x_wconf 87' lang='lat' dir='ltr'><strong>ipse</strong></span> <span class='ocrx_word' id='word_1_514' title='bbox 718 3148 783 3202; x_wconf 86' lang='lat' dir='ltr'><strong>sit</strong></span> <span class='ocrx_word' id='word_1_515' title='bbox 829 3147 1041 3209; x_wconf 90' lang='lat' dir='ltr'><strong>omnia,</strong></span> <span class='ocrx_word' id='word_1_516' title='bbox 1091 3163 1208 3219; x_wconf 72' lang='lat' dir='ltr'><strong>cum</strong></span> <span class='ocrx_word' id='word_1_517' title='bbox 1250 3160 1505 3215; x_wconf 87' lang='lat' dir='ltr'><strong>nusquam</strong></span> <span class='ocrx_word' id='word_1_518' title='bbox 1531 3159 1705 3222; x_wconf 40' lang='lat' dir='ltr'><strong>.mors,</strong></span> <span class='ocrx_word' id='word_1_519' title='bbox 1736 3158 1992 3213; x_wconf 90' lang='lat' dir='ltr'><strong>nusquam</strong></span> <span class='ocrx_word' id='word_1_520' title='bbox 2021 3118 2065 3180; x_wconf 78' lang='lat' dir='ltr'>C</span> <span class='ocrx_word' id='word_1_521' title='bbox 2096 3147 2463 3208; x_wconf 87' lang='lat' dir='ltr'><strong>consequenter</strong></span> <span class='ocrx_word' id='word_1_522' title='bbox 2490 3137 2709 3207; x_wconf 89' lang='lat' dir='ltr'><strong>intelligi</strong></span> <span class='ocrx_word' id='word_1_523' title='bbox 2755 3139 2934 3205; x_wconf 88' lang='lat' dir='ltr'><strong>datur,</strong></span> <span class='ocrx_word' id='word_1_524' title='bbox 2969 3140 3130 3210; x_wconf 87' lang='lat' dir='ltr'><strong>quod,</strong></span> <span class='ocrx_word' id='word_1_525' title='bbox 3172 3142 3469 3201; x_wconf 87' lang='lat' dir='ltr'><strong>ubiomnes</strong></span> <span class='ocrx_word' id='word_1_526' title='bbox 3516 3162 3680 3198; x_wconf 85' lang='lat' dir='ltr'><strong>unum</strong></span> 
     </span>
    </p>
   </div>
   <div class='ocr_carea' id='block_1_64' title="bbox 425 3235 2012 3307">
    <p class='ocr_par' dir='ltr' id='par_1_64' title="bbox 425 3235 2012 3307">
     <span class='ocr_line' id='line_1_64' title="bbox 425 3235 2012 3307; baseline -0.003 -15"><span class='ocrx_word' id='word_1_527' title='bbox 425 3240 640 3292; x_wconf 86' lang='lat' dir='ltr'><strong>aculeus</strong></span> <span class='ocrx_word' id='word_1_528' title='bbox 677 3238 876 3302; x_wconf 88' lang='lat' dir='ltr'><strong>mortis,</strong></span> <span class='ocrx_word' id='word_1_529' title='bbox 914 3252 1170 3307; x_wconf 89' lang='lat' dir='ltr'><strong>nusquam</strong></span> <span class='ocrx_word' id='word_1_530' title='bbox 1199 3236 1407 3288; x_wconf 91' lang='lat' dir='ltr'><strong>omnino</strong></span> <span class='ocrx_word' id='word_1_531' title='bbox 1442 3235 1642 3287; x_wconf 78' lang='lat' dir='ltr'><strong>malum</strong></span> <span class='ocrx_word' id='word_1_532' title='bbox 1670 3247 1689 3284; x_wconf 89' lang='lat'><strong><em>:</em></strong></span> <span class='ocrx_word' id='word_1_533' title='bbox 1719 3245 1841 3286; x_wconf 87' lang='lat' dir='ltr'><strong>tunc</strong></span> <span class='ocrx_word' id='word_1_534' title='bbox 1878 3249 2012 3302; x_wconf 79' lang='lat' dir='ltr'><strong>vere</strong></span> 
     </span>
    </p>
   </div>
   <div class='ocr_carea' id='block_1_65' title="bbox 424 3322 1994 3392">
    <p class='ocr_par' dir='ltr' id='par_1_65' title="bbox 424 3322 1994 3392">
     <span class='ocr_line' id='line_1_65' title="bbox 424 3322 1994 3392; baseline -0.004 -12"><span class='ocrx_word' id='word_1_535' title='bbox 424 3324 565 3380; x_wconf 87' lang='lat' dir='ltr'><strong>Deus</strong></span> <span class='ocrx_word' id='word_1_536' title='bbox 600 3324 775 3378; x_wconf 85' lang='lat' dir='ltr'><strong>omnia</strong></span> <span class='ocrx_word' id='word_1_537' title='bbox 804 3325 857 3378; x_wconf 91' lang='lat' dir='ltr'><strong>in</strong></span> <span class='ocrx_word' id='word_1_538' title='bbox 890 3324 1128 3379; x_wconf 90' lang='lat' dir='ltr'><strong>omnibus</strong></span> <span class='ocrx_word' id='word_1_539' title='bbox 1157 3325 1276 3377; x_wconf 88' lang='lat' dir='ltr'><strong>erit.</strong></span> <span class='ocrx_word' id='word_1_540' title='bbox 1326 3322 1513 3376; x_wconf 81' lang='lat' dir='ltr'><strong>Verum</strong></span> <span class='ocrx_word' id='word_1_541' title='bbox 1541 3323 1696 3376; x_wconf 90' lang='lat' dir='ltr'><strong>istam</strong></span> <span class='ocrx_word' id='word_1_542' title='bbox 1722 3322 1994 3392; x_wconf 89' lang='lat' dir='ltr'><strong>perfectio-</strong></span> 
     </span>
    </p>
   </div>
   <div class='ocr_carea' id='block_1_66' title="bbox 423 3400 1995 3469">
    <p class='ocr_par' dir='ltr' id='par_1_66' title="bbox 423 3400 1995 3469">
     <span class='ocr_line' id='line_1_66' title="bbox 423 3400 1995 3469; baseline -0.002 -2"><span class='ocrx_word' id='word_1_543' title='bbox 423 3430 540 3467; x_wconf 89' lang='lat' dir='ltr'><strong>nem</strong></span> <span class='ocrx_word' id='word_1_544' title='bbox 592 3431 655 3467; x_wconf 91' lang='lat' dir='ltr'><strong>ac</strong></span> <span class='ocrx_word' id='word_1_545' title='bbox 701 3413 1070 3469; x_wconf 86' lang='lat' dir='ltr'><strong>beatitudinem</strong></span> <span class='ocrx_word' id='word_1_546' title='bbox 1118 3400 1513 3467; x_wconf 88' lang='lat' dir='ltr'><strong>rationabilium</strong></span> <span class='ocrx_word' id='word_1_547' title='bbox 1561 3420 1872 3467; x_wconf 87' lang='lat' dir='ltr'><strong>naturarum</strong></span> <span class='ocrx_word' id='word_1_548' title='bbox 1919 3412 1995 3465; x_wconf 89' lang='lat' dir='ltr'><strong>ita</strong></span> 
     </span>
    </p>
   </div>
   <div class='ocr_carea' id='block_1_67' title="bbox 423 3502 1996 3573">
    <p class='ocr_par' dir='ltr' id='par_1_67' title="bbox 423 3502 1996 3573">
     <span class='ocr_line' id='line_1_67' title="bbox 423 3502 1996 3573; baseline -0.001 -18"><span class='ocrx_word' id='word_1_549' title='bbox 423 3504 630 3557; x_wconf 85' lang='lat' dir='ltr'><strong>demum</strong></span> <span class='ocrx_word' id='word_1_550' title='bbox 678 3503 894 3573; x_wconf 86' lang='lat' dir='ltr'><strong>quidam</strong></span> <span class='ocrx_word' id='word_1_551' title='bbox 943 3518 1247 3572; x_wconf 87' lang='lat' dir='ltr'><strong>permanere</strong></span> <span class='ocrx_word' id='word_1_552' title='bbox 1296 3502 1349 3556; x_wconf 88' lang='lat' dir='ltr'><strong>in</strong></span> <span class='ocrx_word' id='word_1_553' title='bbox 1397 3517 1459 3556; x_wconf 91' lang='lat' dir='ltr'><strong>eo</strong></span> <span class='ocrx_word' id='word_1_554' title='bbox 1505 3510 1668 3566; x_wconf 89' lang='lat' dir='ltr'><strong>statu,</strong></span> <span class='ocrx_word' id='word_1_555' title='bbox 1700 3517 1801 3571; x_wconf 90' lang='lat' dir='ltr'><strong>quo</strong></span> <span class='ocrx_word' id='word_1_556' title='bbox 1834 3517 1996 3570; x_wconf 89' lang='lat' dir='ltr'><strong>supra</strong></span> 
     </span>
    </p>
   </div>
   <div class='ocr_carea' id='block_1_68' title="bbox 425 3580 1990 3661">
    <p class='ocr_par' dir='ltr' id='par_1_68' title="bbox 425 3580 1990 3661">
     <span class='ocr_line' id='line_1_68' title="bbox 425 3580 1990 3661; baseline -0.001 -16"><span class='ocrx_word' id='word_1_557' title='bbox 425 3580 675 3656; x_wconf 71' lang='lat' dir='ltr'><strong>diximus,</strong></span> <span class='ocrx_word' id='word_1_558' title='bbox 700 3602 918 3661; x_wconf 89' lang='lat' dir='ltr'><strong>putant,</strong></span> <span class='ocrx_word' id='word_1_559' title='bbox 963 3592 1019 3646; x_wconf 91' lang='lat' dir='ltr'><strong>id</strong></span> <span class='ocrx_word' id='word_1_560' title='bbox 1063 3602 1170 3659; x_wconf 91' lang='lat' dir='ltr'><strong>est,</strong></span> <span class='ocrx_word' id='word_1_561' title='bbox 1210 3602 1267 3645; x_wconf 89' lang='lat' dir='ltr'><strong>ut</strong></span> <span class='ocrx_word' id='word_1_562' title='bbox 1313 3590 1481 3645; x_wconf 89' lang='lat' dir='ltr'><strong>Deum</strong></span> <span class='ocrx_word' id='word_1_563' title='bbox 1520 3591 1701 3645; x_wconf 83' lang='lat' dir='ltr'><strong>omnia</strong></span> <span class='ocrx_word' id='word_1_564' title='bbox 1736 3590 1990 3654; x_wconf 87' lang='lat' dir='ltr'><strong>ltabeant,</strong></span> 
     </span>
    </p>
   </div>
   <div class='ocr_carea' id='block_1_69' title="bbox 424 3680 2011 3747">
    <p class='ocr_par' dir='ltr' id='par_1_69' title="bbox 424 3680 2011 3747">
     <span class='ocr_line' id='line_1_69' title="bbox 424 3680 2011 3747; baseline -0.001 -11"><span class='ocrx_word' id='word_1_565' title='bbox 424 3692 471 3736; x_wconf 86' lang='lat' dir='ltr'><strong>et</strong></span> <span class='ocrx_word' id='word_1_566' title='bbox 520 3682 657 3735; x_wconf 90' lang='lat' dir='ltr'><strong>Deus</strong></span> <span class='ocrx_word' id='word_1_567' title='bbox 699 3682 771 3735; x_wconf 90' lang='lat' dir='ltr'><strong>eis</strong></span> <span class='ocrx_word' id='word_1_568' title='bbox 815 3683 881 3735; x_wconf 90' lang='lat' dir='ltr'><strong>sit</strong></span> <span class='ocrx_word' id='word_1_569' title='bbox 925 3680 1140 3747; x_wconf 87' lang='lat' dir='ltr'><strong>omnia,</strong></span> <span class='ocrx_word' id='word_1_570' title='bbox 1199 3681 1245 3735; x_wconf 90' lang='lat' dir='ltr'><strong>si</strong></span> <span class='ocrx_word' id='word_1_571' title='bbox 1299 3681 1596 3745; x_wconf 79' lang='lat' dir='ltr'><strong>nullatenus</strong></span> <span class='ocrx_word' id='word_1_572' title='bbox 1641 3697 1730 3734; x_wconf 89' lang='lat' dir='ltr'><strong>eas</strong></span> <span class='ocrx_word' id='word_1_573' title='bbox 1776 3682 2011 3734; x_wconf 68' lang='lat' dir='ltr'><strong>societas“</strong></span> 
     </span>
    </p>
   </div>
   <div class='ocr_carea' id='block_1_70' title="bbox 426 3770 1998 3841">
    <p class='ocr_par' dir='ltr' id='par_1_70' title="bbox 426 3770 1998 3841">
     <span class='ocr_line' id='line_1_70' title="bbox 426 3770 1998 3841; baseline -0.001 -16"><span class='ocrx_word' id='word_1_574' title='bbox 426 3784 647 3826; x_wconf 88' lang='lat' dir='ltr'><strong>naturae</strong></span> <span class='ocrx_word' id='word_1_575' title='bbox 710 3772 996 3841; x_wconf 84' lang='lat' dir='ltr'><strong>corporalis</strong></span> <span class='ocrx_word' id='word_1_576' title='bbox 1043 3772 1062 3803; x_wconf 92' lang='grc'><strong>⁷</strong></span> <span class='ocrx_word' id='word_1_577' title='bbox 1122 3781 1353 3825; x_wconf 80' lang='lat' dir='ltr'><strong>amoreat</strong></span> <span class='ocrx_word' id='word_1_578' title='bbox 1408 3778 1451 3825; x_wconf 78' lang='grc'><strong>⁸.</strong></span> <span class='ocrx_word' id='word_1_579' title='bbox 1523 3770 1768 3841; x_wconf 83' lang='lat' dir='ltr'><strong>Alioquin</strong></span> <span class='ocrx_word' id='word_1_580' title='bbox 1841 3771 1998 3824; x_wconf 86' lang='lat' dir='ltr'><strong>aesti-</strong></span> 
     </span>
    </p>
   </div>
   <div class='ocr_carea' id='block_1_71' title="bbox 427 3858 1998 3929">
    <p class='ocr_par' dir='ltr' id='par_1_71' title="bbox 427 3858 1998 3929">
     <span class='ocr_line' id='line_1_71' title="bbox 427 3858 1998 3929; baseline -0.001 -16"><span class='ocrx_word' id='word_1_581' title='bbox 427 3872 611 3923; x_wconf 83' lang='lat' dir='ltr'><strong>mant,</strong></span> <span class='ocrx_word' id='word_1_582' title='bbox 673 3859 892 3929; x_wconf 86' lang='lat' dir='ltr'><strong>gloriam</strong></span> <span class='ocrx_word' id='word_1_583' title='bbox 947 3876 1178 3913; x_wconf 88' lang='lat' dir='ltr'><strong>summae</strong></span> <span class='ocrx_word' id='word_1_584' title='bbox 1226 3859 1563 3912; x_wconf 88' lang='lat' dir='ltr'><strong>beatitudinis</strong></span> <span class='ocrx_word' id='word_1_585' title='bbox 1613 3859 1889 3929; x_wconf 81' lang='lat' dir='ltr'><strong>impediri,</strong></span> <span class='ocrx_word' id='word_1_586' title='bbox 1952 3858 1998 3912; x_wconf 88' lang='lat' dir='ltr'><strong>si</strong></span> 
     </span>
    </p>
   </div>
   <div class='ocr_carea' id='block_1_72' title="bbox 429 3948 1998 4019">
    <p class='ocr_par' dir='ltr' id='par_1_72' title="bbox 429 3948 1998 4019">
     <span class='ocr_line' id='line_1_72' title="bbox 429 3948 1998 4019; baseline -0.004 -13"><span class='ocrx_word' id='word_1_587' title='bbox 429 3950 717 4006; x_wconf 85' lang='lat' dir='ltr'><strong>materialis</strong></span> <span class='ocrx_word' id='word_1_588' title='bbox 757 3951 1078 4004; x_wconf 87' lang='lat' dir='ltr'><strong>substantiae</strong></span> <span class='ocrx_word' id='word_1_589' title='bbox 1104 3950 1443 4005; x_wconf 87' lang='lat' dir='ltr'><strong>interseratur</strong></span> <span class='ocrx_word' id='word_1_590' title='bbox 1468 3948 1742 4003; x_wconf 69' lang='lat' dir='ltr'><strong>admixtio.</strong></span> <span class='ocrx_word' id='word_1_591' title='bbox 1788 3948 1866 4002; x_wconf 91' lang='lat' dir='ltr'><strong>Dc</strong></span> <span class='ocrx_word' id='word_1_592' title='bbox 1894 3966 1998 4019; x_wconf 91' lang='lat' dir='ltr'><strong>qua</strong></span> 
     </span>
    </p>
   </div>
   <div class='ocr_carea' id='block_1_73' title="bbox 430 4037 1999 4110">
    <p class='ocr_par' dir='ltr' id='par_1_73' title="bbox 430 4037 1999 4110">
     <span class='ocr_line' id='line_1_73' title="bbox 430 4037 1999 4110; baseline -0.002 -17"><span class='ocrx_word' id='word_1_593' title='bbox 430 4058 485 4094; x_wconf 87' lang='lat' dir='ltr'><strong>re</strong></span> <span class='ocrx_word' id='word_1_594' title='bbox 530 4039 733 4110; x_wconf 87' lang='lat' dir='ltr'><strong>plenius</strong></span> <span class='ocrx_word' id='word_1_595' title='bbox 778 4057 810 4093; x_wconf 93' lang='lat' dir='ltr'><strong><em>a</em></strong></span> <span class='ocrx_word' id='word_1_596' title='bbox 858 4040 1022 4103; x_wconf 89' lang='lat' dir='ltr'><strong>nobis,</strong></span> <span class='ocrx_word' id='word_1_597' title='bbox 1072 4055 1206 4109; x_wconf 85' lang='lat' dir='ltr'><strong>quae</strong></span> <span class='ocrx_word' id='word_1_598' title='bbox 1243 4039 1299 4093; x_wconf 89' lang='lat' dir='ltr'><strong>in</strong></span> <span class='ocrx_word' id='word_1_599' title='bbox 1336 4037 1690 4107; x_wconf 86' lang='lat' dir='ltr'><strong>superioribus</strong></span> <span class='ocrx_word' id='word_1_600' title='bbox 1730 4052 1999 4090; x_wconf 86' lang='lat' dir='ltr'><strong>occurrere</strong></span> 
     </span>
    </p>
   </div>
   <div class='ocr_carea' id='block_1_74' title="bbox 426 4126 1999 4200">
    <p class='ocr_par' dir='ltr' id='par_1_74' title="bbox 426 4126 1999 4200">
     <span class='ocr_line' id='line_1_74' title="bbox 426 4126 1999 4200; baseline -0.001 -17"><span class='ocrx_word' id='word_1_601' title='bbox 426 4139 744 4199; x_wconf 89' lang='lat' dir='ltr'><strong>potuerunt,</strong></span> <span class='ocrx_word' id='word_1_602' title='bbox 811 4139 1130 4199; x_wconf 89' lang='lat' dir='ltr'><strong>pertractata</strong></span> <span class='ocrx_word' id='word_1_603' title='bbox 1181 4138 1337 4200; x_wconf 90' lang='lat' dir='ltr'><strong>atque</strong></span> <span class='ocrx_word' id='word_1_604' title='bbox 1389 4129 1589 4198; x_wconf 87' lang='lat' dir='ltr'><strong>digesta</strong></span> <span class='ocrx_word' id='word_1_605' title='bbox 1646 4136 1789 4180; x_wconf 88' lang='lat' dir='ltr'><strong>sunt.</strong></span> <span class='ocrx_word' id='word_1_606' title='bbox 1842 4126 1999 4180; x_wconf 87' lang='lat' dir='ltr'><strong>Nunc</strong></span> 
     </span>
    </p>
   </div>
   <div class='ocr_carea' id='block_1_75' title="bbox 426 4217 2000 4291">
    <p class='ocr_par' dir='ltr' id='par_1_75' title="bbox 426 4217 2000 4291">
     <span class='ocr_line' id='line_1_75' title="bbox 426 4217 2000 4291; baseline -0.003 -18"><span class='ocrx_word' id='word_1_607' title='bbox 426 4236 570 4285; x_wconf 79' lang='lat' dir='ltr'><strong>vero,</strong></span> <span class='ocrx_word' id='word_1_608' title='bbox 628 4221 876 4290; x_wconf 90' lang='lat' dir='ltr'><strong>quoniam</strong></span> <span class='ocrx_word' id='word_1_609' title='bbox 922 4219 1213 4291; x_wconf 89' lang='lat' dir='ltr'><strong>apostolum</strong></span> <span class='ocrx_word' id='word_1_610' title='bbox 1266 4217 1493 4272; x_wconf 81' lang='lat' dir='ltr'><strong>Paulum</strong></span> <span class='ocrx_word' id='word_1_611' title='bbox 1541 4217 1850 4271; x_wconf 84' lang='lat' dir='ltr'><strong>mentionem</strong></span> <span class='ocrx_word' id='word_1_612' title='bbox 1895 4219 2000 4286; x_wconf 90' lang='lat' dir='ltr'><strong>spi-</strong></span> 
     </span>
    </p>
   </div>
   <div class='ocr_carea' id='block_1_76' title="bbox 428 4305 2000 4379">
    <p class='ocr_par' dir='ltr' id='par_1_76' title="bbox 428 4305 2000 4379">
     <span class='ocr_line' id='line_1_76' title="bbox 428 4305 2000 4379; baseline -0.001 -18"><span class='ocrx_word' id='word_1_613' title='bbox 428 4310 634 4362; x_wconf 88' lang='lat' dir='ltr'><strong>ritualis</strong></span> <span class='ocrx_word' id='word_1_614' title='bbox 678 4310 911 4379; x_wconf 89' lang='lat' dir='ltr'><strong>corporis</strong></span> <span class='ocrx_word' id='word_1_615' title='bbox 956 4309 1137 4378; x_wconf 84' lang='lat' dir='ltr'><strong>fecisse</strong></span> <span class='ocrx_word' id='word_1_616' title='bbox 1187 4309 1475 4363; x_wconf 86' lang='lat' dir='ltr'><strong>invenimus</strong></span> <span class='ocrx_word' id='word_1_617' title='bbox 1501 4347 1516 4371; x_wconf 94' lang='lat'><strong>,</strong></span> <span class='ocrx_word' id='word_1_618' title='bbox 1573 4305 1799 4375; x_wconf 89' lang='lat' dir='ltr'><strong>qualiter</strong></span> <span class='ocrx_word' id='word_1_619' title='bbox 1843 4307 2000 4360; x_wconf 88' lang='lat' dir='ltr'><strong>etiam</strong></span> 
     </span>
    </p>
   </div>
   <div class='ocr_carea' id='block_1_77' title="bbox 428 4396 1998 4464">
    <p class='ocr_par' dir='ltr' id='par_1_77' title="bbox 428 4396 1998 4464">
     <span class='ocr_line' id='line_1_77' title="bbox 428 4396 1998 4464; baseline -0.003 -12"><span class='ocrx_word' id='word_1_620' title='bbox 428 4401 551 4454; x_wconf 86' lang='lat' dir='ltr'><strong>inde</strong></span> <span class='ocrx_word' id='word_1_621' title='bbox 601 4400 782 4453; x_wconf 89' lang='lat' dir='ltr'><strong>sentiri</strong></span> <span class='ocrx_word' id='word_1_622' title='bbox 832 4400 1014 4453; x_wconf 87' lang='lat' dir='ltr'><strong>debeat</strong></span> <span class='ocrx_word' id='word_1_623' title='bbox 1072 4399 1136 4453; x_wconf 90' lang='lat' dir='ltr'><strong>de</strong></span> <span class='ocrx_word' id='word_1_624' title='bbox 1191 4401 1325 4462; x_wconf 87' lang='lat' dir='ltr'><strong>hoc,</strong></span> <span class='ocrx_word' id='word_1_625' title='bbox 1386 4396 1748 4450; x_wconf 86' lang='lat' dir='ltr'><strong>tantummodo</strong></span> <span class='ocrx_word' id='word_1_626' title='bbox 1773 4436 1786 4459; x_wconf 95' lang='lat'><strong>,</strong></span> <span class='ocrx_word' id='word_1_627' title='bbox 1846 4404 1998 4464; x_wconf 90' lang='lat' dir='ltr'><strong>prout</strong></span> 
     </span>
    </p>
   </div>
   <div class='ocr_carea' id='block_1_78' title="bbox 427 4488 1999 4559">
    <p class='ocr_par' dir='ltr' id='par_1_78' title="bbox 427 4488 1999 4559">
     <span class='ocr_line' id='line_1_78' title="bbox 427 4488 1999 4559; baseline -0.003 -17"><span class='ocrx_word' id='word_1_628' title='bbox 427 4504 725 4559; x_wconf 88' lang='lat' dir='ltr'><strong>possumus,</strong></span> <span class='ocrx_word' id='word_1_629' title='bbox 753 4488 1094 4559; x_wconf 84' lang='lat' dir='ltr'><strong>requiramus.</strong></span> <span class='ocrx_word' id='word_1_630' title='bbox 1150 4489 1417 4554; x_wconf 79' lang='lat' dir='ltr'><strong>Quantum</strong></span> <span class='ocrx_word' id='word_1_631' title='bbox 1456 4503 1577 4558; x_wconf 84' lang='lat' dir='ltr'><strong>ergo</strong></span> <span class='ocrx_word' id='word_1_632' title='bbox 1618 4501 1799 4540; x_wconf 87' lang='lat' dir='ltr'><strong>sensus</strong></span> <span class='ocrx_word' id='word_1_633' title='bbox 1825 4495 1999 4540; x_wconf 73' lang='grc' dir='ltr'><strong>ηοειει·</strong></span> 
     </span>
    </p>
   </div>
   <div class='ocr_carea' id='block_1_79' title="bbox 429 4577 1996 4649">
    <p class='ocr_par' dir='ltr' id='par_1_79' title="bbox 429 4577 1996 4649">
     <span class='ocr_line' id='line_1_79' title="bbox 429 4577 1996 4649; baseline -0.003 -16"><span class='ocrx_word' id='word_1_634' title='bbox 429 4594 611 4648; x_wconf 88' lang='lat' dir='ltr'><strong>capere</strong></span> <span class='ocrx_word' id='word_1_635' title='bbox 651 4587 842 4648; x_wconf 86' lang='lat' dir='ltr'><strong>potest,</strong></span> <span class='ocrx_word' id='word_1_636' title='bbox 899 4578 1203 4649; x_wconf 86' lang='lat' dir='ltr'><strong>qualitatem</strong></span> <span class='ocrx_word' id='word_1_637' title='bbox 1246 4577 1536 4646; x_wconf 88' lang='lat' dir='ltr'><strong>spiritualis</strong></span> <span class='ocrx_word' id='word_1_638' title='bbox 1573 4579 1804 4648; x_wconf 89' lang='lat' dir='ltr'><strong>corporis</strong></span> <span class='ocrx_word' id='word_1_639' title='bbox 1840 4577 1996 4631; x_wconf 88' lang='lat' dir='ltr'><strong>talem</strong></span> 
     </span>
    </p>
   </div>
   <div class='ocr_carea' id='block_1_80' title="bbox 427 4669 1995 4738">
    <p class='ocr_par' dir='ltr' id='par_1_80' title="bbox 427 4669 1995 4738">
     <span class='ocr_line' id='line_1_80' title="bbox 427 4669 1995 4738; baseline 0.001 -17"><span class='ocrx_word' id='word_1_640' title='bbox 427 4669 689 4738; x_wconf 88' lang='lat' dir='ltr'><strong>qttandam</strong></span> <span class='ocrx_word' id='word_1_641' title='bbox 722 4685 832 4723; x_wconf 86' lang='lat' dir='ltr'><strong>esse</strong></span> <span class='ocrx_word' id='word_1_642' title='bbox 875 4671 1149 4734; x_wconf 85' lang='lat' dir='ltr'><strong>sentimus,</strong></span> <span class='ocrx_word' id='word_1_643' title='bbox 1195 4669 1250 4722; x_wconf 91' lang='lat' dir='ltr'><strong>in</strong></span> <span class='ocrx_word' id='word_1_644' title='bbox 1291 4685 1392 4738; x_wconf 86' lang='lat' dir='ltr'><strong>quo</strong></span> <span class='ocrx_word' id='word_1_645' title='bbox 1434 4669 1724 4724; x_wconf 88' lang='lat' dir='ltr'><strong>inhabitare</strong></span> <span class='ocrx_word' id='word_1_646' title='bbox 1758 4676 1781 4708; x_wconf 77' lang='grc'><strong>⁸</strong></span> <span class='ocrx_word' id='word_1_647' title='bbox 1819 4670 1995 4723; x_wconf 88' lang='lat' dir='ltr'><strong>deceat</strong></span> 
     </span>
    </p>
   </div>
   <div class='ocr_carea' id='block_1_81' title="bbox 428 4757 1997 4828">
    <p class='ocr_par' dir='ltr' id='par_1_81' title="bbox 428 4757 1997 4828">
     <span class='ocr_line' id='line_1_81' title="bbox 428 4757 1997 4828; baseline 0.002 -19"><span class='ocrx_word' id='word_1_648' title='bbox 428 4773 530 4810; x_wconf 89' lang='lat' dir='ltr'><strong>non</strong></span> <span class='ocrx_word' id='word_1_649' title='bbox 573 4757 742 4811; x_wconf 89' lang='lat' dir='ltr'><strong>solum</strong></span> <span class='ocrx_word' id='word_1_650' title='bbox 783 4767 992 4811; x_wconf 89' lang='lat' dir='ltr'><strong>sanctas</strong></span> <span class='ocrx_word' id='word_1_651' title='bbox 1036 4773 1264 4828; x_wconf 87' lang='lat' dir='ltr'><strong>quasque</strong></span> <span class='ocrx_word' id='word_1_652' title='bbox 1299 4758 1652 4828; x_wconf 77' lang='lat' dir='ltr'><strong>perfectasque</strong></span> <span class='ocrx_word' id='word_1_653' title='bbox 1691 4759 1735 4790; x_wconf 87' lang='grc'><strong>¹⁰</strong></span> <span class='ocrx_word' id='word_1_654' title='bbox 1771 4759 1997 4822; x_wconf 91' lang='lat' dir='ltr'><strong>animas,</strong></span> 
     </span>
    </p>
   </div>
   <div class='ocr_carea' id='block_1_82' title="bbox 429 4846 1999 4918">
    <p class='ocr_par' dir='ltr' id='par_1_82' title="bbox 429 4846 1999 4918">
     <span class='ocr_line' id='line_1_82' title="bbox 429 4846 1999 4918; baseline 0.002 -21"><span class='ocrx_word' id='word_1_655' title='bbox 429 4863 604 4899; x_wconf 80' lang='lat' dir='ltr'><strong>verum</strong></span> <span class='ocrx_word' id='word_1_656' title='bbox 642 4849 800 4901; x_wconf 87' lang='lat' dir='ltr'><strong>etiam</strong></span> <span class='ocrx_word' id='word_1_657' title='bbox 823 4864 1026 4901; x_wconf 89' lang='lat' dir='ltr'><strong>omnem</strong></span> <span class='ocrx_word' id='word_1_658' title='bbox 1064 4846 1209 4899; x_wconf 86' lang='lat' dir='ltr'><strong>illam</strong></span> <span class='ocrx_word' id='word_1_659' title='bbox 1252 4856 1564 4912; x_wconf 88' lang='lat' dir='ltr'><strong>creaturam,</strong></span> <span class='ocrx_word' id='word_1_660' title='bbox 1595 4862 1728 4918; x_wconf 86' lang='lat' dir='ltr'><strong>quae</strong></span> <span class='ocrx_word' id='word_1_661' title='bbox 1755 4846 1999 4901; x_wconf 82' lang='lat' dir='ltr'><strong>liberabi-</strong></span> 
     </span>
    </p>
   </div>
   <div class='ocr_carea' id='block_1_83' title="bbox 434 4937 2002 5009">
    <p class='ocr_par' dir='ltr' id='par_1_83' title="bbox 434 4937 2002 5009">
     <span class='ocr_line' id='line_1_83' title="bbox 434 4937 2002 5009; baseline 0.004 -23"><span class='ocrx_word' id='word_1_662' title='bbox 434 4946 519 4987; x_wconf 90' lang='lat' dir='ltr'><strong>tur</strong></span> <span class='ocrx_word' id='word_1_663' title='bbox 554 4956 586 4989; x_wconf 92' lang='lat' dir='ltr'><strong><em>a</em></strong></span> <span class='ocrx_word' id='word_1_664' title='bbox 634 4940 875 4993; x_wconf 84' lang='lat' dir='ltr'><strong>servitute</strong></span> <span class='ocrx_word' id='word_1_665' title='bbox 915 4938 1279 5009; x_wconf 87' lang='lat' dir='ltr'><strong>corruptionis.</strong></span> <span class='ocrx_word' id='word_1_666' title='bbox 1337 4937 1412 4991; x_wconf 90' lang='lat' dir='ltr'><strong>De</strong></span> <span class='ocrx_word' id='word_1_667' title='bbox 1459 4954 1559 5008; x_wconf 89' lang='lat' dir='ltr'><strong>quo</strong></span> <span class='ocrx_word' id='word_1_668' title='bbox 1583 4955 1794 5006; x_wconf 90' lang='lat' dir='ltr'><strong>corpore</strong></span> <span class='ocrx_word' id='word_1_669' title='bbox 1845 4940 2002 4993; x_wconf 87' lang='lat' dir='ltr'><strong>etiam</strong></span> 
     </span>
    </p>
   </div>
   <div class='ocr_carea' id='block_1_84' title="bbox 433 5023 2006 5093">
    <p class='ocr_par' dir='ltr' id='par_1_84' title="bbox 433 5023 2006 5093">
     <span class='ocr_line' id='line_1_84' title="bbox 433 5023 2006 5093; baseline 0.004 -18"><span class='ocrx_word' id='word_1_670' title='bbox 433 5023 568 5076; x_wconf 87' lang='lat' dir='ltr'><strong>illud</strong></span> <span class='ocrx_word' id='word_1_671' title='bbox 606 5026 881 5093; x_wconf 79' lang='lat' dir='ltr'><strong>Apostolus</strong></span> <span class='ocrx_word' id='word_1_672' title='bbox 923 5029 1100 5081; x_wconf 66' lang='lat' dir='ltr'><strong>dixit:</strong></span> <span class='ocrx_word' id='word_1_673' title='bbox 1131 5027 1354 5080; x_wconf 82' lang='lat' dir='ltr'><strong>Domum</strong></span> <span class='ocrx_word' id='word_1_674' title='bbox 1394 5026 1664 5085; x_wconf 83' lang='lat' dir='ltr'><strong>habemus,</strong></span> <span class='ocrx_word' id='word_1_675' title='bbox 1690 5044 1791 5080; x_wconf 89' lang='lat' dir='ltr'><strong>non</strong></span> <span class='ocrx_word' id='word_1_676' title='bbox 1821 5045 2006 5082; x_wconf 89' lang='lat' dir='ltr'><strong>manu-</strong></span> 
     </span>
    </p>
   </div>
   <div class='ocr_carea' id='block_1_85' title="bbox 438 5112 2007 5182">
    <p class='ocr_par' dir='ltr' id='par_1_85' title="bbox 438 5112 2007 5182">
     <span class='ocr_line' id='line_1_85' title="bbox 438 5112 2007 5182; baseline 0.006 -20"><span class='ocrx_word' id='word_1_677' title='bbox 438 5112 939 5180; x_wconf 83' lang='lat' dir='ltr'><strong>fnctnnt,aeternam</strong></span> <span class='ocrx_word' id='word_1_678' title='bbox 990 5118 1046 5170; x_wconf 90' lang='lat' dir='ltr'><strong>in</strong></span> <span class='ocrx_word' id='word_1_679' title='bbox 1088 5116 1265 5182; x_wconf 90' lang='lat' dir='ltr'><strong>caelis,</strong></span> <span class='ocrx_word' id='word_1_680' title='bbox 1290 5116 1345 5168; x_wconf 90' lang='lat' dir='ltr'><strong>id</strong></span> <span class='ocrx_word' id='word_1_681' title='bbox 1391 5126 1465 5169; x_wconf 89' lang='lat' dir='ltr'><strong>est</strong></span> <span class='ocrx_word' id='word_1_682' title='bbox 1501 5117 1857 5171; x_wconf 79' lang='lat' dir='ltr'><strong>mansionibus</strong></span> <span class='ocrx_word' id='word_1_683' title='bbox 1886 5119 2007 5171; x_wconf 84' lang='lat' dir='ltr'><strong>bea-</strong></span> 
     </span>
    </p>
   </div>
   <div class='ocr_carea' id='block_1_86' title="bbox 436 5200 2002 5279">
    <p class='ocr_par' dir='ltr' id='par_1_86' title="bbox 436 5200 2002 5279">
     <span class='ocr_line' id='line_1_86' title="bbox 436 5200 2002 5279; baseline 0.008 -26"><span class='ocrx_word' id='word_1_684' title='bbox 436 5213 630 5254; x_wconf 86' lang='lat' dir='ltr'><strong>torum.</strong></span> <span class='ocrx_word' id='word_1_685' title='bbox 662 5200 749 5254; x_wconf 81' lang='lat' dir='ltr'><strong>Ea:</strong></span> <span class='ocrx_word' id='word_1_686' title='bbox 789 5203 883 5256; x_wconf 91' lang='lat' dir='ltr'><strong>hoc</strong></span> <span class='ocrx_word' id='word_1_687' title='bbox 933 5221 1053 5272; x_wconf 81' lang='lat' dir='ltr'><strong>ergo</strong></span> <span class='ocrx_word' id='word_1_688' title='bbox 1081 5206 1435 5274; x_wconf 87' lang='lat' dir='ltr'><strong>conjecturam</strong></span> <span class='ocrx_word' id='word_1_689' title='bbox 1478 5221 1660 5269; x_wconf 89' lang='lat' dir='ltr'><strong>capere</strong></span> <span class='ocrx_word' id='word_1_690' title='bbox 1707 5223 2002 5279; x_wconf 85' lang='lat' dir='ltr'><strong>possumus,</strong></span> 
     </span>
    </p>
   </div>
   <div class='ocr_carea' id='block_1_87' title="bbox 2093 3230 3687 3305">
    <p class='ocr_par' dir='ltr' id='par_1_87' title="bbox 2093 3230 3687 3305">
     <span class='ocr_line' id='line_1_87' title="bbox 2093 3230 3687 3305; baseline 0.002 -18"><span class='ocrx_word' id='word_1_691' title='bbox 2093 3242 2237 3300; x_wconf 82' lang='lat' dir='ltr'><strong>sunt,</strong></span> <span class='ocrx_word' id='word_1_692' title='bbox 2281 3231 2400 3301; x_wconf 89' lang='lat' dir='ltr'><strong>jam</strong></span> <span class='ocrx_word' id='word_1_693' title='bbox 2452 3230 2731 3286; x_wconf 86' lang='lat' dir='ltr'><strong>diversitas</strong></span> <span class='ocrx_word' id='word_1_694' title='bbox 2779 3244 3044 3285; x_wconf 77' lang='lat' dir='ltr'><strong>non.erit.</strong></span> <span class='ocrx_word' id='word_1_695' title='bbox 3096 3232 3406 3303; x_wconf 83' lang='lat' dir='ltr'><strong>Propterea,</strong></span> <span class='ocrx_word' id='word_1_696' title='bbox 3463 3252 3687 3305; x_wconf 82' lang='lat' dir='ltr'><strong>namque</strong></span> 
     </span>
    </p>
   </div>
   <div class='ocr_carea' id='block_1_88' title="bbox 2094 3321 3682 3395">
    <p class='ocr_par' dir='ltr' id='par_1_88' title="bbox 2094 3321 3682 3395">
     <span class='ocr_line' id='line_1_88' title="bbox 2094 3321 3682 3395; baseline 0.003 -20"><span class='ocrx_word' id='word_1_697' title='bbox 2094 3321 2252 3375; x_wconf 90' lang='lat' dir='ltr'><strong>etiam</strong></span> <span class='ocrx_word' id='word_1_698' title='bbox 2294 3321 2336 3352; x_wconf 78' lang='grc'><strong>¹⁹</strong></span> <span class='ocrx_word' id='word_1_699' title='bbox 2366 3321 2674 3375; x_wconf 88' lang='lat' dir='ltr'><strong>novissimus</strong></span> <span class='ocrx_word' id='word_1_700' title='bbox 2710 3322 2954 3377; x_wconf 88' lang='lat' dir='ltr'><strong>inimicus</strong></span> <span class='ocrx_word' id='word_1_701' title='bbox 2982 3323 3246 3389; x_wconf 88' lang='lat' dir='ltr'><strong>diabolus,</strong></span> <span class='ocrx_word' id='word_1_702' title='bbox 3280 3325 3369 3394; x_wconf 91' lang='lat' dir='ltr'><strong>qui</strong></span> <span class='ocrx_word' id='word_1_703' title='bbox 3399 3342 3540 3380; x_wconf 84' lang='lat' dir='ltr'><strong>mars</strong></span> <span class='ocrx_word' id='word_1_704' title='bbox 3584 3344 3682 3395; x_wconf 86' lang='lat' dir='ltr'><strong>ap-</strong></span> 
     </span>
    </p>
   </div>
   <div class='ocr_carea' id='block_1_89' title="bbox 2094 3407 3687 3482">
    <p class='ocr_par' dir='ltr' id='par_1_89' title="bbox 2094 3407 3687 3482">
     <span class='ocr_line' id='line_1_89' title="bbox 2094 3407 3687 3482; baseline 0.004 -20"><span class='ocrx_word' id='word_1_705' title='bbox 2094 3407 2344 3479; x_wconf 89' lang='lat' dir='ltr'><strong>pellatur,</strong></span> <span class='ocrx_word' id='word_1_706' title='bbox 2398 3408 2598 3462; x_wconf 90' lang='lat' dir='ltr'><strong>destrui</strong></span> <span class='ocrx_word' id='word_1_707' title='bbox 2641 3409 2855 3475; x_wconf 88' lang='lat' dir='ltr'><strong>dicitur,</strong></span> <span class='ocrx_word' id='word_1_708' title='bbox 2908 3420 2965 3464; x_wconf 91' lang='lat' dir='ltr'><strong>ut</strong></span> <span class='ocrx_word' id='word_1_709' title='bbox 3010 3428 3171 3482; x_wconf 89' lang='lat' dir='ltr'><strong>neque</strong></span> <span class='ocrx_word' id='word_1_710' title='bbox 3219 3412 3361 3468; x_wconf 91' lang='lat' dir='ltr'><strong>ultra</strong></span> <span class='ocrx_word' id='word_1_711' title='bbox 3423 3416 3571 3469; x_wconf 87' lang='lat' dir='ltr'><strong>triste</strong></span> <span class='ocrx_word' id='word_1_712' title='bbox 3618 3417 3687 3469; x_wconf 85' lang='lat' dir='ltr'><strong>sit</strong></span> 
     </span>
    </p>
   </div>
   <div class='ocr_carea' id='block_1_90' title="bbox 2096 3488 3684 3570">
    <p class='ocr_par' dir='ltr' id='par_1_90' title="bbox 2096 3488 3684 3570">
     <span class='ocr_line' id='line_1_90' title="bbox 2096 3488 3684 3570; baseline 0.006 -21"><span class='ocrx_word' id='word_1_713' title='bbox 2096 3495 2317 3568; x_wconf 88' lang='lat' dir='ltr'><strong>aliquid,</strong></span> <span class='ocrx_word' id='word_1_714' title='bbox 2350 3496 2437 3551; x_wconf 90' lang='lat' dir='ltr'><strong>ubi</strong></span> <span class='ocrx_word' id='word_1_715' title='bbox 2464 3513 2604 3550; x_wconf 90' lang='lat' dir='ltr'><strong>mors</strong></span> <span class='ocrx_word' id='word_1_716' title='bbox 2628 3514 2732 3551; x_wconf 90' lang='lat' dir='ltr'><strong>non</strong></span> <span class='ocrx_word' id='word_1_717' title='bbox 2753 3508 2852 3565; x_wconf 88' lang='lat' dir='ltr'><strong>est,</strong></span> <span class='ocrx_word' id='word_1_718' title='bbox 2876 3515 3041 3570; x_wconf 87' lang='lat' dir='ltr'><strong>neque</strong></span> <span class='ocrx_word' id='word_1_719' title='bbox 3063 3488 3324 3555; x_wconf 81' lang='lat' dir='ltr'><strong>diversum</strong></span> <span class='ocrx_word' id='word_1_720' title='bbox 3348 3502 3436 3566; x_wconf 89' lang='lat' dir='ltr'><strong>sit,</strong></span> <span class='ocrx_word' id='word_1_721' title='bbox 3463 3504 3552 3556; x_wconf 90' lang='lat' dir='ltr'><strong>ubi</strong></span> <span class='ocrx_word' id='word_1_722' title='bbox 3577 3520 3684 3559; x_wconf 75' lang='lat' dir='ltr'><strong>non</strong></span> 
     </span>
    </p>
   </div>
   <div class='ocr_carea' id='block_1_91' title="bbox 2094 3587 3686 3649">
    <p class='ocr_par' dir='ltr' id='par_1_91' title="bbox 2094 3587 3686 3649">
     <span class='ocr_line' id='line_1_91' title="bbox 2094 3587 3686 3649; baseline 0.006 -9"><span class='ocrx_word' id='word_1_723' title='bbox 2094 3597 2170 3641; x_wconf 89' lang='lat' dir='ltr'><strong>est</strong></span> <span class='ocrx_word' id='word_1_724' title='bbox 2224 3588 2486 3642; x_wconf 83' lang='lat' dir='ltr'><strong>inimicus.</strong></span> <span class='ocrx_word' id='word_1_725' title='bbox 2526 3587 2740 3643; x_wconf 87' lang='lat' dir='ltr'><strong>Destrui</strong></span> <span class='ocrx_word' id='word_1_726' title='bbox 2785 3606 2912 3643; x_wconf 88' lang='lat' dir='ltr'><strong>sane</strong></span> <span class='ocrx_word' id='word_1_727' title='bbox 2960 3591 3268 3646; x_wconf 87' lang='lat' dir='ltr'><strong>novissimus</strong></span> <span class='ocrx_word' id='word_1_728' title='bbox 3315 3594 3558 3649; x_wconf 82' lang='lat' dir='ltr'><strong>inimicus</strong></span> <span class='ocrx_word' id='word_1_729' title='bbox 3609 3598 3686 3649; x_wconf 89' lang='lat' dir='ltr'><strong>ita</strong></span> 
     </span>
    </p>
   </div>
   <div class='ocr_carea' id='block_1_92' title="bbox 2096 3679 3687 3758">
    <p class='ocr_par' dir='ltr' id='par_1_92' title="bbox 2096 3679 3687 3758">
     <span class='ocr_line' id='line_1_92' title="bbox 2096 3679 3687 3758; baseline 0.006 -24"><span class='ocrx_word' id='word_1_730' title='bbox 2096 3679 2467 3753; x_wconf 88' lang='lat' dir='ltr'><strong>intelligendus</strong></span> <span class='ocrx_word' id='word_1_731' title='bbox 2490 3691 2586 3747; x_wconf 85' lang='lat' dir='ltr'><strong>est,</strong></span> <span class='ocrx_word' id='word_1_732' title='bbox 2620 3699 2725 3737; x_wconf 92' lang='lat' dir='ltr'><strong>non</strong></span> <span class='ocrx_word' id='word_1_733' title='bbox 2768 3692 2825 3736; x_wconf 91' lang='lat' dir='ltr'><strong>ut</strong></span> <span class='ocrx_word' id='word_1_734' title='bbox 2859 3682 3154 3739; x_wconf 82' lang='lat' dir='ltr'><strong>substantia</strong></span> <span class='ocrx_word' id='word_1_735' title='bbox 3183 3686 3321 3755; x_wconf 90' lang='lat' dir='ltr'><strong>ejus,</strong></span> <span class='ocrx_word' id='word_1_736' title='bbox 3359 3704 3493 3758; x_wconf 88' lang='lat' dir='ltr'><strong>quae</strong></span> <span class='ocrx_word' id='word_1_737' title='bbox 3518 3707 3549 3741; x_wconf 91' lang='lat' dir='ltr'><strong>a</strong></span> <span class='ocrx_word' id='word_1_738' title='bbox 3578 3688 3687 3743; x_wconf 88' lang='lat' dir='ltr'><strong>Deo</strong></span> 
     </span>
    </p>
   </div>
   <div class='ocr_carea' id='block_1_93' title="bbox 2099 3773 3687 3844">
    <p class='ocr_par' dir='ltr' id='par_1_93' title="bbox 2099 3773 3687 3844">
     <span class='ocr_line' id='line_1_93' title="bbox 2099 3773 3687 3844; baseline 0.006 -18"><span class='ocrx_word' id='word_1_739' title='bbox 2099 3773 2240 3843; x_wconf 85' lang='lat' dir='ltr'><strong>facta</strong></span> <span class='ocrx_word' id='word_1_740' title='bbox 2266 3780 2375 3839; x_wconf 86' lang='lat' dir='ltr'><strong>est,</strong></span> <span class='ocrx_word' id='word_1_741' title='bbox 2418 3784 2630 3844; x_wconf 88' lang='lat' dir='ltr'><strong>pereat,</strong></span> <span class='ocrx_word' id='word_1_742' title='bbox 2658 3775 2748 3828; x_wconf 85' lang='lat' dir='ltr'><strong>sed</strong></span> <span class='ocrx_word' id='word_1_743' title='bbox 2776 3783 2829 3828; x_wconf 89' lang='lat' dir='ltr'><strong>ut</strong></span> <span class='ocrx_word' id='word_1_744' title='bbox 2855 3777 3178 3844; x_wconf 86' lang='lat' dir='ltr'><strong>propositum</strong></span> <span class='ocrx_word' id='word_1_745' title='bbox 3208 3787 3255 3831; x_wconf 88' lang='lat' dir='ltr'><strong>et</strong></span> <span class='ocrx_word' id='word_1_746' title='bbox 3302 3779 3541 3834; x_wconf 86' lang='lat' dir='ltr'><strong>voluntas</strong></span> <span class='ocrx_word' id='word_1_747' title='bbox 3584 3781 3687 3834; x_wconf 89' lang='lat' dir='ltr'><strong>ini-</strong></span> 
     </span>
    </p>
   </div>
   <div class='ocr_carea' id='block_1_94' title="bbox 2099 3865 3682 3941">
    <p class='ocr_par' dir='ltr' id='par_1_94' title="bbox 2099 3865 3682 3941">
     <span class='ocr_line' id='line_1_94' title="bbox 2099 3865 3682 3941; baseline 0.004 -22"><span class='ocrx_word' id='word_1_748' title='bbox 2099 3866 2272 3930; x_wconf 88' lang='lat' dir='ltr'><strong>mica,</strong></span> <span class='ocrx_word' id='word_1_749' title='bbox 2327 3882 2461 3936; x_wconf 90' lang='lat' dir='ltr'><strong>quae</strong></span> <span class='ocrx_word' id='word_1_750' title='bbox 2520 3882 2623 3919; x_wconf 91' lang='lat' dir='ltr'><strong>non</strong></span> <span class='ocrx_word' id='word_1_751' title='bbox 2677 3883 2709 3918; x_wconf 94' lang='lat' dir='ltr'><strong><em>a</em></strong></span> <span class='ocrx_word' id='word_1_752' title='bbox 2756 3865 2905 3930; x_wconf 91' lang='lat' dir='ltr'><strong>Deo,</strong></span> <span class='ocrx_word' id='word_1_753' title='bbox 2959 3868 3051 3921; x_wconf 87' lang='lat' dir='ltr'><strong>sed</strong></span> <span class='ocrx_word' id='word_1_754' title='bbox 3116 3868 3180 3921; x_wconf 88' lang='lat' dir='ltr'><strong>ab</strong></span> <span class='ocrx_word' id='word_1_755' title='bbox 3234 3870 3346 3938; x_wconf 73' lang='lat' dir='ltr'><strong>ipso</strong></span> <span class='ocrx_word' id='word_1_756' title='bbox 3390 3873 3682 3941; x_wconf 88' lang='lat' dir='ltr'><strong>processit,</strong></span> 
     </span>
    </p>
   </div>
   <div class='ocr_carea' id='block_1_95' title="bbox 2098 3954 3683 4024">
    <p class='ocr_par' dir='ltr' id='par_1_95' title="bbox 2098 3954 3683 4024">
     <span class='ocr_line' id='line_1_95' title="bbox 2098 3954 3683 4024; baseline 0.004 -16"><span class='ocrx_word' id='word_1_757' title='bbox 2098 3955 2336 4008; x_wconf 89' lang='lat' dir='ltr'><strong>intereat.</strong></span> <span class='ocrx_word' id='word_1_758' title='bbox 2394 3954 2702 4009; x_wconf 87' lang='lat' dir='ltr'><strong>Destruetur</strong></span> <span class='ocrx_word' id='word_1_759' title='bbox 2752 3971 2872 4024; x_wconf 86' lang='lat' dir='ltr'><strong>ergo</strong></span> <span class='ocrx_word' id='word_1_760' title='bbox 2921 3972 3026 4010; x_wconf 88' lang='lat' dir='ltr'><strong>non</strong></span> <span class='ocrx_word' id='word_1_761' title='bbox 3082 3966 3137 4010; x_wconf 90' lang='lat' dir='ltr'><strong>ut</strong></span> <span class='ocrx_word' id='word_1_762' title='bbox 3178 3973 3283 4011; x_wconf 89' lang='lat' dir='ltr'><strong>non</strong></span> <span class='ocrx_word' id='word_1_763' title='bbox 3326 3961 3428 4023; x_wconf 80' lang='lat' dir='ltr'><strong>tit,</strong></span> <span class='ocrx_word' id='word_1_764' title='bbox 3480 3961 3572 4013; x_wconf 89' lang='lat' dir='ltr'><strong>sed</strong></span> <span class='ocrx_word' id='word_1_765' title='bbox 3622 3973 3683 4014; x_wconf 90' lang='lat' dir='ltr'><strong>ut</strong></span> 
     </span>
    </p>
   </div>
   <div class='ocr_carea' id='block_1_96' title="bbox 2097 4042 3685 4116">
    <p class='ocr_par' dir='ltr' id='par_1_96' title="bbox 2097 4042 3685 4116">
     <span class='ocr_line' id='line_1_96' title="bbox 2097 4042 3685 4116; baseline 0.001 -18"><span class='ocrx_word' id='word_1_766' title='bbox 2097 4045 2339 4098; x_wconf 82' lang='lat' dir='ltr'><strong>inimicus</strong></span> <span class='ocrx_word' id='word_1_767' title='bbox 2384 4053 2430 4097; x_wconf 90' lang='lat' dir='ltr'><strong>et</strong></span> <span class='ocrx_word' id='word_1_768' title='bbox 2473 4058 2613 4096; x_wconf 90' lang='lat' dir='ltr'><strong>mors</strong></span> <span class='ocrx_word' id='word_1_769' title='bbox 2665 4060 2769 4097; x_wconf 89' lang='lat' dir='ltr'><strong>non</strong></span> <span class='ocrx_word' id='word_1_770' title='bbox 2821 4044 2908 4095; x_wconf 90' lang='lat' dir='ltr'><strong>sit.</strong></span> <span class='ocrx_word' id='word_1_771' title='bbox 2952 4042 3103 4096; x_wconf 84' lang='lat' dir='ltr'><strong>Nihil</strong></span> <span class='ocrx_word' id='word_1_772' title='bbox 3151 4045 3289 4097; x_wconf 90' lang='lat' dir='ltr'><strong>enim</strong></span> <span class='ocrx_word' id='word_1_773' title='bbox 3341 4049 3685 4116; x_wconf 77' lang='lat' dir='ltr'><strong>omnipotenti</strong></span> 
     </span>
    </p>
   </div>
   <div class='ocr_carea' id='block_1_97' title="bbox 2097 4130 3686 4203">
    <p class='ocr_par' dir='ltr' id='par_1_97' title="bbox 2097 4130 3686 4203">
     <span class='ocr_line' id='line_1_97' title="bbox 2097 4130 3686 4203; baseline 0.001 -17"><span class='ocrx_word' id='word_1_774' title='bbox 2097 4131 2412 4201; x_wconf 87' lang='lat' dir='ltr'><strong>impossibile</strong></span> <span class='ocrx_word' id='word_1_775' title='bbox 2450 4142 2552 4195; x_wconf 87' lang='lat' dir='ltr'><strong>est,</strong></span> <span class='ocrx_word' id='word_1_776' title='bbox 2612 4147 2704 4184; x_wconf 90' lang='lat' dir='ltr'><strong>nec</strong></span> <span class='ocrx_word' id='word_1_777' title='bbox 2771 4130 3083 4184; x_wconf 63' lang='lat' dir='ltr'><strong>insanabile</strong></span> <span class='ocrx_word' id='word_1_778' title='bbox 3119 4141 3195 4184; x_wconf 87' lang='lat' dir='ltr'><strong>est</strong></span> <span class='ocrx_word' id='word_1_779' title='bbox 3247 4131 3450 4203; x_wconf 86' lang='lat' dir='ltr'><strong>aliquid</strong></span> <span class='ocrx_word' id='word_1_780' title='bbox 3492 4135 3686 4203; x_wconf 88' lang='lat' dir='ltr'><strong>factori</strong></span> 
     </span>
    </p>
   </div>
   <div class='ocr_carea' id='block_1_98' title="bbox 2098 4218 3688 4294">
    <p class='ocr_par' dir='ltr' id='par_1_98' title="bbox 2098 4218 3688 4294">
     <span class='ocr_line' id='line_1_98' title="bbox 2098 4218 3688 4294; baseline 0.001 -18"><span class='ocrx_word' id='word_1_781' title='bbox 2098 4236 2216 4276; x_wconf 89' lang='lat' dir='ltr'><strong>suo.</strong></span> <span class='ocrx_word' id='word_1_782' title='bbox 2249 4220 2530 4289; x_wconf 87' lang='lat' dir='ltr'><strong>Propterea</strong></span> <span class='ocrx_word' id='word_1_783' title='bbox 2564 4218 2699 4274; x_wconf 90' lang='lat' dir='ltr'><strong>enim</strong></span> <span class='ocrx_word' id='word_1_784' title='bbox 2724 4218 2845 4288; x_wconf 89' lang='lat' dir='ltr'><strong>fecit</strong></span> <span class='ocrx_word' id='word_1_785' title='bbox 2866 4219 3064 4284; x_wconf 87' lang='lat' dir='ltr'><strong>omnia,</strong></span> <span class='ocrx_word' id='word_1_786' title='bbox 3092 4228 3147 4272; x_wconf 90' lang='lat' dir='ltr'><strong>ut</strong></span> <span class='ocrx_word' id='word_1_787' title='bbox 3175 4231 3341 4275; x_wconf 88' lang='lat' dir='ltr'><strong>essent</strong></span> <span class='ocrx_word' id='word_1_788' title='bbox 3369 4233 3416 4275; x_wconf 91' lang='lat' dir='ltr'><strong>et</strong></span> <span class='ocrx_word' id='word_1_789' title='bbox 3441 4241 3523 4288; x_wconf 91' lang='lat' dir='ltr'><strong>ea,</strong></span> <span class='ocrx_word' id='word_1_790' title='bbox 3553 4241 3688 4294; x_wconf 83' lang='lat' dir='ltr'><strong>quas</strong></span> 
     </span>
    </p>
   </div>
   <div class='ocr_carea' id='block_1_99' title="bbox 2101 4310 3688 4383">
    <p class='ocr_par' dir='ltr' id='par_1_99' title="bbox 2101 4310 3688 4383">
     <span class='ocr_line' id='line_1_99' title="bbox 2101 4310 3688 4383; baseline 0.002 -18"><span class='ocrx_word' id='word_1_791' title='bbox 2101 4310 2243 4381; x_wconf 83' lang='lat' dir='ltr'><strong>facta</strong></span> <span class='ocrx_word' id='word_1_792' title='bbox 2269 4321 2411 4376; x_wconf 90' lang='lat' dir='ltr'><strong>sunt,</strong></span> <span class='ocrx_word' id='word_1_793' title='bbox 2437 4320 2497 4364; x_wconf 92' lang='lat' dir='ltr'><strong>ut</strong></span> <span class='ocrx_word' id='word_1_794' title='bbox 2521 4319 2710 4374; x_wconf 89' lang='lat' dir='ltr'><strong>essent,</strong></span> <span class='ocrx_word' id='word_1_795' title='bbox 2738 4326 2830 4363; x_wconf 87' lang='lat' dir='ltr'><strong>nec</strong></span> <span class='ocrx_word' id='word_1_796' title='bbox 2854 4326 2964 4364; x_wconf 90' lang='lat' dir='ltr'><strong>esse</strong></span> <span class='ocrx_word' id='word_1_797' title='bbox 2993 4327 3095 4364; x_wconf 90' lang='lat' dir='ltr'><strong>non</strong></span> <span class='ocrx_word' id='word_1_798' title='bbox 3117 4323 3322 4381; x_wconf 88' lang='lat' dir='ltr'><strong>possent</strong></span> <span class='ocrx_word' id='word_1_799' title='bbox 3352 4313 3419 4366; x_wconf 76' lang='grc' dir='ltr'><strong>ιο.</strong></span> <span class='ocrx_word' id='word_1_800' title='bbox 3463 4312 3688 4383; x_wconf 86' lang='lat' dir='ltr'><strong>Propter</strong></span> 
     </span>
    </p>
   </div>
   <div class='ocr_carea' id='block_1_100' title="bbox 2102 4398 3684 4473">
    <p class='ocr_par' dir='ltr' id='par_1_100' title="bbox 2102 4398 3684 4473">
     <span class='ocr_line' id='line_1_100' title="bbox 2102 4398 3684 4473; baseline 0.001 -19"><span class='ocrx_word' id='word_1_801' title='bbox 2102 4403 2241 4473; x_wconf 88' lang='lat' dir='ltr'><strong>quod</strong></span> <span class='ocrx_word' id='word_1_802' title='bbox 2282 4401 2698 4455; x_wconf 89' lang='lat' dir='ltr'><strong>immutationem</strong></span> <span class='ocrx_word' id='word_1_803' title='bbox 2726 4398 2938 4470; x_wconf 89' lang='lat' dir='ltr'><strong>quidem</strong></span> <span class='ocrx_word' id='word_1_804' title='bbox 2978 4402 3382 4473; x_wconf 88' lang='lat' dir='ltr'><strong>varietatemque</strong></span> <span class='ocrx_word' id='word_1_805' title='bbox 3416 4406 3684 4473; x_wconf 83' lang='lat' dir='ltr'><strong>recipient,</strong></span> 
     </span>
    </p>
   </div>
   <div class='ocr_carea' id='block_1_101' title="bbox 2102 4489 3688 4562">
    <p class='ocr_par' dir='ltr' id='par_1_101' title="bbox 2102 4489 3688 4562">
     <span class='ocr_line' id='line_1_101' title="bbox 2102 4489 3688 4562; baseline 0.001 -15"><span class='ocrx_word' id='word_1_806' title='bbox 2102 4494 2176 4547; x_wconf 90' lang='lat' dir='ltr'><strong>ita</strong></span> <span class='ocrx_word' id='word_1_807' title='bbox 2211 4502 2411 4562; x_wconf 67' lang='lat' dir='ltr'><strong>ut&#39;pro</strong></span> <span class='ocrx_word' id='word_1_808' title='bbox 2462 4491 2660 4549; x_wconf 85' lang='lat' dir='ltr'><strong>meritis</strong></span> <span class='ocrx_word' id='word_1_809' title='bbox 2694 4490 2770 4545; x_wconf 87' lang='lat' dir='ltr'><strong>vel</strong></span> <span class='ocrx_word' id='word_1_810' title='bbox 2814 4491 2866 4543; x_wconf 91' lang='lat' dir='ltr'><strong>in</strong></span> <span class='ocrx_word' id='word_1_811' title='bbox 2914 4489 3145 4558; x_wconf 85' lang='lat' dir='ltr'><strong>meliore,</strong></span> <span class='ocrx_word' id='word_1_812' title='bbox 3194 4491 3275 4546; x_wconf 86' lang='lat' dir='ltr'><strong>vel</strong></span> <span class='ocrx_word' id='word_1_813' title='bbox 3320 4494 3375 4547; x_wconf 89' lang='lat' dir='ltr'><strong>in</strong></span> <span class='ocrx_word' id='word_1_814' title='bbox 3429 4495 3688 4548; x_wconf 87' lang='lat' dir='ltr'><strong>deteriore</strong></span> 
     </span>
    </p>
   </div>
   <div class='ocr_carea' id='block_1_102' title="bbox 2102 4580 3686 4660">
    <p class='ocr_par' dir='ltr' id='par_1_102' title="bbox 2102 4580 3686 4660">
     <span class='ocr_line' id='line_1_102' title="bbox 2102 4580 3686 4660; baseline 0.003 -25"><span class='ocrx_word' id='word_1_815' title='bbox 2102 4582 2390 4637; x_wconf 85' lang='lat' dir='ltr'><strong>habeantur</strong></span> <span class='ocrx_word' id='word_1_816' title='bbox 2441 4589 2628 4645; x_wconf 88' lang='lat' dir='ltr'><strong>statu;</strong></span> <span class='ocrx_word' id='word_1_817' title='bbox 2696 4580 3088 4635; x_wconf 88' lang='lat' dir='ltr'><strong>substantialem</strong></span> <span class='ocrx_word' id='word_1_818' title='bbox 3125 4599 3238 4636; x_wconf 83' lang='lat' dir='ltr'><strong>vero</strong></span> <span class='ocrx_word' id='word_1_819' title='bbox 3270 4584 3537 4638; x_wconf 89' lang='lat' dir='ltr'><strong>interitum</strong></span> <span class='ocrx_word' id='word_1_820' title='bbox 3598 4602 3686 4660; x_wconf 67' lang='lat' dir='ltr'><strong>ea,</strong></span> 
     </span>
    </p>
   </div>
   <div class='ocr_carea' id='block_1_103' title="bbox 2099 4672 3689 4747">
    <p class='ocr_par' dir='ltr' id='par_1_103' title="bbox 2099 4672 3689 4747">
     <span class='ocr_line' id='line_1_103' title="bbox 2099 4672 3689 4747; baseline 0.003 -20"><span class='ocrx_word' id='word_1_821' title='bbox 2099 4691 2233 4746; x_wconf 90' lang='lat' dir='ltr'><strong>quae</strong></span> <span class='ocrx_word' id='word_1_822' title='bbox 2271 4691 2304 4726; x_wconf 91' lang='lat' dir='ltr'><strong><em>a</em></strong></span> <span class='ocrx_word' id='word_1_823' title='bbox 2325 4672 2447 4725; x_wconf 42' lang='lat' dir='ltr'><strong>“Deo</strong></span> <span class='ocrx_word' id='word_1_824' title='bbox 2470 4672 2539 4725; x_wconf 89' lang='lat' dir='ltr'><strong>ad</strong></span> <span class='ocrx_word' id='word_1_825' title='bbox 2568 4673 2665 4725; x_wconf 90' lang='lat' dir='ltr'><strong>hoc</strong></span> <span class='ocrx_word' id='word_1_826' title='bbox 2706 4672 2849 4742; x_wconf 87' lang='lat' dir='ltr'><strong>facta</strong></span> <span class='ocrx_word' id='word_1_827' title='bbox 2877 4684 3019 4737; x_wconf 88' lang='lat' dir='ltr'><strong>sunt,</strong></span> <span class='ocrx_word' id='word_1_828' title='bbox 3048 4683 3100 4726; x_wconf 93' lang='lat' dir='ltr'><strong>ut</strong></span> <span class='ocrx_word' id='word_1_829' title='bbox 3132 4685 3297 4729; x_wconf 79' lang='lat' dir='ltr'><strong>essent</strong></span> <span class='ocrx_word' id='word_1_830' title='bbox 3343 4685 3390 4730; x_wconf 92' lang='lat' dir='ltr'><strong>et</strong></span> <span class='ocrx_word' id='word_1_831' title='bbox 3418 4694 3689 4747; x_wconf 63' lang='lat' dir='ltr'><strong>perinane-</strong></span> 
     </span>
    </p>
   </div>
   <div class='ocr_carea' id='block_1_104' title="bbox 2103 4761 3687 4833">
    <p class='ocr_par' dir='ltr' id='par_1_104' title="bbox 2103 4761 3687 4833">
     <span class='ocr_line' id='line_1_104' title="bbox 2103 4761 3687 4833; baseline 0.004 -18"><span class='ocrx_word' id='word_1_832' title='bbox 2103 4772 2235 4827; x_wconf 90' lang='lat' dir='ltr'><strong>rent,</strong></span> <span class='ocrx_word' id='word_1_833' title='bbox 2265 4761 2488 4830; x_wconf 87' lang='lat' dir='ltr'><strong>recipere</strong></span> <span class='ocrx_word' id='word_1_834' title='bbox 2533 4777 2636 4814; x_wconf 89' lang='lat' dir='ltr'><strong>non</strong></span> <span class='ocrx_word' id='word_1_835' title='bbox 2678 4772 2913 4830; x_wconf 89' lang='lat' dir='ltr'><strong>possunt.</strong></span> <span class='ocrx_word' id='word_1_836' title='bbox 2946 4762 3155 4832; x_wconf 83' lang='lat' dir='ltr'><strong>Itaque,</strong></span> <span class='ocrx_word' id='word_1_837' title='bbox 3195 4765 3336 4833; x_wconf 87' lang='lat' dir='ltr'><strong>quod</strong></span> <span class='ocrx_word' id='word_1_838' title='bbox 3364 4764 3687 4823; x_wconf 83' lang='lat' dir='ltr'><strong>Ambrosius</strong></span> 
     </span>
    </p>
   </div>
   <div class='ocr_carea' id='block_1_105' title="bbox 2104 4849 3682 4926">
    <p class='ocr_par' dir='ltr' id='par_1_105' title="bbox 2104 4849 3682 4926">
     <span class='ocr_line' id='line_1_105' title="bbox 2104 4849 3682 4926; baseline 0.001 -17"><span class='ocrx_word' id='word_1_839' title='bbox 2104 4854 2157 4909; x_wconf 90' lang='lat' dir='ltr'><strong>in</strong></span> <span class='ocrx_word' id='word_1_840' title='bbox 2186 4850 2435 4920; x_wconf 77' lang='lat' dir='ltr'><strong>ambiguo</strong></span> <span class='ocrx_word' id='word_1_841' title='bbox 2466 4851 2774 4920; x_wconf 86' lang='lat' dir='ltr'><strong>reliquerat,</strong></span> <span class='ocrx_word' id='word_1_842' title='bbox 2804 4849 3066 4922; x_wconf 78' lang='lat' dir='ltr'><strong>Origenes</strong></span> <span class='ocrx_word' id='word_1_843' title='bbox 3099 4854 3352 4909; x_wconf 82' lang='lat' dir='ltr'><strong>declarat.</strong></span> <span class='ocrx_word' id='word_1_844' title='bbox 3381 4854 3515 4910; x_wconf 88' lang='lat' dir='ltr'><strong>Nam</strong></span> <span class='ocrx_word' id='word_1_845' title='bbox 3538 4859 3682 4926; x_wconf 88' lang='lat' dir='ltr'><strong>quod</strong></span> 
     </span>
    </p>
   </div>
   <div class='ocr_carea' id='block_1_106' title="bbox 2106 4942 3711 5014">
    <p class='ocr_par' dir='ltr' id='par_1_106' title="bbox 2106 4942 3711 5014">
     <span class='ocr_line' id='line_1_106' title="bbox 2106 4942 3711 5014; baseline 0.002 -15"><span class='ocrx_word' id='word_1_846' title='bbox 2106 4945 2194 4999; x_wconf 89' lang='lat' dir='ltr'><strong>ille</strong></span> <span class='ocrx_word' id='word_1_847' title='bbox 2220 4944 2295 4997; x_wconf 87' lang='lat' dir='ltr'><strong>ait</strong></span> <span class='ocrx_word' id='word_1_848' title='bbox 2329 4961 2342 4996; x_wconf 88' lang='lat'><strong>:</strong></span> <span class='ocrx_word' id='word_1_849' title='bbox 2370 4942 2647 5007; x_wconf 87' lang='lat' dir='ltr'><strong>Docemur,</strong></span> <span class='ocrx_word' id='word_1_850' title='bbox 2670 4944 2809 5013; x_wconf 89' lang='lat' dir='ltr'><strong>quod</strong></span> <span class='ocrx_word' id='word_1_851' title='bbox 2832 4960 2936 4998; x_wconf 91' lang='lat' dir='ltr'><strong>non</strong></span> <span class='ocrx_word' id='word_1_852' title='bbox 2967 4961 3167 5014; x_wconf 88' lang='lat' dir='ltr'><strong>semper</strong></span> <span class='ocrx_word' id='word_1_853' title='bbox 3201 4948 3475 5002; x_wconf 88' lang='lat' dir='ltr'><strong>daemonia</strong></span> <span class='ocrx_word' id='word_1_854' title='bbox 3511 4965 3711 5002; x_wconf 41' lang='lat' dir='ltr'><strong>manew</strong></span> 
     </span>
    </p>
   </div>
   <div class='ocr_carea' id='block_1_107' title="bbox 2105 5030 3681 5102">
    <p class='ocr_par' dir='ltr' id='par_1_107' title="bbox 2105 5030 3681 5102">
     <span class='ocr_line' id='line_1_107' title="bbox 2105 5030 3681 5102; baseline 0.003 -16"><span class='ocrx_word' id='word_1_855' title='bbox 2105 5034 2252 5093; x_wconf 89' lang='lat' dir='ltr'><strong>bunt,</strong></span> <span class='ocrx_word' id='word_1_856' title='bbox 2283 5048 2346 5084; x_wconf 87' lang='lat' dir='ltr'><strong>ne</strong></span> <span class='ocrx_word' id='word_1_857' title='bbox 2380 5030 2582 5084; x_wconf 89' lang='lat' dir='ltr'><strong>malitia</strong></span> <span class='ocrx_word' id='word_1_858' title='bbox 2610 5046 2789 5084; x_wconf 72' lang='lat' dir='ltr'><strong>eorum</strong></span> <span class='ocrx_word' id='word_1_859' title='bbox 2827 5032 2987 5100; x_wconf 90' lang='lat' dir='ltr'><strong>possit</strong></span> <span class='ocrx_word' id='word_1_860' title='bbox 3014 5049 3125 5084; x_wconf 87' lang='lat' dir='ltr'><strong>esse</strong></span> <span class='ocrx_word' id='word_1_861' title='bbox 3163 5046 3434 5102; x_wconf 86' lang='lat' dir='ltr'><strong>perpetua,</strong></span> <span class='ocrx_word' id='word_1_862' title='bbox 3462 5036 3681 5092; x_wconf 87' lang='lat' dir='ltr'><strong>dubium</strong></span> 
     </span>
    </p>
   </div>
   <div class='ocr_carea' id='block_1_108' title="bbox 2105 5119 3686 5191">
    <p class='ocr_par' dir='ltr' id='par_1_108' title="bbox 2105 5119 3686 5191">
     <span class='ocr_line' id='line_1_108' title="bbox 2105 5119 3686 5191; baseline 0.002 -15"><span class='ocrx_word' id='word_1_863' title='bbox 2105 5131 2209 5185; x_wconf 89' lang='lat' dir='ltr'><strong>est,</strong></span> <span class='ocrx_word' id='word_1_864' title='bbox 2243 5121 2371 5191; x_wconf 81' lang='lat' dir='ltr'><strong>quid</strong></span> <span class='ocrx_word' id='word_1_865' title='bbox 2398 5119 2546 5184; x_wconf 81' lang='lat' dir='ltr'><strong>velit,</strong></span> <span class='ocrx_word' id='word_1_866' title='bbox 2573 5127 2750 5173; x_wconf 87' lang='lat' dir='ltr'><strong>utrum</strong></span> <span class='ocrx_word' id='word_1_867' title='bbox 2780 5120 3081 5175; x_wconf 83' lang='lat' dir='ltr'><strong>substantia</strong></span> <span class='ocrx_word' id='word_1_868' title='bbox 3106 5120 3425 5175; x_wconf 83' lang='lat' dir='ltr'><strong>daemonum</strong></span> <span class='ocrx_word' id='word_1_869' title='bbox 3453 5124 3686 5179; x_wconf 83' lang='lat' dir='ltr'><strong>simulet</strong></span> 
     </span>
    </p>
   </div>
   <div class='ocr_carea' id='block_1_109' title="bbox 2106 5210 3771 5291">
    <p class='ocr_par' dir='ltr' id='par_1_109' title="bbox 2106 5210 3771 5291">
     <span class='ocr_line' id='line_1_109' title="bbox 2106 5210 3771 5291; baseline -0.002 -22"><span class='ocrx_word' id='word_1_870' title='bbox 2106 5228 2292 5269; x_wconf 82' lang='lat' dir='ltr'><strong>eorum</strong></span> <span class='ocrx_word' id='word_1_871' title='bbox 2339 5212 2578 5266; x_wconf 86' lang='lat' dir='ltr'><strong>malitiae</strong></span> <span class='ocrx_word' id='word_1_872' title='bbox 2619 5211 2892 5281; x_wconf 85' lang='lat' dir='ltr'><strong>periturae</strong></span> <span class='ocrx_word' id='word_1_873' title='bbox 2929 5212 3059 5274; x_wconf 90' lang='lat' dir='ltr'><strong>sint,</strong></span> <span class='ocrx_word' id='word_1_874' title='bbox 3098 5226 3166 5264; x_wconf 89' lang='lat' dir='ltr'><strong>an</strong></span> <span class='ocrx_word' id='word_1_875' title='bbox 3197 5210 3532 5265; x_wconf 88' lang='lat' dir='ltr'><strong>solummodo</strong></span> <span class='ocrx_word' id='word_1_876' title='bbox 3568 5228 3685 5266; x_wconf 84' lang='lat' dir='ltr'><strong>ma-</strong></span> <span class='ocrx_word' id='word_1_877' title='bbox 3765 5284 3771 5291; x_wconf 28' lang='lat'><em>.</em></span> 
     </span>
    </p>
   </div>
   <div class='ocr_carea' id='block_1_110' title="bbox 1700 5298 2388 5363">
    <p class='ocr_par' dir='ltr' id='par_1_110' title="bbox 1700 5298 2388 5363">
     <span class='ocr_line' id='line_1_110' title="bbox 1700 5298 2388 5363; baseline 0.004 -11"><span class='ocrx_word' id='word_1_878' title='bbox 1700 5298 1952 5358; x_wconf 80' lang='lat' dir='ltr'><strong>VARIAE</strong></span> <span class='ocrx_word' id='word_1_879' title='bbox 1987 5300 2388 5363; x_wconf 85' lang='lat' dir='ltr'><strong>LECTIONES.</strong></span> 
     </span>
    </p>
   </div>
   <div class='ocr_carea' id='block_1_111' title="bbox 508 5388 1425 5443">
    <p class='ocr_par' dir='ltr' id='par_1_111' title="bbox 508 5388 1425 5443">
     <span class='ocr_line' id='line_1_111' title="bbox 508 5388 1425 5443; baseline 0 -5"><span class='ocrx_word' id='word_1_880' title='bbox 508 5388 527 5417; x_wconf 82' lang='grc' dir='ltr'>ί</span> <span class='ocrx_word' id='word_1_881' title='bbox 548 5394 860 5440; x_wconf 85' lang='lat' dir='ltr'><strong>tractantem</strong></span> <span class='ocrx_word' id='word_1_882' title='bbox 880 5397 927 5441; x_wconf 90' lang='lat' dir='ltr'><strong>et</strong></span> <span class='ocrx_word' id='word_1_883' title='bbox 947 5389 1199 5443; x_wconf 81' lang='lat' dir='ltr'><strong>dicentem</strong></span> <span class='ocrx_word' id='word_1_884' title='bbox 1227 5402 1335 5442; x_wconf 92' lang='lat' dir='ltr'><strong>om.</strong></span> <span class='ocrx_word' id='word_1_885' title='bbox 1359 5388 1425 5440; x_wconf 83' lang='lat' dir='ltr'><strong>A.</strong></span> 
     </span>
    </p>
   </div>
   <div class='ocr_carea' id='block_1_112' title="bbox 436 5455 1285 5526">
    <p class='ocr_par' dir='ltr' id='par_1_112' title="bbox 436 5455 1285 5526">
     <span class='ocr_line' id='line_1_112' title="bbox 436 5455 1285 5526; baseline 0.001 -18"><span class='ocrx_word' id='word_1_886' title='bbox 436 5455 566 5526; x_wconf 57' lang='grc' dir='ltr'><strong>σω</strong></span> <span class='ocrx_word' id='word_1_887' title='bbox 594 5456 660 5508; x_wconf 89' lang='lat' dir='ltr'><strong>ad</strong></span> <span class='ocrx_word' id='word_1_888' title='bbox 684 5456 940 5526; x_wconf 83' lang='lat' dir='ltr'><strong>incertum</strong></span> <span class='ocrx_word' id='word_1_889' title='bbox 964 5472 1285 5526; x_wconf 85' lang='lat' dir='ltr'><strong>purumque.</strong></span> 
     </span>
    </p>
   </div>
   <div class='ocr_carea' id='block_1_113' title="bbox 439 5523 1496 5594">
    <p class='ocr_par' dir='ltr' id='par_1_113' title="bbox 439 5523 1496 5594">
     <span class='ocr_line' id='line_1_113' title="bbox 439 5523 1496 5594; baseline -0.001 -12"><span class='ocrx_word' id='word_1_890' title='bbox 439 5523 483 5594; x_wconf 57' lang='lat'><strong>‘9</strong></span> <span class='ocrx_word' id='word_1_891' title='bbox 505 5526 547 5577; x_wconf 82' lang='lat' dir='ltr'><strong>A</strong></span> <span class='ocrx_word' id='word_1_892' title='bbox 577 5524 857 5594; x_wconf 89' lang='lat' dir='ltr'><strong>perfectas.</strong></span> <span class='ocrx_word' id='word_1_893' title='bbox 960 5523 1001 5558; x_wconf 72' lang='lat'>“</span> <span class='ocrx_word' id='word_1_894' title='bbox 1042 5527 1132 5582; x_wconf 91' lang='lat' dir='ltr'><strong>Sic</strong></span> <span class='ocrx_word' id='word_1_895' title='bbox 1164 5523 1275 5592; x_wconf 82' lang='lat' dir='ltr'><strong>CF;</strong></span> <span class='ocrx_word' id='word_1_896' title='bbox 1305 5526 1348 5579; x_wconf 83' lang='lat' dir='ltr'><strong>A</strong></span> <span class='ocrx_word' id='word_1_897' title='bbox 1377 5524 1496 5581; x_wconf 87' lang='lat' dir='ltr'><strong>Ille.</strong></span> 
     </span>
    </p>
   </div>
   <div class='ocr_carea' id='block_1_114' title="bbox 443 5593 1447 5717">
    <p class='ocr_par' dir='ltr' id='par_1_114' title="bbox 443 5593 1447 5717">
     <span class='ocr_line' id='line_1_114' title="bbox 443 5593 1447 5664; baseline 0.003 -18"><span class='ocrx_word' id='word_1_898' title='bbox 443 5593 484 5624; x_wconf 77' lang='lat'><strong>“</strong></span> <span class='ocrx_word' id='word_1_899' title='bbox 519 5593 750 5648; x_wconf 80' lang='lat' dir='ltr'><strong>Aenim.</strong></span> <span class='ocrx_word' id='word_1_900' title='bbox 830 5597 872 5629; x_wconf 84' lang='grc'><strong>¹⁷</strong></span> <span class='ocrx_word' id='word_1_901' title='bbox 908 5596 1209 5664; x_wconf 77' lang='lat' dir='ltr'><strong>qualitatem</strong></span> <span class='ocrx_word' id='word_1_902' title='bbox 1241 5612 1349 5650; x_wconf 90' lang='lat' dir='ltr'><strong>om.</strong></span> <span class='ocrx_word' id='word_1_903' title='bbox 1381 5596 1447 5649; x_wconf 82' lang='grc' dir='ltr'><strong>Α.</strong></span> 
     </span>
     <span class='ocr_line' id='line_1_115' title="bbox 443 5663 1425 5717; baseline 0.001 -1"><span class='ocrx_word' id='word_1_904' title='bbox 443 5677 548 5717; x_wconf 83' lang='lat' dir='ltr'><strong>om.</strong></span> <span class='ocrx_word' id='word_1_905' title='bbox 578 5663 644 5717; x_wconf 88' lang='lat' dir='ltr'><strong>A.</strong></span> <span class='ocrx_word' id='word_1_906' title='bbox 720 5665 767 5698; x_wconf 73' lang='grc'><strong>³⁵</strong></span> <span class='ocrx_word' id='word_1_907' title='bbox 807 5664 899 5717; x_wconf 91' lang='lat' dir='ltr'><strong>Sic</strong></span> <span class='ocrx_word' id='word_1_908' title='bbox 923 5665 1039 5717; x_wconf 82' lang='lat' dir='ltr'><strong>CF:</strong></span> <span class='ocrx_word' id='word_1_909' title='bbox 1068 5665 1111 5717; x_wconf 86' lang='lat' dir='ltr'><strong>A</strong></span> <span class='ocrx_word' id='word_1_910' title='bbox 1143 5675 1425 5717; x_wconf 81' lang='lat' dir='ltr'><strong>nrontcrea</strong></span> 
     </span>
    </p>
   </div>
   <div class='ocr_carea' id='block_1_115' title="bbox 440 5677 644 5717">
    <p class='ocr_par' dir='ltr' id='par_1_115' title="bbox 440 5677 644 5717">
     <span class='ocr_line' id='line_1_116' title="bbox 440 5677 644 5717; baseline 0 -1"><span class='ocrx_word' id='word_1_911' title='bbox 440 5677 548 5717; x_wconf 77' lang='lat' dir='ltr'><strong>Olli.</strong></span> <span class='ocrx_word' id='word_1_912' title='bbox 578 5677 644 5717; x_wconf 79' lang='grc' dir='ltr'><strong>Α.</strong></span> 
     </span>
    </p>
   </div>
   <div class='ocr_carea' id='block_1_116' title="bbox 681 5756 1240 5818">
    <p class='ocr_par' dir='ltr' id='par_1_116' title="bbox 681 5756 1240 5818">
     <span class='ocr_line' id='line_1_117' title="bbox 681 5756 1240 5818; baseline 0 -3"><span class='ocrx_word' id='word_1_913' title='bbox 681 5756 957 5816; x_wconf 59' lang='lat' dir='ltr'><strong>Pyram.</strong></span> <span class='ocrx_word' id='word_1_914' title='bbox 1008 5756 1240 5818; x_wconf 72' lang='lat' dir='ltr'><strong>CXXII</strong></span> 
     </span>
    </p>
   </div>
   <div class='ocr_carea' id='block_1_117' title="bbox 1477 5386 2125 5469">
    <p class='ocr_par' dir='ltr' id='par_1_117' title="bbox 1477 5386 2125 5469">
     <span class='ocr_line' id='line_1_118' title="bbox 1477 5386 2125 5469; baseline 0.017 -33"><span class='ocrx_word' id='word_1_915' title='bbox 1477 5388 1522 5469; x_wconf 45' lang='lat'><strong>.’</strong></span> <span class='ocrx_word' id='word_1_916' title='bbox 1544 5386 1763 5469; x_wconf 24' lang='lat' dir='ltr'><strong>tergo,</strong></span> <span class='ocrx_word' id='word_1_917' title='bbox 1788 5389 1977 5461; x_wconf 87' lang='lat' dir='ltr'><strong>inquit,</strong></span> <span class='ocrx_word' id='word_1_918' title='bbox 2001 5395 2125 5469; x_wconf 79' lang='lat' dir='ltr'><strong>ista.</strong></span> 
     </span>
    </p>
   </div>
   <div class='ocr_carea' id='block_1_118' title="bbox 1380 5455 3202 5583">
    <p class='ocr_par' dir='ltr' id='par_1_118' title="bbox 1380 5455 3202 5583">
     <span class='ocr_line' id='line_1_119' title="bbox 1380 5455 3202 5529; baseline 0.001 -19"><span class='ocrx_word' id='word_1_919' title='bbox 1380 5458 1400 5488; x_wconf 83' lang='lat'><strong>&#39;</strong></span> <span class='ocrx_word' id='word_1_920' title='bbox 1434 5455 1525 5512; x_wconf 87' lang='lat' dir='ltr'><strong>Sic</strong></span> <span class='ocrx_word' id='word_1_921' title='bbox 1548 5455 1634 5510; x_wconf 82' lang='lat' dir='ltr'><strong>CF</strong></span> <span class='ocrx_word' id='word_1_922' title='bbox 1654 5455 1750 5521; x_wconf 43' lang='lat' dir='ltr'><strong>;&quot;A</strong></span> <span class='ocrx_word' id='word_1_923' title='bbox 1778 5455 2057 5529; x_wconf 77' lang='lat' dir='ltr'><strong>corporali.</strong></span> <span class='ocrx_word' id='word_1_924' title='bbox 2129 5463 2151 5495; x_wconf 86' lang='grc'>⁸</span> <span class='ocrx_word' id='word_1_925' title='bbox 2175 5457 2352 5527; x_wconf 84' lang='lat' dir='ltr'><strong>Conj.,</strong></span> <span class='ocrx_word' id='word_1_926' title='bbox 2382 5460 2470 5515; x_wconf 83' lang='lat' dir='ltr'><strong>AF</strong></span> <span class='ocrx_word' id='word_1_927' title='bbox 2502 5455 2808 5523; x_wconf 84' lang='lat' dir='ltr'><strong>admoveat;</strong></span> <span class='ocrx_word' id='word_1_928' title='bbox 2839 5455 3202 5527; x_wconf 45' lang='lat' dir='ltr'><strong>Chdmoneat.</strong></span> 
     </span>
     <span class='ocr_line' id='line_1_120' title="bbox 1380 5524 3201 5583; baseline 0.001 -5"><span class='ocrx_word' id='word_1_929' title='bbox 1380 5524 1496 5581; x_wconf 91' lang='lat' dir='ltr'><strong>Ille.</strong></span> <span class='ocrx_word' id='word_1_930' title='bbox 1596 5525 1638 5556; x_wconf 84' lang='grc'><strong>¹³</strong></span> <span class='ocrx_word' id='word_1_931' title='bbox 1663 5537 1709 5580; x_wconf 91' lang='lat' dir='ltr'><strong>et</strong></span> <span class='ocrx_word' id='word_1_932' title='bbox 1737 5539 1945 5583; x_wconf 89' lang='lat' dir='ltr'><strong>aeterna</strong></span> <span class='ocrx_word' id='word_1_933' title='bbox 1974 5533 2115 5583; x_wconf 78' lang='lat' dir='ltr'><strong>facta</strong></span> <span class='ocrx_word' id='word_1_934' title='bbox 2139 5541 2258 5583; x_wconf 89' lang='lat' dir='ltr'><strong>sunt</strong></span> <span class='ocrx_word' id='word_1_935' title='bbox 2286 5544 2392 5583; x_wconf 92' lang='lat' dir='ltr'><strong>om.</strong></span> <span class='ocrx_word' id='word_1_936' title='bbox 2418 5531 2485 5583; x_wconf 78' lang='grc' dir='ltr'><strong>Α.</strong></span> <span class='ocrx_word' id='word_1_937' title='bbox 2584 5528 2628 5559; x_wconf 84' lang='grc'><strong>¹³</strong></span> <span class='ocrx_word' id='word_1_938' title='bbox 2657 5529 2701 5581; x_wconf 80' lang='grc' dir='ltr'>Α</span> <span class='ocrx_word' id='word_1_939' title='bbox 2736 5543 2844 5580; x_wconf 86' lang='lat' dir='ltr'><strong>nec.</strong></span> <span class='ocrx_word' id='word_1_940' title='bbox 2921 5526 2965 5559; x_wconf 68' lang='lat'>”</span> <span class='ocrx_word' id='word_1_941' title='bbox 2994 5527 3037 5580; x_wconf 82' lang='lat' dir='ltr'><strong>A</strong></span> <span class='ocrx_word' id='word_1_942' title='bbox 3062 5526 3201 5581; x_wconf 89' lang='lat' dir='ltr'><strong>hami</strong></span> 
     </span>
    </p>
   </div>
   <div class='ocr_carea' id='block_1_119' title="bbox 1522 5533 3377 5666">
    <p class='ocr_par' dir='ltr' id='par_1_119' title="bbox 1522 5533 3377 5666">
     <span class='ocr_line' id='line_1_121' title="bbox 1596 5533 3348 5602; baseline 0.001 -22"><span class='ocrx_word' id='word_1_943' title='bbox 1596 5533 1638 5556; x_wconf 86' lang='lat'><strong>&quot;</strong></span> <span class='ocrx_word' id='word_1_944' title='bbox 1663 5537 1709 5580; x_wconf 91' lang='lat' dir='ltr'><strong>et</strong></span> <span class='ocrx_word' id='word_1_945' title='bbox 1737 5539 1945 5584; x_wconf 88' lang='lat' dir='ltr'><strong>aeterna</strong></span> <span class='ocrx_word' id='word_1_946' title='bbox 1971 5533 2115 5602; x_wconf 84' lang='lat' dir='ltr'><strong>facta</strong></span> <span class='ocrx_word' id='word_1_947' title='bbox 2139 5541 2258 5585; x_wconf 91' lang='lat' dir='ltr'><strong>sunt</strong></span> <span class='ocrx_word' id='word_1_948' title='bbox 2286 5544 2392 5583; x_wconf 92' lang='lat' dir='ltr'><strong>om.</strong></span> <span class='ocrx_word' id='word_1_949' title='bbox 2418 5533 2485 5583; x_wconf 77' lang='grc' dir='ltr'><strong>Α.</strong></span> <span class='ocrx_word' id='word_1_950' title='bbox 2584 5533 2628 5559; x_wconf 86' lang='grc'><strong>¹³</strong></span> <span class='ocrx_word' id='word_1_951' title='bbox 2657 5533 2701 5581; x_wconf 80' lang='grc' dir='ltr'>Α</span> <span class='ocrx_word' id='word_1_952' title='bbox 2736 5543 2844 5580; x_wconf 86' lang='lat' dir='ltr'><strong>nec.</strong></span> <span class='ocrx_word' id='word_1_953' title='bbox 2921 5533 2965 5559; x_wconf 65' lang='grc' dir='ltr'><strong>ιδ</strong></span> <span class='ocrx_word' id='word_1_954' title='bbox 2994 5533 3037 5580; x_wconf 85' lang='lat' dir='ltr'><strong>A</strong></span> <span class='ocrx_word' id='word_1_955' title='bbox 3062 5533 3348 5582; x_wconf 84' lang='lat' dir='ltr'><strong>hominum.</strong></span> 
     </span>
     <span class='ocr_line' id='line_1_122' title="bbox 1522 5595 3377 5666; baseline 0.001 -17"><span class='ocrx_word' id='word_1_956' title='bbox 1522 5595 1566 5666; x_wconf 58' lang='grc' dir='ltr'><strong>’ξ’</strong></span> <span class='ocrx_word' id='word_1_957' title='bbox 1600 5596 1663 5649; x_wconf 89' lang='lat' dir='ltr'><strong>de</strong></span> <span class='ocrx_word' id='word_1_958' title='bbox 1691 5597 2022 5666; x_wconf 87' lang='lat' dir='ltr'><strong>simplicitate</strong></span> <span class='ocrx_word' id='word_1_959' title='bbox 2057 5612 2103 5655; x_wconf 91' lang='lat' dir='ltr'><strong>et</strong></span> <span class='ocrx_word' id='word_1_960' title='bbox 2135 5601 2335 5654; x_wconf 87' lang='lat' dir='ltr'><strong>unitate</strong></span> <span class='ocrx_word' id='word_1_961' title='bbox 2362 5614 2637 5666; x_wconf 87' lang='lat' dir='ltr'><strong>corporum</strong></span> <span class='ocrx_word' id='word_1_962' title='bbox 2669 5597 3098 5650; x_wconf 77' lang='lat' dir='ltr'><strong>resurrectionem</strong></span> <span class='ocrx_word' id='word_1_963' title='bbox 3128 5611 3239 5652; x_wconf 88' lang='lat' dir='ltr'><strong>om.</strong></span> <span class='ocrx_word' id='word_1_964' title='bbox 3271 5597 3377 5653; x_wconf 83' lang='lat' dir='ltr'><strong>CF.</strong></span> 
     </span>
    </p>
   </div>
   <div class='ocr_carea' id='block_1_120' title="bbox 720 5664 2819 5738">
    <p class='ocr_par' dir='ltr' id='par_1_120' title="bbox 720 5664 2819 5738">
     <span class='ocr_line' id='line_1_123' title="bbox 720 5664 2819 5738; baseline -0.001 -19"><span class='ocrx_word' id='word_1_965' title='bbox 720 5665 767 5698; x_wconf 73' lang='grc'><strong>³⁵</strong></span> <span class='ocrx_word' id='word_1_966' title='bbox 807 5664 899 5719; x_wconf 91' lang='lat' dir='ltr'><strong>Sic</strong></span> <span class='ocrx_word' id='word_1_967' title='bbox 923 5665 1039 5732; x_wconf 80' lang='lat' dir='ltr'><strong>CF;</strong></span> <span class='ocrx_word' id='word_1_968' title='bbox 1068 5665 1111 5718; x_wconf 83' lang='lat' dir='ltr'><strong>A</strong></span> <span class='ocrx_word' id='word_1_969' title='bbox 1143 5675 1425 5735; x_wconf 79' lang='lat' dir='ltr'><strong>propterea</strong></span> <span class='ocrx_word' id='word_1_970' title='bbox 1455 5681 1505 5721; x_wconf 88' lang='lat' dir='ltr'><strong>e.</strong></span> <span class='ocrx_word' id='word_1_971' title='bbox 1537 5664 1575 5718; x_wconf 83' lang='lat' dir='ltr'><strong>f.</strong></span> <span class='ocrx_word' id='word_1_972' title='bbox 1625 5682 1675 5721; x_wconf 94' lang='lat' dir='ltr'><strong>o.</strong></span> <span class='ocrx_word' id='word_1_973' title='bbox 1714 5682 1766 5721; x_wconf 81' lang='grc' dir='ltr'><strong>υ.</strong></span> <span class='ocrx_word' id='word_1_974' title='bbox 1792 5664 1963 5725; x_wconf 84' lang='lat' dir='ltr'><strong>essent</strong></span> <span class='ocrx_word' id='word_1_975' title='bbox 2009 5672 2123 5726; x_wconf 86' lang='lat' dir='ltr'><strong>ideo</strong></span> <span class='ocrx_word' id='word_1_976' title='bbox 2156 5683 2255 5724; x_wconf 88' lang='lat' dir='ltr'><strong>non</strong></span> <span class='ocrx_word' id='word_1_977' title='bbox 2304 5684 2413 5720; x_wconf 86' lang='lat' dir='ltr'><strong>esse</strong></span> <span class='ocrx_word' id='word_1_978' title='bbox 2453 5664 2556 5719; x_wconf 81' lang='lat' dir='ltr'><strong>non</strong></span> <span class='ocrx_word' id='word_1_979' title='bbox 2582 5676 2819 5738; x_wconf 85' lang='lat' dir='ltr'><strong>possunt.</strong></span> 
     </span>
    </p>
   </div>
   <div class='ocr_carea' id='block_1_121' title="bbox 2203 5389 3682 5453">
    <p class='ocr_par' dir='ltr' id='par_1_121' title="bbox 2203 5389 3682 5453">
     <span class='ocr_line' id='line_1_124' title="bbox 2203 5389 3682 5453; baseline -0.002 -5"><span class='ocrx_word' id='word_1_980' title='bbox 2203 5390 2329 5447; x_wconf 74' lang='lat' dir='ltr'><strong>&#39;Sic</strong></span> <span class='ocrx_word' id='word_1_981' title='bbox 2348 5389 2452 5453; x_wconf 87' lang='lat' dir='ltr'><strong>CF;</strong></span> <span class='ocrx_word' id='word_1_982' title='bbox 2477 5390 2523 5443; x_wconf 79' lang='grc' dir='ltr'><strong>Α</strong></span> <span class='ocrx_word' id='word_1_983' title='bbox 2547 5392 2693 5453; x_wconf 92' lang='lat' dir='ltr'><strong>quia.</strong></span> <span class='ocrx_word' id='word_1_984' title='bbox 2768 5389 2789 5420; x_wconf 73' lang='lat'><strong>‘</strong></span> <span class='ocrx_word' id='word_1_985' title='bbox 2813 5391 2859 5443; x_wconf 87' lang='lat' dir='ltr'><strong>A</strong></span> <span class='ocrx_word' id='word_1_986' title='bbox 2879 5390 3057 5453; x_wconf 87' lang='lat' dir='ltr'><strong>igitur.</strong></span> <span class='ocrx_word' id='word_1_987' title='bbox 3133 5399 3154 5429; x_wconf 73' lang='grc'>⁸</span> <span class='ocrx_word' id='word_1_988' title='bbox 3181 5399 3229 5443; x_wconf 90' lang='lat' dir='ltr'><strong>et</strong></span> <span class='ocrx_word' id='word_1_989' title='bbox 3252 5389 3450 5444; x_wconf 88' lang='lat' dir='ltr'><strong>malum</strong></span> <span class='ocrx_word' id='word_1_990' title='bbox 3478 5406 3587 5446; x_wconf 87' lang='lat' dir='ltr'><strong>om.</strong></span> <span class='ocrx_word' id='word_1_991' title='bbox 3616 5401 3682 5449; x_wconf 73' lang='grc' dir='ltr'><strong>Α.</strong></span> 
     </span>
    </p>
   </div>
   <div class='ocr_carea' id='block_1_122' title="bbox 3302 5461 3685 5517">
    <p class='ocr_par' dir='ltr' id='par_1_122' title="bbox 3302 5461 3685 5517">
     <span class='ocr_line' id='line_1_125' title="bbox 3302 5461 3685 5517; baseline 0.013 -5"><span class='ocrx_word' id='word_1_992' title='bbox 3302 5468 3324 5499; x_wconf 79' lang='grc'><em>³</em></span> <span class='ocrx_word' id='word_1_993' title='bbox 3351 5461 3396 5513; x_wconf 83' lang='grc' dir='ltr'><strong>Α</strong></span> <span class='ocrx_word' id='word_1_994' title='bbox 3427 5462 3685 5517; x_wconf 84' lang='lat' dir='ltr'><strong>habitare.</strong></span> 
     </span>
    </p>
   </div>
   <div class='ocr_carea' id='block_1_123' title="bbox 2921 5526 3348 5582">
    <p class='ocr_par' dir='ltr' id='par_1_123' title="bbox 2921 5526 3348 5582">
     <span class='ocr_line' id='line_1_126' title="bbox 2921 5526 3348 5582; baseline 0.007 -3"><span class='ocrx_word' id='word_1_995' title='bbox 2921 5526 2965 5559; x_wconf 62' lang='grc'><strong>¹³</strong></span> <span class='ocrx_word' id='word_1_996' title='bbox 2994 5527 3037 5580; x_wconf 84' lang='grc' dir='ltr'><strong>Α</strong></span> <span class='ocrx_word' id='word_1_997' title='bbox 3062 5526 3348 5582; x_wconf 87' lang='lat' dir='ltr'><strong>hominum.</strong></span> 
     </span>
    </p>
   </div>
   <div class='ocr_carea' id='block_1_124' title="bbox 2768 5389 3057 5458">
    <p class='ocr_par' dir='ltr' id='par_1_124' title="bbox 2768 5389 3057 5458">
     <span class='ocr_line' id='line_1_127' title="bbox 2768 5389 3057 5458; baseline -0.017 -14"><span class='ocrx_word' id='word_1_998' title='bbox 2768 5389 2789 5420; x_wconf 72' lang='grc'>⁸</span> <span class='ocrx_word' id='word_1_999' title='bbox 2813 5391 2859 5443; x_wconf 87' lang='grc' dir='ltr'>Α</span> <span class='ocrx_word' id='word_1_1000' title='bbox 2879 5390 3057 5458; x_wconf 87' lang='lat' dir='ltr'><strong>igitur.</strong></span> 
     </span>
    </p>
   </div>
   <div class='ocr_carea' id='block_1_125' title="bbox 2584 5528 3684 5585">
    <p class='ocr_par' dir='ltr' id='par_1_125' title="bbox 2584 5528 3684 5585">
     <span class='ocr_line' id='line_1_128' title="bbox 2584 5528 3684 5585; baseline 0.003 -4"><span class='ocrx_word' id='word_1_1001' title='bbox 2584 5528 2628 5559; x_wconf 83' lang='grc'><strong>¹³</strong></span> <span class='ocrx_word' id='word_1_1002' title='bbox 2657 5529 2701 5581; x_wconf 80' lang='grc' dir='ltr'>Α</span> <span class='ocrx_word' id='word_1_1003' title='bbox 2736 5543 2844 5580; x_wconf 86' lang='lat' dir='ltr'><strong>nec.</strong></span> <span class='ocrx_word' id='word_1_1004' title='bbox 2921 5528 2965 5559; x_wconf 60' lang='grc' dir='ltr'><strong>ιδ</strong></span> <span class='ocrx_word' id='word_1_1005' title='bbox 2994 5528 3037 5580; x_wconf 83' lang='grc' dir='ltr'><strong>Α</strong></span> <span class='ocrx_word' id='word_1_1006' title='bbox 3062 5528 3348 5582; x_wconf 87' lang='lat' dir='ltr'><strong>hominum.</strong></span> <span class='ocrx_word' id='word_1_1007' title='bbox 3424 5532 3467 5570; x_wconf 70' lang='grc'><strong>³⁸</strong></span> <span class='ocrx_word' id='word_1_1008' title='bbox 3506 5532 3550 5583; x_wconf 83' lang='grc' dir='ltr'><strong>Α</strong></span> <span class='ocrx_word' id='word_1_1009' title='bbox 3589 5534 3684 5585; x_wconf 85' lang='lat' dir='ltr'><strong>eis.</strong></span> 
     </span>
    </p>
   </div>
   <div class='ocr_carea' id='block_1_126' title="bbox 3466 5598 3686 5654">
    <p class='ocr_par' dir='ltr' id='par_1_126' title="bbox 3466 5598 3686 5654">
     <span class='ocr_line' id='line_1_129' title="bbox 3466 5598 3686 5654; baseline 0.005 -1"><span class='ocrx_word' id='word_1_1010' title='bbox 3466 5598 3507 5631; x_wconf 75' lang='lat'>”</span> <span class='ocrx_word' id='word_1_1011' title='bbox 3531 5601 3686 5654; x_wconf 77' lang='lat' dir='ltr'><strong>etiam</strong></span> 
     </span>
    </p>
   </div>
   <div class='ocr_carea' id='block_1_127' title="bbox 3136 5761 3213 5819">
    <p class='ocr_par' dir='ltr' id='par_1_127' title="bbox 3136 5761 3213 5819">
     <span class='ocr_line' id='line_1_130' title="bbox 3136 5761 3213 5819; baseline 0 0"><span class='ocrx_word' id='word_1_1012' title='bbox 3136 5761 3213 5819; x_wconf 89' lang='lat'><strong>30</strong></span> 
     </span>
    </p>
   </div>
  </div>
