4168 6284
527 313 628 371 93f

1883 295 2165 358 IOANNIS
2199 294 2398 355 SCOTI

3690 294 3805 362 952

526 431 661 492 mia,
692 443 794 496 qua
828 420 938 479 sola
984 421 1266 477 daemonia
1313 426 1595 480 vocantur,
1637 424 1888 469 manente
1917 427 2103 467 eorum
2134 413 2181 468 A
2212 410 2347 478 [ecta
2407 422 2536 467 esset
2586 414 2661 478 ¹²,
2714 423 2764 468 et
2822 418 3205 486 corruptionem
3252 426 3300 470 et
3349 416 3661 486 subjectum
3692 422 3802 474 tol-

527 515 1013 586 incorruptibiliter
1085 522 1296 567 natura.
1370 511 1477 565 Iste
1550 522 1676 563 vero
1745 503 2110 559 indubitanter

529 606 745 671 astruit,
778 605 920 675 quod
949 605 1000 657 in
1033 603 1165 672 ipsis
1191 600 1491 657 substantia
1521 613 1557 652 π
1577 596 1689 652 Deo
1724 595 1865 649 facta
1899 607 2129 661 semper.

528 709 903 770 permansura,
926 693 1133 749 malitia
1161 706 1292 746 vero
1314 703 1573 759 perversa
1598 686 1810 741 illorum
1838 685 2114 739 voluntate

529 792 745 856 reperta
772 786 826 839 in
842 793 1119 839 aeternum
1144 784 1404 854 peritura.
1434 778 1581 834 Talia
1609 777 1872 845 siquidem
1897 774 2114 829 nomina

528 875 864 932 daemonium
898 875 937 937 ¹,
964 858 1569 938 Diabolus,noeissimus
1585 867 1855 934 inimicus,
1879 878 1926 921 et
1950 882 2112 931 mors,

529 982 638 1023 non
682 975 810 1022 sunt
838 973 1089 1028 naturae,
1135 964 1229 1018 sed
1260 976 1459 1032 pravae
1506 959 1798 1013 voluntatis
1834 956 2114 1011 vocabula.

530 1058 742 1113 Audisti
791 1056 955 1127 igitur
988 1063 1237 1111 sanctum
1276 1051 1631 1122 Augustinum
1660 1050 1950 1113 dicentem,
1975 1048 2118 1116 quod

530 1150 674 1203 Deus
700 1150 755 1203 in
784 1146 996 1203 diabolo
1027 1163 1151 1210 non,
1182 1145 1326 1217 quod
1348 1145 1490 1213 fecit,
1516 1141 1628 1205 sed,
1665 1141 1804 1212 quod
1844 1156 1946 1193 non
1974 1140 2115 1209 fecit,

531 1241 816 1308 punitur-us
859 1247 933 1292 est
959 1239 1011 1304 ²;
1047 1237 1241 1292 audisti
1273 1235 1560 1305 Origencm
1594 1231 1971 1295 affirmantem,
2005 1231 2120 1285 dia-

532 1330 640 1385 buli
688 1327 1045 1384 substantiam
1110 1339 1386 1395 mmtpram
1444 1323 1785 1391 perituram,
1846 1320 1940 1375 sed
2004 1319 2123 1389 ejus

535 1419 873 1476 solummodo
911 1417 1190 1472 malitiam.
1234 1417 1300 1469 Et
1348 1423 1407 1469 ut
1432 1414 1534 1467 hoc
1566 1412 1775 1466 llrmius
1803 1419 1859 1465 et
1885 1410 1906 1441 ⁸
1930 1411 2123 1465 credas

535 1521 590 1566 et
612 1524 924 1580 cognoscas,
950 1509 1066 1578 lege
1094 1521 1345 1575 magnum
1389 1504 1700 1575 Dionysium
1738 1502 2120 1573 Areopagitam

533 1616 589 1657 m
620 1602 760 1656 libro
777 1600 846 1654 de
869 1599 1065 1655 divinis
1093 1596 1414 1652 Nominibus
1446 1596 1512 1649 de
1538 1609 1623 1659 eo,
1656 1593 1799 1664 quod
1840 1593 1891 1647 in
1926 1601 2123 1647 natura

534 1694 857 1747 daemonum
881 1689 1079 1745 malum
1103 1704 1206 1745 non
1233 1688 1334 1752 sit,
1369 1702 1602 1757 eamque
1632 1685 1778 1740 nullo
1807 1684 1971 1739 modo
1993 1699 2121 1739 cor-

534 1782 711 1851 rumpi
743 1781 825 1836 vel
851 1782 1016 1835 minui
1044 1795 1206 1851 posse
1235 1780 1620 1848 disputantem.

604 1873 696 1927 28.
735 1870 841 1927 Sed
897 1887 1058 1940 neque
1115 1871 1415 1935 daemones,
1460 1869 1667 1939 inquit,
1725 1877 1918 1923 natura
1971 1869 2125 1924 mali.-

541 1961 747 2015 Etem’m
776 1962 820 2016 si
848 1972 1040 2015 natura
1079 1961 1207 2014 mali
1239 1958 1366 2032 [hoc
1400 1958 1554 2026 dicit,
1586 1960 1715 2031 quia
1743 1962 2035 2016 daemones
2057 1978 2123 2016 ex

537 2053 679 2107 bono
718 2052 885 2104 creati
930 2059 1076 2115 sunt,
1100 2059 1155 2104 et
1196 2049 1520 2104 naturaliter
1561 2049 1885 2115 subsistunt,
1914 2060 1969 2104 et
1994 2066 2126 2105 con-

538 2140 678 2195 versi
701 2154 731 2193 a
756 2139 901 2193 bono
919 2146 1045 2193 sunt
1073 2139 1385 2193 deserentes
1408 2138 1562 2209 illud]
1591 2150 1642 2203 ι,
1672 2155 1834 2209 neque
1861 2155 1926 2193 ex
1958 2140 2124 2202 bona,

538 2244 703 2297 neque
730 2228 785 2281 in
827 2226 1162 2282 existentibus
1188 2267 1204 2292 ,
1249 2242 1411 2296 neque
1455 2244 1520 2281 ex
1568 2228 1715 2281 bonis
1763 2244 2065 2284 conversum
2102 2228 2126 2261 "

540 2330 731 2375 natura
761 2328 808 2371 et
832 2332 1033 2388 semper
1056 2315 1185 2371 mali
1209 2318 1456 2372 existunt.
1480 2317 1751 2387 Sequitur,
1777 2318 1977 2372 sibimet
2006 2328 2127 2373 sunt

540 2412 669 2466 mali
735 2427 805 2465 an
853 2409 1014 2464 aliis?
1069 2406 1336 2480 Siquidem
1385 2408 1622 2474 sibimet;
1674 2425 1743 2463 an
1789 2420 2127 2479 corrumpunt

540 2505 739 2575 seipsos
761 2504 786 2556 ?
813 2500 871 2557 Si
900 2511 1074 2556 autem
1101 2500 1258 2564 aliis;
1279 2501 1539 2571 quomodo
1564 2511 1922 2570 corrumpunt,
1957 2518 2128 2556 essen-

540 2595 669 2649 tiam
689 2610 759 2648 an
779 2594 1023 2647 virtutem
1055 2607 1126 2646 an
1147 2600 1168 2632 ⁵
1188 2592 1444 2645 actionem
1462 2592 1488 2645 ?
1524 2589 1797 2661 Siquidem
1818 2592 2128 2659 essentiam;

540 2685 769 2754 primum
812 2682 1021 2754 quidem
1072 2698 1176 2735 non
1212 2681 1373 2751 juzrta
1422 2691 1687 2735 naturam.
1731 2679 1941 2734 Natura
1993 2682 2131 2734 enim

540 2773 962 2845 incorruptibilia
989 2787 1093 2826 non
1122 2781 1486 2842 corrumpunt,
1513 2771 1603 2825 sed
1636 2772 1899 2841 acceptiva
1946 2787 2133 2825 corru-

539 2866 754 2932 ptionis.
790 2864 917 2936 [hoc
960 2872 1049 2919 est
1086 2864 1287 2918 nullam
1333 2871 1579 2917 naturam
1603 2872 1975 2933 corrumpunt,
2006 2865 2135 2934 quia

542 2955 692 3010 nulla
736 2966 933 3010 natura
966 2956 1245 3025 acceptiva
1285 2962 1367 3009 est
1398 2951 1572 3026 mali}.
1601 2952 1849 3017 Sequitur
1883 2959 1928 3021 ο,
1971 2972 2133 3027 neque

541 3049 640 3103 hoc
669 3049 809 3103 omni
831 3048 850 3078 "
877 3057 924 3101 et
960 3048 1174 3102 omnino
1210 3045 1440 3115 malum,
1480 3047 1570 3101 sed
1598 3064 1757 3116 neque
1782 3050 2134 3120 corrumpitur

540 3138 827 3210 quidquam
857 3140 879 3171 ⁸
906 3139 1263 3203 existentium,
1306 3138 1591 3192 secundum
1640 3139 1780 3208 quod
1830 3141 2052 3194 essentia
2081 3151 2128 3194 et

540 3237 755 3293 natura,
787 3228 879 3281 sed
903 3226 1109 3297 defectu
1152 3227 1308 3299 (ordo
1334 3229 1658 3283 verborum:
1695 3227 1790 3283 sed
1827 3230 2133 3284 inﬁrmatur

543 3316 684 3371 ratio
713 3316 1030 3371 harmoniae
1066 3325 1124 3371 et
1152 3318 1691 3372 commensurationis
1733 3318 1945 3373 delectu
1976 3330 2131 3374 natu-

543 3405 677 3460 ralis
714 3404 945 3474 ordinis)
984 3406 1145 3474 jua'ta
1198 3415 1443 3458 naturam
1475 3406 1697 3470 ordinis,
1748 3409 2054 3462 harmoniae
2081 3420 2130 3463 et

545 3495 1069 3548 commensurationis
1096 3495 1235 3547 ratio
1258 3493 1563 3561 inﬁrmatur
1597 3510 1805 3548 manere
1846 3496 2131 3551 similiter“

545 3583 759 3646 habens,
792 3582 865 3651 (id
887 3592 990 3648 est,
1021 3584 1148 3637 dum
1181 3582 1435 3638 similiter
1461 3591 1653 3636 natura
1700 3585 1923 3655 manet).
1958 3587 2126 3657 In/ir-

543 3676 702 3730 mitas
747 3675 791 3705 ¹⁹
835 3686 1009 3729 autem
1055 3690 1159 3729 non
1201 3684 1279 3729 est
1330 3674 1371 3706 “
1415 3676 1645 3744 perfecta
1695 3689 1710 3729 :
1754 3677 1803 3731 si
1839 3680 2130 3753 enim’per-

2214 500 2340 556 teret
2394 502 2457 567 ",
2496 513 2728 573 essetque
2782 503 2906 559 talis
2970 508 3237 576 corruptio
3289 518 3337 562 et
3394 509 3584 563 suimet
3636 510 3801 564 inter-

2210 592 2317 646 itus
2342 590 2411 658 i‘,
2453 592 2670 661 ideoque
2712 602 2771 647 ut
2812 592 2937 649 talis
2963 595 3011 627 "
3031 611 3135 650 non
3167 595 3387 661 malum,
3424 596 3521 651 sed
3546 597 3803 666 deﬁciens

2213 681 2423 737 bonum.
2456 682 2612 749 Quod
2636 683 2777 738 enim
2805 684 3018 739 omnino
3050 701 3234 756 expers
3265 697 3340 740 est
3381 687 3426 719 “
3455 686 3601 753 boni,
3634 703 3800 760 neque

2213 777 2269 831 in
2301 776 2639 831 existentibus
2676 777 2795 830 erit.
2834 775 3034 831 Eadem
3062 781 3218 832 etiam
3243 788 3319 840 est
3349 778 3485 833 ratio
3519 782 3586 834 de
3622 789 3802 851 poten-

2214 866 2319 919 tiae
2362 875 2409 919 et
2464 866 2686 920 actionis
2728 868 3063 937 corruptione
3114 868 3180 922 ν’.
3230 867 3408 940 [Sicut
3444 880 3640 926 natura
3681 885 3803 929 cap

2217 956 2393 1026 rumpi
2416 971 2527 1010 non
2546 964 2744 1026 potest,
2767 957 2840 1011 ita
2864 958 3038 1012 virtus
3053 967 3109 1013 et
3128 960 3275 1013 actio
3313 962 3579 1017 naturalis
3614 977 3804 1020 cor-ru-

2216 1049 2457 1117 ptiunem
2472 1061 2576 1101 non
2600 1046 3144 1119 recipiunt].Deinde,
3161 1050 3421 1119 quomodo
3439 1050 3716 1109 daemones
3731 1070 3802 1109 es

2218 1139 2328 1193 Deo
2373 1139 2501 1207 laeti
2536 1139 2580 1170 “
2612 1140 2717 1193 sint
2746 1139 2913 1193 mali?
2946 1139 3149 1194 Bonum
3177 1141 3317 1195 enim
3344 1142 3479 1196 bona
3506 1143 3719 1199 adducit
3746 1156 3803 1201 et

2218 1230 2503 1283 substituit.
2542 1226 2734 1282 Verum
2762 1228 2897 1283 dicet
2930 1228 3124 1299 aliquis
3149 1231 3217 1295 'i,
3247 1229 3501 1284 dicuntur
3519 1233 3682 1300 mali,
3709 1237 3803 1290 sed

2221 1334 2326 1372 non
2353 1316 2638 1371 secundum
2665 1316 2805 1387 quod
2831 1326 2978 1382 sunt,
3005 1333 3070 1372 ea:
3089 1317 3221 1372 bono
3245 1318 3293 1349 ’θ
3313 1320 3452 1373 attint
3478 1330 3622 1388 sunt,
3649 1324 3806 1377 etbo-

2223 1426 2344 1463 nam
2368 1409 2539 1464 sortiti
2567 1418 2688 1463 sunt
2709 1410 2752 1440 ¹¹
2781 1410 3079 1474 essentiam,
3106 1410 3199 1464 sed
3226 1411 3513 1466 secundum
3540 1414 3680 1484 quod
3700 1431 3806 1470 nm

2222 1514 2367 1570 sunt,
2397 1504 2616 1572 inﬁrmi,
2656 1513 2711 1557 ut
2741 1502 2967 1573 Eloquia
3006 1505 3172 1567 aiunt,
3202 1504 3410 1559 servare
3434 1521 3590 1559 suum
3609 1507 3805 1572 prinde

2222 1596 2388 1666 pium.
2420 1594 2486 1649 In
2507 1610 2610 1665 quo
2644 1596 2802 1659 enim,
2846 1594 2932 1647 dic
2959 1595 3111 1658 mihi,
3144 1595 3433 1649 daemonas
3458 1597 3635 1650 uitiari
3670 1598 3809 1651 dici-

2225 1700 2343 1737 mus
2372 1684 2437 1747 “,
2469 1684 2513 1736 si
2552 1699 2655 1737 non
2694 1684 2749 1737 in
2794 1684 3080 1736 cessatione
3112 1683 3320 1737 habitus
3366 1693 3417 1737 et
3469 1686 3796 1754 operationis,

2224 1791 2359 1847 quae
2404 1785 2679 1829 versantur
2715 1775 2856 1828 circa
2895 1774 3072 1828 divina
3123 1774 3256 1829 bona
3282 1774 3635 1846 2"Alioquin
3664 1774 3729 1842 ’⁵,
3757 1777 3807 1831 si

2226 1875 2419 1920 natura
2445 1866 2568 1919 ntali
2598 1875 2719 1918 sunt
2742 1864 3043 1929 daemones,
3074 1880 3277 1933 semper
3302 1874 3424 1918 sunt
3464 1864 3595 1920 mali
3616 1882 3635 1920 :
3663 1867 3808 1937 atqui

2226 1958 2422 2012 malum
2450 1956 2690 2011 instabile
2710 1966 2804 2009 est.
2848 1953 2907 2010 Si
2942 1957 3116 2026 itaque
3142 1969 3345 2026 semper
3368 1955 3544 2009 eodem
3568 1956 3722 2010 modo
3752 1972 3815 2011 δ’

2225 2049 2438 2114 habent,
2476 2064 2581 2101 non
2608 2056 2730 2101 sunt
2760 2045 2890 2100 mali
2912 2062 2932 2101 :
2980 2062 3179 2115 semper
3204 2047 3343 2099 enim
3380 2047 3515 2100 idem
3551 2062 3664 2101 esse
3688 2046 3817 2100 boni

2226 2140 2496 2210 proprium
2522 2148 2617 2195 est.
2648 2138 2706 2193 Si
2741 2154 2861 2193 sero
2887 2154 2992 2192 non
3015 2153 3218 2206 semper
3240 2137 3398 2201 mali,
3424 2153 3585 2207 neque
3609 2144 3808 2191 natura

2229 2231 2354 2286 mali
2380 2239 2519 2294 sunt,
2553 2232 2643 2285 sed
2684 2230 3038 2300 angelicorum
3070 2230 3326 2283 bonorum
3365 2229 3668 2300 indigentia.
3698 2227 3813 2286 Sed

2228 2336 2335 2375 non
2371 2321 2580 2375 omnino
2623 2330 2855 2389 expertes
2896 2328 3016 2374 sunt
3065 2318 3205 2386 boni,
3248 2320 3530 2374 secundum
3575 2321 3715 2391 quod
3758 2331 3813 2375 et

2229 2422 2373 2480 sunt,
2398 2422 2446 2467 et
2476 2414 2673 2480 vivunt,
2722 2420 2771 2467 et
2800 2411 3121 2480 intelligunt,
3158 2421 3212 2465 et
3244 2411 3456 2466 omnino
3484 2422 3561 2467 est
3595 2412 3819 2484 quidam

2228 2505 2282 2558 in
2308 2503 2414 2557 illis
2440 2503 2697 2573 appetitus
2735 2512 2905 2555 motus
2929 2517 2948 2556 :
2974 2500 3103 2555 mali
3131 2511 3306 2556 autem
3329 2517 3440 2556 esse
3463 2502 3731 2567 dicuntur,
3751 2518 3813 2557 eo

2228 2596 2369 2666 quod
2395 2596 2453 2647 in
2480 2591 2710 2647 naturali
2749 2591 3048 2657 operatione
3086 2600 3208 2644 sunt
3237 2591 3454 2659 inﬁrmi.
3501 2590 3814 2661 Depraeatio

2230 2686 2390 2754 igitur
2416 2692 2491 2737 est
2521 2682 2594 2736 eis
2619 2680 2840 2745 malum,
2863 2691 2911 2734 et
2935 2696 3110 2733 rerum
3139 2679 3246 2733 illis
3274 2680 3686 2734 convenientiam
3718 2681 3809 2735 deb

2230 2773 2385 2827 sertio
2410 2772 2807 2841 frustratioque,
2855 2779 3009 2840 atque
3035 2768 3357 2838 imperfectio
3381 2777 3430 2823 et
3474 2769 3813 2839 impotentia,

2233 2862 2604 2933 [acnltatisqus
2620 2861 2674 2914 in
2703 2862 2785 2915 eis
2813 2859 3183 2929 perfectionem
3210 2860 3567 2913 conservantis
3597 2859 3819 2929 inﬁrmi-v

2234 2964 2337 3016 tas,
2364 2961 2410 3005 et
2436 2951 2663 3014 abactis,
2684 2959 2731 3003 et
2756 2947 3000 3017 dilapsio.
3028 2945 3169 3012 Quid
3193 2963 3315 3001 vero
3335 2947 3485 3001 aliud
3523 2949 3580 3002 in
3599 2948 3812 3003 dumo-

2236 3043 2387 3096 nibus
2410 3039 2652 3094 malum?
2688 3036 2868 3091 Furor
2894 3036 3241 3102 irrationalis,
3273 3037 3693 3107 concupiscentia
3719 3036 3815 3090 de-

2237 3150 2403 3200 mens,
2435 3132 2744 3202 imaginatio
2764 3146 3029 3200 praeceps.
3075 3128 3180 3184 Sed
3206 3129 3333 3183 haec
3354 3129 3448 3183 etsi
3467 3129 3523 3182 in
3550 3128 3815 3183 daemoni-

2235 3226 2327 3280 bus
2353 3232 2497 3290 sunt,
2524 3238 2628 3277 non
2649 3221 2881 3285 omnino,
2908 3237 3069 3290 neque
3096 3220 3153 3274 in
3179 3219 3443 3286 omnibus,
3483 3237 3649 3292 neque
3684 3220 3819 3274 haec

2232 3333 2324 3385 per
2349 3332 2403 3369 se
2432 3314 2591 3368 mala.
2647 3310 2857 3367 Etenim
2882 3315 2937 3366 in
2976 3313 3103 3366 aliis
3123 3312 3443 3367 animalibus
3468 3329 3579 3367 non
3603 3312 3818 3365 habitus

2233 3407 2441 3470 horum,
2467 3404 2557 3458 sed
2578 3403 2800 3471 privatio
2825 3413 2900 3457 est
2924 3412 2971 3458 et
3001 3404 3268 3473 corruptio
3297 3402 3601 3457 animalium
3629 3413 3676 3457 et
3696 3420 3812 3457 ma-

2233 3497 2342 3550 lum
2363 3513 2379 3560 ;
2403 3494 2611 3548 habitus
2635 3508 2754 3547 vero
2779 3491 3027 3547 animalis
3052 3501 3319 3559 naturam,
3344 3509 3478 3563 quae
3499 3493 3691 3546 isthaec
3711 3491 3812 3545 Ita-

2232 3588 2335 3650 bet,
2362 3593 2531 3639 servat
2558 3591 2606 3636 et
2627 3581 2915 3635 constituit.
2949 3580 3071 3635 Non
3092 3582 3267 3653 itaque
3288 3581 3481 3636 malum
3510 3591 3585 3637 est
3606 3587 3816 3635 daemo-

2232 3681 2349 3732 nica
2382 3692 2536 3748 gens,
2557 3691 2662 3747 qua
2698 3674 2982 3728 secundum
3015 3685 3262 3728 naturam
3290 3682 3395 3739 est,
3437 3673 3529 3727 sed
3559 3690 3662 3745 qua
3708 3689 3816 3727 non

1841 3786 2096 3848 VAIllAE
2132 3788 2535 3849 LECTIONES.

618 3879 636 3910 ⁸
676 3878 716 3931 A
746 3876 1090 3932 Daemonnm.

547 3950 753 4004 deinde.

1185 3878 1206 3908 ²
1244 3877 1337 3933 Sic
1362 3875 1480 3945 CF;
1516 3877 1559 3931 A
1593 3878 1681 3932 sit.
1759 3878 1786 3911 ⁸
1817 3889 1864 3933 et
1892 3884 2001 3935 om;
2027 3883 2096 3940 A.

849 3948 871 3979 "
908 3946 1023 4013 CF;
1067 3948 1277 4002 omnino
1307 3956 1362 4003 et
1385 3949 1623 4003 omnino.

549 4086 592 4121 τ’
632 4100 760 4143 esset
798 4103 908 4144 out.
937 4088 1044 4143 CF.
1131 4088 1175 4119 ¹³
1203 4086 1288 4143 CF
1312 4088 1580 4142 interimit.

548 4159 593 4190 “‘
615 4169 687 4212 est
717 4174 828 4213 om.
856 4157 963 4214 CF.

2173 3888 2195 3918 ⁸
2235 3885 2325 3940 Sic
2354 3882 2469 3949 CF;
2500 3881 2543 3935 A
2571 3895 2802 3949 conversi
2835 3881 2902 3932 si.

1717 3949 1740 3981 ⁸
1775 3948 1858 4004 CF
1897 3952 2023 4021 quid
2075 3956 2425 4011 existentium.

548 4021 623 4087 (id
660 4027 744 4073 est
787 4016 915 4072 dum
954 4018 1463 4090 similiterqnatura
1494 4018 1697 4090 mallet)
1749 4036 1853 4090 non
1891 4016 2056 4090 potest
2098 4041 2329 4079 manere.

1660 4086 1703 4120 ”’
1733 4086 1901 4164 ρι’,εέ
1922 4095 2017 4146 erit
2041 4094 2156 4164 ipsa
2182 4093 2457 4164 corruptio
2482 4100 2536 4145 et
2557 4090 2753 4164 suimet
2777 4089 3064 4164 corruptis.
3125 4086 3280 4164 ,καθ’
3287 4088 3467 4164 itaque

1043 4159 1084 4239 f"
1230 4159 1293 4211 de
1320 4157 1506 4244 virtute
1554 4168 1611 4244 et.
1641 4160 1863 4213 actionis
1898 4156 2229 4244 corruptione
2252 4156 2435 4244 eadem
2466 4163 2650 4244 ratio;
2700 4160 2745 4190 ¹⁸
2770 4156 2854 4214 CF
2858 4229 2868 4239 .
2889 4174 2955 4211 ex
2981 4156 3240 4244 Dcoch'ti
3262 4156 3559 4237 deditiones.

547 4229 887 4304 uerumdic‘et
900 4227 1093 4304 aliquis
1252 4237 1299 4281 et
1325 4228 1531 4304 quidem
1562 4227 1814 4304 dicuntur
1830 4231 1976 4304 ntali
2008 4226 2199 4287 dixerit
2252 4235 2387 4304 quis.

2997 3887 3020 3919 υ
3053 3877 3094 3933 Α
3135 3895 3223 3949 ac.
3318 3878 3341 3911 '
3377 3875 3484 3949 Pro
3511 3879 3746 3949 seqititur
3772 3880 3819 3933 Α

2522 3954 2547 3985 ⁸
2584 3949 2675 4004 Sic
2709 3948 2837 4015 CF;
2872 3949 2916 4002 A
2962 3949 3102 4002 ratio
3129 3948 3309 4000 eodem
3338 3948 3491 4001 modo
3528 3948 3587 4001 se
3625 3950 3821 4003 habens

2432 4022 2477 4054 ¹⁶
2516 4021 2607 4075 Sic
2649 4018 2775 4083 CF;
2826 4020 2872 4072 A
2932 4017 3283 4071 imbecillitas.
3361 4019 3402 4048 “
3442 4027 3516 4071 est
3551 4033 3663 4072 om.
3709 4018 3811 4073 CF.

3495 4089 3817 4143 huiusmodi.

3641 4158 3819 4213 SOPm

2486 4231 2531 4270 ὀ
2558 4229 2651 4283 CF
2667 4245 2733 4283 ex
2762 4229 2974 4297 optimo.
3074 4229 3114 4258 ¹¹
3148 4225 3233 4281 (2F
3258 4227 3507 4297 optimam
3530 4229 3817 4295 sortieban-

549 4310 653 4352 tur.
730 4301 774 4333 ²²
803 4296 887 4353 CF
917 4300 1095 4351 vitiari
1113 4297 1336 4351 dicimus
1362 4299 1666 4351 daemonas.
1742 4298 1790 4331 ³³
1819 4298 1906 4353 CF
1932 4300 1978 4355 si
2010 4317 2114 4356 non
2153 4304 2205 4356 in
2236 4296 2538 4357 cessatione
2559 4296 2851 4352 divinorum
2877 4297 3131 4351 bonorum
3179 4296 3484 4351 habitudine
3516 4308 3563 4351 et
3589 4298 3816 4352 actione.

549 4368 597 4399 “
626 4368 726 4423 Pro
768 4369 837 4423 iis
863 4384 1050 4440 ,_quae
1088 4383 1259 4440 u~que
1307 4367 1374 4420 ad
1424 4367 1947 4440 linemsequuntur,
2015 4371 2100 4425 CF
2147 4372 2283 4426 haec
2328 4370 2613 4440 proferunt
2660 4383 2674 4421 :
2717 4367 2824 4440 Sed
2849 4370 3023 4440 itaque
3070 4367 3115 4419 si
3156 4375 3350 4420 natura
3383 4366 3511 4440 mali
3540 4368 3821 4440 daemones

547 4453 751 4507 semper
796 4434 960 4516 mali";
1008 4448 1056 4490 et
1103 4434 1311 4516 quidem
1357 4436 1554 4516 malum
1592 4434 1832 4516 instabile
1883 4449 1979 4494 est.
2034 4440 2160 4495 Non
2189 4434 2364 4511 igitur,
2415 4441 2461 4494 si
2501 4453 2701 4516 semper
2742 4437 2893 4491 sicse
2920 4434 3128 4516 habent,
3161 4452 3280 4516 non.
3306 4434 3435 4516 mali
3458 4454 3477 4492 :
3502 4437 3642 4516 quod
3683 4438 3818 4516 enim

547 4503 862 4579 semper,_id
903 4506 1072 4573 ipsum
1116 4503 1300 4579 optimi
1338 4507 1626 4579 proprium.
1685 4503 1743 4560 Si
1792 4517 2115 4579 autemnon
2160 4503 2429 4578 et'scmper
2468 4503 2620 4579 mali,
2659 4522 2767 4579 non
2803 4507 3094 4570 naturales,
3132 4507 3220 4579 sed
3264 4503 3582 4579 indigentiae
3614 4505 3821 4579 angeli-

549 4572 1247 4647 corum_bonorunt._.S'ed_
1277 4572 1380 4647 non
1434 4572 1646 4647 omnino
1687 4587 1921 4645 expertes
1969 4577 2091 4632 boni
2116 4620 2132 4645 ,
2189 4572 2472 4634 secundum
2529 4572 2669 4647 quod
2716 4585 2762 4645 et
2815 4586 2976 4640 sunt,
3033 4587 3079 4629 et
3131 4576 3342 4647 vivunt,
3378 4572 3445 4647 :et
3498 4572 3813 4647 intelligunt,

549 4653 598 4696 et
628 4641 837 4725 omnino
889 4651 965 4695 est
993 4641 1208 4725 quidam
1230 4642 1284 4694 in
1310 4641 2088 4725 eis.concupiscentiaemotus._
2119 4641 2258 4725 Mali
2285 4658 2461 4701 autem
2484 4641 2596 4699 esse
2618 4642 2869 4725 dicuntur
2889 4655 3102 4725 propter
3127 4644 3269 4725 quod
3300 4644 3646 4725 inlinuntur
3667 4641 3821 4724 circa

549 4709 846 4788 naturalem
877 4709 1248 4788 operationem.
1303 4710 1464 4788 Falsa
1491 4709 1619 4780 ergo
1644 4717 1909 4788 conversio
1939 4728 2013 4788 est
2042 4719 2116 4772 eis
2148 4719 2370 4781 malum,
2401 4728 2448 4771 et
2470 4734 2511 4788 _a
2545 4715 2777 4788 cognatis
2812 4709 2929 4788 suis
2970 4709 3200 4784 egressio
3229 4709 3609 4788 et_info_rmitas
3631 4724 3691 4788 et_
3717 4713 3819 4788 int--

549 4777 814 4855 perfectio
840 4789 887 4831 et
930 4779 1257 4855 impotentia,
1290 4789 1337 4833 et
1374 4777 1606 4855 solvente
1651 4782 1736 4855 eis
1765 4783 2135 4850 perfectionem
2170 4777 2367 4841 virtute
2391 4777 2693 4855 inﬁrmitas,
2723 4794 2770 4855 et
2800 4782 2953 4852 fuga,
2979 4777 3027 4837 εἱ
3058 4777 3374 4855 casus._S_ed
3399 4783 3576 4855 itaque
3600 4782 3728 4849 quid
3753 4782 3814 4855 in

552 4846 1150 4925 daemouitusmalum?
1181 4846 1355 4925 Ῐῖἀνον
1386 4846 1783 4925 ίνναζίοηαωζξεζ
1820 4846 1999 4905 "tuens
2035 4846 2482 4925 concttpisttetttiti,
2531 4846 2810 4925 tharttasia
2840 4846 3101 4925 piroterva.
3149 4846 3713 4925 ΔΙεαιηε-ιεὶεξηέιαιι
3754 4850 3821 4902 in

552 4917 917 4990 daemonibus,
942 4933 1045 4970 non
1073 4918 1283 4990 omnino
1306 4932 1466 4985 neque
1493 4918 1547 4969 in
1566 4918 1826 4986 omnibus,
1851 4936 2013 4990 neque
2037 4924 2166 4977 haec
2187 4917 2475 4979 secundum
2526 4917 2582 4977 se
2620 4923 2783 4977 mala.
2832 4917 3042 4976 Etenim
3083 4924 3140 4977 iu
3187 4922 3307 4975 aliis
3348 4917 3664 4990 animalibus
3710 4934 3819 4990 non

554 4997 724 5062 motus
754 4985 1085 5062 taliumnsed
1103 4987 1428 5062 interempr
1463 4995 1572 5062 est,
1594 4998 1642 5040 et
1665 4985 1935 5062 corruptio
1959 4993 2182 5047 animali
2200 5006 2247 5048 et
2274 4996 2509 5059 malum;
2535 4994 2747 5047 habitus
2774 4994 2913 5046 enim
2946 4993 3139 5057 salvat,
3164 5002 3212 5045 et
3239 5006 3347 5062 esse
3374 4990 3526 5057 facit,
3555 4988 3685 5042 haec
3720 4988 3818 5040 ha-

500 5118 508 5128 .
558 5055 755 5133 beaten:
778 5055 1022 5109 animalis
1053 5054 1327 5133 naturam;
1355 5054 1479 5133 lVon
1500 5056 1661 5126 igitur
1683 5054 1880 5133 malum
1903 5061 2183 5116 daemonia
2213 5054 2627 5133 gens,quantum
2657 5073 2729 5116 est
2744 5062 2903 5131 juxta
2922 5054 3187 5133 nat_ura_nt,
3205 5054 3564 5133 sedqqu'antunt
3586 5074 3693 5133 non
3713 5067 3813 5111 est.

550 5124 622 5199 Et
644 5139 746 5180 non
773 5137 1026 5179 mutatum
1048 5137 1124 5199 est
1147 5126 1329 5179 datum
1352 5127 1406 5180 in
1432 5126 1505 5179 eis
1523 5124 1693 5199 totum
1716 5128 1927 5199 bonum,
1954 5133 2044 5184 sed
2071 5132 2169 5199 ipsi
2196 5124 2320 5185 dato
2341 5124 2635 5185 ceciderunt
2668 5124 2774 5185 toto
2799 5133 2950 5185 bona.
2983 5128 3049 5184 Et
3082 5124 3235 5184 datas
3263 5124 3337 5184 eis
3370 5127 3631 5199 angelieas
3653 5127 3816 5181 dona-

550 5196 715 5269 tiones
752 5212 1018 5269 nunquum
1041 5197 1181 5264 ipsas
1217 5206 1501 5269 commotas
1528 5196 1690 5269 fuisse
1708 5198 1951 5262 dicimus,
1975 5201 2064 5253 sed
2087 5196 2205 5254 sunt
2235 5211 2281 5253 et
2303 5201 2578 5269 integri,“
2602 5201 2883 5255 clarissimi
2906 5210 3052 5266 sunt,
3073 5200 3170 5253 etsi
3209 5200 3308 5269 ipsi
3339 5196 3457 5269 non:
3477 5197 3662 5251 uiderit
3688 5208 3813 5262 par-

551 5266 827 5340 ticipantes
850 5260 969 5340 boni
995 5260 1343 5340 conspectiuas
1371 5260 1605 5340 virtutes.
1625 5265 1813 5340 Itaque
1837 5260 1977 5337 quod
1997 5278 2147 5333 sunt,
2163 5279 2209 5322 et
2236 5286 2300 5323 ea:
2324 5260 2516 5334 optimo
2535 5281 2683 5334 sunt,
2701 5282 2747 5323 et
2773 5260 3252 5340 optimi,etvbonum
3272 5267 3604 5340 etqoptimum
3629 5260 3818 5340 concu-

551 5333 779 5409 piscunt,
802 5346 847 5387 et
878 5336 1040 5409 viuere
1060 5346 1109 5388 et
1122 5333 1420 5409 intelligere
1440 5333 1773 5409 insistentium
1793 5333 2087 5406 appetentes
2107 5356 2127 5402 ;
2150 5348 2198 5391 et
2221 5333 2512 5407 privatione
2536 5350 2583 5393 et
2620 5333 2746 5409 fuga
2776 5333 2822 5393 et
2856 5333 2979 5392 casu
3011 5333 3446 5409 connatttralibus
3472 5335 3573 5389 sibi
3613 5333 3816 5405 optimis

552 5402 803 5458 dicuntur
826 5404 973 5483 mali,
1011 5402 1461 5474 secundum'quod
1489 5421 1590 5459 non
1622 5414 1761 5472 sunt,
1792 5402 1839 5459 et
1861 5402 2006 5476 quod
2034 5402 2242 5462 nonest
2271 5418 2571 5479 appetentes
2601 5402 2799 5464 malum
2818 5418 3088 5479 appetunt.
3135 5407 3355 5463 intuere
3376 5413 3483 5461 cet.
3644 5402 3653 5405 ⁷
3814 5422 3825 5433 ‘

2008 5516 2258 5573 NOTAE.
2292 5562 2295 5567 .

626 5638 655 5672 α
688 5628 784 5696 Es,
815 5643 953 5699 quae
981 5630 1083 5685 hoc
1113 5631 1289 5699 capite
1314 5629 1467 5697 vides
1507 5629 1661 5685 trucis
1690 5628 1915 5695 inclusa,
1948 5627 2141 5684 desunt
2181 5629 2234 5684 in
2263 5630 2540 5686 codicibus
2562 5629 2669 5692 CF.
