4168 6284
346 364 455 429 933
1208 352 1296 416 DE
1331 350 1668 415 DlVISlONE
1704 346 2052 408 NATURAE.
2088 380 2158 390 -—
2193 337 2395 405 LIBER
2436 334 2761 416 QUINTUS.
3523 331 3629 402 '93:

346 494 448 541 est.
486 482 679 555 ,Neque
724 489 888 535 totum
932 479 1120 532 bonum
1151 475 1255 529 illis
1290 477 1497 539 datum,
1534 482 1795 527 mutatum
1837 479 1934 533 est,
1969 473 2013 530 Α
2040 477 2093 555 et
2121 467 2477 538 quantitates,
2505 472 2811 532 ceteraque,
2854 468 2991 531 quae
3012 462 3195 533 augeri
3227 476 3290 517 ac
3319 462 3488 520 minui
3510 478 3630 534 pos:

345 576 443 631 sed
469 574 571 645 ipsi
592 553 632 627 Va
660 583 766 627 toto
796 570 929 623 bona
963 569 1087 621 dato
1123 566 1450 621 exciderunt.
1496 562 1678 632 Neque
1713 561 1936 613 dicimus
1968 562 1971 565 ’
2039 553 2187 621 sunt,
2218 566 2275 612 et
2305 557 2357 610 in
2394 555 2638 623 subjecto
2674 557 2907 624 quodam
2955 553 3344 626 intelliguntur.
3385 553 3493 610 Sed
3533 563 3631 612 ne:-

352 663 620 736 angelicas
674 659 982 714 donationes
1032 656 1140 711 illis
1202 655 1356 708 datas
1417 665 1647 723 unquam
1683 654 1961 715 mutatas

352 756 536 823 fuisse,
568 752 658 806 sed
679 759 727 803 et
755 748 945 817 integri
973 755 1117 811 sunt,
1165 754 1215 797 et
1256 742 1411 812 plane
1438 738 1725 810 conspicui,
1752 751 1939 807 quam-

352 847 429 900 vis
459 845 561 914 ipsi
615 857 716 895 non
761 839 953 902 uident,
1002 835 1129 888 dum
1178 833 1484 904 facultatem
1527 828 1804 891 claudunt,
1830 838 1937 895 qua

353 936 488 990 bona
528 949 626 987 sua
663 938 878 1000 possunt
915 926 1130 981 intueri.
1176 924 1365 995 Itaque
1409 920 1547 994 quod
1592 929 1738 983 sunt,
1783 924 1831 971 et
1872 932 1939 972 ea:

352 1032 487 1085 bona
514 1034 660 1091 sunt,
697 1036 745 1079 et
779 1022 924 1088 boni,
957 1030 1005 1075 et
1037 1020 1227 1073 bonum
1261 1015 1638 1088 pulchrumque
1667 1019 1935 1082 appetunt,

349 1122 480 1175 dum
504 1135 635 1187 esse,
654 1126 705 1171 et
730 1117 919 1178 uiuere,
940 1123 989 1169 et
1016 1111 1303 1181 intelligere
1326 1108 1602 1164 existentia
1619 1104 1938 1168 desiderant;

351 1219 400 1264 et
443 1208 759 1273 privatione,
801 1213 850 1258 et
902 1203 1052 1273 fuga,
1094 1210 1143 1255 et
1181 1198 1513 1269 prolapsione
1569 1194 1824 1249 bonorum
1865 1193 1940 1247 eis

354 1294 772 1351 convenientium
804 1292 1056 1345 dicuntur
1100 1286 1249 1353 mali,
1302 1296 1524 1356 suntque
1558 1281 1718 1348 ntali,
1757 1298 1945 1336 secun-

354 1387 486 1440 dum
508 1384 647 1457 quod
673 1399 777 1438 non
806 1391 927 1437 sunt
951 1397 971 1447 ;
1008 1391 1058 1434 et
1094 1395 1196 1433 non
1219 1376 1488 1432 existentis
1515 1367 1717 1444 cupidi,
1741 1370 1942 1425 malum

355 1486 629 1548 appetunt.
666 1476 882 1532 Intuere
914 1474 1024 1529 vim
1069 1474 1087 1505 ι
1116 1471 1429 1534 verborum,
1458 1475 1513 1523 et
1556 1473 1795 1537 quantae
1819 1463 1945 1518 sub-

358 1569 569 1623 tilitatis
603 1574 748 1622 sunt.
780 1564 965 1619 Primo
1006 1561 1223 1632 quidem
1269 1556 1649 1613 univcrsaliter
1674 1551 1944 1609 breviter-
1974 1622 1977 1625 _

353 1672 463 1727 'que
505 1653 985 1725 eomprebeudens,
1034 1652 1328 1707 daemones
1378 1655 1572 1702 natura
1612 1643 1785 1699 malos
1837 1638 1970 1696 non'

354 1762 498 1811 esse,
529 1745 758 1800 dicendo
786 1743 877 1798 sed
922 1757 1084 1814 neque
1116 1741 1395 1796 daemones
1430 1746 1622 1791 natura
1659 1733 1812 1799 mali,
1859 1746 1947 1787 ra-

354 1839 557 1892 tionem
606 1833 885 1904 subjunxit
918 1850 931 1886 :
974 1833 1163 1885 etenim
1190 1831 1234 1884 si
1259 1839 1451 1883 natura
1493 1824 1645 1891 mali,
1674 1839 1837 1894 neque
1876 1837 1943 1874 ea:

352 1926 511 1990 bono,
544 1923 656 1978 Deo
702 1920 975 1985 videlicet,
1004 1918 1097 1988 qui
1143 1915 1290 1972 solus
1321 1931 1351 1969 a
1400 1915 1579 1984 seipso
1612 1913 1787 1969 bonus
1836 1916 1942 1972 est,

353 2014 521 2069 creati
552 2022 707 2079 sunt;
760 2024 931 2066 omne.
946 2008 1162 2081 quippe,
1192 2006 1335 2076 quod
1374 2005 1443 2060 ab
1471 2020 1538 2079 eo
1562 2010 1807 2057 creatum
1838 2009 1943 2064 est,

354 2104 562 2159 bonum
589 2110 693 2167 est,
732 2114 838 2155 non
866 2098 1011 2155 enim
1042 2112 1107 2153 ex
1137 2096 1279 2152 bono
1314 2094 1513 2150 malum
1558 2092 1674 2147 ﬁeri
1724 2098 1943 2160 potest;

355 2204 533 2263 neque
563 2192 616 2246 in
645 2188 993 2246 existentium
1025 2195 1344 2241 naturarum
1375 2196 1602 2237 numero
1627 2187 1945 2249 computan-

355 2293 477 2350 tur;
509 2300 673 2355 neque
710 2298 777 2337 ea:
827 2281 976 2335 bonis
1033 2292 1338 2333 conversum
1373 2276 1395 2307 ⁸
1434 2284 1650 2340 natura,
1689 2274 1795 2328 hoc
1832 2279 1944 2335 est,

358 2388 536 2444 neque
562 2385 631 2427 ex
658 2370 816 2426 bonis
842 2368 1046 2438 angelis
1073 2375 1269 2421 natura
1294 2365 1347 2419 in
1370 2364 1630 2418 malitiam
1658 2374 1948 2432 perversae

359 2461 657 2517 voluntatis
688 2459 935 2515 conversi
970 2466 1117 2512 sunt.
1156 2455 1301 2510 llaec
1324 2454 1468 2509 enim
1499 2452 1760 2509 vocabula
1784 2465 1945 2521 prae-

360 2555 507 2610 l‘atus
537 2561 718 2608 auctor
759 2548 1290 2622 praevaricatoribus
1334 2545 1539 2615 angelis
1584 2542 1722 2598 solet
1772 2542 1947 2612 impo-

361 2661 512 2701 nere.
550 2643 869 2698 Conversum
896 2640 941 2706 ⁸,
990 2641 1095 2695 hoc
1126 2646 1211 2694 est
1236 2637 1647 2693 conversionem
1681 2649 1751 2689 ex
1776 2634 1950 2689 bono-

360 2749 482 2788 rum
509 2739 728 2798 natura,
755 2742 811 2787 et
837 2745 1021 2786 casum
1052 2744 1085 2782 a
1130 2728 1420 2798 sapientia.
1468 2722 1537 2779 Et
1575 2722 1779 2794 semper
1823 2721 1951 2777 ntali

359 2825 623 2890 existunt;
646 2814 678 2876 a
705 2797 1076 2892 superioribus
1102 2797 1400 2873 assumitur
1428 2815 1644 2885 negatio
1674 2830 1687 2867 :
1719 2822 1767 2867 et
1789 2825 1949 2882 neque
1971 2797 2034 2849 δ”

361 2928 564 2984 semper
594 2904 724 2967 mali
768 2913 1019 2966 existunt.
1056 2907 1190 2964 Nam
1219 2906 1365 2978 quod
1385 2915 1581 2985 natura
1612 2905 1811 2960 malum
1845 2905 1977 2970 est,‘

364 3020 472 3060 non
501 3012 681 3074 potest
704 3018 918 3073 semper
947 3003 1203 3057 existere.
1235 3000 1492 3056 Naturam
1518 3000 1713 3070 quippe
1751 2997 1877 3052 mali
1899 3004 1955 3050 et

364 3094 607 3150 malitiae
645 3102 922 3150 aeternam
944 3091 967 3123 ⁸
997 3107 1118 3148 esse
1151 3091 1482 3161 impossibile
1505 3098 1609 3145 est.
1640 3087 1954 3143 Substantia

2037 661 2143 718 que
2173 647 2263 702 illa
2281 655 2706 717 corrumpuntur
2735 659 2766 700 a
2791 643 2965 712 malo;
2996 646 3181 711 augeri
3211 645 3357 702 enim
3387 647 3631 704 accidcu3

2040 736 2112 793 tia
2147 739 2511 803 substantiae,
2541 737 2626 792 vel
2656 737 2851 802 minui,
2884 752 3057 807 neque
3081 737 3281 792 malum
3319 746 3425 804 est,
3455 753 3633 810 neque

2038 829 2338 897 corruptio,
2365 827 2461 884 sed
2506 826 2783 897 profectus
2811 827 3030 898 quidam
3052 826 3074 869 Ψ
3102 836 3265 898 atque
3288 828 3530 887 defectus
3544 844 3633 887 cas

2036 918 2293 988 pacitatis
2321 917 2765 974 substantiarum.
2796 918 2920 973 Ideo
2949 919 3024 973 ait
3053 936 3065 972 :
3098 914 3281 990 Neque
3312 921 3411 975 lto'c
3441 922 3585 976 omni
3606 908 3631 953 ⁸

2038 1017 2088 1062 et
2111 1008 2322 1062 omnino
2344 1007 2565 1085 malum,
2586 1010 2685 1063 hoc
2705 1017 2808 1074 est,
2828 1024 3002 1078 neque
3029 1012 3305 1082 acceptiva
3328 1014 3635 1085 corruptio-t

2039 1098 2126 1154 nis
2155 1113 2187 1152 a
2226 1096 2370 1152 malo
2399 1108 2842 1168 corrumpuntur,
2874 1099 3002 1167 quia
3054 1110 3229 1169 neque
3262 1103 3483 1157 Omnino
3524 1118 3636 1157 nias

2040 1191 2176 1245 lum.
2222 1188 2354 1243 Nam
2388 1189 2441 1244 in
2474 1190 2577 1244 hoc
2603 1189 2722 1244 loco
2752 1203 2856 1243 una
2898 1190 3116 1259 negatio
3158 1188 3240 1245 bis
3268 1195 3489 1262 ponitur
3511 1195 3633 1249 sic:

2044 1293 2206 1351 neque
2226 1279 2324 1334 hoc
2348 1280 2493 1333 omni
2522 1280 2545 1320 δ
2578 1288 2627 1333 et
2654 1296 2817 1349 neque
2839 1282 3052 1334 omnino
3074 1279 3293 1334 malum.
3326 1276 3466 1351 Quid
3489 1288 3634 1339 enim

2045 1379 2454 1440 corrumperet,
2495 1370 2641 1439 quod
2689 1369 2913 1424 omnino
2966 1384 3072 1424 non
3124 1366 3247 1426 est?
3286 1371 3420 1426 Nam
3460 1374 3640 1428 omnis

2044 1459 2340 1527 corruptio,
2369 1472 2511 1528 quae
2564 1458 2619 1512 in
2664 1465 2861 1513 natura
2891 1464 3072 1513 rerum
3117 1460 3459 1515 mutabilium
3487 1462 3636 1516 intel-

2045 1548 2253 1618 ligitur;
2282 1557 2374 1602 aut
2425 1548 2675 1604 deiectus
2719 1547 3074 1618 perfectionis
3122 1559 3238 1616 est,
3283 1551 3376 1606 aut
3417 1548 3487 1607 de
3522 1566 3638 1623 spe;

2046 1640 2131 1695 cie
2194 1641 2248 1694 in
2302 1641 2539 1710 speciem
2599 1640 2862 1697 transitus
2910 1642 3203 1708 materiae,
3263 1653 3358 1698 aut
3413 1659 3641 1716 genera-

2049 1732 2179 1787 lium
2211 1732 2265 1786 in
2294 1731 2552 1803 specialia
2581 1741 2635 1786 et
2678 1732 2991 1802 specialium
3046 1732 3099 1787 in
3148 1735 3423 1804 generalia
3467 1748 3642 1791 trans;

1974 1806 2021 1867 Β
2050 1823 2296 1888 mutatio,
2349 1837 2491 1893 quae
2541 1822 2724 1878 omnia
2774 1840 2880 1880 non
2938 1824 3098 1891 mala,
3150 1827 3246 1883 sed
3295 1827 3640 1883 mutabilium

2050 1927 2232 1967 rerum
2262 1912 2538 1968 naturales
2579 1912 2868 1983 qualitates
2893 1923 2948 1969 et
2978 1915 3312 1985 quantitates
3338 1924 3394 1971 et
3418 1930 3643 1971 convcré

2047 2004 2229 2059 siones
2244 2000 2288 2034 “‘
2309 2003 2703 2076 intelliguntur.
2724 2004 2915 2061 Cetera
2931 2022 3060 2061 vero
3075 2004 3235 2075 hujus
3248 2005 3466 2077 capituli
3482 2005 3642 2077 plana

2048 2105 2196 2161 sunt,
2220 2105 2273 2153 et
2298 2096 2653 2167 expositionis
2683 2111 2789 2151 non
2821 2097 3080 2169 indigent.
3115 2097 3471 2168 Apertissime
3495 2113 3644 2152 nam-

2048 2201 2157 2255 que
2182 2187 2360 2250 docet,
2387 2185 2522 2240 nihil
2547 2200 2756 2251 eorum,
2789 2202 2930 2259 quae
2960 2196 3105 2253 sunt,
3135 2188 3435 2243 secundum
3458 2203 3643 2245 esscns

2051 2280 2184 2333 tiam
2232 2287 2287 2332 et
2340 2287 2592 2332 naturam
2638 2293 2798 2348 posse
2851 2276 3146 2349 corrumpi,
3196 2276 3463 2333 delectum
3510 2285 3643 2333 vero

2050 2369 2312 2424 naturalis
2346 2368 2571 2434 ordinis,
2598 2377 2653 2423 et
2681 2368 3224 2424 commensuratiouis
3248 2367 3642 2432 inﬁrmitatem,

2052 2458 2248 2527 quibus
2283 2457 2492 2513 duobus
2521 2457 2800 2513 mutabilia
2839 2459 3031 2513 eodem
3070 2459 3230 2514 modo
3276 2469 3491 2528 semper
3527 2474 3643 2514 una;

2052 2563 2182 2603 nere
2205 2562 2310 2602 non
2343 2556 2587 2618 possunt,
2628 2548 2991 2617 corruptionis
3021 2547 3282 2603 vocabulo
3315 2549 3560 2614 vocitari,
3588 2560 3646 2603 et

2053 2636 2195 2706 quod
2241 2636 2353 2705 ipsa
2386 2635 2663 2705 corruptio
2693 2651 2798 2690 non
2853 2636 3056 2689 malum
3103 2635 3198 2701 sit,
3246 2636 3340 2691 sed
3387 2636 3643 2691 deﬁciens

2051 2729 2272 2785 bonum.
2305 2729 2364 2784 Si
2396 2729 2540 2783 enim
2570 2729 2773 2783 malum
2803 2737 2967 2794 esset,
3000 2729 3051 2783 in
3085 2738 3275 2784 natura
3318 2745 3498 2785 rerum
3534 2747 3643 2784 nou

2053 2819 2332 2874 existeret.
2398 2820 2565 2876 Docet
2596 2820 2786 2887 etiam,
2835 2820 3132 2875 daemones
3190 2835 3295 2874 non
3346 2821 3644 2877 secundum

2018 2939 2025 2947 -
2055 2913 2199 2981 quod
2248 2918 2395 2977 sunt,
2424 2911 2595 2966 malos
2620 2921 2768 2975 esse,
2801 2927 2866 2965 ex
2897 2911 3103 2980 optimo
3145 2910 3290 2965 enim
3321 2920 3464 2977 sunt,
3497 2911 3644 2983 opti-

2058 3018 2285 3074 maeque
2318 3004 2610 3076 participes
2635 3004 2903 3059 cssentiae
2939 3004 3004 3069 ¹¹,
3045 3006 3138 3058 sed
3168 3004 3462 3060 secundum
3501 3007 3645 3075 quod

2060 3104 2345 3161 nonlsunt,
2383 3095 2507 3148 mali
2542 3095 2816 3149 dicuntur.
2860 3095 2926 3148 Et
2955 3095 3082 3166 quid
3115 3094 3168 3149 in
3211 3096 3292 3151 eis
3330 3095 3530 3151 malum
3564 3098 3645 3150 di-

365 3194 546 3240 aulcm
595 3184 916 3239 daemonum
958 3195 1232 3253 nunquam
1275 3180 1491 3251 peribit.
1525 3178 1727 3232 Natura
1764 3178 1951 3246 itaque
1981 3155 2028 3217 (ἶ
2060 3187 2222 3251 citur,
2248 3197 2433 3256 aperte
2460 3186 2721 3252 declarat,
2756 3186 3127 3241 inﬁrmitatem
3149 3186 3403 3244 videlicet
3428 3204 3644 3249 eorum,

364 3276 494 3331 mali
521 3289 627 3330 non
648 3283 795 3330 sunt.
819 3272 1022 3328 Deinde
1048 3279 1364 3342 argumenta
1382 3284 1479 3339 per
1496 3267 1954 3336 interrogationes

363 3364 623 3429 subdidit,
677 3364 862 3418 dicens
902 3376 918 3416 :
967 3360 1238 3433 Sequitur,
1281 3361 1480 3414 sibimet
1521 3368 1643 3413 sunt
1694 3358 1844 3423 mali,
1887 3373 1957 3409 an

365 3454 537 3509 aliis?
571 3453 650 3507 Ac
680 3452 727 3507 si
752 3451 983 3507 dixisset
1014 3466 1031 3504 :
1064 3450 1107 3505 si
1137 3458 1328 3504 natura
1358 3447 1483 3503 mali
1514 3458 1660 3512 sunt,
1696 3461 1952 3501 accessa-

366 3546 450 3602 rio
477 3552 571 3600 aut
597 3543 814 3599 sibimet
835 3541 964 3597 mali
999 3550 1146 3605 sunt,
1175 3549 1268 3595 aut
1295 3539 1435 3594 aliis.
1456 3539 1524 3592 Et
1545 3537 1800 3609 siquidem
1826 3538 1955 3592 sibi-

368 3643 471 3688 met
495 3673 512 3701 ,
567 3649 637 3686 an
676 3639 1018 3701 corrumpunt
1060 3628 1294 3699 seipsos?
1340 3626 1538 3697 Utique
1576 3633 1951 3695 corrumpunt.

367 3725 523 3792 Quod
545 3721 876 3794 impossibile
900 3732 988 3778 est
1012 3716 1160 3787 ﬁeri;
1184 3719 1327 3774 nulla
1355 3718 1625 3789 siquidem
1650 3705 1845 3772 naiura
1870 3732 1952 3771 se-

370 3820 545 3888 ipsam
587 3828 935 3885 corrumpere
981 3821 1191 3883 potest;
1218 3812 1473 3867 accidens
1509 3821 1593 3866 est
1619 3811 1767 3866 enim
1808 3809 1955 3865 omni

372 3916 604 3963 naturae
629 3906 715 3961 sui
744 3906 1041 3977 corruptio.
1092 3902 1172 3960 Ae
1195 3919 1291 3974 per
1317 3906 1421 3960 hoe
1446 3904 1492 3959 si
1522 3913 1715 3957 natura
1743 3904 1957 3959 daemo-

370 4015 502 4054 num
538 3998 679 4053 mala
704 4006 807 4064 est,
846 3997 1064 4052 sibimet
1108 4010 1215 4050 non
1259 4003 1343 4051 est
1367 3994 1529 4058 mala,
1576 3992 1830 4063 quoniam
1868 4006 1956 4047 sca

374 4091 545 4162 ipsam
575 4104 681 4144 non
728 4088 925 4143 sinitur
971 4100 1353 4156 corrumpere;
1388 4083 1587 4139 malum
1617 4082 1814 4152 quippe
1848 4097 1955 4135 non

372 4183 525 4249 mali,
556 4181 651 4237 sed
698 4180 823 4237 boni
854 4189 939 4236 est
963 4178 1260 4248 corruptio.
1298 4175 1357 4230 Si
1399 4185 1573 4229 autem
1606 4173 1727 4227 aliis
1766 4183 1960 4227 natura

372 4276 529 4333 bonis
558 4273 683 4329 mali
715 4281 863 4339 sunt,
894 4272 1153 4344 quomodo
1182 4285 1246 4326 ea
1279 4277 1641 4338 corrumpunt,
1671 4276 1846 4320 utrum
1875 4283 1958 4320 es-

372 4369 596 4424 sentiam
646 4381 848 4430 eorum,
886 4364 1261 4437 an'virtutem,
1292 4378 1361 4414 an
1394 4367 1415 4401 α
1458 4360 1756 4413 actionem?
1793 4360 1869 4413 Ac
1914 4360 1958 4412 si

374 4459 618 4516 diceret:
650 4456 843 4511 harum
872 4458 1034 4510 trium
1058 4453 1259 4508 nullam
1289 4453 1311 4485 ⁸
1344 4461 1569 4521 possunt
1589 4464 1954 4520 corrumpere.

376 4547 524 4603 Haec
548 4547 695 4603 enim
722 4546 843 4612 tria,
869 4546 1162 4601 essentiam
1186 4545 1328 4609 dico,
1358 4552 1413 4597 et
1442 4543 1720 4608 virtutem,
1766 4551 1823 4597 et
1863 4556 1981 4611 ac-_

375 4638 579 4694 tionem
609 4638 663 4692 in
693 4637 945 4694 omnibus
972 4635 1399 4706 incorruptibilia
1441 4644 1586 4702 sunt,
1616 4635 1872 4704 quoniam
1907 4635 1958 4687 in

378 4727 463 4781 his
496 4727 670 4782 tribus
703 4726 883 4781 omnis
919 4734 1112 4780 natura
1145 4725 1410 4795 subsistit.
1457 4724 1524 4780 Et
1572 4726 1674 4780 hoc
1700 4734 1783 4779 est
1817 4723 1961 4791 quod

376 4814 661 4884 sequitur:
704 4814 980 4885 Siquidem
1016 4814 1329 4879 essentiam;
1360 4814 1586 4883 primum
1614 4813 1822 4882 quidem
1859 4829 1962 4866 non

370 4904 531 4973 juxta
560 4914 831 4970 naturam,
864 4905 969 4960 hoc
1015 4912 1120 4969 est,
1161 4918 1268 4960 non
1318 4903 1462 4958 illam
1506 4904 1818 4968 essentiam,
1856 4920 1962 4973 qua

381 4993 631 5048 subsistit
659 5004 872 5050 natura.
915 4995 1131 5050 Natura
1160 4996 1297 5050 enim
1326 4996 1765 5065 incorruptibilia,
1787 5012 1968 5052 essen-

380 5083 517 5138 tiam
538 5082 805 5151 videlicet,
819 5087 1093 5151 virtutem,
1111 5094 1167 5141 et
1187 5087 1474 5151 actionem,
1490 5101 1592 5140 non
1606 5100 1971 5159 corrumpunt,

378 5175 477 5230 sed
514 5177 777 5244 acceptiva
800 5179 1173 5249 corruptionis,
1197 5169 1302 5233 hoc
1322 5187 1427 5243 est,
1447 5194 1587 5249 quae
1609 5191 1833 5250 possunt
1852 5199 1964 5236 cor-

383 5263 590 5335 rumpi,
622 5271 683 5317 ut
705 5274 829 5320 sunt
859 5270 1124 5343 naturalia
1155 5270 1474 5335 accidentia,
1518 5270 1808 5340 qualitates
1850 5274 1971 5328 dico

2057 3292 2162 3346 qua
2216 3291 2435 3331 servare
2493 3292 2650 3330 smun
2705 3277 2893 3332 nolunt
2948 3277 3310 3347 principium,
3374 3287 3645 3334 summum

2058 3368 2265 3422 scilicet
2298 3368 2519 3431 bonum,
2566 3384 2634 3422 ex
2664 3384 2775 3438 quo
2803 3379 2929 3424 sunt
2954 3411 2970 3433 ,
3017 3369 3398 3441 negligentiam
3431 3387 3649 3442 quorum

2057 3472 2267 3521 eorum,
2332 3473 2440 3527 qua
2509 3458 2813 3513 divinorum
2888 3460 3152 3514 bonorum
3224 3461 3539 3517 habitudine
3592 3472 3651 3516 et

2058 3550 2270 3604 actione
2302 3559 2496 3605 vacant
2542 3553 2609 3617 ¹²,
2645 3560 2958 3621 ceteraque,
2998 3568 3138 3623 quae
3164 3554 3230 3607 de
3258 3552 3476 3608 miseria
3513 3552 3645 3609 dae-

2060 3654 2279 3694 monum
2330 3640 2757 3697 luculentissime
2805 3657 2833 3694 a
2884 3627 3130 3714 praefato
3187 3643 3449 3713 magistro
3504 3643 3648 3697 dicta

2059 3740 2208 3796 sunt,
2248 3732 2424 3802 deque
2451 3743 2677 3787 naturae
2727 3747 2915 3787 eorum
2955 3734 3216 3797 bonitate,
3247 3743 3303 3788 et
3339 3733 3481 3803 quod
3514 3732 3649 3788 nihil

2059 3819 2436 3886 donationum,
2468 3837 2602 3891 quas
2645 3822 2696 3875 iu
2737 3823 3048 3878 conditione
3086 3824 3167 3878 sui
3211 3832 3560 3895 acceperunt,
3593 3824 3646 3877 iu

2059 3912 2140 3966 eis
2182 3921 2571 3967 commutatum
2620 3913 2690 3967 sit
2734 3922 2826 3966 aut
2856 3914 2923 3968 ab
2950 3913 3031 3966 eis
3063 3913 3358 3982 demptum,
3387 3915 3478 3968 sed
3518 3915 3649 3966 intc-

2059 4004 2298 4073 gritatent
2346 4014 2393 4057 et
2438 4004 2732 4057 claritatem
2757 4020 2883 4056 suae
2914 4014 3136 4057 naturae
3162 4020 3364 4073 semper
3400 4020 3646 4065 manere,

2060 4097 2298 4166 quamvis
2330 4112 2431 4148 non
2464 4095 2762 4164 intelligant
2798 4094 2841 4125 "
2873 4111 2998 4151 suas
3025 4095 3373 4161 specu/atinas
3409 4096 3646 4157 virtutes.

2061 4201 2197 4255 quas
2225 4186 2290 4239 ad
2318 4168 2832 4253 contemplationem
2871 4185 2953 4239 sui
2994 4184 3293 4248 Creatoris,
3333 4186 3378 4239 si
3423 4185 3646 4248 vellent,

2065 4278 2252 4332 insitas
2278 4277 2500 4340 habent,
2529 4276 2781 4347 fugientes
2803 4294 2834 4329 a
2858 4292 2976 4330 vero
2999 4274 3219 4337 lumine,
3246 4287 3293 4328 et
3322 4275 3561 4329 cadentes
3585 4291 3650 4327 ea:

2064 4366 2489 4422 connaturalium
2517 4366 2615 4419 sibi
2639 4366 2952 4434 optimorum
2977 4364 3287 4432 angelorum
3310 4365 3648 4435 contempla-

2066 4461 2171 4512 tiva
2205 4460 2419 4521 virtute,
2474 4463 2810 4528 appetentes,
2847 4456 2991 4526 quod
3042 4470 3148 4513 non
3175 4466 3297 4513 est:
3334 4471 3386 4513 et
3427 4460 3530 4513 hoc
3564 4470 3652 4515 est

2069 4561 2259 4615 totum,
2288 4551 2431 4619 quod
2465 4551 2515 4604 in
2544 4552 2624 4604 eis
2663 4550 2863 4604 malum
2890 4561 2946 4605 ct
2975 4549 3176 4604 malitia
3205 4550 3420 4605 dicitur.
3459 4551 3650 4609 Vidisti

2067 4657 2220 4711 ergo,
2245 4642 2385 4710 quod
2421 4650 2609 4696 natura
2635 4640 2957 4696 daemonum
2987 4650 3040 4696 et
3064 4643 3201 4697 bona
3243 4644 3333 4706 sit,
3369 4653 3423 4698 et
3448 4660 3479 4701 a
3507 4659 3653 4700 sum-

2069 4746 2156 4784 mo
2184 4731 2324 4785 bono
2349 4728 2510 4794 facta,
2532 4740 2589 4786 et
2609 4733 2750 4801 quod
2775 4740 2878 4787 non
2902 4731 3195 4787 secundum
3214 4734 3357 4802 quod
3382 4744 3530 4796 sunt,
3556 4736 3652 4791 sed

2068 4822 2360 4876 secundum
2393 4823 2537 4891 quod
2568 4838 2672 4877 nou
2698 4832 2846 4885 sunt,
2874 4823 3001 4877 mali
3027 4822 3301 4880 dicuntur.
3332 4825 3411 4881 Ae
3433 4827 3655 4896 perhoc

2074 4914 2306 4983 naturali
2360 4915 2685 4969 necessitate
2731 4916 2996 4985 sequitur,
3048 4917 3193 4983 quod
3248 4917 3301 4969 in
3351 4919 3431 4973 eis
3484 4928 3569 4974 est
3623 4935 3658 4973 τι

1976 5056 1981 5066 λ
2073 5020 2287 5059 summo
2314 5003 2425 5058 Deo
2455 5003 2677 5069 factum,
2724 5005 3062 5061 solummodo
3111 4996 3164 5058 in
3205 5008 3284 5062 eis
3332 5023 3660 5077 permansu-

2075 5104 2218 5162 rum,
2250 5092 2395 5150 nullo
2424 5096 2687 5167 modoque
2709 5098 3054 5166 puniendmn,
3079 5097 3219 5166 quod
3242 5106 3420 5161 autem
3449 5117 3514 5155 ex
3548 5103 3661 5155 Deo

2076 5202 2182 5242 non
2219 5194 2321 5249 est,
2366 5185 2577 5240 illorum
2605 5187 2856 5242 videlicet
2901 5186 3099 5240 malitia
3127 5185 3193 5248 ",
3220 5187 3544 5255 periturum,
3593 5205 3662 5243 ne

2080 5279 2133 5331 in
2158 5278 2335 5347 aliqua
2364 5286 2632 5342 creatura,
2664 5278 2779 5331 sive
2813 5277 3069 5341 humana,
3108 5275 3220 5329 sive
3249 5276 3515 5347 angelica,
3544 5294 3661 5332 ma-

1046 5450 1051 5455 _
1672 5374 1926 5448 Vanus
1959 5388 2358 5453 LECTIONES.

454 5498 476 5531 ¹
504 5497 551 5553 Α
579 5507 850 5572 tenorem._
921 5492 1091 5572 _‘_Sic
1121 5488 1254 5572 ϐῖῆ
1282 5497 1609 5572 A_conversi.
1686 5500 1708 5572 ξ
1747 5502 1838 5557 Sic
1864 5505 1979 5572 CF;
2016 5509 2056 5563 A
2091 5492 2344 5563 conversi.
2395 5567 2398 5571 ,
2432 5508 2453 5539 ⁸
2491 5507 2576 5563 CF
2604 5508 2812 5562 Natura
2840 5510 3189 5564 -—-aetermmt
3219 5523 3341 5565 esse
3434 5519 3457 5550 ι
3493 5509 3535 5563 Α
3573 5498 3659 5563 αεὶ

385 5566 411 5600 ⁸
428 5567 472 5622 Α
501 5568 668 5623 nulla.

386 5704 598 5762 illorum
623 5704 856 5764 malitia.

387 5567 1705 5668 Ῑ.Α.ηξ¹ίξε·η,ἶὲἰεεὶὶέὶΞξῖίεὲξῗλὲαεάαηιίέ
1735 5572 1863 5668 2.0"
1880 5567 2104 5668 293w
2125 5586 2180 5632 ει
2203 5567 2424 5633 omni“
2517 5574 2644 5657 Ἢ
2668 5579 2877 5668 οηξξῖνίο
2912 5647 2924 5658 .
2952 5576 2996 5608 ¹⁰
3015 5587 3068 5668 εξ
3093 5578 3575 5668 ςοτείἐτεέρηςερητο
3591 5576 3655 5668 As

470 5638 514 5691 Α
552 5638 905 5717 optimumque
948 5639 1245 5694 sortiuntur
1289 5640 1583 5717 essentiam.
1662 5642 1705 5716 ξ’
1744 5640 1837 5697 Sic
1880 5644 1999 5713 CF;
2030 5647 2077 5701 Α
2115 5657 2301 5702 vacant
2342 5658 2392 5702 et
2433 5647 2657 5702 actione.
2735 5646 2781 5677 ¹³
2821 5647 2866 5702 Α
2905 5647 3198 5702 intelliaimt

3296 5649 3342 5682 “
3382 5650 3427 5704 A
3444 5650 3553 5703 'boc
3586 5644 3662 5703 εει
