4168 6284
559 303 666 361 935

1936 298 2218 355 JOANNIS
2254 294 2448 355 SCOTI

3705 299 3823 358 O36

555 418 669 473 litia
716 416 888 488 possit
925 414 1038 470 fieri
1099 438 1106 446 -
1154 423 1406 484 perpetua
1454 420 1508 469 et
1554 412 1783 467 bonitati
1825 425 2134 471 coaeterna.
2165 419 2211 478 Λ
2242 413 2366 468 liter
2389 413 2442 467 in
2480 412 2712 481 quadam
2740 419 2912 483 parte,
2963 406 3042 466 vel
3074 412 3125 466 in
3156 409 3199 444 ¹⁸
3229 420 3342 467 toto
3383 410 3543 480 hujus
3585 412 3826 475 visibilis

559 509 816 563 Similiter
836 507 902 563 de
925 514 1096 560 morte
1118 515 1172 559 et
1196 506 1409 560 miseria
1438 504 1864 575 intelligendum,
1897 520 1966 560 ne
1995 506 2135 561 vitae

555 609 611 653 et
638 598 952 667 beatitudini
989 597 1116 667 quid
1148 598 1475 653 contrarium
1504 605 1664 665 atque
1693 612 1950 651 coaevnm
1982 596 2138 650 intel-

555 691 771 761 ligatur.
804 688 970 742 Porro
997 688 1059 757 si,
1075 686 1452 741 universaliter
1478 686 1703 750 malitia,
1737 693 1792 738 et
1824 701 1987 747 mors,
2014 699 2140 737 acu-

556 783 776 849 leusque
803 777 941 848 ejus,
965 776 1109 848 quod
1141 785 1223 831 est
1255 784 1556 846 peccatum,
1580 776 1864 846 omnisque
1894 775 2137 838 miseria,

554 874 775 942 insuper
794 870 958 925 etiam
984 868 1309 923 novissimus
1336 867 1603 929 inimicus,
1630 866 1869 936 nequitia
1891 864 2139 919 videlicet

554 960 840 1025 diabolica,
881 956 1310 1026 universalisque
1354 956 1632 1025 impietas,
1663 953 1781 1026 [aut
1824 955 1936 1023 ipsa
1989 960 2138 1007 certe
2172 1032 2175 1037 Ι

554 1049 724 1121 mors]
753 1059 795 1116 ι,
832 1048 899 1104 de
929 1056 1119 1103 natura
1170 1061 1350 1123 rerum
1398 1044 1739 1100 abolebitur:
1770 1043 1898 1111 quid
1946 1049 2135 1104 restat,

552 1143 658 1197 nisi
686 1151 746 1195 ut
769 1140 882 1203 sola
908 1137 1225 1193 universalis
1251 1145 1499 1191 creatura
1531 1134 1676 1190 omni
1709 1133 1859 1187 faece
1899 1131 2137 1186 malitiae

553 1220 609 1288 et
631 1229 926 1301 impietatis
941 1236 1185 1298 purgata,
1202 1225 1348 1280 omni
1373 1232 1545 1279 morte
1568 1221 1926 1292 corruptionis
1945 1220 2133 1283 libera,

552 1321 873 1391 penitusque
896 1316 1140 1372 absoluta
1169 1313 1484 1369 remaneat?
1513 1313 1579 1367 Et
1610 1314 1742 1366 haec
1763 1319 1848 1366 est
1868 1308 2137 1380 generalis

552 1413 839 1466 universae
885 1418 1187 1469 creaturae,
1240 1418 1378 1473 quae
1423 1417 1454 1455 a
1504 1402 1759 1457 servitute
1796 1399 2133 1463 liberabitur,

552 1497 905 1567 resurrectio,
958 1495 1327 1565 mysticaeque
1371 1500 1569 1556 terrae,
1597 1499 1821 1543 naturae
1867 1486 2135 1549 videlicet,

554 1587 834 1643 renovatio
856 1586 896 1638 ³.
924 1586 998 1638 De
1028 1596 1132 1652 qua
1164 1580 1430 1651 Propheta
1451 1579 1719 1649 praedixit
1742 1597 1753 1632 :
1785 1577 2002 1647 Auferes
2027 1578 2136 1645 spi-

551 1680 708 1730 ritum
726 1690 928 1739 eorum,
942 1683 988 1727 et
1010 1671 1270 1740 deﬁcient,
1288 1680 1334 1723 et
1358 1669 1410 1723 in
1426 1668 1687 1739 pulverem
1707 1684 1859 1722 suum
1881 1676 2136 1721 reverten-

2239 511 2539 567 creaturae,
2567 512 2641 565 et,
2675 511 2734 555 ut
2759 502 3079 571 simpliciter
3104 502 3303 566 dicam,
3327 516 3499 570 neque
3524 503 3667 556 intra
3698 498 3824 558 unia-

2238 593 2552 647 versitatem
2608 601 2771 645 totius
2816 600 3041 645 naturae
3081 607 3110 645 a
3156 591 3267 645 Deo
3307 592 3558 646 conditae
3608 591 3828 648 futuras

2239 699 2359 741 esse
2386 685 2693 749 credimus;
2730 692 2785 738 et
2814 699 2988 753 neque
3015 699 3157 738 nunc
3193 698 3331 747 esse,
3364 692 3419 738 et
3443 700 3732 753 nusquam,
3761 694 3823 742 et

2239 792 2540 847 nunquam,
2560 776 2653 831 sed
2679 777 2729 829 in
2760 775 3023 830 malarum
3049 776 3382 830 voluntatum
3409 786 3818 846 corruptarum-

2237 881 2343 935 que
2396 865 2851 920 conscientiarum
2909 865 3180 932 perversis
3232 864 3499 928 motibus,
3554 865 3820 935 tardaque

2237 955 2568 1025 poenitentia
2596 963 2652 1010 et
2672 953 3028 1019 infructuosa,
3061 953 3221 1022 inque
3251 968 3538 1021 perversae
3577 961 3817 1021 potesta-

2236 1043 2305 1097 tis
2337 1043 2644 1097 0mnimoda
2672 1042 3050 1105 subversione,
3089 1040 3203 1095 sive
3248 1040 3317 1093 ab
3346 1039 3391 1071 ιδ
3435 1041 3672 1095 humana
3702 1042 3814 1096 sive

2236 1132 2477 1202 angelica
2508 1144 2778 1187 creatura.
2813 1131 3159 1186 Subvertitur
3183 1139 3384 1194 autem,
3416 1131 3559 1209 quod
3593 1134 3815 1186 omnino

2235 1224 2587 1293 extinguitur.
2650 1224 3013 1291 Extingnetur
3075 1220 3298 1275 omnino
3359 1222 3537 1275 omnis
3590 1221 3811 1278 facultas

2234 1312 2536 1382 peccandi,
2586 1310 3005 1375 malefaciendi,
3055 1309 3216 1378 impie
3266 1309 3474 1378 agendi.
3538 1309 3811 1366 Facilitate

2236 1411 2414 1456 autem
2450 1402 2614 1456 totius
2650 1400 2889 1454 malitiae
2916 1400 3130 1469 penitus
3161 1399 3459 1463 subtracta,
3490 1415 3668 1454 nonne
3700 1401 3813 1455 sola

2234 1495 2478 1559 occasio,
2532 1506 2788 1563 perversa
2852 1490 3102 1545 videlicet
3166 1488 3455 1554 voluntas,
3517 1492 3812 1545 remanebit

2234 1585 2400 1640 veluti
2470 1583 2752 1640 extincta?
2837 1581 2908 1637 Ut
2975 1582 3119 1636 enim
3190 1580 3321 1648 ﬁdes
3385 1582 3497 1635 sine
3576 1570 3813 1651 operibus

2238 1686 2445 1730 mortua
2490 1685 2602 1741 est;
2631 1674 2751 1729 silet
2774 1674 2916 1727 enim
2948 1674 2989 1705 "
3020 1689 3033 1725 :
3066 1673 3137 1726 ita
3162 1680 3440 1741 peccatum
3469 1673 3669 1740 absque
3690 1688 3810 1742 pos-

551 1777 667 1827 tttr,‘
699 1764 895 1817 emittes
909 1761 1150 1831 spiritum
1176 1758 1756 1825 tuum.elcreabunlur.
1783 1766 1828 1810 ει
1865 1756 2131 1810 τεηουαθίδ
2164 1754 2207 1813 Β
2236 1764 2496 1820 sibilitate
2529 1762 2790 1833 peccandi
2810 1802 2824 1826 ,
2870 1771 2926 1816 et
2955 1760 3162 1816 malitia
3191 1760 3396 1839 absque
3427 1760 3711 1820 maleﬁcio.
3753 1770 3811 1817 et

548 1855 735 1924 {aciem
771 1866 959 1909 terrae.
1006 1850 1109 1919 Qui
1139 1851 1302 1905 etiam
1341 1849 1528 1903 laetari
1572 1849 1848 1904 Dominum
1878 1850 1931 1901 in
1961 1846 2127 1918 operi-

551 1948 645 1999 bus
670 1947 778 1999 suis
807 1945 957 2009 dicit,
980 1942 1338 2013 deﬁcientibus
1361 1941 1716 2011 peccatoribus
1737 1958 1768 1994 a
1795 1952 1933 1994 terra
1953 1948 2000 1993 et
2023 1938 2127 1993 ini-

549 2038 691 2104 quis,
718 2036 792 2089 ita
818 2045 873 2088 ut
899 2051 1000 2088 non
1022 2033 1440 2100 sint.Qnomodo
1465 2032 1607 2087 enim
1630 2032 1751 2102 quis
1779 2046 1844 2087 ex
1870 2028 2130 2102 peccato‘

553 2124 942 2190 nominabitur,
982 2132 1202 2193 peccato
1259 2136 1363 2176 non
1410 2122 1705 2187 cxis’ente;
1745 2129 1840 2175 aut
1884 2120 2127 2189 iniquus,

551 2214 837 2286 iniquitate
866 2214 1174 2269 destructa?
1206 2213 1358 2269 Sicut
1382 2213 1459 2267 ait
1491 2213 1629 2269 idem
1656 2212 1924 2283 Propheta
1958 2230 1972 2266 :
2006 2211 2130 2268 Non

549 2313 820 2377 resurgant
846 2305 992 2374 impii
1040 2306 1094 2358 in
1125 2305 1349 2375 judicio.
1394 2302 1529 2358 Nam
1579 2305 1792 2374 quando
1824 2302 2133 2357 humanitas

550 2399 604 2451 in
658 2395 1056 2450 resurrectione
1098 2395 1514 2467 restaurabitur,
1561 2395 1706 2449 omni
1756 2394 2029 2464 impietate
2075 2402 2129 2448 et

548 2485 754 2563 malitia
778 2493 834 2540 et
860 2494 1031 2540 morte
1057 2484 1384 2540 absolvetur.
1415 2485 1492 2539 Ac
1516 2500 1613 2555 per
1642 2486 1742 2539 hoc
1779 2499 1952 2553 neque
1978 2484 2125 2548 mali,

547 2574 913 2647 nequeimpii.
929 2585 1242 2647 resurgent;
1275 2574 1387 2630 sola
1428 2575 1692 2646 siquidem
1731 2583 1918 2629 natura
1951 2589 2131 2630 resur.

547 2673 637 2736 get
674 2666 720 2730 ⁸,
764 2666 1012 2735 impietas
1045 2679 1175 2720 vero
1206 2674 1263 2720 et
1294 2666 1496 2720 malitia
1534 2675 1752 2720 aeterna
1789 2665 2132 2719 damnatione

546 2753 818 2824 peribunt.
852 2753 997 2808 Dtsc.
1024 2752 1156 2821 Quis
1175 2762 1406 2825 estergo
1429 2753 1516 2808 ille
1535 2762 1787 2809 aeternus
1808 2752 1967 2824 ignis,
1988 2755 2130 2822 quod

546 2842 892 2914 supplicium,
939 2843 1244 2912 ardensque
1291 2842 1568 2913 sulphurei
1615 2843 1636 2874 ⁸
1683 2849 1930 2913 stagnum
1960 2841 2129 2910 ignis,

546 2932 750 2987 vermis
791 2946 1010 3003 quoque
1052 2948 1162 2991 non
1200 2933 1458 2998 moriens,
1504 2943 1795 3002 ceteraque
1843 2939 2129 2996 tormenta,

544 3035 685 3089 quae
710 3021 890 3077 divina
929 3022 1143 3093 eloquia
1187 3021 1400 3078 diabolo
1436 3022 1792 3092 omnibusque
1817 3020 1933 3090 ejus
1963 3036 2131 3077 mem-

2229 1855 2478 1925 impietas
2507 1855 2711 1922 absque
2749 1852 3014 1907 idolorum
3047 1851 3215 1906 cultu.
3257 1851 3516 1918 Quamvis
3562 1854 3707 1907 enim
3753 1853 3809 1906 in

2227 1946 2500 2015 perversis
2526 1944 2893 2002 voluntatibus
2914 1957 3166 2014 perverse
3193 1943 3387 2013 agendi
3428 1945 3695 2013 appetitus
3722 1958 3811 1998 ar-

2228 2035 2431 2103 dorque
2456 2050 2670 2103 semper
2696 2034 3076 2104 permanserit,
3125 2033 3382 2103 quoniam
3428 2033 3569 2102 quod
3598 2035 3808 2104 appeti-

2230 2132 2337 2188 tur,
2367 2123 2550 2192 perfici
2576 2138 2679 2177 non
2711 2122 2994 2187 sinitur,et
3018 2124 3071 2176 in
3094 2122 3261 2186 nullo,
3285 2123 3389 2177 nisi
3416 2123 3466 2176 in
3490 2125 3807 2192 semetipsa,

2231 2213 2444 2267 flamma
2474 2213 2769 2268 malevolae
2792 2213 3104 2282 cupiditatis
3150 2213 3307 2268 ardet
3339 2232 3351 2266 :
3383 2214 3507 2282 quid
3551 2213 3690 2267 aliud
3715 2230 3806 2267 rc-

2230 2306 2510 2375 linquitur,
2530 2305 2630 2359 nisi
2657 2303 2853 2360 foetida
2877 2303 3164 2368 cadavera,
3179 2304 3326 2359 omni
3351 2304 3491 2358 vitali
3514 2313 3683 2368 motu,
3698 2305 3807 2358 hoc

2230 2404 2336 2459 est,
2351 2409 2495 2448 omni
2517 2394 2841 2448 naturaliqu
2865 2394 3129 2448 bonorum
3156 2394 3358 2449 virtute
3378 2404 3537 2463 atque
3558 2395 3808 2448 substan-

2231 2484 2302 2537 tia
2334 2483 2577 2553 privata?
2629 2483 2696 2537 Et
2736 2483 2989 2539 fortassis
3044 2483 3180 2539 tales
3204 2492 3330 2539 sunt
3358 2484 3665 2554 gravissimi
3695 2500 3815 2539 cru-

2231 2574 2406 2628 ciatus
2447 2573 2713 2628 malorum
2767 2574 3045 2628 hominum
3091 2582 3147 2628 et
3197 2574 3536 2644 angelorum,
3586 2585 3640 2628 et
3687 2585 3809 2628 ante

2225 2664 2486 2736 judicium
2510 2663 2771 2730 futurum,
2800 2672 2853 2719 et
2880 2674 3020 2735 post,
3047 2664 3422 2720 malefaciendi
3450 2666 3734 2735 cupiditas,
3752 2674 3807 2721 et

2208 2754 2544 2825 perficiendi
2570 2753 2871 2810 diﬂicultas.
2905 2754 3059 2821 Quod
3087 2764 3271 2809 autem
3299 2769 3406 2809 non
3448 2756 3503 2810 in
3553 2756 3808 2812 localibus

2232 2844 2423 2915 spatiis
2452 2844 2890 2913 corporalibusve
2912 2844 3490 2900 carceribusdiabolus
3507 2861 3627 2900 cum
3648 2862 3809 2900 mem-

2231 2933 2345 2989 bris
2405 2934 2518 2989 suis
2569 2933 2860 3007 punietur,
2911 2935 3006 2990 sed
3068 2935 3436 3004 unuSquisque
3488 2935 3633 2988 intra
3679 2951 3812 2989 suae

2233 3022 2409 3077 malae
2434 3021 2725 3077 voluntatis
2747 3021 3005 3077 terminos
3030 3037 3232 3091 poenas
3279 3023 3409 3088 luet,
3443 3024 3635 3078 beatus
3679 3025 3807 3077 Ain-

545 3114 661 3170 bris
692 3113 872 3169 futura
896 3130 1015 3171 esse
1035 3115 1419 3185 pronuntiant?
1446 3113 1503 3169 Si
1523 3115 1815 3170 secundum
1843 3114 2122 3169 historiam
2153 3106 2197 3168 C
2230 3110 2443 3167 brosius
2479 3109 2547 3165 in'
2570 3112 2904 3181 expositione
2930 3111 2980 3166 in
3008 3111 3208 3167 Lucam
3233 3112 3519 3168 manifeste
3548 3114 3807 3178 declarat,

546 3217 838 3274 rerumque
865 3205 1153 3261 visibilium
1184 3206 1567 3275 proprietatem
1593 3214 1846 3275 putantur
1874 3204 2007 3269 fore,
2032 3219 2128 3258 ne-

543 3295 784 3349 cessario
816 3294 869 3349 in
900 3294 1079 3364 aliqua
1108 3303 1259 3365 parte
1293 3296 1476 3350 mundi
1504 3296 1773 3351 sensibilis
1800 3295 2127 3351 sensibiliter

542 3396 724 3440 erunt.
781 3386 850 3440 Et
890 3386 937 3441 si
992 3386 1064 3439 ita
1093 3393 1247 3452 est',
1284 3387 1514 3440 mundus
1554 3387 1656 3443 iste
1697 3394 1791 3439 aut
1845 3394 1987 3440 totus
2033 3393 2125 3440 aut

545 3473 722 3542 aliqua
753 3488 881 3542 pars
905 3472 1022 3541 ejus
1046 3475 1430 3539 reservabitur,
1461 3476 1513 3529 in
1545 3489 1650 3544 qua
1690 3475 1977 3529 damnandi
2002 3484 2123 3544 per-

545 3571 708 3633 petuo
739 3560 1155 3616 damnabuntur.
1206 3563 1284 3617 Ac
1312 3576 1408 3630 per
1452 3564 1557 3617 hoc
1588 3577 1693 3616 non
1726 3562 1967 3617 solvetur
2009 3576 2125 3615 om-

542 3657 698 3721 nino,
729 3667 906 3723 neque
931 3654 1416 3720 consummabitur,
1443 3656 1544 3709 hoc
1567 3664 1669 3720 est,
1702 3656 1753 3709 in
1783 3670 1975 3711 causas
2000 3646 2149 3711 suas

545 3758 653 3798 non
697 3756 1014 3798 reversurus
1059 3750 1142 3798 est
1186 3742 1232 3809 ⁸,
1284 3743 1500 3812 quando
1533 3744 1672 3798 Deus
1702 3745 1876 3799 omnia
1909 3746 1965 3799 in
2008 3760 2123 3798 om-

544 3831 696 3886 nibus
722 3831 841 3886 erit.
894 3831 1010 3902 Ipsa
1038 3840 1124 3887 est
1147 3832 1288 3887 enim
1309 3841 1351 3899 9,
1382 3842 1439 3887 ιιι
1464 3833 1847 3904 praediximus,
1874 3848 2126 3889 consum-

544 3921 713 3976 matio
740 3922 946 3989 mundi,
983 3912 1038 3977 et
1075 3937 1181 3977 non
1212 3922 1336 3989 alia,
1373 3924 1540 3978 Deum
1569 3926 1749 3978 omnia
1789 3924 1832 3963 ιθ
1862 3925 1915 3978 ἱη
1952 3926 2126 3980 omni-

542 4010 646 4067 bus
690 4025 829 4067 esse.
880 4012 946 4067 Et
970 4013 1114 4083 quod
1154 4021 1238 4068 est
1290 4013 1528 4084 gravius,
1582 4014 1712 4083 quid
1759 4016 2032 4085 punietur,
2077 4015 2123 4071 si

544 4103 748 4159 nullum
782 4105 821 4136 “
847 4104 1199 4160 substantiale
1221 4094 1539 4175 subjectum,
1568 4108 1709 4177 quod
1734 4108 1908 4178 puniri
1931 4109 2120 4179 possit,

545 4191 692 4247 nullo
717 4194 760 4232 ⁸³
787 4192 946 4249 modo
988 4196 1346 4251 remanserit?
1385 4195 1556 4252 Porro
1602 4200 1648 4252 si
1694 4205 1835 4252 totus
1871 4198 2121 4267 mundus,

546 4283 1034 4357 universaliterque
1054 4292 1167 4341 tota
1188 4295 1463 4353 creatura,
1489 4302 1628 4357 quae
1655 4302 1685 4341 a
1717 4289 1827 4342 Deo
1852 4286 1993 4343 facta
2015 4298 2123 4355 est,

542 4377 599 4432 in
629 4386 880 4434 aeternas
909 4391 1122 4442 causas,
1155 4378 1208 4432 in
1240 4379 1435 4447 quibus
1479 4378 1742 4443 subsistit,
1778 4393 1885 4433 non
1913 4387 1998 4435 est
2026 4394 2121 4434 re-

2226 3201 2377 3256 illum
2409 3201 2583 3257 locum
2611 3201 2883 3273 Evangelii
2906 3216 3211 3272 exponens:
3243 3202 3475 3257 Tol/etur
3497 3205 3735 3258 manibus
3758 3216 3805 3258 et

2224 3293 2440 3362 pedibus
2469 3294 2659 3364 ligatus
2680 3296 2747 3360 ³⁸,
2774 3307 2822 3348 et
2844 3296 3075 3349 mittetur
3097 3297 3137 3328 ⁸⁷
3160 3297 3214 3350 in
3237 3296 3473 3351 tenebras
3505 3299 3803 3362 exteriores,

2225 3389 2335 3444 illic
2366 3392 2462 3444 erit
2488 3391 2640 3461 ﬂetus
2674 3400 2720 3443 et
2741 3391 2936 3444 stridor
2971 3391 3222 3445 dentium.
3249 3390 3396 3456 Quae
3425 3401 3546 3446 sunt
3572 3392 3807 3445 tenebrae

2225 3479 2545 3533 exteriores?
2566 3476 2820 3550 Nunquid
2847 3478 2956 3532 illic
2979 3496 3181 3551 quoque
3210 3496 3389 3533 carcer
3417 3479 3611 3551 aliquis
3662 3479 3804 3532 latu-

2224 3570 2463 3640 miaeque
2518 3569 2820 3623 subeundae
2866 3570 3029 3624 sunt?
3074 3570 3307 3624 Minime.
3340 3570 3447 3625 Sed
3472 3588 3806 3641 quaecunque

2224 3670 2371 3714 extra
2392 3659 2649 3729 promissa
2679 3672 2798 3714 sunt
2823 3662 3125 3714 caelestium
3170 3661 3563 3725 mandatorum,
3593 3663 3645 3714 in
3673 3672 3808 3715 tene-

2226 3748 2329 3802 bris
2353 3749 2691 3803 exterioribus
2717 3759 2859 3814 sunt,
2892 3750 3295 3825 quiamandata
3322 3749 3420 3804 Dei
3448 3750 3622 3806 lumen
3648 3762 3763 3806 sunt
3788 3772 3801 3805 :

2224 3849 2271 3893 et
2298 3840 2588 3910 quicunque
2611 3841 2722 3893 sine
2761 3838 2966 3893 Christo
3009 3849 3104 3906 est,
3151 3843 3206 3893 in
3269 3839 3490 3894 tenebris
3540 3852 3633 3904 est,
3683 3842 3807 3910 quia

2225 3926 2399 3982 lumen
2417 3929 2632 3982 interius
2659 3928 2894 3982 Christus
2917 3938 2991 3982 est
3017 3929 3080 3982 ¹⁸.
3107 3927 3247 3999 Ergo
3278 3945 3438 3998 neque
3454 3929 3805 3998 corporalium

2225 4021 2420 4074 stridor
2453 4020 2642 4092 aliquis
2674 4023 2905 4076 dentium
2924 4062 2938 4087 ,
2968 4037 3129 4092 neque
3156 4024 3291 4093 ignis
3315 4023 3510 4094 aliquis
3531 4035 3807 4093 perpetuus

2225 4111 2560 4180 flammarum
2581 4120 2654 4164 est
2681 4110 3052 4181 corporalium,
3071 4129 3233 4181 neque
3259 4114 3443 4169 vermis
3469 4126 3542 4167 est
3566 4130 3807 4183 corpora-

2226 4197 2313 4263 lis,
2335 4198 2425 4253 sed
2452 4200 2578 4252 haec
2599 4198 2736 4265 ideo,
2760 4201 2904 4269 quia,
2933 4190 3063 4253 sicut
3114 4216 3179 4253 ea:
3230 4201 3396 4254 multa
3456 4203 3714 4256 cruditate
3754 4213 3803 4255 et

2229 4285 2394 4354 febres
2427 4296 2714 4340 nascuntur
2743 4296 2789 4341 et
2816 4303 3023 4350 vermes,
3054 4288 3150 4353 ita,
3179 4290 3224 4341 si
3265 4291 3380 4358 quis
3418 4306 3522 4344 non
3553 4290 3804 4359 decoquat

2224 4384 2435 4445 peccata
2458 4392 2553 4431 sua
2582 4377 2715 4430 velut
2737 4378 2965 4447 quadam
2994 4378 3295 4447 interposita
3331 4378 3616 4434 sobrietate
3643 4381 3803 4435 abstil

541 4482 789 4533 versura,
822 4476 934 4523 tota
964 4470 1138 4523 adhuc
1176 4477 1358 4523 nostra
1389 4468 1728 4523 ratiocinatio
1769 4469 1918 4525 irrita
1961 4472 2119 4541 pani-
2145 4440 2201 4501 D
2226 4467 2453 4532 nentiae,
2478 4467 2568 4520 sed
2602 4466 2863 4520 miscendo
2887 4477 3095 4539 peccata
3122 4467 3367 4536 peccatis,
3400 4478 3650 4539 tanquam
3687 4487 3807 4524 crus

544 4565 740 4624 tusque
770 4554 1030 4609 dissoluta
1056 4555 1331 4609 residebit.
1374 4554 1513 4612 Msa.
1539 4555 1597 4611 In
1628 4572 1826 4612 vanum
1853 4557 2119 4615 laboravi-

541 4656 683 4706 mus,
710 4641 756 4695 si
783 4641 856 4694 ita
882 4639 1065 4705 fuerit,
1089 4642 1496 4712 sententiaeque
1530 4655 1838 4701 sanctorum
1868 4646 2118 4715 Patrum,

546 4745 683 4799 quas
707 4727 1123 4793 introduximus,
1151 4729 1463 4799 redigentur
1489 4733 1542 4785 in
1571 4734 1762 4798 risum,
1785 4737 1925 4803 quod
1953 4737 2116 4792 absit.

545 4820 690 4875 Disc.
726 4818 995 4872 Succurre
1028 4817 1239 4887 itaque,
1286 4819 1460 4888 deque
1507 4822 1796 4889 praedictis
1821 4834 2117 4881 tormento-

545 4923 665 4963 rum
699 4906 999 4978 speciebus,
1039 4922 1176 4977 quas
1217 4908 1395 4963 divina
1444 4925 1550 4965 non
1594 4913 1821 4969 mendax
1858 4919 2129 4985 promittit

544 4996 791 5060 historia,
823 4994 1152 5065 probabilem
1180 4997 1347 5053 redde
1372 4998 1653 5055 rationem.

612 5087 702 5143 29.
742 5086 882 5143 Mss.
915 5085 1162 5144 Diversas
1187 5088 1569 5160 suppliciorum
1595 5090 1798 5151 formas
1834 5110 1938 5150 non
1968 5095 2121 5152 luca-

2198 4574 2202 4578 ‘
2225 4556 2439 4610 ditatem
2451 4556 2711 4626 quandam
2738 4557 3008 4610 contrahat
3031 4556 3074 4587 ¹⁹
3094 4567 3318 4611 veterum
3344 4569 3391 4611 et
3420 4561 3699 4613 recentium
3720 4561 3807 4613 de-

2224 4646 2485 4711 lictorum,
2509 4647 2626 4715 igne
2652 4646 2903 4700 aduretur
2927 4648 3159 4716 proprio,
3187 4656 3233 4700 ct
3262 4649 3372 4701 suis
3397 4650 3654 4702 vermibus
3675 4666 3801 4703 con-

2226 4745 2480 4790 sumetur.
2515 4732 2663 4788 Unde
2713 4745 2760 4788 et
2798 4735 2972 4789 Isaias
3026 4738 3149 4789 ait:
3191 4737 3467 4791 Ambulate
3510 4741 3563 4791 in
3606 4738 3804 4791 lumine

2226 4828 2362 4898 ignis
2414 4828 2589 4891 vestri,
2619 4836 2665 4879 et
2698 4827 2932 4897 ﬂamma,
2955 4843 3111 4896 quant
3153 4827 3479 4881 accendistis.
3514 4827 3659 4896 Ignis
3698 4837 3798 4890 est,

2223 4931 2374 4987 quem
2420 4926 2628 4985 generat
2674 4931 2814 4970 moes
2838 4916 2933 4969 itia
2982 4916 3318 4981 delictorum;
3362 4916 3545 4969 vermis
3591 4926 3688 4980 est,
3738 4933 3802 4970 eo

2223 5007 2362 5077 quod
2389 5007 2772 5062 irrationabilia
2810 5008 3017 5062 animae
3042 5018 3253 5078 peccata
3293 5016 3511 5062 mentem
3561 5008 3637 5061 rei
3685 5024 3802 5062 sen-

2223 5110 2440 5165 sumque
2464 5106 2835 5168 comvungant,
2858 5106 2905 5150 et
2926 5097 3182 5167 quaedam
3208 5097 3428 5152 exedant
3458 5098 3655 5152 viscera
3680 5114 3804 5151 con-

1820 5210 2081 5268 VARIAE
2116 5210 2516 5268 LECTIONES.

615 5317 632 5347 ι
738 5316 855 5397 ﬁeri
876 5317 1064 5397 possit.
1142 5326 1162 5356 ³
1200 5327 1292 5371 aut
1320 5318 1433 5387 ipsa
1463 5330 1600 5375 certe
1633 5313 1783 5397 mors
1810 5336 1920 5376 om.
1941 5325 2020 5397 fu.
2144 5320 2235 5397 Sic
2264 5321 2383 5397 CF;
2422 5323 2468 5376 Α
2497 5326 2780 5397 revocatio.
2847 5327 2869 5357 ⁸
2894 5325 2984 5382 Sic
3018 5327 3133 5392 CF;
3165 5327 3209 5381 A
3241 5328 3361 5396 quis
3385 5337 3626 5397 peccator
3655 5341 3798 5397 nom.

543 5382 566 5413 '
605 5382 1005 5466 rotansiquidem
1045 5397 1236 5466 natura
1275 5382 1505 5466 resurget
1547 5404 1654 5466 om.
1698 5389 1803 5445 CF.
1840 5458 1851 5466 Α
1880 5396 1901 5429 ⁸
1939 5390 2038 5466 Sic
2060 5390 2141 5466 li;
2176 5391 2218 5466 ᾼ
2243 5382 2465 5466 sulphur
2492 5403 2574 5466 e_t_;
2601 5394 2869 5466 Csull'ure
2899 5382 3166 5466 stagnum.
3244 5382 3273 5437 τ’
3302 5382 3511 5452 εδιόιη.
3537 5398 3601 5451 Δ.
3671 5395 3695 5429 ⁸
3727 5406 3803 5449 est

542 5468 630 5506 om
680 5451 817 5506 CF.’
862 5456 882 5485 '
920 5455 964 5505 A
1007 5455 1144 5508 enim
1184 5467 1279 5508 est.
1352 5451 1612 5522 “omnia
1662 5474 1772 5513 om.
1824 5458 1891 5512 Α.
1968 5461 2014 5490 ¹¹
2058 5459 2112 5515 Si

543 5519 652 5598 9E;
689 5521 754 5598 ab
798 5535 905 5574 om.
954 5520 1057 5598 A.__
1093 5524 1137 5556 "
1175 5522 1290 5579 silet
1320 5526 1457 5580 enim
1487 5541 1595 5583 om.
1626 5527 1692 5583 A.
1770 5526 1815 5598 ξ’
1841 5528 1888 5584 Α
1912 5526 2112 5598 ligatis.

542 5588 665 5655 CF;
725 5589 769 5642 A
821 5591 1096 5644 contrahit.
1777 5593 1791 5604 '

862 5456 882 5485 '
920 5455 964 5505 A
1007 5455 1144 5508 enim
1184 5467 1279 5508 est.
1356 5457 1399 5487 ¹⁰
1427 5455 1612 5512 omnia
1662 5474 1772 5513 om.
1824 5458 1891 5512 Α.

1968 5461 2014 5490 ¹¹
2058 5459 2149 5515 Sic
2184 5459 2339 5514 ACF.

2416 5460 2459 5491 “
2496 5461 2588 5516 Sic
2640 5460 2794 5517 ACF.

2222 5531 2262 5599 ξ⁷
2302 5529 2393 5587 Sic
2418 5528 2460 5583 F
2476 5547 2490 5597 ;
2524 5530 2613 5586 AC
2644 5532 2850 5587 mittite.

2870 5465 2913 5496 ¹³
2953 5465 3058 5520 1³ὶό
3095 5466 3172 5519 vel
3205 5466 3260 5519 in
3291 5468 3333 5518 A
3377 5467 3553 5520 veluti.
3628 5467 3672 5498 “
3711 5467 3804 5519 Sic

2956 5537 2999 5568 ¹³
3026 5533 3109 5589 CF
3160 5546 3234 5588 est
3283 5535 3542 5589 Christus.
3631 5536 3673 5569 ¹⁹
3710 5536 3808 5592 Sie
