4168 6284
342 362 451 423 att
1155 395 1174 412 .
1206 361 1293 416 ns
1335 362 1670 420 DIVISIONF.
1707 354 2051 420 Naronae.
2190 344 2397 420 Usen
2438 364 2759 432 QUINTUS.
3448 430 3451 431 ί
3508 362 3616 418 an

351 490 604 546 sequere,
625 482 682 529 et
700 489 798 546 ego
821 481 873 529 te
892 470 1352 544 nraegredicntcm
1377 476 1679 549 subsequar
1695 480 1742 532 ἔ.
1790 468 1928 534 Disc.
1965 490 2010 542 Α
2042 498 2144 534 una
2167 484 2399 537 essentia
2428 484 2478 537 in
2502 484 2674 537 tribus
2701 466 3034 549 substantiis,
3056 481 3124 537 ad
3149 472 3302 553 cujus
3328 481 3615 553 imaginem

350 560 646 620 Praeeede.
1926 568 1929 571 ’
2042 574 2254 628 trinitas
2298 588 2518 643 quoque
2575 572 2929 627 immanitatis
2977 572 3310 643 intelligitur,
3358 586 3498 642 quae
3536 581 3621 628 est

426 654 517 710 3|.
548 655 686 717 MAG.
714 656 987 710 Dereditu
1010 654 1383 725 humanitatis,
1404 662 1774 730 omniumque,
1798 674 1937 732 quae
2037 668 2169 727 esse,
2218 661 2365 728 velle,
2419 665 2575 725 scire,
2626 671 2684 716 ut
2724 671 2940 718 sanctus
2995 661 3323 732 Augustinus
3366 662 3419 716 in
3467 660 3621 731 libris

356 747 413 802 in
443 746 556 817 ipsa
584 755 643 800 et
665 755 888 816 propter
916 747 1091 816 ipsam
1130 747 1277 802 facta
1319 757 1477 815 sunt,
1510 752 1562 805 in
1592 752 1704 821 ipsa
1732 762 1786 806 et
1811 768 1934 807 cm
2035 756 2449 813 Confessionnm
2471 773 2687 812 suarum
2715 759 2971 829 disputat.
2999 758 3195 813 Beatus
3223 746 3401 817 autem
3426 758 3620 829 Diony-

360 837 473 905 ipsa
499 837 552 891 in
581 836 904 906 principium
926 852 1087 892 suum
1119 848 1434 897 tractamus.
1475 842 1590 897 Non
1620 844 1763 899 enim
1793 860 1937 900 nunc

358 928 427 982 de
472 927 775 982 substantia
817 929 1168 994 daemonum,
1197 947 1358 1001 quam
1403 934 1654 990 conditor
1694 936 1937 990 omnium

358 1016 558 1072 bonam
589 1025 644 1072 et
685 1016 1150 1088 ineorruptibilem
1182 1023 1237 1075 in
1268 1024 1349 1077 eis
1386 1023 1542 1090 fecit,
1574 1040 1754 1080 sermo
1782 1027 1940 1080 nobis

355 1117 465 1175 est,
491 1118 672 1164 utrum
696 1119 754 1165 et
776 1110 891 1180 ipsa
916 1122 1141 1183 purgata
1169 1125 1514 1173 convertatur
1535 1119 1601 1173 ad
1621 1120 1938 1190 principium

361 1215 540 1266 suum,
580 1196 733 1270 'quod
781 1203 1207 1272 praevaricando
1252 1205 1510 1272 deseruit,
1555 1224 1624 1263 an
1673 1225 1941 1280 sempera

361 1291 822 1361 contemplatione
869 1292 1116 1349 veritatis
1143 1309 1237 1349 sua
1262 1299 1617 1366 perversitate
1644 1301 1942 1356 exorbitata

362 1381 556 1452 fugiet.
592 1381 703 1437 lloe
721 1384 942 1438 interim
969 1382 1302 1441 solummodo
1328 1386 1392 1440 ad
1424 1403 1613 1458 purum
1657 1391 1723 1443 de
1757 1405 1820 1445 ea
1851 1404 1943 1444 co-

2038 845 2153 899 sius
2190 844 2515 915 Areopagita
2553 848 2778 902 eandem
2813 846 3106 902 trinitatem
3152 847 3467 912 essentiam,
3512 847 3621 900 vir-

2042 945 2210 993 tutem
2239 945 2295 991 et
2333 939 2702 1007 operationem
2730 938 3005 1008 perdocet.
3051 937 3162 993 Nec
3199 937 3342 993 inter
3365 952 3425 992 se
3453 937 3624 992 disso—

2043 1036 2204 1093 nant,
2244 1028 2350 1081 nisi
2389 1027 2442 1081 in
2478 1026 2969 1101 _signilieationibus
3001 1027 3404 1084 vocabulorum.
3439 1026 3625 1095 Neque

2043 1118 2148 1172 hoc
2184 1116 2238 1171 in
2273 1116 2551 1181 omnibus;
2575 1111 2754 1170 "ambo
2792 1117 3055 1185 siquidem
3086 1130 3204 1173 esse
3239 1104 3454 1183 dieunt,
3487 1133 3626 1170 unus

2016 1248 2021 1255 .
2045 1214 2227 1262 autem
2254 1204 2413 1272 velle,
2445 1204 2581 1260 alter
2605 1205 2881 1260 virtutem.
2910 1204 3018 1259 Nec
3050 1206 3102 1260 in
3138 1207 3242 1260 hoc
3262 1202 3417 1272 juxta
3444 1220 3625 1260 rerum

2046 1297 2468 1369 speculationem
2497 1296 2640 1351 inter
2665 1311 2726 1351 se
2755 1296 3095 1366 discrepant;
3126 1289 3275 1349 nulla
3302 1295 3444 1349 enim
3474 1304 3629 1369 natu-

2050 1387 2215 1443 ralior
2243 1395 2298 1442 et
2324 1387 2727 1441 substantialior
2765 1386 2937 1459 virtus
2960 1394 3045 1441 est
3069 1384 3439 1450 humanitatis,
3467 1398 3627 1453 quam

364 1471 696 1543 gnoscimus,
732 1473 877 1542 quod
918 1487 1023 1529 non
1061 1474 1300 1543 punita",
1351 1490 1454 1531 nec
1493 1493 1729 1548 unquam
1765 1479 1951 1547 punie-
2049 1479 2189 1532 bene
2219 1475 2373 1532 velle.
2403 1470 2569 1531 Unus
2593 1477 2720 1531 item
2765 1476 2841 1530 ait
2876 1475 3039 1541 seire,
3065 1474 3201 1531 alter
3237 1474 3629 1546 operationem.

366 1573 479 1627 tur,
506 1572 564 1618 et
587 1564 728 1633 quod
752 1563 985 1634 dignitas
1012 1578 1143 1620 suae
1171 1565 1378 1635 primae
1402 1567 1747 1632 conditionis,
1772 1568 1950 1638 prius-
2052 1565 2120 1620 Et
2146 1581 2287 1635 quae
2318 1574 2405 1621 est
2438 1565 2774 1627 rationabilis
2815 1575 3040 1622 naturae
3087 1566 3330 1637 operatio
3351 1606 3367 1630 ,
3420 1573 3632 1636 praeter

366 1669 529 1723 quam
579 1654 902 1726 superbiret,
957 1656 1341 1728 hominemque
1390 1658 1682 1728 deciperet,
1736 1673 1952 1728 semper
2053 1656 2286 1725 seipsam
2316 1664 2371 1709 et
2395 1655 2561 1711 Deum
2591 1671 2768 1720 suum,
2791 1656 3059 1726 quantum
3089 1650 3248 1710 datur
3285 1654 3409 1711 sciri
3439 1658 3481 1720 ',
3510 1654 3634 1724 quis

368 1743 778 1800 immutabiliter
814 1746 1020 1822 absque
1057 1745 1164 1800 ulla
1207 1745 1516 1818 demptiono
1544 1748 1597 1803 in
1635 1762 1698 1804 ea
1746 1755 1949 1814 manet,

2056 1755 2276 1818 superat
2299 1747 2831 1803 omnem'scientiam
2851 1788 2868 1814 ,
2903 1747 3078 1803 scire?
3106 1746 3249 1802 Haec
3291 1761 3521 1817 namque
3547 1755 3637 1801 est

363 1834 717 1906 manebitque
744 1822 797 1891 in
821 1844 1124 1903 aeternum,
1146 1839 1362 1908 etquod
1384 1840 1656 1910 impietas,
1681 1855 1843 1911 quam
1871 1855 1957 1896 su-
1989 1830 2030 1889 l5
2058 1839 2321 1893 naturalis
2356 1846 2541 1894 nostra
2574 1840 2816 1909 operatio
2835 1879 2850 1904 ,
2881 1853 3018 1908 quae
3057 1853 3163 1894 non
3194 1845 3347 1899 extra
3373 1851 3471 1892 nos
3488 1876 3505 1903 ,
3538 1835 3639 1891 sed

367 1924 665 1995 perbiendo
710 1934 1050 1994 attraxerat,
1085 1929 1306 1999 penitus
1338 1929 1569 1998 peribit,
1622 1947 1693 2002 ne
1740 1930 1954 1986 divinae

367 2018 600 2073 bonitati
625 2025 913 2074 eoaeterna
943 2019 1060 2074 ﬁeri
1087 2020 1278 2090 possit.
1308 2019 1386 2075 De
1413 2020 1585 2076 salute
1607 2028 1787 2075 autem
1816 2018 1954 2089 ejus,

368 2116 468 2162 aut
504 2108 882 2175 conversione,
927 2123 1022 2165 seu
1068 2110 1122 2165 in
1160 2125 1379 2166 causam
1422 2126 1576 2170 suam
1618 2112 1795 2167 reditu
1833 2127 1958 2184 pro-

367 2207 556 2269 pterea
590 2198 724 2254 nihil
767 2199 993 2256 deﬁnire
1030 2201 1458 2269 praesumimus,
1497 2201 1753 2271 quoniam
1779 2217 1959 2274 neque

375 2291 587 2346 divinae
609 2291 888 2356 historiae,
908 2304 1090 2362 neque
1106 2299 1417 2358 sanctorum
1438 2292 1685 2359 Patrum,
1715 2294 1808 2363 qui
1838 2308 1958 2349 ea

371 2394 695 2448 exposuere,
743 2389 953 2436 certam
995 2380 1063 2435 de
1106 2380 1210 2435 hoc
1252 2380 1627 2437 auctoritatem
1657 2383 1955 2451 habemus;

378 2479 543 2539 atque
583 2470 704 2525 ideo
749 2469 895 2524 illam
936 2460 1324 2525 obscuritatem
1369 2470 1584 2528 silentio
1630 2473 1961 2530 honoriﬁca-

376 2573 520 2623 mus,
555 2572 623 2613 ne
651 2553 814 2624 forte,
845 2573 987 2628 quae
1021 2565 1174 2612 extra
1209 2574 1308 2615 nos
1336 2570 1460 2615 sunt
1488 2569 1531 2627 ³,
1563 2576 1826 2631 quaerere
1872 2579 1965 2620 co-

280 2644 286 2649 ’
375 2663 600 2718 nantes,
627 2652 750 2721 plus
770 2653 968 2708 cadere
1002 2652 1057 2706 in
1091 2667 1336 2707 errorem
1356 2694 1371 2716 ,
1396 2667 1556 2722 quam
1587 2654 1879 2708 ascendere
1906 2654 1961 2708 in

377 2743 664 2800 veritatem
705 2743 864 2799 nobis
885 2744 1192 2815 contingat.
1233 2743 1465 2799 Proinde
1501 2747 1644 2814 quod
1676 2755 1828 2800 extra
1862 2760 1964 2801 nos

377 2851 486 2892 non
512 2844 618 2899 est,
637 2842 885 2891 nostram
917 2843 1167 2890 naturam
1191 2835 1210 2867 ³
1251 2835 1391 2900 dico,
1414 2835 1548 2890 duce
1573 2836 1681 2891 Deo
1704 2850 1965 2906 quaerere

375 2927 661 2982 debemus.
714 2926 862 2982 DISC.
908 2926 984 2982 lla
1020 2934 1251 2996 oportet.
1303 2925 1436 2981 Nam
1488 2943 1594 2982 non
1643 2927 1813 2982 solum
1865 2942 1964 2983 nos

380 3017 535 3086 ipsos
570 3031 676 3072 non
705 3017 1075 3088 prohibemur,
1113 3031 1297 3072 verum
1335 3017 1497 3071 etiam
1523 3015 1776 3085 jobemur
1800 3033 1966 3088 quae-

382 3120 529 3171 rere,
566 3107 780 3162 dicente
817 3105 1103 3163 Salomone
1143 3121 1162 3160 :
1210 3105 1335 3161 Nisi
1380 3110 1679 3177 cognoveris
1717 3111 1963 3178 teipsum,

2054 1932 2196 1987 intra
2226 1946 2324 1985 nos
2348 1931 2645 1987 constituta
2670 1938 2775 1987 est.
2802 1930 2940 1998 Quid
2965 1930 3110 1985 enim
3132 1944 3290 1991 nosse
3314 1928 3636 1999 appetimus,

2058 2021 2159 2077 nisi
2188 2036 2407 2077 causam
2439 2030 2679 2077 nostram
2706 2022 2849 2077 intra
2872 2036 2969 2076 nos
2997 2018 3252 2075 ineffabili
3282 2009 3637 2089 providentia,

2057 2120 2112 2168 et
2139 2111 2281 2168 ultra
2313 2112 2412 2169 nos
2440 2110 2969 2183 ineomprehensibili
2996 2111 3230 2167 virtute?
3269 2110 3347 2167 Ac
3375 2110 3441 2165 de
3468 2110 3555 2183 his
3585 2110 3638 2165 in

2056 2204 2428 2276 superioribus
2466 2205 2618 2259 libris
2659 2205 2793 2260 satis
2833 2203 2973 2260 inter
3000 2219 3096 2260 nos
3122 2213 3205 2261 est
3231 2212 3434 2269 actum,
3462 2210 3523 2257 ut
3554 2217 3644 2267 ar-

2059 2295 2251 2350 bitror.
2279 2292 2417 2350 MAG.
2449 2292 2592 2350 Satis
2619 2293 2861 2366 profecto
2893 2312 2907 2349 :
2939 2290 3033 2351 sed
3067 2294 3254 2359 eadem
3290 2301 3553 2364 repetere,
3584 2299 3645 2347 ut

2061 2382 2260 2439 clarius
2294 2382 2632 2448 elu‘cescant,
2671 2398 2777 2439 non
2807 2391 2856 2438 te
2891 2382 3070 2455 pigeat
3111 2396 3209 2438 nec
3240 2374 3455 2454 pudeat.
3494 2381 3641 2447 Disc.

2062 2471 2428 2542 Nequaquam.
2455 2472 2591 2528 MAG.
2614 2472 2709 2527 Est
2726 2472 2890 2542 igitur
2908 2471 3216 2527 humanitas
3228 2472 3457 2542 simplex
3480 2486 3645 2547 quae-

2064 2564 2222 2629 dam,
2254 2571 2310 2617 et
2351 2563 2405 2617 in
2452 2562 2755 2617 rationibus
2796 2562 2909 2617 suis
2955 2563 3009 2616 in
3055 2562 3321 2617 inﬁnitum
3369 2562 3647 2632 multiplex

2060 2660 2331 2721 creatura,
2362 2652 2810 2723 quemadmodum
2837 2660 2892 2707 et
2917 2667 3012 2708 sua
3038 2668 3203 2708 causa
3231 2653 3285 2706 in
3310 2652 3484 2722 seipsa
3516 2651 3648 2715 sim-

2063 2741 2188 2812 plex
2210 2749 2299 2796 est
2323 2748 2378 2795 et
2404 2741 2686 2812 plusquam
2720 2740 2975 2810 simplex,
2998 2749 3053 2796 et
3081 2741 3132 2795 in
3159 2739 3533 2797 occasionibus
3564 2755 3646 2797 re-

2066 2846 2186 2885 rum
2212 2830 2281 2884 ab
2325 2842 2389 2883 ea
2438 2827 2699 2884 tectarum
2744 2829 2955 2884 inﬁnita
2998 2837 3054 2885 et
3093 2830 3375 2901 plusquam
3415 2827 3643 2885 inﬁnita.

2066 2920 2163 2977 Est
2188 2929 2365 2975 autem
2394 2935 2555 2977 causa
2584 2920 2700 2991 ejus
2726 2935 2935 2976 summa
2967 2936 3031 2975 ac
3069 2921 3090 2952 ⁸
3138 2921 3255 2975 sola
3284 2935 3381 2989 per
3408 2934 3466 2974 se
3493 2918 3649 2973 boni-

2068 3022 2173 3078 tas,
2205 3013 2292 3067 cui
2322 3012 2593 3067 simillima
2628 3020 2713 3067 est
2751 3012 3081 3068 humanitas.
3133 3010 3202 3066 Ut
3236 3012 3380 3067 enim
3416 3011 3505 3066 illa
3536 3018 3646 3065 tota

2068 3104 2270 3173 ubique
2306 3104 2359 3157 in
2390 3103 2565 3171 seipsa
2593 3110 2675 3157 est
2697 3142 2713 3169 ,
2743 3094 2815 3157 ita
2863 3111 2917 3159 et
2955 3103 3084 3169 ista,
3124 3102 3378 3173 quoniam
3407 3111 3427 3140 ⁷
3480 3101 3648 3158 simil-

381 3169 601 3265 eadein
630 3197 739 3251 uio:
774 3211 1008 3266 gregum.
1049 3195 1163 3251 Non
1203 3197 1347 3251 enim
1380 3169 1539 3267 longe
1579 3212 1608 3251 a
1639 3169 1813 3253 brutis
1840 3169 1961 3253 aui;
1992 3169 2038 3233 ο
2066 3169 2196 3249 lima
2226 3193 2402 3262 imago
2422 3169 2569 3259 est“,
2593 3194 2789 3262 ubique
2816 3193 2869 3248 in
2898 3192 3074 3265 seipsa
3107 3169 3215 3249 tota
3237 3202 3343 3249 est.
3370 3193 3439 3246 Et
3461 3208 3648 3263 quem-

382 3283 619 3338 malibus
644 3284 841 3348 distat,
876 3286 966 3354 qui
997 3285 1231 3355 seipsum
1263 3301 1715 3357 communemque
1741 3288 1963 3343 humani

379 3376 601 3446 generis
628 3385 879 3432 naturam
920 3378 1147 3444 ignorat.
1181 3378 1388 3449 Moyses
1419 3378 1589 3434 item:
1624 3379 1847 3434 Attende
1871 3378 1968 3433 tibi

379 3466 508 3536 ipsi,
537 3456 635 3532 ait,
662 3475 718 3521 et
746 3466 864 3537 lege
884 3468 1048 3522 veluti
1080 3470 1134 3522 in
1161 3468 1320 3535 libro,
1352 3469 1725 3538 operationum
1754 3466 1969 3526 animae

384 3557 691 3613 historiam.
721 3558 781 3614 Si
806 3560 952 3615 enim
983 3575 1083 3615 nos
1115 3562 1263 3631 ipsos
1288 3575 1465 3617 nosse
1505 3570 1562 3617 et
1585 3576 1848 3632 quaerere
1872 3577 1970 3617 no-

385 3648 586 3716 lumus,
617 3651 860 3720 profecto
888 3651 961 3707 ad
985 3653 1075 3717 id,
1105 3654 1249 3722 quod
1285 3668 1446 3724 supra
1481 3669 1580 3710 nos
1606 3662 1709 3721 est,
1749 3668 1968 3710 causam

386 3740 601 3796 scilicet
627 3748 887 3806 nostram,
919 3742 1097 3797 redire
1124 3758 1228 3798 non
1246 3742 1637 3809 desideramus,
1662 3759 1727 3799 ae
1752 3757 1848 3814 per
1870 3744 1972 3798 hoc

391 3829 450 3883 in
476 3831 741 3899 grabbato
765 3832 998 3887 carnalis
1025 3833 1286 3889 materiae
1322 3842 1600 3903 morteque
1636 3833 1974 3903 ignorantiae

388 3917 714 3987 jacebi‘mus.
752 3919 905 3976 Nulla
942 3923 1138 3992 quippe
1173 3923 1276 3977 alia
1311 3924 1396 3977 via
1434 3931 1520 3979 est
1554 3924 1621 3978 ad
1662 3920 1976 3992 principalis

394 4008 631 4078 exempli
665 4006 1009 4078 purissimam
1046 4011 1555 4082 contemplationem
1599 4019 1816 4082 praeter
1850 4026 1980 4081 pro-

397 4097 579 4153 ximae
603 4098 705 4154 sibi
729 4113 858 4155 suae
878 4100 1129 4171 imaginis
1148 4101 1507 4155 certissimam
1538 4101 1805 4157 notitiam.
1834 4100 1978 4156 Inter

393 4190 693 4261 principale
723 4204 959 4262 namque
981 4194 1288 4261 exemplum
1318 4193 1716 4264 imaginemquc
1742 4201 1797 4249 et
1821 4194 1973 4249 simi-
2002 4206 2005 4211 '

396 4278 678 4361 litudinem
706 4283 809 4346 sui,
850 4284 955 4339 hoc
980 4292 1065 4338 est
1098 4285 1242 4339 inter
1266 4282 1433 4337 Deum
1474 4291 1531 4339 et
1564 4280 1977 4350 humanitatem,

399 4368 606 4423 nullum
643 4370 992 4426 interstitium
1020 4373 1372 4427 constitutum
1402 4379 1502 4427 est.
1538 4371 1688 4426 Hanc
1712 4372 1979 4427 rationem

2066 3281 2357 3337 admodum
2384 3281 2564 3338 divina
2595 3281 2811 3338 bonitas
2840 3283 2892 3337 in
2922 3284 3175 3338 omnibus
3201 3280 3650 3353 particip’autibus

2068 3387 2127 3429 se
2152 3380 2261 3429 tota
2292 3379 2394 3439 est,
2421 3381 2476 3429 et
2501 3372 2700 3443 nullius
2721 3373 2945 3440 malitia,
2977 3389 3070 3429 seu
3103 3373 3351 3438 stultitia,
3379 3387 3470 3427 seu
3500 3372 3653 3441 igno-

2068 3462 2243 3518 rantia
2266 3462 2582 3537 prohibetur
2601 3470 2886 3534 penetrare
2913 3462 3316 3517 universitatem
3341 3461 3408 3519 ab
3434 3475 3497 3515 ea
3523 3475 3653 3514 con-

2069 3552 2237 3608 ditam
2267 3569 2281 3606 :
2309 3552 2386 3607 ita
2417 3551 2725 3608 humanitas
2754 3552 2810 3607 in
2834 3565 3021 3608 omnes
3046 3550 3290 3606 homines
3316 3548 3650 3611 diffunditur,

2069 3652 2125 3699 et
2149 3651 2257 3698 tota
2289 3644 2346 3699 in
2368 3643 2619 3700 omnibus
2638 3651 2742 3709 est,
2767 3650 2823 3698 et
2842 3641 2868 3675 ⁸
2899 3649 3009 3698 tota
3042 3644 3094 3696 in
3117 3640 3360 3713 singulis,
3384 3641 3497 3695 sive
3524 3638 3653 3693 boni
3712 3657 3723 3663 ·

2070 3733 2180 3787 sint
2203 3733 2317 3789 sive
2339 3732 2486 3788 mali.
2514 3731 2721 3787 Nullius
2753 3731 2896 3786 enim
2936 3731 3163 3787 stultitia
3201 3726 3496 3800 repellitur,
3538 3726 3652 3780 nul-

2071 3822 2175 3878 lius
2205 3820 2406 3878 malitia
2432 3822 2723 3887 detinetur,
2747 3820 2946 3876 nullius
2968 3821 3101 3875 vitio
3119 3821 3502 3889 corrumpitur,
3536 3829 3655 3874 sor:

2073 3913 2295 3968 dibusve
2319 3912 2596 3984 polluitur,
2627 3926 2762 3984 pura
2790 3914 2844 3967 in
2876 3911 3158 3975 omnibus,
3184 3911 3236 3964 in
3272 3909 3518 3979 superbis
3546 3923 3651 3961 non

2074 4004 2312 4072 inﬂatur,
2343 4006 2397 4059 in
2424 4004 2783 4074 pusillanimis
2825 4018 2934 4059 non
2975 4002 3234 4068 tabescit,
3270 4002 3323 4055 in
3362 3999 3657 4068 majoribus

2074 4094 2391 4166 corporibus
2418 4109 2526 4148 non
2563 4101 2648 4150 est
2689 4093 2880 4163 major,
2919 4106 3092 4161 neque
3128 4093 3182 4146 in
3224 4089 3524 4145 minoribus
3559 4089 3656 4142 mi-

2077 4201 2197 4252 nor,
2226 4184 2466 4253 aequalis
2492 4184 2546 4237 in
2574 4183 2845 4249 omnibus,
2875 4180 3170 4250 aequaliter
3195 4179 3404 4249 insuos
3434 4176 3661 4247 partici-

2076 4290 2174 4347 pes
2212 4274 2555 4345 proveniens,
2597 4271 2791 4328 melior
2835 4272 2892 4327 in
2934 4270 3091 4326 bonis
3129 4284 3235 4324 non
3268 4275 3350 4323 est
3391 4270 3550 4337 quam
3601 4264 3661 4319 in

2081 4363 2260 4429 malis,
2309 4376 2483 4432 neque
2529 4360 2766 4417 deterior
2806 4359 2862 4416 in
2906 4358 3062 4414 malis
3090 4370 3249 4427 quam
3287 4356 3342 4412 in
3384 4355 3561 4419 bonis,
3601 4352 3657 4406 in

401 4459 879 4519 intuentesGraeci
902 4463 1288 4517 humanitatem
1309 4465 1594 4540 ἀνθρωπίαν
1616 4462 1977 4534 appellavere,
2009 4501 2058 4561 υ
2083 4454 2306 4526 integris
2328 4452 2644 4523 corporibus
2678 4464 2786 4561 non
2821 4457 2905 4554 est
2940 4447 3219 4553 integrior,
3247 4460 3410 4517 ιιιιθιιι
3453 4445 3510 4561 il:
3551 4443 3660 4507 bis.

400 4550 504 4604 hoc
528 4558 611 4606 est
634 4554 975 4621 ἄνωτροπὶαν,
998 4568 1210 4608 sursum
1238 4539 1425 4609 versus
1444 4554 1876 4620 conversionem,
1899 4554 1982 4609 vel
2009 4539 2056 4561 "
2083 4549 2221 4615 quae
2261 4544 2311 4578 “
2331 4543 2613 4598 oecasione
2643 4541 2822 4611 aliqua
2850 4539 3214 4609 integritatem
3244 4551 3395 4593 suam
3420 4542 3509 4589 aut
3536 4547 3659 4603 per—

396 4638 505 4697 ἔνω
537 4650 769 4717 τηροῦσα
799 4644 950 4700 ὀπίαν
970 4683 987 4709 ,
1018 4643 1119 4698 hoc
1148 4651 1250 4709 est,
1279 4656 1495 4697 sursum
1524 4657 1751 4698 servans
1782 4642 1977 4697 visum.

399 4732 482 4787 Ad
519 4732 795 4789 Creatoris
824 4734 910 4788 sui
952 4732 1217 4805 siquidem
1261 4733 1798 4803 contemplationem,
1839 4730 1982 4787 nulla

399 4823 508 4881 alia
534 4824 853 4896 interposita
880 4832 1154 4891 creatura,
1175 4824 1484 4882 humanitas
1507 4832 1686 4881 creata
1705 4833 1811 4882 est.
1837 4821 1979 4885 Mne.

403 4912 517 4982 Age
543 4915 743 4985 itaque.
768 4914 865 4971 Dic
895 4929 1118 4985 quaeso,
1144 4924 1372 4986 putasne
1400 4915 1545 4970 illam
1567 4917 1981 4983 lnunanitatem,

406 5005 548 5058 inter
570 5021 731 5075 quam
759 5018 812 5063 et
839 5023 995 5065 suum
1021 5009 1336 5064 Creatorem
1374 5006 1520 5061 nulla
1550 5015 1796 5061 creatura
1825 5007 1990 5061 inter—

405 5093 662 5162 cluditur,
692 5113 855 5155 unam
886 5098 1158 5167 quandam
1188 5097 1483 5166 simplicem
1502 5134 1523 5160 ,
1552 5094 1989 5165 inseparabilem-

405 5197 537 5253 que,
565 5185 856 5256 partitione
902 5189 956 5242 in
988 5202 1048 5243 se
1083 5189 1195 5258 ipsa
1224 5194 1500 5262 carentem
1532 5184 1554 5215 "
1583 5194 1826 5238 naturam
1858 5184 1988 5239 sub-

403 5275 645 5331 sistere?
678 5275 823 5333 Drsc.
860 5276 975 5333 Non
1000 5278 1171 5336 aliter
1216 5260 1489 5335 existimo.
1534 5276 1784 5346 Alioquin
1815 5265 2027 5347 imago:
2092 5265 2458 5320 διιδθιιιίπυω
2485 5260 2713 5316 ramme-

2085 4638 2220 4692 dunt
2246 4642 2338 4689 aut
2368 4647 2477 4689 non
2518 4632 2806 4701 attingunt.
2845 4628 3209 4700 Paradigma:
3248 4625 3439 4681 solaris
3475 4623 3662 4679 radius

2086 4728 2283 4786 munda
2329 4733 2580 4799 penetrat
2624 4734 2681 4779 et
2718 4721 3017 4787 immunda,
3055 4719 3183 4785 dum
3219 4708 3291 4773 sit
3321 4717 3375 4771 in
3413 4716 3667 4775 omnibus

2085 4818 2339 4882 mundus,
2366 4828 2540 4884 neque
2570 4813 2754 4883 purior
2778 4811 2831 4867 in
2860 4810 3045 4866 nitidis
3070 4809 3309 4877 “,quam
3335 4805 3389 4860 in
3415 4802 3664 4858 sordibus

2084 4907 2557 4965 incontaminatus.
2593 4903 2690 4959 Est
2714 4902 2857 4958 enim
2886 4900 2939 4954 in
2981 4896 3263 4973 omnibus,
3293 4908 3432 4964 quae
3470 4890 3665 4945 illumi-

2091 5007 2222 5064 nat,
2247 4997 2390 5053 lucet
2416 4997 2471 5051 in
2498 4993 2762 5056 tenebris,
2806 4998 2878 5055 et,
2917 4986 3165 5071 mirabile
3193 4975 3671 5078 dictu,.t-euebrhs

2093 5091 2146 5144 in
2187 5102 2246 5144 se
2297 5101 2405 5141 non
2448 5083 2597 5148 sinit,
2628 5082 2752 5137 dum
2798 5076 3144 5135 tenebrarum
3191 5071 3396 5128 causas‘
3420 5071 3562 5124 intra
3607 5081 3666 5121 se

2092 5172 2531 5246 comprehendit,
2572 5186 2679 5226 non
2705 5170 2877 5225 soluat
2909 5164 3240 5223 umbrarum,
3282 5173 3468 5212 verum
3499 5157 3667 5246 etiam

2746 5251 2935 5312 Nullae
2963 5253 3158 5323 quippe
3185 5247 3437 5303 tenebrae
3459 5252 3579 5300 sunt
3610 5243 3703 5302 iIL'

409 5367 510 5428 Dei
549 5384 657 5427 non
684 5378 795 5437 est,
827 5372 919 5441 qui
951 5387 1089 5431 unus
1125 5381 1180 5428 et
1208 5371 1386 5429 unitas
1410 5337 1783 5438 inseparabilis
1805 5337 1999 5431 ωλι
2092 5367 2289 5415 natura
2317 5362 2545 5419 rerum..
2567 5363 2705 5420 quae
2741 5348 2941 5403 Ιυωίηθ
2977 5359 3083 5399 "0“
3126 5337 3665 5397 Circumm'ibwmr'

1657 5496 1911 5553 VARIAE
1950 5486 2353 5552 LEC'l‘lONES.

481 5598 497 5628 ¹
526 5593 619 5667 Sic
664 5591 784 5661 CF;
832 5595 878 5650 A
919 5612 1127 5667 sequar.

407 5644 1126 5734 porlilitvmeﬂcaventer?).ﬂ'i
1157 5665 1248 5722 Sic
1425 5644 1660 5717 vdivsrirc.
1744 5658 1764 5690 ⁶
1794 5657 1832 5710 Λ
1882 5666 1950 5709 ct.
2027 5654 2046 5685 ⁷
2080 5651 2120 5706 Α
2149 5663 2325 5719 quam.
2402 5646 2422 5677 ⁸
2452 5644 2497 5698 Α
2527 5653 2593 5711 et.

410 5733 499 5792 CF
514 5752 531 5801 ί
558 5735 602 5792 Α
644 5737 876 5795 mundis.

1218 5595 1237 5625 ’
1268 5603 1387 5649 sunt
1418 5607 1523 5646 om.
1572 5590 1679 5645 CF.
1758 5589 1777 5619 ³
1808 5587 1847 5640 Α
1882 5596 2123 5639 namram
2154 5587 2419 5649 nostram.
2468 5574 2505 5649 _‘
2543 5572 2635 5627 Sic
2681 5569 2763 5649 (EF
2781 5585 2796 5633 ;
2837 5566 2878 5619 A
2924 5561 3420 5649 inggaruir‘ilemiin
3465 5555 3569 5649 se‘i

2688 5569 2763 5625 EF
2781 5585 2796 5633 ;
2837 5568 2878 5619 A
2924 5568 3319 5631 inseparabilem
3366 5568 3420 5614 in
3465 5568 3687 5635 seipsa.

2688 5640 2709 5672 ⁹
2738 5649 2795 5697 et
2825 5654 2934 5692 om.
2986 5634 3089 5695 CH.
3167 5634 3212 5664 ¹⁰
3238 5632 3283 5687 Α
3319 5630 3433 5702 qui.
3508 5625 3547 5659 “
3579 5625 3693 5684 Sac.-
