4168 6284
546 333 650 391 943

1921 345 2040 400 10A
2049 344 2201 402 LVle
2235 346 2428 405 SCOTI

3698 345 3807 402 9η

544 446 603 505 Si
629 451 774 506 enim
803 452 855 517 in
885 453 1200 523 corporibus
1226 464 1372 521 sunt,
1396 457 1642 527 quamvis
1668 458 1980 527 longissime
2003 474 2127 528 pro-
2152 458 2202 517 Α
2228 461 2368 527 quod
2399 476 2503 516 non
2530 459 2673 516 fecit.
2701 458 2817 514 Non
2842 457 2985 513 enim
3005 466 3224 528 peccata
3247 456 3507 511 naturalia
3530 465 3677 518 sunt,
3704 457 3802 510 sed

543 544 865 608 tendantur,
899 553 1172 612 postremo
1218 556 1395 603 tamen
1437 550 1601 605 solari
1643 551 1761 607 luce
1790 552 2118 607 ambiuntur.

542 633 599 688 Si
633 634 686 687 in
712 634 1018 704 spiritibus,
1048 651 1277 705 quorum
1308 639 1560 694 tenebrae
1597 640 1894 710 ignorantia
1923 643 2121 696 verita-

540 725 613 780 tis
637 733 782 790 sunt,
813 725 1112 795 sapientiae
1141 727 1382 784 claritate
1415 729 1575 784 tinem
1599 732 1886 801 accipiunt.
1920 732 2117 787 Simili-

539 821 624 870 ter
646 815 791 870 nulla
820 816 1061 872 absentia
1092 827 1193 883 est,
1227 834 1367 889 quae
1396 837 1501 875 non
1533 825 1600 877 ab
1626 838 1710 887 eo,
1747 823 1898 891 cnjns
1925 827 2122 881 absen-

537 905 612 958 tia
634 913 735 965 est,
767 919 985 961 causam
1014 908 1268 963 nascendi
1296 911 1556 979 accipiat;
1587 928 1710 966 nam
1735 914 1776 967 si
1803 914 1980 970 lumen
2009 932 2115 970 non

534 991 913 1062 praecesserit,
949 996 1188 1051 absentia
1220 996 1358 1067 ejus,
1388 1014 1527 1068 quae
1555 1003 1809 1057 tenebrae
1831 1014 1975 1067 sunt,
2008 1022 2112 1061 non

535 1094 810 1152 sequetur.
844 1085 1074 1156 Ideoque
1101 1102 1168 1142 ex
1210 1105 1317 1144 uno
1344 1106 1539 1161 genere
1576 1103 1700 1146 sunt
1735 1095 2031 1162 absentiae,
2062 1108 2116 1153 et

531 1184 643 1235 res,
672 1188 900 1243 quarum
927 1178 1203 1233 absentiae
1239 1190 1393 1245 sunt,
1422 1191 1482 1235 ut
1523 1182 1610 1236 lux
1639 1193 1692 1238 et
1723 1185 1998 1252 tenebrae,
2029 1204 2115 1243 so-

533 1275 637 1317 nus
662 1272 717 1317 et
740 1265 1011 1320 silentium
1038 1309 1053 1330 ,
1093 1266 1262 1322 forma
1292 1280 1345 1323 et
1386 1269 1707 1336 informitas,
1740 1284 2031 1347 ceteraque
2062 1278 2113 1332 id

533 1366 722 1423 genus.
757 1352 863 1410 Sed
901 1357 1023 1425 quis
1052 1358 1225 1427 dignis
1265 1358 1510 1416 laudibus
1555 1363 1840 1434 imaginem
1886 1366 1978 1419 Dei
2023 1368 2113 1421 de-

531 1454 876 1510 monstrare,
933 1449 1253 1516 congruisve
1301 1449 1743 1508 similitudinibus
1796 1470 2114 1525 comparare

533 1535 739 1601 potest'
770 1535 836 1589 Et
865 1544 922 1590 ut
945 1552 1241 1607 cognoscas
1275 1540 1650 1610 aequalitatem
1676 1544 2027 1601 humanitatis
2056 1547 2110 1600 in

532 1626 782 1679 omnibus
804 1626 1128 1693 hominibus,
1156 1629 1365 1685 intuere
1386 1647 1727 1690 communem
1753 1637 1986 1705 speciem
2015 1637 2110 1690 bu-

532 1728 815 1769 manorum
843 1730 1147 1786 corporum.
1180 1719 1368 1778 Nullus
1392 1724 1533 1778 enim
1564 1725 1723 1781 homo
1752 1727 1857 1783 alio
1893 1729 2110 1783 homine

2221 550 2542 606 voluntaria.
2586 551 2794 605 Etenim
2823 564 2983 604 causa
3024 549 3188 602 totius
3225 547 3428 617 peccati
3458 555 3562 609 est,
3603 547 3718 599 sive
3744 546 3799 599 in

2220 642 2432 712 angelo,
2460 643 2573 697 sive
2602 642 2655 696 in
2695 641 2913 695 homine
2930 680 2944 704 ,
2983 638 3199 708 propria
3225 649 3585 706 perversaque
3612 634 3796 688 volun-

2221 737 2304 786 tas
2338 748 2350 786 :
2380 732 2550 799 ipsius
2576 741 2756 786 autem
2793 742 3080 800 perversae
3106 726 3399 780 voluntatis
3424 739 3587 779 causa
3616 725 3668 777 in
3696 739 3795 777 na-

2219 824 2482 879 turalibus
2521 823 2755 877 motibus
2788 819 3122 875 rationabilis
3155 828 3212 872 et
3240 816 3613 871 intellectualis
3638 830 3789 869 crea-

2218 922 2373 968 turae
2404 928 2509 967 non
2544 912 2834 966 invenitur.
2864 910 3072 964 Etenim
3102 909 3302 962 bonum
3330 921 3495 960 causa
3528 906 3650 959 mali
3685 922 3789 959 non

2216 1010 2394 1070 potest
2426 1016 2545 1055 esse
2568 1006 2621 1066 ⁶;
2657 999 2947 1054 incausalis
2975 999 3157 1066 itaque
3194 1004 3308 1058 est,
3336 994 3592 1063 omnique
3642 1003 3789 1047 natu-

2217 1091 2314 1145 rali
2347 1091 2555 1161 origine
2597 1106 2811 1148 carens.
2853 1089 2990 1143 lline
3025 1088 3150 1141 illml
3191 1085 3434 1139 mirabile
3462 1094 3518 1139 et
3559 1085 3788 1154 inexpla—

2214 1182 2393 1237 nabile
2415 1183 2621 1246 oritur,
2665 1180 2931 1252 quomodo
2961 1177 3100 1233 mala
3140 1175 3387 1230 voluntas
3413 1175 3785 1245 praevarican-

2216 1273 2349 1326 tium
2397 1272 2707 1341 angelorum
2756 1279 2812 1325 et
2863 1268 3163 1333 hominum,
3201 1265 3327 1323 dum
3372 1266 3444 1320 sit
3485 1265 3787 1325 incausalis,

2215 1363 2379 1416 totius
2405 1362 2611 1433 peccati
2644 1362 2913 1432 totiusque
2950 1372 3156 1429 poenae
3181 1355 3386 1424 peccati
3419 1370 3582 1409 causa
3608 1352 3789 1408 etlicax

2211 1461 2313 1517 est.
2346 1450 2414 1505 Et
2439 1451 2483 1506 si
2526 1452 2650 1520 quis
2674 1451 2888 1516 dixerit,
2929 1448 3138 1503 initium
3166 1444 3341 1500 omnis
3364 1443 3571 1514 peccati
3610 1444 3651 1473 ¹⁰
3674 1460 3789 1498 es.~e

2212 1544 2517 1612 superbiam
2537 1583 2552 1609 ,
2583 1544 2765 1598 videat
2791 1558 2910 1596 eam
2940 1542 2995 1595 in
3036 1549 3227 1594 natura
3262 1551 3441 1590 rerum
3480 1550 3587 1589 non
3615 1534 3789 1588 subsi-

2211 1642 2376 1688 stere.
2414 1632 2597 1702 Neque
2623 1634 2767 1691 enim
2796 1633 3031 1686 essentia
3056 1639 3161 1692 est,
3189 1643 3364 1696 neque
3390 1626 3593 1688 virtus,
3622 1638 3792 1690 neque

2210 1724 2473 1791 operatio,
2506 1738 2679 1794 neque
2713 1722 2964 1778 accidens
2993 1721 3155 1775 ullum
3195 1716 3471 1781 naturale;
3502 1723 3582 1770 est
3610 1723 3789 1766 antem

529 1805 820 1860 humanior
847 1817 962 1873 est;
1008 1825 1130 1862 nam
1167 1809 1212 1865 si
1243 1811 1421 1882 aliqua
1451 1815 1767 1871 deformitas
1800 1818 2109 1889 contigerit,
2144 1803 2190 1863 B
2221 1814 2441 1869 intimae
2471 1815 2684 1869 virtutis
2705 1814 2963 1874 deiectus,
2993 1823 3384 1881 perversusque
3414 1803 3796 1860 dominationis

530 1896 613 1952 vel
645 1897 941 1953 formarum
969 1898 1293 1969 diﬂ'crentia,
1324 1921 1430 1960 non
1467 1922 1533 1961 ex
1570 1919 1759 1963 natura
1788 1911 1983 1972 evenit.
2015 1912 2109 1967 sed

526 1986 613 2041 vel
660 2002 724 2042 cx
768 1992 1112 2060 corruptione
1143 2008 1437 2065 corporeae
1481 1997 1825 2069 integritatis,
1866 2002 1950 2057 vel
1985 2002 2106 2070 qui-

527 2080 755 2134 husdam
795 2082 1194 2150 accidentibus,
1235 2102 1373 2157 quae
1413 2090 1748 2146 extrinsecus
1794 2091 2107 2157 adveniunt,

527 2171 897 2241 quasdamque
933 2172 1159 2243 singulis
1183 2175 1490 2232 hominibus
1517 2177 1846 2234 ditfcrentias
1882 2180 2104 2245 addunt,

527 2260 655 2313 dmn
679 2260 750 2316 sit
779 2277 883 2317 una
913 2264 1120 2333 species
1149 2273 1203 2321 et
1229 2266 1495 2339 generalis
1532 2270 1780 2325 omnibus
1818 2286 1882 2327 ex
1912 2279 2105 2326 natura

527 2349 869 2407 uniformiter
910 2354 1191 2423 impressa.
1230 2356 1379 2413 Unus
1414 2374 1603 2415 sensus
1631 2377 1922 2432 corporeus
1950 2363 2108 2432 quin-

526 2442 865 2508 quepertitus
906 2444 1264 2501 communiter
1285 2449 1534 2506 omnibus
1580 2452 1751 2516 inest,
1780 2454 2025 2523 quamvis
2052 2454 2104 2508 in

532 2529 716 2584 nntltis
763 2528 933 2600 ipsius
971 2548 1173 2602 organa
1213 2537 1227 2568 ί
1275 2538 1548 2605 deﬁciant,
1595 2541 1781 2596 oculos
1825 2543 1966 2608 dico,
2011 2558 2106 2596 au-

526 2636 740 2692 resque,
772 2634 1058 2696 ceteraque
1085 2627 1473 2695 instrumenta,
1504 2633 1555 2685 in
1601 2634 1799 2703 quibus
1822 2636 2059 2689 exterior
2083 2637 2126 2701 ⁸,

525 2724 720 2766 sensus
740 2722 1011 2783 operatur.
1039 2714 1176 2783 Quid
1198 2718 1371 2774 dicam
1396 2720 1462 2774 de
1487 2722 1693 2776 ratione
1719 2733 1772 2777 et
1799 2723 2105 2780 intellectu?

524 2800 715 2860 Nonne
737 2807 987 2861 omnibus
1013 2810 1335 2879 generaliter
1360 2812 1561 2877 insunt,
1586 2816 1832 2883 quamvis
1856 2832 1961 2870 non
1989 2832 2104 2871 om-

525 2907 626 2947 nes
646 2893 726 2949 cis
753 2896 890 2951 bene
918 2907 1168 2967 recteque
1194 2902 1452 2954 utantur?
1482 2902 1628 2955 Multi
1659 2903 1920 2972 siquidem
1949 2915 2103 2958 natu-

524 2981 731 3037 talibus
757 2984 913 3039 bonis
962 2987 1244 3043 abutentes
1282 2997 1537 3045 aeternae
1574 3006 1705 3046 suae
1743 2994 2103 3049 damnationis

524 3089 720 3131 causas
741 3075 1080 3134 invenerunt.
1097 3078 1414 3152 Similiaqne
1429 3083 1718 3141 manifesta
1740 3085 1933 3141 indicia
1955 3102 2101 3143 com-

2211 1903 2501 1972 appetitus,
2528 1903 2666 1957 sicut
2692 1903 2949 1972 scriptum
2981 1908 3066 1955 est
3099 1919 3112 1953 :
3147 1898 3285 1963 Quid
3314 1895 3542 1966 superbit
3569 1906 3711 1946 terra
3738 1900 3789 1945 et

2210 1994 2362 2058 cinis,
2391 1993 2638 2063 quoniam
2663 1992 2879 2062 projecit
2904 1991 3090 2044 intima
3117 2005 3213 2042 sua
3240 1988 3295 2041 in
3317 1988 3418 2042 vita
3437 1986 3570 2040 sua?
3592 1984 3652 2037 Et
3682 1983 3790 2037 ini.

2213 2083 2347 2138 tium
2373 2084 2590 2148 dicitur,
2617 2099 2723 2138 non
2748 2097 2933 2148 causa,
2957 2083 3085 2152 quia
3105 2080 3279 2152 prima
3306 2077 3604 2148 progressio
3623 2084 3705 2129 est
3726 2083 3807 2140 et,

2209 2177 2444 2229 manatio
2469 2174 2833 2246 primordialis
2858 2174 3095 2243 peccati,
3127 2174 3178 2227 in
3202 2186 3311 2241 quo
3333 2185 3513 2235 omnes
3525 2182 3787 2238 peccave—

2212 2274 2358 2320 runt.
2389 2266 2461 2320 At
2502 2267 2547 2319 si
2596 2265 2817 2320 omnino
2865 2263 2999 2318 nihil
3036 2273 3151 2329 est,
3177 2262 3312 2330 ,quis
3349 2260 3554 2328 sapiens
3580 2256 3785 2312 constis

2211 2357 2375 2414 tuerit
2402 2356 2568 2427 ipsam
2600 2357 2640 2389 ¹¹
2674 2355 2815 2410 inter
2838 2368 3049 2416 causas,
3080 2369 3203 2407 cum
3232 2352 3283 2406 in
3309 2351 3451 2405 nullo
3472 2348 3788 2403 naturaliter

2209 2452 2503 2507 subsistat?
2548 2449 2776 2505 Punitur
2821 2450 3003 2517 itaque
3039 2445 3437 2507 irrationabilis,
3463 2453 3636 2497 motus
3662 2458 3789 2510 per-

2209 2558 2394 2598 versae
2420 2542 2713 2597 voluntatis
2753 2541 2808 2595 in
2854 2549 3045 2594 natura
3082 2536 3424 2600 rationabili,
3454 2537 3567 2604 ipsa
3594 2532 3785 2588 videli-

2206 2644 2292 2690 cet
2322 2642 2518 2688 natura
2540 2632 2739 2701 ubique
2767 2632 2818 2685 in
2845 2630 3044 2698 seipsa,
3071 2638 3127 2682 et
3159 2629 3211 2682 in
3240 2627 3635 2689 omnibuseam
3659 2638 3811 2692 pars

2206 2723 2558 2793 ticipantibns
2597 2722 2758 2785 bona,
2806 2719 2977 2783 salva,
3025 2719 3253 2786 integra,
3301 2716 3504 2778 illaesa,
3546 2713 3782 2766 inconta-

2206 2814 2431 2881 minata,
2472 2810 2906 2880 incorruptibilis,
2950 2807 3316 2878 impassibilis,
3357 2803 3699 2860 immutabilis
3737 2802 3779 2832 ¹¹

2203 2903 2618 2973 participatione
2631 2901 2826 2958 summi
2850 2900 2974 2956 boni
2996 2905 3369 2969 permanente,
3385 2896 3583 2963 ubique
3603 2892 3778 2953 beata,

2204 2994 2695 3066 gloriosissimaque
2720 2993 2763 3024 ¹²
2793 2994 2846 3048 in
2866 2992 3053 3048 electis
3070 3032 3084 3053 ,
3115 2992 3168 3044 in
3187 2990 3382 3059 quibus
3403 2986 3681 3041 deiﬁcatur
3712 2982 3807 3046 “,.

2203 3087 2405 3155 Optima
2440 3086 2494 3140 in
2525 3085 2770 3156 reprobis
2792 3124 2810 3151 ,
2848 3099 2984 3154 quos
3020 3076 3292 3146 continet,
3322 3093 3390 3134 ne
3420 3077 3628 3133 illorum
3657 3075 3805 3135 sub-7

523 3165 798 3224 muniouis
842 3169 894 3224 in
941 3170 1192 3225 omnibus
1234 3172 1497 3228 humanae
1527 3184 1768 3229 naturae.
1802 3174 1950 3242 Quae
1979 3191 2100 3230 cum
2128 3172 2173 3231 C
2205 3177 2471 3233 stantialis
2500 3178 2802 3248 proprietas
2823 3174 2890 3229 ad
2910 3173 3136 3228 nihilum
3157 3171 3444 3241 redigatur,
3472 3169 3572 3223 hoc
3589 3175 3689 3230 est,
3712 3180 3781 3219 ne

522 3255 596 3314 ita
626 3258 767 3327 sint,
801 3264 922 3333 quis
975 3273 1120 3319 recte
1160 3262 1181 3294 ⁸
1210 3263 1700 3334 philosophantium
1734 3282 1972 3336 pureque
2006 3282 2102 3321 na-

522 3361 678 3407 turas
704 3367 885 3408 rerum
917 3353 1317 3424 inspicientium
1349 3374 1454 3412 non
1495 3360 1750 3413 continuo
1779 3358 2131 3427 pronuncia-.

520 3449 607 3495 ret
630 3442 673 3504 ‘,
701 3443 1096 3499 irrationabiles
1120 3455 1295 3503 motus
1316 3449 1574 3502 malarum
1591 3448 1923 3511 voluntatum
1945 3462 2103 3516 posse

520 3533 702 3599 puniri
729 3534 779 3586 in
805 3533 909 3599 bis,
935 3536 1026 3605 qui
1060 3545 1305 3591 naturam
1338 3539 1530 3592 bonam
1557 3549 1613 3594 et
1635 3538 2010 3595 rationabilem
2047 3549 2102 3594 et

521 3620 913 3690 impassibilem
932 3626 1292 3695 participant?
1307 3628 1371 3681 Et
1387 3631 1835 3697 quemadmodum
1853 3631 1991 3685 mala
2015 3647 2102 3685 vo-

522 3713 703 3767 luntas
729 3714 970 3769 naturale
991 3715 1189 3770 bonum
1213 3732 1317 3772 non
1339 3720 1688 3784 contaminat,
1713 3720 1785 3775 ita
1807 3721 1968 3775 etiam
1993 3730 2101 3776 tor-

518 3810 761 3857 mentum
784 3804 900 3874 ejus
926 3807 968 3867 ⁸,
998 3805 1169 3861 malae
1191 3807 1478 3863 voluntatis
1499 3809 1618 3866 dico
1643 3812 1684 3874 ‘,
1706 3810 1953 3867 naturale
1974 3814 2100 3867 sub-

510 3892 843 3959 jectum,cui
865 3894 1081 3960 accidit,
1104 3896 1230 3951 etin
1254 3913 1362 3967 quo
1386 3899 1712 3968 continetur,
1730 3917 1836 3956 non
1861 3909 2096 3971 torquet.

516 3984 635 4054 Ipsa
664 3984 926 4055 siquidem
951 3990 1327 4055 natura,sicut
1351 3991 1517 4046 libera
1539 4002 1642 4050 est.
1657 3994 1975 4065 penitusque
2003 3995 2098 4048 ab-

518 4072 693 4129 soluta
722 4076 790 4131 ab
819 4078 964 4132 omni
1013 4088 1252 4148 peccato,
1300 4082 1372 4136 ita
1411 4084 1787 4139 universaliter
1837 4084 2002 4141 libera
2041 4094 2097 4139 et

516 4165 761 4221 absoluta
789 4177 874 4223 est
917 4168 986 4225 ab
1010 4172 1155 4226 omni
1191 4186 1361 4241 poena
1393 4174 1618 4242 peccati.
1646 4175 1781 4229 Nam
1816 4185 1872 4231 et
1897 4176 2096 4232 secula-

517 4257 657 4309 rium
682 4272 968 4315 causarum
993 4259 1236 4329 iudices,
1278 4264 1321 4318 si
1365 4273 1541 4319 tamen
1584 4281 1691 4319 non
1721 4266 1941 4322 libidine
1978 4268 2095 4321 vin-

515 4345 724 4415 dictae,
749 4364 936 4406 verum
977 4353 1328 4410 correctionis
1363 4358 1533 4427 gratia
1567 4372 1686 4412 reos
1712 4357 1983 4429 suppliciis
2007 4360 2091 4413 di-

513 4454 651 4508 gnos
676 4444 1012 4507 examinant,
1051 4459 1153 4497 non
1194 4456 1438 4500 naturam
1471 4448 1522 4502 in
1561 4446 1670 4513 eis,
1712 4450 1805 4504 sed
1840 4450 2090 4505 delictum

2206 3268 2533 3323 naturalium
2565 3269 2851 3330 bonorum,
2881 3279 3020 3334 quae
3047 3279 3112 3320 ex
3141 3262 3449 3319 conditione
3474 3275 3569 3314 sua
3613 3266 3781 3311 attra-

2203 3369 2413 3424 xerant,
2456 3360 2733 3430 patiantur
2765 3357 3079 3423 interitum;
3111 3356 3309 3426 gaudet
3331 3351 3780 3420 contemplatione

2204 3450 2450 3505 veritatis
2486 3451 2541 3503 in
2582 3450 2703 3514 his,
2732 3448 2825 3518 qui
2860 3447 3151 3517 perlectam
3190 3444 3578 3501 beatitudinem
3610 3440 3777 3510 possi-

2204 3543 2360 3607 dent;
2388 3541 2584 3611 gaudet
2603 3540 3068 3596 administratione
3096 3536 3570 3594 substantialitatis
3596 3535 3648 3587 in
3671 3534 3777 3595 his,

2204 3632 2293 3701 qui
2330 3647 2551 3686 suorum
2581 3631 2897 3688 delictorum
2939 3644 3144 3699 poenas
3174 3628 3419 3690 solvunt;
3452 3626 3503 3678 in
3532 3623 3776 3679 omnibus

2204 3732 2338 3788 tota,
2364 3721 2622 3793 perfecta,
2650 3736 2746 3777 suo
2771 3719 2961 3777 similis
2988 3717 3263 3782 Creatori,
3294 3715 3501 3771 cunctis
3524 3712 3801 3771 vitiorum

2202 3815 2474 3879 sordibus,
2507 3814 2703 3884 quibus
2745 3815 2797 3868 in
2835 3814 2937 3868 hac
2965 3811 3180 3867 mortali
3217 3825 3383 3865 carne
3424 3807 3587 3863 veluti
3629 3805 3803 3871 lepra.

2200 3906 2433 3975 quadam
2478 3905 2769 3960 deformari
2823 3912 2880 3958 et
2925 3902 3114 3957 violari
3162 3902 3501 3957 extrinsecus
3554 3896 3772 3993 patitur,

2199 4003 2447 4064 purgata,
2480 3994 2532 4047 in
2559 3994 2846 4064 pristinum
2880 3991 3205 4047 conditionis
3233 4004 3362 4045 suae
3388 3998 3585 4043 statum
3621 3991 3771 4039 resti—

2201 4092 2311 4137 tuta
2342 4091 2675 4148 revertetur,
2712 4082 3069 4152 redemptoris
3095 4090 3152 4136 et
3177 4080 3509 4149 suseeptoris
3536 4078 3617 4134 sui
3652 4092 3771 4145 gra-

2200 4172 2273 4239 tia
2315 4180 2586 4228 revocata.
2635 4172 2772 4226 Hinc
2809 4171 2967 4226 datur
3001 4169 3256 4240 intelligi,
3296 4168 3439 4237 quod
3485 4168 3538 4221 in
3586 4176 3769 4221 natura

2198 4276 2404 4326 rerum,
2447 4269 2573 4330 post
2615 4259 2797 4317 mundi
2845 4258 3005 4329 hujus
3041 4259 3311 4313 sensibilis
3353 4254 3767 4311 consummatio-

2198 4364 2320 4403 nem
2346 4390 2360 4414 ,
2395 4349 2540 4404 nulla
2574 4348 2813 4412 malitia,
2844 4348 2985 4401 nulla
3027 4363 3173 4403 mors
3207 4347 3607 4415 corruptionem
3640 4345 3771 4397 infe-

2200 4451 2345 4502 rens,
2378 4437 2521 4492 nulla
2549 4436 2767 4492 miseria
2797 4436 3040 4508 fragilem
3065 4437 3118 4490 in
3147 4438 3249 4490 hac
3274 4435 3453 4488 adhuc
3479 4435 3585 4487 vita
3610 4445 3773 4486 male-

515 4532 753 4601 torqueri
780 4540 1055 4603 appetunt.
1089 4535 1353 4600 Quoniam
1385 4553 1511 4593 vero
1539 4539 1730 4593 delicta
1770 4556 1867 4609 per
1888 4555 1968 4607 se,
2000 4555 2096 4594 na-

2206 4526 2333 4579 riem
2383 4525 2629 4580 inliciens
2679 4527 3033 4595 relinquetur.
3080 4526 3269 4580 Omnia
3311 4526 3509 4595 quippe
3546 4524 3767 4580 visibilia

515 4619 675 4672 turali
719 4619 962 4687 subjecto
1006 4631 1284 4690 segregata
1313 4663 1328 4687 ,
1366 4627 1558 4692 punire
1614 4643 1718 4680 non
1766 4637 2013 4696 possunt,
2046 4629 2091 4693 ',

514 4717 798 4779 propterea
832 4723 1028 4777 corpus
1068 4709 1227 4763 simul
1267 4728 1389 4766 cum
1418 4716 1611 4770 delicto
1645 4718 1891 4786 puniunt.
1925 4718 2094 4773 Natu-

514 4809 699 4849 rarum
729 4803 908 4849 autem
936 4795 1172 4873 optimus
1205 4800 1481 4864 conditor,
1515 4804 1789 4871 piissimus
1819 4809 2089 4874 provisor,

508 4884 845 4955 iustissimus
871 4882 1186 4941 delictorum
1214 4889 1266 4942 in
1307 4890 1411 4958 his,
1443 4895 1533 4962 qui
1578 4909 1635 4948 se
1657 4908 1917 4965 spernunt
1948 4909 2041 4953 aut
2066 4902 2087 4931 ⁸

520 4979 800 5044 nesciunt,
829 4978 1005 5040 ultor.
1029 4982 1183 5048 punit
1219 4982 1271 5036 in
1300 4992 1488 5037 natura
1508 5026 1523 5050 ,
1554 5001 1716 5055 quam
1760 4988 1915 5054 fecit,
1956 4991 2090 5045 deli-

516 5075 691 5132 ctum,
713 5067 855 5137 quod
883 5084 989 5125 non
1020 5068 1167 5134 fecit,
1200 5071 1436 5128 liberans
1463 5089 1527 5127 ex
1559 5075 1773 5144 delicto,
1801 5093 2088 5148 separaris-

512 5172 641 5227 que,
679 5159 821 5228 quod
856 5158 1009 5225 fecit,
1048 5159 1409 5231 ineﬁ'abilique
1446 5166 1605 5221 modo
1639 5168 1689 5220 in
1718 5183 1807 5234 eo,
1846 5173 1987 5239 quod
2014 5171 2091 5227 fe-

513 5248 614 5314 cit,
636 5247 901 5318 impunito
927 5251 1102 5320 punit,
1130 5260 1187 5305 et
1209 5260 1270 5307 ut
1298 5254 1478 5310 verius
1505 5257 1701 5325 dicam,
1730 5262 1905 5329 puniri
1935 5266 2085 5332 sinit,

2197 4624 2253 4668 et
2280 4614 2566 4668 invisibilia
2601 4615 2654 4668 in
2685 4615 2795 4669 suis
2825 4616 3004 4669 causis
3030 4618 3338 4686 quiescent;
3366 4615 3478 4669 sola
3507 4630 3636 4671 vero
3665 4613 3768 4668 illi-
3802 4670 3809 4679 ,

2197 4707 2299 4760 cita
2340 4706 2587 4762 voluntas
2617 4706 2879 4760 malorum
2905 4708 3179 4762 hominum
3210 4718 3264 4762 et
3284 4708 3618 4779 angelorum,
3648 4722 3770 4759 san-

2194 4797 2335 4849 ciata
2356 4811 2650 4864 pravorum
2681 4795 2761 4849 sui
2792 4796 2834 4827 ¹⁸
2863 4810 3069 4849 morum
3109 4798 3367 4853 memoria
3414 4794 3769 4850 conscientia-
3801 4850 3805 4858 _

2194 4902 2301 4954 que
2329 4887 2378 4937 in
2403 4886 2580 4954 scipsa
2612 4884 2977 4954 torquebitur,
3009 4900 3132 4941 cum
3161 4886 3229 4939 de
3265 4886 3348 4939 his
3368 4924 3381 4945 ,
3414 4896 3553 4951 quae
3583 4883 3634 4934 in
3668 4882 3767 4936 hac
3804 4948 3811 4953 .

2194 4976 2301 5029 vita
2335 4976 2434 5029 sibi
2464 4986 2764 5044 optaverat,
2790 4987 2847 5031 et
2883 4975 3063 5030 futura
3097 4976 3200 5031 sibi
3239 4974 3595 5043 cogitaverat,
3637 4973 3771 5025 nihil
3804 5034 3809 5043 ,

2198 5066 2455 5121 inveniat.
2498 5065 2564 5119 In
2599 5066 2692 5119 illa
2730 5067 2866 5120 enim
2894 5066 2937 5097 ¹⁶
2963 5067 3046 5120 die
3079 5067 3318 5134 peribunt
3363 5080 3536 5118 omnes
3578 5063 3772 5133 cogita-
3804 5124 3809 5131 ,

2196 5157 2361 5211 tiones
2382 5173 2582 5211 eorum.
2607 5156 2972 5225 Cogitationes
2998 5155 3134 5211 dixit
3155 5157 3441 5225 perituras,
3462 5169 3568 5208 non
3594 5164 3771 5207 autem

2194 5247 2541 5302 substantias.
2585 5246 2689 5301 Sed
2714 5261 2850 5316 quas
2882 5245 3234 5316 cogitationes
3271 5246 3390 5299 ait?
3431 5244 3608 5299 Vanas
3649 5259 3773 5311 pros
3846 5252 3849 5253 '

1788 5371 2041 5431 VARIAE
2076 5378 2478 5434 LECTIONES.

1470 5479 1490 5508 ²
1532 5481 1756 5533 exterior
1797 5497 1905 5535 om.
1931 5484 2038 5537 CF.

1447 5547 1468 5576 ‘
1489 5548 1603 5600 dico
1644 5564 1751 5601 0m.
1780 5550 1845 5603 A.

594 5470 611 5503 ¹
644 5467 895 5544 Sic_Cl'_‘;
936 5471 984 5544 A_
1019 5488 1215 5544 organa
1259 5475 1392 5544 ejus.

510 5538 890 5607 pronuntiarit.
964 5538 1122 5594 'eitis
1169 5538 1371 5597 οηιῘΑ.

512 5605 617 5659 cati
654 5605 878 5659 initium.
959 5609 999 5638 "
1038 5611 1080 5660 A
1106 5627 1240 5664 eain.

516 5675 560 5723 Α
596 5671 824 5732 deiﬁcat.
903 5678 944 5708 ⁸⁵
979 5678 1061 5727 sui
1100 5694 1206 5731 om.
1239 5682 1303 5732 Λ.
1384 5685 1423 5713 ιδ
1451 5687 1584 5736 enim
1616 5671 1723 5738 om.
1756 5691 1795 5736 Α

2118 5487 2139 5517 ³
2164 5487 2247 5540 CF
2274 5489 2370 5540 rite

1921 5554 1940 5583 "
1971 5555 2010 5605 A
2045 5556 2262 5622 possint.

1320 5615 1361 5644 ¹’
1391 5616 1479 5667 Sic
1525 5616 1691 5680 ACF;
1729 5619 1767 5670 ι’
1805 5621 1913 5673 rad.
1952 5615 2093 5675 corr.
2135 5626 2471 5679 immutabili.

2409 5488 2916 5557 philosophantium.
2994 5488 3017 5520 ’⁵
3052 5488 3142 5544 Sic
3181 5489 3253 5555 C;
3293 5489 3334 5542 A
3371 5496 3699 5557 prommtmt,
3730 5485 3768 5538 F

2340 5558 2361 5587 ⁸
2391 5559 2430 5630 A.
2464 5575 2586 5630 αα.-
2620 5557 2710 5630 ἶΑ
2741 5574 2850 5630 esse
2888 5577 2989 5630 ηοη
3011 5570 3207 5630 roma
3285 5558 3329 5591 ¹⁰
3359 5561 3403 5612 Α
3438 5560 3608 5630 amris
3652 5573 3770 5630 ρεσ-

2546 5626 2589 5656 ”
2621 5625 2817 5698 Sic_CF
2842 5644 2855 5691 ;
2885 5628 2926 5682 A
2968 5623 3361 5698 gloriosissima.
3440 5627 3484 5657 ”
3513 5623 3605 5681 Si}:
3643 5623 3771 5689 CF",
