4168 6284
601 396 706 455 947

1994 388 2275 449 JOANNIS
2313 389 2482 446 SCOT
2488 390 2509 444 ι

3778 398 3887 454 948

599 510 749 569 nitas
786 509 1155 578 perturbatur,
1192 508 1375 576 accipe
1405 508 1796 577 paradigmata.
1830 509 1939 561 Acr
1987 507 2087 560 iste
2135 505 2173 566 ',
2209 505 2255 562 Α
2286 501 2700 566 incendendum,
2759 516 2851 556 seu
2897 501 2966 555 ad
3008 499 3111 554 alia
3157 514 3384 571 corpora
3427 516 3593 558 sensu
3638 506 3881 572 eareptia

605 612 718 666 quo
741 596 1249 661 circumfundimur,
1281 606 1337 651 et
1377 611 1485 667 quo
1515 596 1777 665 spirantia
1817 606 1873 651 et
1916 597 2191 671 respiran-

604 687 685 739 tia
715 700 813 755 per
848 684 1133 755 pulmones
1182 685 1348 739 veluti
1385 701 1481 753 per
1520 685 1762 742 t‘abrinos
1810 687 1965 743 folles
2011 689 2188 759 ignem

602 762 784 829 cordis
815 789 1030 845 semper
1071 773 1310 841 suillam,
1342 775 1597 847 nulloque
1627 779 1888 847 temporis
1917 788 2189 837 monrento

601 863 773 933 sepiri
811 877 935 919 eum
965 872 1157 919 natura
1205 866 1337 919 sinit
1387 866 1732 932 animalium,
1782 868 1988 925 lucidas
2028 870 2189 924 simul

603 962 882 1024 tetrasque
912 952 1017 1010 fert
1058 955 1228 1011 nubes
1248 996 1264 1021 ,
1299 956 1418 1011 illas
1467 957 1684 1027 quidem
1715 958 1910 1014 solaris
1941 959 2073 1014 radii
2107 976 2191 1014 re-

602 1044 861 1112 ceptivas,
898 1043 1019 1099 illas
1040 1059 1170 1100 vero
1195 1044 1522 1115 repulsivas;
1570 1046 1696 1102 illae
1724 1064 1792 1103 ex
1816 1049 2189 1117 superioribus

602 1132 920 1187 tenuitatem
944 1132 1224 1203 fulgidam,
1248 1134 1534 1191 aelhereac
1563 1138 1783 1207 puritati
1812 1139 2187 1208 propinquam,

597 1235 708 1290 qua
736 1220 939 1287 lucent,
970 1222 1279 1293 accipiunt;
1329 1224 1454 1280 illae
1482 1242 1610 1281 vero
1660 1230 1681 1259 ³
1726 1243 1795 1282 ex
1841 1228 2189 1285 inferioribus

598 1307 928 1364 densitatem
962 1311 1328 1379 tenebrosam,
1355 1316 1591 1369 terrenis
1640 1317 1891 1372 sordibus
1934 1318 2187 1383 similem,

599 1413 706 1468 qua
756 1401 930 1458 lucem
963 1412 1246 1473 respuunt,
1275 1408 1597 1463 attrahunt:
1649 1409 1763 1478 ipse
1792 1419 1972 1465 autem
2012 1428 2107 1467 aer
2136 1412 2190 1466 in

598 1490 851 1564 omnibus
891 1506 1025 1548 suae
1059 1507 1275 1564 semper
1306 1497 1622 1553 subtilitatis
1650 1508 1706 1554 et
1733 1501 2045 1557 serenitatis
2091 1504 2191 1556 im-

600 1579 854 1659 mobilem
896 1582 1134 1638 custodit
1166 1584 1499 1654 qualitatem,
1548 1603 1649 1644 nec
1685 1590 1738 1644 in
1791 1591 2024 1647 nubibus
2071 1609 2191 1648 cor-

598 1672 860 1740 porascit,
901 1689 1001 1730 nec
1055 1691 1181 1732 cum
1230 1679 1750 1746 perturbationibus,
1800 1697 1941 1752 quas
1979 1679 2192 1750 sun‘ert,’

596 1760 979 1830 perturbatur;
1009 1764 1147 1820 lucis
1182 1780 1352 1836 capax
1399 1775 1455 1823 et
1502 1769 1870 1836 tenebrarum,
1913 1775 2040 1829 dum
2087 1791 2184 1833 sua

2292 591 2575 645 nutrienda
2623 604 2729 644 non
2763 587 3007 647 sullicere
3053 590 3259 660 absque
3283 590 3389 644 ulla
3427 591 3768 661 corpulentia
3804 595 3885 647 in-

2292 683 2566 744 termixta,
2617 681 2874 749 quoniam
2927 681 3141 751 igneum
3174 682 3504 750 aércumque
3550 683 3881 741 elementum

2289 784 2388 840 per
2414 783 2473 824 se
2498 770 2598 823 sibi
2624 770 2851 824 invicem
2868 769 3192 840 junguntur,
3243 772 3319 825 ita
3350 779 3411 826 ut
3441 772 3646 827 nullum
3670 785 3882 831 motum

2290 861 2600 915 sensibilem
2625 859 2880 928 eﬂiciant,
2918 878 3048 932 prae
3078 863 3240 917 nimia
3270 878 3401 918 suae
3449 874 3675 922 naturae
3708 869 3887 924 subti-

2289 951 2459 1017 litate,
2474 967 2614 1022 quae
2636 967 2851 1023 semper
2874 954 3054 1023 quieta
3076 962 3180 1019 est,
3198 956 3457 1026 omnique
3473 960 3882 1026 perturbatione

2289 1050 2516 1098 remota.
2547 1042 2681 1097 Dum
2710 1056 2841 1098 vero
2867 1042 3215 1099 inferioribus
3247 1059 3306 1099 se
3358 1045 3664 1112 elementis,
3703 1058 3883 1106 terrae

2289 1130 2411 1185 dico
2463 1139 2518 1185 et
2550 1145 2740 1199 aquae,
2791 1132 3108 1196 miscentur,
3156 1132 3212 1186 in
3247 1132 3461 1187 illorum
3493 1137 3879 1206 corpulentiori

2289 1218 2549 1288 qualitate
2571 1219 2679 1274 vim
2714 1234 2867 1276 suam
2894 1229 3172 1287 exercent,
3196 1231 3483 1293 metusque
3506 1240 3653 1291 suos,
3682 1228 3878 1296 quibus

2288 1322 2514 1377 corpora
2551 1309 2824 1365 sensibilia
2861 1311 3263 1379 administrant,
3307 1315 3629 1371 manifestos
3677 1318 3875 1389 depro-

2291 1411 2464 1456 munt.
2486 1401 2596 1456 lioc
2620 1409 2800 1457 autem
2825 1403 3136 1473 paradigma
3157 1414 3441 1475 propterea
3457 1407 3874 1475 introduximus,

2288 1500 2347 1546 ut
2375 1492 2750 1548 incunctanter
2774 1507 3192 1562 cognoscamus,
3212 1498 3506 1553 humanam
3541 1511 3791 1557 naturam
3821 1506 3876 1560 in

2290 1576 2697 1654 regenerationé
2728 1584 2845 1651 ejus
2873 1586 3279 1642 serenissimam
3303 1603 3428 1645 esse
3456 1589 3714 1658 futuram,
3748 1595 3877 1649 dum

2287 1674 2342 1728 in
2370 1689 2435 1729 ea
2468 1674 2542 1729 nil
2587 1683 2860 1731 terrenum
2900 1692 2995 1733 seu
3040 1679 3321 1734 humidum
3367 1696 3464 1737 seu
3513 1686 3876 1751 ponderosum

2288 1765 2643 1835 relinquetur,
2681 1767 2903 1823 omnino
2948 1768 3002 1823 in
3048 1769 3297 1839 spiritum
3336 1786 3640 1838 conversa;
3696 1775 3880 1830 diver-

598 1858 791 1933 natura
820 1868 996 1924 neque
1021 1854 1141 1911 luce
1167 1865 1412 1927 augetur,
1444 1874 1618 1930 neque
1639 1862 1878 1918 tenebris
1901 1866 2177 1931 minuitur,

2290 1869 2472 1909 sarum
2507 1864 2686 1910 tamen
2715 1856 3034 1925 qualitatum
3061 1836 3318 1928 capacem
3367 1860 3484 1916 fore
3536 1836 3744 1933 absque
3768 1866 3875 1920 ulla

597 1939 837 1997 calorem
866 1945 1060 2014 recipit
1079 1955 1136 2001 et
1162 1946 1354 2019 frigus,
1378 1949 1506 2004 dum
1533 1951 1836 2007 substantia
1860 1953 2029 2024 ipsius
2051 1956 2185 2011 nihil

599 2029 782 2105 calore
809 2048 985 2103 neque
1008 2034 1208 2106 frigore
1237 2039 1467 2108 patitur.
1502 2039 1852 2112 Corpulentia
1888 2044 2180 2114 siquidem,

598 2134 761 2191 quam
786 2138 853 2179 ex
888 2127 1118 2183 terrenis
1166 2131 1538 2199 aquaticisque
1578 2133 1599 2164 ³
1636 2135 1924 2202 vaporibus
1962 2138 2180 2208 accipit,

595 2213 741 2271 calet
766 2215 819 2268 in
858 2231 923 2271 eo
956 2227 1052 2272 aut
1089 2219 1269 2290 friget,
1305 2222 1357 2276 in
1404 2224 1579 2280 nubes
1617 2226 1989 2295 conglobatur,
2021 2231 2185 2284 verti-

603 2311 695 2357 tur
720 2314 883 2375 atque
926 2320 1177 2365 movetur
1207 2312 1260 2367 in
1310 2323 1526 2379 ventos,
1578 2316 1840 2372 densatur
1884 2336 1937 2373 in
1974 2321 2183 2390 pluvias

597 2396 925 2470 imbresque,
951 2404 1268 2475 coagulatur
1295 2406 1349 2460 iu
1391 2407 1544 2462 nives
1573 2410 1987 2480 grandinesque,
2032 2425 2185 2470 cete-

595 2500 794 2556 rasque
830 2492 1063 2561 species,
1101 2510 1237 2564 quas
1262 2511 1329 2550 ex
1366 2497 1659 2567 praedictis
1698 2502 2009 2569 vaporibus.
2044 2518 2183 2573 quos

591 2574 786 2633 Graeci
830 2581 1049 2654 ἀτμίδάς
1080 2594 1296 2651 vocant,
1346 2581 1632 2644 nascentes
1672 2590 1920 2660 simplex,
1950 2604 2007 2647 at
2033 2593 2055 2625 ⁸
2079 2596 2183 2664 spi-

596 2667 807 2724 ritualis
836 2682 1026 2727 natura
1058 2676 1205 2732 aéris
1226 2717 1241 2740 ,
1269 2677 1440 2731 donec
1470 2678 1521 2732 in
1562 2687 1773 2735 terrena
1799 2683 1823 2713 ⁵
1855 2683 2182 2754 lnunidaqne

594 2757 830 2830 pondera
848 2761 868 2792 ⁸
888 2772 1205 2831 graventur,
1233 2765 1499 2834 sustinet;
1530 2769 1644 2839 ipse
1659 2785 1811 2837 vero,
1836 2781 1891 2826 ut
1909 2773 2180 2842 praedixi-

593 2852 1046 2936 mus,puritatem
1068 2870 1220 2910 suam
1247 2868 1303 2911 et
1328 2859 1767 2927 spiritualitatem
1797 2864 2177 2936 incorruptibi-

592 2932 696 2991 lem
714 2940 973 3007 possidet,
990 2958 1166 3013 neque
1180 2947 1371 3015 purior
1399 2962 1574 3018 neque
1588 2950 1927 3020 spiritualior
1951 2955 2004 3008 in
2020 2932 2176 3022 luce,

590 3041 755 3096 quam
777 3029 834 3085 in
848 3032 1107 3099 tenebris,
1126 3051 1303 3105 neque
1313 3038 1583 3104 subtilior,
1601 3057 1775 3113 neque
1788 3044 1908 3114 plus
1923 3045 2176 3102 inferiora

589 3126 903 3193 se‘corpora
931 3134 1179 3194 penetrat
1208 3129 1265 3183 in
1294 3133 1702 3199 serenitatibus,
1744 3151 1906 3204 quam
1949 3139 2003 3194 in
2054 3154 2175 3208 per-

591 3210 988 3273 turbationibus
1039 3218 1173 3273 suis.
1208 3218 1347 3276 Hine
1374 3237 1404 3275 a
1452 3201 1786 3293 philosophis
1838 3201 2173 3287 Graecorum
2204 3201 2248 3262 Ο

587 3304 909 3359 vocabulum
964 3307 1066 3362 sibi
1116 3310 1438 3373 attributum
1507 3322 1597 3368 est
1662 3317 2012 3386 condignum.
2066 3320 2175 3375 Aer

587 3390 732 3447 enim
760 3393 978 3461 dicitur,
1009 3396 1062 3450 id
1082 3405 1165 3451 est
1191 3399 1431 3466 spiritus,
1460 3401 1688 3472 ideoque
1718 3405 1945 3474 simplex
1977 3423 2040 3463 ac
2066 3410 2178 3478 spi-

588 3481 783 3569 rituale
812 3500 1010 3555 corpus
1035 3504 1066 3542 a
1091 3488 1336 3558 Physicis
1359 3493 1646 3559 vocitatur,
1672 3498 1814 3564 quod
1844 3498 1912 3552 ab
1948 3499 2053 3565 his,
2083 3502 2173 3569 qui

586 3567 800 3639 Olympi
862 3575 1060 3630 montis
1100 3578 1360 3633 verticem
1420 3583 1762 3650 ascendunt,
1811 3567 2178 3646 indubitanter

585 3659 937 3727 approbatur,
970 3663 1225 3732 quoniam
1248 3667 1377 3724 illuc
1396 3670 1418 3703 ν
1439 3671 1580 3725 nulla
1610 3675 1785 3744 ἀτμίς,
1826 3675 1929 3731 hoc
1967 3686 2050 3734 est
2078 3695 2171 3734 va-

584 3750 817 3819 poratio,
838 3766 932 3807 seu
962 3754 1030 3809 de
1079 3764 1221 3813 terra
1269 3772 1365 3815 seu
1391 3761 1458 3817 de
1488 3778 1649 3833 aqua,
1696 3773 1875 3837 potest
1921 3773 2169 3827 exaltari.

583 3839 738 3907 Quod
776 3850 953 3900 autem
978 3846 1204 3902 inferior
1225 3865 1351 3920 pars
1395 3850 1531 3921 ejus,
1575 3856 1717 3911 aeris
1759 3858 1901 3924 dico,
1945 3875 2173 3930 vapores

582 3932 775 4003 recipit
816 3936 885 3991 ad
932 3934 1239 3996 mortalium
1287 3943 1598 4001 animalium
1648 3950 1934 4007 utilitatem
1962 3994 1978 4019 ,
2032 3972 2171 4026 quae

580 4023 786 4092 absque
815 4023 943 4081 ﬂatu
991 4030 1151 4086 aereo
1178 4032 1358 4089 vivere
1380 4050 1489 4091 non
1532 4038 1730 4106 valent,
1772 4041 1953 4097 divina
1990 4023 2173 4115 provi.

582 4112 767 4209 (lentia
792 4117 1204 4178 administrante
1231 4125 1548 4197 dispositum
1573 4139 1676 4186 est.
1712 4130 1770 4187 Si
1797 4134 1938 4189 enim
1966 4112 2171 4209 simpli-

578 4204 717 4298 citas
745 4208 888 4267 illius
930 4216 1140 4285 absque
1172 4216 1281 4272 ulla
1316 4219 1636 4279 humidttate
1678 4227 2017 4298 quadamque
2043 4204 2168 4285 cor-

578 4296 1163 4386 pulentiaiuterposita
1202 4308 1508 4366 mortalium
1550 4326 1836 4383 corporum
1886 4296 2167 4386 pulmones

576 4382 810 4473 inﬂaret,
855 4405 1192 4464 nequaquam
1241 4397 1425 4467 ignea'
1454 4382 1670 4468 natura,
1735 4382 2165 4473 quae'cordibus

574 4472 737 4567 inest,
775 4479 1009 4544 arderet,
1033 4497 1094 4538 ne
1117 4498 1218 4553 per
1260 4485 1364 4542 hoc
1386 4495 1558 4544 totum
1605 4472 1801 4562 corpus
1826 4493 2159 4567 frigesceret,

572 4563 771 4651 ealoris
808 4567 1006 4622 virtute
1049 4570 1344 4641 desertum,
1392 4592 1491 4646 per
1533 4594 1695 4651 quam
1753 4563 1928 4639 vitalis
1980 4597 2161 4642 motus

572 4650 820 4741 mortalia
852 4656 1090 4709 membra
1122 4660 1409 4718 ministrat.
1445 4665 1516 4721 Ut
1562 4650 1694 4741 ergo
1726 4674 1994 4730 subtilitas
2021 4678 2163 4733 aéris

572 4737 842 4807 adiunctis
885 4744 987 4798 sibi
1023 4748 1312 4814 vaporibus
1352 4752 1405 4805 in
1450 4737 1730 4823 pulmones
1774 4762 2018 4829 intraret,
2053 4766 2161 4821 for-

573 4833 874 4901 tioremque
903 4832 1389 4919 impetumfaciens
1420 4842 1593 4912 ignem
1619 4848 1800 4903 cordis
1823 4851 2154 4919 incenderet,

2289 1947 2645 2002 restitutionis
2687 1963 2818 2002 suae
2864 1950 3260 2019 permutatione
3313 1957 3408 2005 aut
3448 1954 3721 2008 contraria
3770 1956 3876 2010 sibi

2284 2042 2552 2110 passione.
2608 2040 2683 2099 Ut
2716 2042 2861 2096 enim
2911 2057 3006 2097 aer
3044 2041 3168 2109 iste,
3205 2058 3271 2098 ex
3312 2058 3421 2113 quo
3466 2044 3876 2103 similitudinem

2286 2132 2556 2200 quandam
2596 2131 2950 2186 humanitatis
2994 2132 3018 2164 ⁸
3070 2134 3394 2203 accepimus,
3445 2132 3716 2189 aethereos
3768 2135 3878 2192 de-

2286 2238 2446 2291 super
2474 2221 2807 2291 splendores,
2848 2222 3100 2277 deorsum
3143 2237 3273 2279 vero
3305 2232 3582 2279 concretas
3607 2238 3676 2279 ex
3717 2233 3877 2280 terra

2285 2320 2340 2366 et
2374 2325 2513 2381 aqua
2577 2312 2768 2381 recipit
2815 2312 3237 2383 fumigationes:
3293 2314 3366 2368 ita
3416 2314 3741 2379 humanitas,
3800 2315 3877 2369 ad

2288 2402 2572 2471 imaginem
2608 2402 2703 2457 Dei
2732 2402 2898 2467 facta,
2930 2402 3393 2459 irrationabilibus
3418 2412 3596 2457 autem
3619 2403 3735 2459 suis
3756 2419 3877 2458 mo-

2287 2492 2429 2547 tibus
2450 2492 2500 2546 in
2528 2508 2770 2549 amorem
2816 2507 2996 2548 rerum
3025 2492 3381 2559 sensibilium,
3431 2493 3596 2564 inque
3640 2507 3869 2563 corpora

2283 2584 2652 2651 corruptibilia
2678 2625 2692 2647 ,
2750 2598 2889 2653 quae
2943 2596 3063 2639 eam
3119 2592 3435 2656 aggravant,
3488 2583 3871 2639 miserabiliter

2284 2676 2453 2743 lapsa,
2480 2676 2606 2730 dum
2656 2685 2896 2746 tempore
2927 2675 3353 2746 regenerationis
3382 2675 3434 2729 in
3469 2674 3758 2744 antiquum
3778 2688 3867 2729 re-

2286 2766 2565 2821 vocabitur
2590 2774 2812 2831 statum,
2854 2767 3049 2822 divinis
3098 2766 3286 2832 radiis,
3324 2766 3379 2820 in
3428 2780 3489 2821 se
3514 2776 3573 2821 et
3616 2781 3778 2836 supra
3810 2780 3870 2821 se

2281 2856 2706 2926 splendentibus,
2768 2858 2821 2911 in
2881 2857 2964 2911 his
3028 2858 3119 2925 qui
3169 2856 3565 2912 deiﬂcahuntur
3618 2855 3868 2927 iulgebit,

2283 2946 2659 3016 temporalium
2687 2961 2817 3000 vero
2846 2949 2866 2980 ⁸
2896 2944 3312 3016 mortaliumque
3360 2961 3564 3011 rerum,
3595 2946 3869 3016 quibusin

2284 3038 2383 3091 hac
2420 3037 2524 3091 vita
2555 3036 2812 3101 inlicitur,
2839 3037 3235 3106 phantasticam
3289 3038 3607 3093 memoriam
3640 3036 3775 3092 infra
3806 3051 3869 3091 se

2280 3137 2336 3184 et
2358 3138 2511 3183 extra
2566 3128 2618 3182 in
2649 3128 2754 3193 his,
2785 3127 2877 3198 qui
2923 3130 3071 3184 omni
3109 3129 3446 3185 beatitudine
3486 3130 3866 3201 privabantur,

2280 3220 2587 3284 sustinebit,
2615 3236 2720 3275 non
2745 3230 2803 3274 ut
2833 3221 2947 3289 ipsa
2975 3222 3028 3276 in
3062 3222 3237 3294 seipsa
3277 3236 3483 3294 poenas
3516 3223 3649 3290 luat,
3679 3218 3771 3280 scd
3806 3232 3867 3277 ut

2282 3308 2391 3371 illa,
2419 3324 2558 3377 quae
2580 3320 2768 3365 contra
2789 3311 3121 3366 voluntatem
3139 3312 3416 3369 Creatoris
3437 3316 3519 3369 sui
3540 3322 3861 3380 attraxerat,

2278 3410 2431 3453 extra
2468 3401 2638 3470 ipsam
2686 3402 3030 3468 damnentur,
3060 3403 3379 3474 penitusque
3430 3414 3675 3475 pereant,
3707 3406 3866 3461 mali-

2280 3492 2410 3545 tiam
2439 3492 2577 3557 dico,
2604 3500 2659 3547 et
2683 3493 3038 3563 impietatem,
3070 3503 3361 3566 ceteraque
3402 3497 3670 3567 nequitiae
3692 3511 3864 3551 mem-

2275 3581 2394 3646 bra,
2435 3596 2575 3651 quae
2601 3596 2668 3637 ex
2715 3583 2970 3654 operibus
3003 3586 3211 3649 carnis,
3262 3586 3365 3641 hoc
3414 3595 3519 3653 est,
3568 3587 3861 3667 carnaliter

2274 3672 2490 3726 animae
2508 3673 2755 3738 viventis,
2781 3675 2971 3729 merito
2985 3675 3265 3746 originalis
3284 3677 3489 3745 peccati
3514 3678 3856 3732 occasionem

2275 3770 2622 3830 sumpserunt
2645 3785 2659 3827 ;
2686 3778 2826 3832 quae
2844 3765 2969 3819 dum
2993 3780 3091 3834 per
3104 3779 3163 3819 se
3184 3774 3543 3835 quaeruntur,
3558 3766 3689 3821 nihil
3705 3774 3823 3822 sunt
3836 3807 3850 3830 ,

2274 3852 2524 3921 quoniam
2548 3851 2602 3908 in
2621 3868 2847 3909 numero
2867 3868 3078 3921 eorum,
3098 3866 3238 3926 quae
3259 3871 3290 3910 a
3315 3857 3595 3913 conditore
3615 3858 3851 3913 omnium

2273 3943 2560 3999 substituta
2587 3954 2731 4009 sunt,
2762 3959 2867 3999 non
2897 3953 3043 4000 sunt.
3078 3947 3154 4000 Ex
3184 3947 3633 4003 irrationabilium
3655 3950 3852 4019 quippe

2273 4033 2583 4088 animalium
2608 4034 2959 4092 similitudine
2989 4035 3293 4092 rationabili
3319 4045 3543 4094 naturae
3567 4037 3851 4109 subrepse-

2272 4139 2354 4189 re,
2378 4124 2604 4195 ideoque
2638 4125 2691 4179 in
2714 4138 2776 4177 ea
2805 4125 3026 4179 omnino
3045 4125 3463 4194 datnnabuntur,
3495 4143 3565 4185 ne
3588 4130 3637 4183 ei
3660 4144 3848 4200 perpe-

2270 4222 2363 4269 tuo
2392 4223 2640 4281 noceant,
2672 4216 2917 4284 quamvis
2942 4215 2995 4270 in
3025 4217 3258 4285 propriis
3283 4217 3572 4289 impiorum
3602 4221 3845 4276 volunta-

2270 4305 2412 4360 tibus
2464 4305 2867 4361 recordationes
2911 4320 3121 4374 eorum,
3181 4308 3377 4378 quibus
3431 4313 3840 4381 torquebantur,

2266 4410 2647 4465 per-mansuras
2667 4411 2787 4451 esse
2810 4411 2913 4451 non
2942 4398 3012 4453 sit
3032 4399 3353 4470 negandum.
3391 4400 3554 4456 Aliud
3578 4411 3660 4458 est
3679 4403 3843 4467 enim,

2264 4501 2478 4541 omnem
2513 4486 2776 4541 malitiam
2804 4488 3131 4557 generaliter
3150 4489 3203 4543 in
3224 4491 3369 4561 omni
3394 4491 3631 4547 humana
3653 4505 3842 4548 natura

2265 4579 2483 4652 penitus
2511 4580 2736 4647 aboleri,
2761 4581 2905 4637 aliud
2933 4583 3249 4653 pbantasias
3276 4584 3415 4654 ejus,
3439 4586 3676 4642 malitiae
3699 4587 3837 4653 dico,

2265 4668 2324 4722 in
2351 4668 2567 4739 propria
2589 4671 2919 4725 conscientia
2942 4687 3153 4739 eorum,
3176 4689 3313 4745 quos
3340 4676 3395 4730 in
3425 4677 3528 4732 hac
3552 4679 3657 4732 vita
3687 4677 3842 4731 vitia-

2262 4768 2433 4824 verat,
2462 4774 2675 4829 semper
2695 4763 2921 4824 scrvari,
2973 4780 3145 4836 coque
3174 4768 3332 4822 modo
3357 4782 3570 4838 semper
3612 4767 3788 4838 puniri
3816 4786 3831 4823 :

2259 4851 2710 4919 quemadmodum
2730 4853 2873 4908 aliud
2887 4864 2988 4920 est,
3017 4858 3245 4913 eandem
3269 4860 3555 4913 humanam
3584 4865 3836 4912 naturam

573 4927 855 5020 limpterea
901 4903 1125 4980 inferior
1166 4914 1293 4998 pars
1321 4932 1464 4987 aeris
1489 4932 1635 4989 circa
1677 4943 1848 4994 terras
1878 4954 2151 5012 aquasque
2256 4942 2310 4995 in
2333 4956 2485 4996 suam
2511 4945 2760 5013 gratiam,
2783 4962 2943 5016 quam
2965 4952 3238 5017 peccando
3269 4950 3591 5020 perdiderat,
3620 4948 3839 5004 divinae

571 5006 786 5076 diﬂ‘usa,
814 5011 1149 5073 humiditatis
1185 5021 1657 5094 corpulentiaeque
1686 5041 1854 5099 capax
1887 5006 2021 5086 facta
2048 5006 2156 5102 est,

572 5098 778 5169 absque
799 5116 930 5159 suae
952 5106 1383 5177 simplicissimae
1428 5098 1913 5190 serenissimaequc
1933 5098 2156 5179 naturae

569 5186 655 5240 vel
682 5195 1048 5265 corruptione,
1114 5198 1198 5254 vel
1241 5201 1588 5272 detrimento,
1635 5207 1717 5263 vel
1765 5186 2151 5279 additamento,

569 5279 654 5335 vel
695 5281 801 5339 ulla
842 5290 1161 5358 mutatione,
1215 5293 1301 5348 vel
1341 5299 1811 5358 transmutatione.
1862 5303 2153 5375 Propterea

571 5380 753 5432 autem
775 5378 911 5449 dlxi,
944 5384 1162 5442 aéreum
1188 5387 1359 5444 solum
1387 5391 1634 5462 spiritum
1669 5396 1736 5451 ad
1765 5395 1941 5467 ignem
1975 5401 2154 5456 contis

2259 5030 2515 5087 videlicet
2541 5033 2790 5106 imaginis
2816 5036 3130 5107 dignitatem
3158 5040 3393 5106 restitui,
3417 5038 3562 5093 aliud
3583 5038 3841 5094 uniuscu-

2253 5122 2451 5194 jusque
2485 5123 2778 5182 electorum
2827 5129 3103 5200 propriam
3149 5131 3203 5186 in
3256 5131 3413 5187 bonis
3450 5131 3660 5187 meritis
3706 5145 3834 5186 con-

2258 5214 2561 5282 scientiam,
2587 5231 2690 5285 qua
2714 5217 2766 5272 in
2796 5218 2900 5273 hac
2927 5219 3033 5273 vita
3087 5219 3196 5276 Deo
3223 5236 3322 5276 suo
3361 5222 3415 5275 in
3442 5219 3693 5277 omnibus
3720 5235 3836 5275 ser-

2256 5307 2492 5372 vierunt,
2510 5321 2670 5376 super
2690 5323 2904 5364 omnem
2922 5303 3273 5386 humanitatis
3290 5312 3549 5368 virtutem
3572 5311 3836 5376 deificari,

2253 5413 2426 5469 eoque
2447 5398 2605 5454 modo
2630 5413 2843 5469 semper
2862 5415 2925 5456 ac
2950 5400 3108 5457 beate
3134 5402 3335 5470 vivere,
3365 5413 3422 5459 et
3449 5418 3614 5475 super
3631 5401 3837 5468 omnia,

1854 5546 2110 5603 VARIAE
2149 5548 2547 5607 LECTIONES.

569 5697 593 5733 τ
621 5633 909 5733 ἐληίζετῆ
926 5640 1028 5721 (ζει,
1088 5645 1107 5674 ²
1138 5662 1257 5699 vero
1283 5663 1393 5702 om.
1434 5650 1537 5704 CF.
1618 5653 1637 5683 ³
1669 5652 1710 5707 Α
1743 5664 1790 5709 et
1827 5658 2102 5724 aquaticis.

624 5730 630 5733 _
662 5716 710 5733 In
833 5722 845 5733 ο
949 5708 1055 5733 .ΙΙ--
1174 5713 1195 5733 ι
1219 5714 1301 5733 nn
1338 5719 1351 5733 ι
1539 5722 1549 5733 ο
1641 5724 1649 5732 υ
1764 5725 1787 5733 _
1832 5727 1844 5733 -

621 5698 711 5759 Sic
729 5703 813 5759 CF
832 5722 848 5773 ;
876 5705 921 5763 Α
949 5708 1073 5764 illic.
1174 5713 1195 5745 '
1218 5698 1710 5779 CFVVI't'um'dn-t'tati.“
1743 5698 1789 5756 νί

2203 5661 2223 5693 ⁵
2252 5661 2296 5717 Α
2325 5671 2393 5717 et.
2476 5665 2496 5695 ⁸
2529 5664 2616 5723 Sic
2638 5665 2759 5733 CF;
2792 5668 2836 5726 Α
2879 5648 3103 5729 interna.

3203 5673 3222 5704 ⁶
3255 5672 3344 5731 Sic
3368 5673 3454 5731 CF
3469 5690 3482 5741 ;
3511 5674 3555 5729 Α
3585 5674 3833 5746 pandere.
