4168 6284
342 405 448 465 949

1194 399 1282 453 Ι)ιί
1322 398 1657 454 DlVlSlONE
1697 399 2045 459 NATURAE.
2085 432 2156 448 -υ
2192 404 2391 460 LIBER
2431 406 2750 474 QUINTUS.

3504 406 3614 470 950

341 523 642 586 quaesnnt,
665 512 911 570 exaltari.
936 511 1011 567 lbi
1036 512 1180 566 enim
1206 502 1389 576 erunt,
1412 510 1499 565 ubi
1522 520 1604 565 est
1635 512 1742 576 ille,
1766 529 1925 582 quem
1955 518 2002 575 A
2032 516 2208 570 dicam
2236 518 2302 571 de
2334 518 2438 583 bis,
2467 519 2556 587 qui
2586 519 2747 573 fidem
2769 522 3088 577 catholicam
3116 523 3454 594 protitentur,
3480 540 3611 581 car.

342 607 399 665 in
427 605 532 661 liae
558 604 668 659 vita
715 601 1039 658 dilexerunt.
1067 608 1122 654 et
1160 614 1377 671 semper
1409 614 1532 653 eum
1560 601 1740 655 videre
1769 616 1931 677 appe-

344 701 598 759 tiverunt.

411 788 504 844 32.
529 786 665 843 Hinc
699 803 715 820 ι
749 786 990 841 occurrit
1014 793 1335 856 qumt-uprex
1354 784 1932 841 rationaliscreaturae

341 879 575 937 theoria.
604 877 787 933 Prima
813 878 957 932 enim
983 875 1282 947 speeulatio
1304 875 1472 944 ipsius
1501 883 1587 929 est
1612 876 1665 929 in
1691 877 1931 946 generali

340 970 431 1026 illa
451 977 507 1023 et
535 967 810 1023 communi
859 965 1319 1035 substantiallque
1353 965 1576 1028 virtute,
1605 980 1713 1034 qua
1740 980 1932 1022 omnes

338 1060 588 1117 homines
641 1057 803 1113 simul
840 1064 899 1116 et
936 1055 1106 1112 semel
1145 1056 1198 1109 in
1246 1054 1421 1124 prima
1467 1052 1587 1123 ejus
1623 1054 1933 1121 conditione

338 1164 460 1205 eam
492 1148 842 1219 participant,
870 1147 987 1201 sive
1030 1146 1158 1204 boni
1197 1146 1306 1201 sint
1337 1144 1452 1200 sive
1502 1144 1650 1199 mali.
1684 1143 1932 1200 Secunda

339 1241 395 1300 in
425 1238 866 1310 processionibus
896 1237 1064 1306 ipsius
1088 1237 1141 1290 in
1166 1236 1309 1290 banc
1333 1235 1500 1288 vitam
1531 1233 1810 1289 mortalem
1835 1250 1933 1304 per

339 1328 677 1399 singulorum
698 1328 980 1383 hominum
1021 1342 1086 1382 ex
1138 1326 1456 1395 corporibus
1502 1325 1928 1395 generationem.

341 1414 525 1471 Tertia
574 1417 628 1471 in
669 1416 847 1473 reditu
901 1416 1070 1486 ipsius
1100 1414 1427 1481 generaliter
1468 1429 1567 1484 per
1611 1414 1843 1485 seipsam
1876 1416 1930 1471 in

342 1506 643 1580 angelicum
690 1515 915 1572 statum,
944 1521 1105 1575 quem
1130 1505 1369 1562 deseruit
1411 1505 1462 1559 in
1504 1506 1651 1561 hunc
1670 1506 1931 1560 mundum

344 1597 655 1653 scnsihilem
685 1597 906 1652 cadens.
959 1596 1164 1662 Quarta
1200 1595 1257 1650 in
1288 1595 1395 1660 bis,
1440 1595 1532 1665 qui
1560 1610 1678 1649 eam
1706 1595 1932 1667 partici-

338 1698 492 1764 pant,
514 1689 643 1743 etin
672 1687 775 1742 bac
798 1687 1014 1741 mortali
1065 1701 1231 1741 carne
1264 1686 1533 1751 viventes,
1557 1686 1764 1756 seipsos
1791 1701 1936 1741 eom~

341 1792 670 1847 nmnemque
714 1791 868 1832 suam
900 1786 1172 1842 naturam,
1206 1791 1272 1832 ac
1316 1791 1480 1846 super
1504 1776 1688 1832 omnia
1710 1774 1932 1830 Creato-

344 1881 458 1923 rem
506 1865 753 1923 omnium
797 1875 1145 1936 quaerentes,
1202 1867 1395 1921 merito
1423 1880 1555 1921 suae
1590 1866 1841 1935 propriae
1865 1880 1930 1920 ac

338 1959 517 2017 bonae
586 1959 903 2024 voluntatis,
958 1958 1133 2029 gratia
1201 1958 1337 2013 duce
1382 1958 1425 2022 ³,
1463 1957 1529 2013 ad
1587 1959 1953 2013 communem'

341 2069 473 2115 suae
486 2062 711 2108 naturae
721 2046 1089 2122 integritatem
1103 2051 1281 2105 redire
1290 2049 1471 2118 adepti
1497 2057 1646 2114 sunt,
1659 2064 1724 2104 ac
1736 2047 1928 2103 deinde

341 2146 483 2200 dono
505 2144 719 2199 divinae
746 2142 956 2212 gratiae
980 2155 1142 2211 super
1161 2140 1365 2204 omnia,
1381 2146 1505 2207 post
1526 2153 1587 2193 se
1615 2137 1927 2207 relinquen-

343 2250 424 2296 tcs
436 2239 641 2304 omnia,
661 2239 713 2294 in
730 2238 905 2307 ipsum
919 2236 1089 2291 Deum
1111 2232 1510 2290 transferentur
1526 2232 1570 2286 ⁸.
1599 2230 1799 2299 Quinta
1812 2243 1930 2298 spe—

341 2329 541 2384 culatio
568 2330 882 2392 esteorum,
908 2324 1000 2397 qui
1032 2321 1411 2379 universaliter
1431 2319 1598 2376 insita
1644 2327 1872 2374 naturae
1907 2315 1931 2349 "

343 2419 510 2485 bona,
536 2431 679 2488 quae
717 2417 996 2477 omnibus.
1038 2413 1255 2474 nemine
1295 2420 1549 2482 excepto,
1591 2410 1779 2467 divina
1826 2408 1933 2461 lar-

346 2509 515 2578 gitate
535 2514 880 2578 praestantur
904 2512 961 2560 et
980 2504 1422 2573 praestabuntur,
1452 2497 1834 2570 possidebunt:
1864 2496 1933 2551 ad

346 2614 559 2655 summa
592 2606 772 2652 tamen
796 2597 938 2651 dona
975 2597 997 2629 ⁵
1029 2595 1244 2650 divinae
1264 2593 1494 2664 gratiae,
1531 2606 1671 2660 quae
1695 2590 1827 2645 solis
1847 2588 1935 2658 ju-

346 2690 446 2747 stis
468 2686 707 2759 reposita
749 2702 814 2741 ac
846 2694 1174 2757 praeparata
1199 2692 1349 2747 sunt,
1382 2682 1666 2752 pervenire
1695 2694 1800 2736 non
1842 2693 1937 2748 po-

345 2790 545 2845 terunt,
590 2779 849 2848 quoniam
895 2779 947 2832 in
976 2779 1083 2833 hac
1106 2778 1218 2831 vita
1257 2777 1369 2830 D'eo
1392 2774 1598 2830 servire
1624 2772 1934 2836 noluerunt,

346 2872 722 2944 temporalium
769 2886 952 2927 rerum
998 2884 1184 2932 amore
1239 2866 1474 2931 detenti;
1522 2879 1630 2934 quo
1688 2863 1935 2918 videlicet

348 2981 535 3022 amore
562 2964 616 3021 in
641 2965 750 3020 alia
777 2964 913 3028 vita,
953 2962 1068 3017 sive
1094 2960 1149 3014 in
1180 2959 1309 3014 solis
1333 2957 1617 3012 animabus
1642 2954 1756 3010 sive
1788 2969 1936 3009 rece—

347 3056 458 3125 ptis
478 3054 816 3126 corporibus,
841 3052 991 3107 velut
1006 3048 1396 3121 inextinguibili
1419 3047 1632 3103 flamma
1646 3046 1934 3105 ardebunt.

347 3143 476 3198 dum
504 3143 612 3198 illic
639 3158 744 3198 non
773 3142 1046 3197 invenient
1070 3155 1159 3203 ea,
1185 3139 1383 3208 quibus
1404 3137 1495 3193 hic
1515 3137 1937 3206 intemperanter

812 3194 1493 3294 eo'ru'm'vanastalsasque
1512 3194 1828 3294 phantasias
1853 3223 1936 3277 vi-
1957 3194 2005 3267 β

347 3325 551 3387 dabunt
575 3364 591 3390 ,
637 3339 773 3395 quas
818 3338 941 3377 cum
970 3320 1139 3376 veluti
1171 3334 1328 3375 veras
1358 3332 1448 3373 res
1480 3315 1937 3386 comprehendere

344 3413 636 3478 voluerint,
660 3414 993 3467 umbrarum
1030 3412 1202 3465 instar
1232 3415 1560 3464 evanescent
1582 3410 1629 3470 ⁸,
1679 3406 1935 3476 quoniam

346 3506 576 3563 naturali
603 3506 949 3562 subsistentia
979 3514 1086 3559 non
1113 3502 1424 3557 fulciuntur.
1451 3499 1624 3560 Erunt
1644 3498 1935 3564 enim,sic-

346 3608 407 3655 ut
452 3597 714 3666 scriptum
757 3604 843 3650 est
875 3614 889 3649 :
932 3594 1148 3648 Vanitas
1181 3592 1472 3647 vanitatum
1506 3598 1554 3644 et
1592 3589 1769 3642 omnia
1792 3588 1939 3642 varii-

351 3698 456 3744 tas.
493 3688 648 3757 Ipsae
686 3696 844 3741 erunt
889 3684 1265 3755 cogitationes,
1306 3682 1373 3735 de
1410 3680 1606 3750 quibus
1648 3677 1935 3734 Psalmista

348 3780 445 3845 ait,
468 3779 611 3849 quod
634 3778 796 3834 etiam
824 3775 988 3848 paulo
1006 3773 1256 3844 superius
1282 3770 1680 3826 introduximus
1709 3786 1723 3823 :
1750 3767 1819 3821 1η
1839 3767 1936 3821 illa

350 3868 435 3924 die
464 3867 703 3938 peribunt
732 3882 907 3921 omnes
936 3863 1275 3934 cogitationes
1301 3875 1503 3915 eorum.
1529 3857 1611 3915 Ac
1638 3858 1684 3912 si
1710 3858 1934 3923 diceret,

348 3971 541 4013 omnes
573 3954 924 4026 cogitationes
946 3992 963 4018 ,
993 3966 1131 4021 quas
1167 3951 1222 4005 in
1252 3950 1357 4004 hac
1406 3948 1516 4003 vita
1542 3947 1609 4002 de
1638 3947 1801 4001 rebus
1826 3952 1934 3998 ter-

350 4046 499 4101 renis
548 4044 1032 4114 temporalibusque
1083 4040 1389 4101 animabus,
1413 4037 1527 4092 suis
1564 4034 1874 4092 carnalibus
1911 4035 1934 4068 '

348 4135 634 4192 desideriis
681 4133 847 4190 dediti
899 4132 1210 4195 indixerant,
1253 4130 1306 4182 in
1353 4127 1441 4181 illa
1470 4126 1577 4189 die,
1625 4125 1728 4179 hoc
1753 4134 1854 4187 est,
1883 4124 1936 4181 in

348 4226 685 4301 apparitione
706 4224 954 4279 veritatis
981 4222 1255 4299 peribunt,
1281 4217 1497 4288 quando
1540 4216 1608 4270 de
1646 4216 1732 4277 bis
1750 4254 1766 4278 ,
1795 4229 1937 4283 quae

349 4320 590 4374 viventes
631 4316 687 4371 in
727 4331 895 4372 carne
915 4306 1307 4383 cogitaverant,
1334 4305 1690 4364 resurrecturi
1735 4303 1789 4359 in
1826 4305 1940 4374 spia-

349 4407 458 4469 ritu
483 4407 613 4461 nihil
642 4406 933 4462 invenient.
965 4403 1104 4471 Quid
1134 4401 1281 4456 enim
1310 4397 1549 4469 perﬁdus
1567 4394 1826 4461 ludaeus,
1849 4410 1938 4453 ars

349 4510 550 4565 rogans
594 4493 889 4559 lsmaelita,
920 4493 1213 4547 exorbatus
1256 4489 1536 4559 impietate
1583 4502 1824 4558 paganus
1868 4486 1936 4540 de

349 4582 487 4640 falsa
514 4582 792 4649 felicitate,
824 4598 985 4651 quam
1028 4581 1131 4636 sibi
1158 4594 1296 4632 vana
1335 4576 1516 4646 opinio
1543 4575 1597 4630 in
1620 4575 1800 4629 futura
1823 4574 1933 4627 vita

350 4675 638 4745 promittit,
667 4672 939 4728 inventuri
966 4670 1132 4724 sunt?
1152 4670 1259 4723 Aut
1278 4676 1480 4737 quanta
1502 4667 1741 4730 tristitia,
1766 4681 1936 4734 quan-

350 4774 435 4819 tus
486 4764 661 4830 dolor,
709 4762 888 4834 qualis
930 4759 1152 4822 ﬂamma
1193 4769 1487 4835 perpetuae
1534 4757 1791 4828 egestatis
1841 4769 1935 4809 eos

351 4854 667 4924 torquebit,
727 4852 944 4923 quando
1004 4849 1136 4903 nihil
1181 4859 1522 4904 terrenarum
1582 4847 1959 4916 cupiditatum-

352 4943 768 5012 mortaliumque
813 4941 1150 5007 deliciarum,
1207 4956 1343 5012 quas
1391 4954 1486 5010 spe
1527 4955 1664 4993 vana
1714 4940 1940 4994 imbibev

353 5037 503 5093 rant,
541 5032 834 5100 repertori,
865 5031 1109 5101 nihilque
1143 5030 1223 5085 eis
1263 5028 1563 5085 remanebit
1582 5036 1804 5097 praeter
1845 5043 1937 5080 va-

352 5133 515 5173 cuam
537 5119 1245 5191 incomprehensibiiemque
1270 5135 1473 5183 rerum,
1502 5133 1635 5187 quas
1664 5118 1763 5175 sibi
1791 5118 1935 5173 futu-

352 5221 445 5260 ras
489 5220 613 5262 esse
655 5210 1027 5274 crediderant,
1092 5211 1341 5265 umbram
1396 5207 1704 5276 fugitivam?
1762 5206 1935 5271 Quam

350 5311 569 5365 semper
615 5302 1072 5368 comprehendere
1106 5302 1345 5356 volentes
1372 5309 1427 5354 et
1456 5316 1561 5353 non
1608 5299 1847 5353 valentes
1889 5299 1934 5362 ⁸,

350 5389 608 5456 quoniam
659 5388 796 5451 nihil
834 5398 940 5457 est,
986 5406 1191 5461 poenas
1232 5391 1382 5447 luent
1428 5398 1697 5451 aeternas,
1740 5397 1799 5442 ut
1830 5404 1935 5443 non

2032 606 2178 661 ualia
2214 615 2400 662 tamen“
2424 608 2527 662 sibi
2549 618 2604 663 et
2618 608 2817 679 ,localia
2841 620 2894 666 et
2918 614 3235 681 temporalia
3260 622 3317 669 et
3337 614 3613 670 sensibilia

2030 697 2171 753 bona
2206 697 2387 752 futura
2414 712 2535 753 esse
2562 699 2900 765 exislimant,
2927 680 3178 756 similiter
3201 703 3364 757 etiam
3392 702 3460 758 de
3484 718 3612 773 sup-
3674 680 3679 685 1

2030 785 2206 855 pliciis
2248 785 2602 842 infernalibus
2634 789 2984 845 arbitrantur.
3026 790 3129 846 Ubi
3169 793 3329 845 datur
3364 791 3609 862 intelligi,

2031 876 2175 944 quod
2202 876 2334 929 nihil
2369 876 2421 929 in
2453 886 2645 933 natura
2669 894 2847 934 rerum
2881 895 3083 951 poenas
3119 882 3371 950 patietur,
3397 889 3615 951 praeter

2031 981 2202 1021 .vanas
2225 967 2511 1036 impiarum
2556 969 2862 1023 animarum
2908 971 3261 1039 cogitationes
3310 972 3363 1024 in
3415 978 3615 1026 semet-

2031 1056 2165 1125 ipsis
2208 1065 2360 1111 extra
2405 1072 2619 1112 omnem
2668 1068 2938 1123 naturam,
2984 1059 3239 1127 quoniam
3284 1059 3336 1112 in
3386 1073 3615 1113 numero

2031 1158 2350 1204 naturarum
2383 1164 2485 1202 nou
2514 1159 2674 1215 sunt;
2708 1159 2774 1204 ex
2805 1149 2947 1204 mala
2972 1150 3116 1204 enim
3141 1150 3419 1204 voluntate
3442 1158 3615 1206 terre-

2029 1238 2221 1306 nisque
2257 1236 2546 1292 desideriis
2593 1237 2935 1293 occasionem
2977 1246 3323 1307 acceperunt.
3353 1238 3423 1292 Ut
3443 1238 3612 1303 enim,

2029 1329 2171 1396 quod
2200 1341 2361 1395 saepe
2382 1326 2636 1388 diximus,
2670 1324 2810 1379 ultra
2854 1339 3043 1379 omnes
3078 1325 3357 1380 naturales
3385 1326 3616 1380 virtutes

2026 1415 2294 1484 iustorum
2322 1413 2598 1468 beatitudo
2632 1428 2730 1483 per
2771 1412 3068 1468 conditoris
3098 1412 3325 1483 gratiam
3349 1411 3614 1469 exaltabi-

2031 1514 2142 1571 tur,
2170 1506 2242 1559 ita
2269 1504 2408 1559 infra
2429 1518 2642 1560 onmem
2667 1513 2916 1559 naturam
2940 1505 3226 1574 impiorum
3253 1504 3572 1574 supplicium
3591 1513 3617 1548 ν

2029 1612 2128 1667 per
2169 1595 2411 1664 ejusdem
2452 1596 2750 1651 conditoris
2776 1594 3043 1663 justitiam
3091 1580 3440 1666 deprimetur.
3477 1594 3618 1662 Quid

2030 1691 2177 1745 enim
2215 1688 2445 1743 inlerius
2469 1699 2573 1752 est,
2601 1696 2862 1758 extraque
2889 1703 3103 1744 omnem
3133 1695 3383 1742 naturam
3406 1686 3619 1743 demer~

2034 1780 2148 1835 sius
2188 1778 2427 1835 vanitate
2487 1778 2786 1833 vanitatum
2836 1776 3096 1846 falsisque
3142 1776 3620 1847 imaginationibus

1960 1849 2006 1907 Β
2033 1885 2240 1935 rerum,
2268 1884 2409 1939 quae
2433 1883 2648 1938 semper
2673 1867 2956 1943 peribunt?
2980 1867 3115 1923 Hinc
3140 1867 3268 1922 illud
3294 1866 3538 1922 mirabile
3559 1873 3617 1921 et

2031 1958 2423 2029 inexplanabile
2468 1958 2725 2012 nascitur.
2761 1958 3016 2011 Attamen
3076 1973 3205 2012 vera
3256 1958 3494 2021 ratione,
3532 1956 3617 2009 di-

2028 2055 2293 2123 vinaeque
2316 2052 2625 2121 Scripturae
2648 2046 2974 2107 auctoritate
3000 2052 3073 2106 ita
3099 2051 3211 2106 fieri
3240 2059 3296 2105 et
3320 2066 3425 2106 non
3450 2050 3613 2105 aliter

2030 2142 2308 2213 probatur,
2331 2141 2600 2212 quomodo
2621 2139 2667 2173 “
2688 2139 2823 2196 ultra
2846 2142 3025 2194 omnia
3047 2141 3310 2194 naturalia
3337 2128 3473 2195 bona
3493 2142 3622 2195 bea—

2032 2234 2308 2290 titicantur
2350 2231 2503 2299 justi,
2540 2246 2603 2287 ae
2628 2231 2791 2286 veluti
2826 2245 2893 2285 ex
2949 2231 3220 2286 contraria
3266 2238 3418 2301 parte
3468 2228 3608 2284 infra

2030 2322 2220 2377 eadem
2252 2320 2514 2374 naturalia
2545 2318 2682 2374 bona
2709 2319 3005 2388 puniuntur
3049 2320 3230 2389 impii,
3258 2328 3312 2373 et
3341 2317 3615 2388 quomodo

2032 2419 2226 2466 natura
2252 2410 2359 2470 ilia,
2388 2424 2549 2479 quam
2592 2418 2646 2462 et
2693 2409 2818 2464 boni
2871 2409 3201 2478 participant
3247 2415 3304 2462 et
3344 2407 3488 2481 mali,
3516 2420 3615 2462 ve-

2034 2503 2127 2557 luti
2154 2504 2194 2537 “
2225 2501 2486 2556 medietas
2525 2502 2787 2569 quaedam
2834 2501 3210 2566 constituitur,
3248 2488 3320 2554 ita
3352 2508 3415 2554 ut
3446 2514 3622 2568 neque

2033 2592 2365 2647 beatitudine
2418 2592 2681 2645 bonorum
2726 2601 3029 2662 augeatur,
3078 2605 3253 2659 neque
3301 2589 3620 2644 infelicitate

2035 2682 2300 2737 malorum
2330 2681 2626 2745 minuatur,
2652 2679 2767 2734 suis
2796 2678 3131 2733 solummodo
3156 2678 3492 2732 naturalibus
3515 2679 3616 2732 bo~

2035 2774 2119 2826 nis
2154 2772 2380 2828 subnixa
2410 2778 2791 2838 contentaque,
2817 2768 3055 2823 omnium
3085 2766 3413 2822 substantias
3440 2767 3617 2821 conti-

2035 2878 2190 2926 nens,
2230 2862 2410 2917 omnia
2439 2875 2535 2914 sua
2562 2858 2811 2914 omnibus
2860 2856 3315 2928 participantibus
3358 2870 3417 2911 se
3460 2856 3623 2911 mini-

2036 2961 2218 3011 strans
2277 2952 2343 3005 “.
2404 2948 2683 3019 Siquidem
2741 2947 2867 3003 inde
2911 2956 2997 3003 est
3046 2945 3315 3018 generalis
3375 2947 3619 3001 omnium

2034 3040 2230 3104 forma,
2259 3039 2349 3109 qui
2384 3053 2504 3094 eam
2547 3037 2902 3106 participant;
2956 3037 3081 3091 inde
3125 3035 3456 3106 singulorum
3494 3046 3621 3104 Spe-

2036 3132 2324 3186 cialissima
2342 3130 2575 3200 species,
2593 3128 3027 3198 pluralitatisque
3053 3127 3296 3183 infinitus
3320 3142 3614 3192 numerus;

2038 3223 2160 3276 inde
2208 3219 2417 3274 muneri
2458 3218 2919 3275 incrementorum
2947 3217 3322 3289 corporalium
3357 3232 3454 3286 per
3501 3216 3619 3272 loca

2037 3324 2093 3368 et
2125 3322 2386 3381 tempora.
2432 3309 2697 3379 Tempora
2740 3323 2883 3363 nunc
2907 3309 3029 3363 dico
3053 3308 3250 3378 spatia,
3272 3305 3472 3377 quibus
3499 3319 3623 3360 conn

2036 3419 2137 3473 pus
2159 3401 2449 3456 humanum
2476 3398 2543 3452 ad
2570 3397 2867 3468 perfectum
2889 3398 2973 3452 sui
3002 3397 3391 3452 incrementum
3418 3409 3611 3466 perve-

2039 3493 2138 3556 nit,
2162 3492 2278 3557 loca
2299 3505 2427 3545 vero
2449 3489 2604 3544 sedes
2625 3486 2956 3557 singulorum
2969 3486 3211 3557 'corporis
3234 3483 3620 3541 membrorum.

2036 3583 2161 3638 Inde
2186 3581 2230 3619 ι’
2268 3578 2538 3634 naturalia
2562 3577 2861 3635 accidentia
2888 3590 3172 3647 corporum
3200 3574 3615 3643 animarumque

2036 3673 2355 3743 procedunt.
2371 3670 2438 3724 Et
2462 3670 2587 3739 quid
2609 3667 2820 3722 (licata?
2839 3666 2914 3722 lla
2937 3666 3024 3721 illa
3042 3666 3355 3721 humanitas
3372 3664 3618 3722 omnium

2035 3763 2303 3836 generalis
2329 3777 2361 3816 a
2394 3761 2671 3816 conditore
2709 3773 2809 3815 suo
2859 3759 2999 3813 intra
3049 3758 3183 3813 duas
3225 3757 3328 3812 sibi
3380 3756 3615 3811 invicem

2036 3854 2313 3924 oppositas
2333 3850 2737 3915 extremitates,
2767 3850 2911 3903 inter
2936 3848 3247 3904 felicitatem
3274 3848 3396 3903 dico
3422 3846 3629 3903 electo-

2038 3958 2157 3996 rum
2186 3949 2241 3999 et
2286 3939 2657 3996 infelicitatem
2698 3938 3051 4007 reproborum
3083 3937 3277 3991 librata
3312 3943 3416 4001 est,
3461 3945 3522 3989 ut
3566 3935 3622 3989 in

2037 4034 2144 4098 his,
2175 4033 2266 4102 qui
2293 4032 2417 4086 boni
2441 4039 2585 4093 sunt,
2612 4030 2883 4098 quandam
2908 4025 3235 4082 ineﬂ‘abilem
3266 4024 3628 4094 pulchritudi—

2040 4137 2162 4185 nem
2191 4120 2327 4175 ultra
2367 4134 2493 4175 suas
2518 4118 2746 4173 virtutes
2780 4116 2956 4186 gratia
2984 4115 3246 4184 largiente
3290 4112 3359 4167 de
3405 4127 3621 4167 sursum

2038 4210 2286 4280 accipiat,
2318 4209 2373 4263 in
2403 4208 2489 4262 bis
2511 4216 2729 4269 autem,
2758 4204 2849 4273 qni
2876 4202 3001 4257 mali
3028 4210 3192 4265 sunt,
3214 4200 3419 4255 nullam
3451 4200 3621 4269 turpi-

2040 4305 2277 4359 tudinem
2308 4302 2559 4358 deorsum
2584 4296 2792 4369 justitia
2834 4295 3153 4365 prohibente
3196 4292 3243 4325 “
3285 4292 3339 4346 in
3389 4291 3621 4361 seipsam

2041 4392 2304 4451 attrahat.
2331 4391 2389 4451 lu
2408 4389 2522 4459 ipsa
2539 4385 2801 4457 siquidem
2817 4382 3018 4438 nullius
3032 4381 3308 4451 turpitudo
3329 4378 3499 4447 turpis
3517 4386 3618 4438 est,

2039 4497 2139 4538 nec
2164 4480 2370 4537 malitia
2414 4485 2595 4540 uocet,
2638 4490 2738 4531 nec
2780 4488 2936 4528 error
2971 4479 3140 4526 errat.
3184 4468 3328 4525 Suus
3374 4466 3624 4523 conditor

1964 4544 2013 4600 D
2038 4587 2219 4637 annue,
2244 4570 2384 4640 quod
2416 4569 2473 4628 in
2498 4583 2561 4623 ea
2592 4565 2740 4632 fecit,
2765 4571 3015 4629 exornat,
3063 4570 3121 4617 et
3167 4561 3313 4625 nullo
3336 4560 3498 4615 modo
3525 4574 3625 4629 pun

2040 4665 2149 4728 nit;
2174 4678 2335 4717 oume
2359 4672 2559 4723 autem,
2587 4658 2728 4729 quod
2752 4658 2804 4712 in
2829 4673 2894 4713 ea
2919 4672 3027 4712 non
3055 4655 3209 4721 fecit,
3232 4656 3284 4709 in
3312 4668 3374 4708 ea
3396 4651 3627 4707 sustinet

2041 4763 2095 4809 et
2130 4752 2277 4817 sinit,
2321 4762 2377 4806 et
2416 4751 2738 4820 impunitum
2774 4748 2890 4803 fieri
2922 4762 3030 4812 non
3072 4745 3358 4817 permittit.
3393 4741 3499 4796 Sed
3534 4738 3624 4796 illa

2042 4860 2211 4916 poena
2257 4841 2542 4912 dupliciter
2588 4838 2969 4907 intelligitur:
3020 4844 3113 4893 aut
3151 4835 3294 4890 enim
3338 4824 3532 4887 delicta
3570 4829 3623 4887 in

2042 4936 2143 4997 bis,
2178 4934 2269 5002 qui
2299 4933 2368 4987 ad
2398 4931 2724 5002 principium
2745 4944 2901 4984 suum
2934 4934 3301 4983 revertuntur.
3334 4938 3432 4992 per
3452 4919 3625 4974 indut-

2042 5023 2275 5092 gentiam
2302 5020 2632 5090 puniuntur;
2666 5026 2759 5075 aut
2787 5017 2843 5073 in
2880 5014 2983 5077 bis,
3014 5013 3107 5080 qui
3152 5027 3183 5065 a
3223 5008 3491 5087 principio
3520 5020 3622 5067 suo

2038 5126 2248 5179 semper
2266 5108 2497 5180 fugiunt,
2529 5113 2786 5175 perpetuo
2814 5109 3150 5171 torquentur.

2108 5201 2197 5255 55.
2238 5200 2295 5255 Si
2326 5207 2505 5254 autem
2544 5211 2574 5250 a
2612 5212 2696 5250 me
2728 5193 2976 5264 quaeris,
3000 5207 3107 5260 qua
3132 5189 3341 5245 ratione
3363 5192 3448 5253 ea,
3480 5200 3622 5257 quae

2040 5309 2068 5348 a
2100 5294 2208 5346 Deo
2240 5291 2379 5345 facta
2428 5304 2533 5343 nou
2585 5296 2730 5349 sunt,
2781 5286 2921 5337 intra
2963 5297 3045 5345 ea,
3091 5296 3232 5348 quae
3260 5280 3327 5334 ab
3373 5294 3441 5335 c0
3481 5277 3627 5335 facta

2040 5393 2201 5445 sunt,
2241 5381 2583 5437 continentur
2615 5378 2683 5441 ιδ,
2715 5384 2808 5429 aut
2855 5371 3124 5443 quomodo
3164 5384 3253 5441 ea,
3291 5385 3431 5439 quae
3470 5376 3627 5435 extra

1649 5477 1899 5534 VARIAE
1938 5462 2341 5533 LECTIONES.

428 5575 445 5607 ⁵
475 5574 568 5630 Stc
590 5575 632 5630 ε
664 5574 739 5640 F;
766 5580 811 5629 Δ
840 5575 958 5629 Hic.
1062 5577 1083 5607 ²
1114 5587 1285 5645 grana
1313 5591 1444 5628 auce
1470 5589 1580 5628 om.
1613 5573 1680 5645 A.

350 5643 375 5675 ⁸
401 5643 441 5697 Α
472 5657 805 5701 evanescunt.
906 5647 926 5677 "
969 5647 1059 5700 Sic
1079 5643 1195 5709 CF;
1222 5646 1264 5698 Α
1288 5647 1401 5697 suis
1429 5654 1476 5697 et
1500 5643 1828 5709 carnalibus.

352 5711 394 5776 Α
412 5716 677 5776 quoniam.
760 5719 799 5748 “
825 5716 981 5770 πνείειιὶ
1012 5732 1120 5770 om.
1148 5718 1209 5769 A.

353 5781 469 5848 CF;
503 5785 547 5845 Α
578 5788 731 5841 unde.
810 5786 853 5819 ”
892 5786 976 5841 CF
1005 5787 1294 5845 erhibente.
1375 5784 1416 5819 ’⁵
1446 5783 1528 5839 (2F
1556 5784 1901 5841 sustinentur.

1782 5571 1803 5603 ³
1837 5572 1929 5626 Sic
1956 5570 2082 5635 CF;
2119 5568 2160 5623 A
2194 5564 2583 5635 transferentes:

1904 5641 1927 5674 ⁸
1965 5650 2013 5693 et
2034 5629 2136 5692 non
2156 5629 2391 5696 palentes
2413 5648 2520 5686 om.
2561 5629 2625 5682 Δ.
2718 5629 2739 5660 ⁹
2778 5629 3232 5697 Asttppliciorum.
3275 5629 3589 5697 "fimckt'.

1291 5683 2228 5776 ῗῖ
2253 5683 2583 5757 naturalibus
2606 5697 2771 5767 (Iuniis
2798 5683 3124 5750 naturalibus
3139 5705 3246 5745 om.
3268 5687 3399 5759 CF.)
3424 5717 3436 5728 ο
3474 5684 3516 5716 ³³
3537 5683 3628 5747 Sic

2690 5559 2711 5589 ⁸
2742 5559 2781 5611 Α
2821 5566 3040 5611 naturae
3066 5552 3244 5605 insita.
3319 5551 3341 5581 ⁸
3366 5548 3452 5604 CF
3468 5561 3625 5600 nam.

2718 5629 2739 5660 ⁹
2778 5628 2818 5680 Α
2839 5624 3232 5692 suppliciorum.
3381 5617 3485 5692 ⁵ὃίίξ
3498 5614 3627 5692 ἶ
