4168 6284
508 368 607 423 (:5!

1871 359 2150 420 JOANNIS
2190 358 2385 415 SCOTI

3660 352 3767 407 952

507 482 798 538 humanam
833 486 1080 534 naturam
1120 485 1517 549 computantur,
1553 476 1692 530 intra
1739 488 1858 529 eam
1898 471 2074 543 puniri
2105 474 2151 529 Δ
2178 469 2418 523 omnium
2687 477 2907 536 Juficlttt‘
2932 484 2943 519 :
2972 465 3210 519 Lmdate
3246 464 3528 519 Dominum
3556 464 3622 518 de
3648 482 3772 518 cae-

507 580 755 642 possunt,
779 569 953 640 primo
988 570 1083 623 tibi
1131 568 1464 638 respondebo
1488 565 1644 635 juxta
1685 563 2082 632 simplicitatem

511 661 807 715 catholicae
835 658 957 713 ﬁdei
989 676 1000 712 :
1029 657 1159 723 Quis
1189 658 1423 726 cognovit
1463 670 1672 709 sensum
1712 653 1963 718 Domini,
1992 660 2085 705 aut

511 752 628 820 quis
650 749 981 804 consiliarius
1014 749 1128 813 ejus
1162 748 1305 816 fuit?
1333 754 1388 799 et
1419 746 1671 813 quoniam
1705 741 2086 812 investigabiles

511 847 631 892 sunt
664 839 680 868 ¹
711 837 823 889 viae
849 836 991 889 illius
1033 837 1087 888 in
1123 835 1263 888 omni
1291 843 1538 901 tempore.
1569 832 1676 886 Aut
1700 833 1721 862 ²
1742 830 2009 899 quomodo
2033 830 2088 883 in

511 927 762 996 operibus
787 925 906 996 ejus
926 937 983 980 et
1010 925 1341 995 providentia
1369 933 1423 976 et
1450 922 1686 977 bonitate
1709 931 1761 975 et
1778 922 1983 990 justitia
2008 935 2091 973 ra-

513 1017 590 1071 tio
620 1019 922 1085 quacritur,
959 1017 1047 1084 qui
1079 1030 1292 1068 omnem
1325 1013 1588 1067 rationem
1615 1020 1833 1079 superat
1855 1020 1909 1063 et
1933 1008 2092 1062 intel-

514 1108 738 1173 lectum,
770 1116 825 1161 et
852 1122 1013 1175 super
1044 1121 1225 1168 omne,
1246 1104 1387 1174 quod
1431 1102 1625 1157 dicitur
1659 1111 1716 1155 et
1757 1099 2091 1167 intelligitur,

514 1201 817 1256 exaltatnr?
847 1203 911 1254 Et
939 1200 960 1231 ³
988 1201 1031 1254 si
1084 1201 1148 1253 de
1187 1199 1384 1252 talibus
1410 1197 1669 1250 rationem
1700 1193 1873 1262 exigis
1899 1231 1914 1256 ,
1941 1192 2096 1261 exige

517 1291 787 1354 similiter,
822 1305 924 1358 qua
957 1289 1163 1342 ratione
1208 1287 1387 1340 omnia
1441 1287 1508 1339 de
1553 1283 1721 1338 nihilo
1764 1281 1904 1335 facta
1948 1286 2092 1342 sunt,

518 1392 623 1446 qua
657 1379 864 1432 ratione
903 1377 1129 1430 mundus
1163 1378 1261 1429 iste
1286 1374 1555 1435 solvetur,
1585 1379 1640 1425 et
1666 1371 1718 1423 in
1751 1382 1944 1421 causas
1970 1381 2098 1420 suas

521 1478 846 1533 revertetur,
888 1485 992 1538 qua
1018 1469 1040 1501 ⁸
1086 1470 1295 1522 ratione
1347 1464 1592 1519 mortalia
1635 1472 1814 1515 nostra
1870 1472 2095 1527 corpora

519 1571 627 1612 non
657 1559 826 1614 solum
858 1558 908 1610 in
936 1540 1259 1627 spiritualia,
1287 1570 1474 1610 verum
1502 1554 1661 1608 etiam
1685 1552 1737 1605 in
1763 1551 1970 1603 animas
1998 1563 2097 1601 no-

520 1656 684 1711 stras,
712 1656 770 1699 ut
809 1647 1069 1715 Gregorio
1100 1647 1272 1713 placet
1300 1650 1343 1710 ⁸,
1372 1643 1698 1703 transibunt,
1744 1655 1850 1708 qua
1891 1638 2101 1690 ratione

520 1750 641 1797 nos,
677 1736 765 1804 qui
805 1737 855 1788 in
886 1737 987 1789 hac
1019 1736 1126 1788 vita
1161 1734 1320 1788 veluti
1353 1731 1374 1764 ⁸
1403 1746 1469 1786 ex
1511 1731 1680 1785 tribus
1708 1729 1840 1782 satis
1868 1724 2096 1789 similae,

2183 558 2247 611 lis
2274 566 2328 611 et
2362 556 2581 611 cetera?
2608 554 2663 609 in
2692 553 2845 621 cujus
2866 555 2981 609 ﬁne
3019 555 3249 609 mirabili
3281 554 3607 625 Tlteologiae
3637 571 3768 609 con-

2185 645 2326 699 tuitu
2364 644 2707 713 apertissime
2733 643 2893 697 datur
2918 643 3162 713 intelligi,
3193 645 3336 713 quod
3362 644 3619 701 omniain
3651 643 3767 714 spi-J

2186 731 2437 785 ritualem
2462 739 2710 784 naturam
2738 743 3014 783 reversura
3047 740 3189 784 sunt.
3216 730 3292 784 lta
3317 732 3462 784 enim
3489 729 3766 786 concludi-

2187 827 2316 873 tur:
2349 818 2532 873 Omnis
2578 820 2792 886 spiritus
2824 818 2997 872 laudet
3035 819 3329 874 Dominum.
3383 820 3438 875 Si
3476 823 3619 875 enim
3651 824 3764 877 sola

2189 910 2331 964 intra
2361 911 2706 980 semetipsam
2736 910 2912 964 divina
2958 909 3169 964 bonitas
3205 913 3386 979 quieta
3428 912 3631 980 absque
3661 913 3767 967 ulla

2189 1001 2506 1068 operatione
2553 1008 2947 1069 perseveraret,
2981 1015 3085 1054 non
3129 998 3373 1055 fortassis
3423 1002 3596 1056 [audis
3641 1020 3771 1058 suae

2191 1089 2530 1143 occasionem
2561 1088 2800 1154 faceret;
2842 1087 2955 1157 jam
2986 1102 3116 1144 vero
3149 1089 3201 1143 in
3235 1091 3415 1144 omnia
3454 1092 3684 1146 visibilia
3713 1102 3772 1147 et

2195 1180 2482 1235 invisibilia
2528 1182 2758 1251 scipsam
2799 1180 3120 1247 diﬂ‘undens,
3146 1191 3199 1237 et
3239 1183 3290 1237 in
3320 1184 3568 1239 onmibus
3591 1187 3770 1241 omnia

2195 1273 2454 1336 existens,
2499 1273 2867 1327 rationabilem
2907 1274 3431 1344 intellectualcmque
3467 1285 3768 1330 creaturam

2199 1361 2264 1415 ad
2304 1362 2535 1431 scipsam
2583 1365 3011 1432 cognoscendam
3058 1376 3384 1421 convertens
3411 1408 3426 1433 ,
3471 1377 3768 1424 ceterarum

2197 1462 2327 1503 vero
2358 1465 2536 1504 rerum
2567 1453 2820 1522 pulchras
2845 1465 2899 1509 et
2928 1456 3348 1511 innumerabiles
3376 1458 3584 1526 species
3612 1460 3773 1515 ratio-

2201 1543 2361 1597 nubili
2401 1554 2458 1601 et
2505 1546 2850 1603 intellectuali
2898 1560 3178 1606 creaturae
3226 1552 3278 1606 in
3328 1555 3610 1608 materiem
3647 1572 3777 1612 suae

2201 1634 2375 1688 l;u;lis
2401 1647 2684 1705 praestans
2710 1680 2724 1702 ,
2770 1641 2843 1694 ita
2873 1642 3050 1695 omnia
3079 1641 3232 1707 fecit,
3276 1653 3336 1697 ut
3365 1644 3507 1698 nulla
3531 1658 3771 1701 creatura

2203 1727 2298 1786 sit,
2328 1743 2466 1795 quae
2493 1743 2597 1782 non
2641 1740 2733 1783 aut
2770 1745 2867 1800 per
2893 1731 3123 1799 scipsam
3163 1742 3219 1785 et
3246 1732 3299 1786 in
3340 1733 3538 1802 seipsa,
3565 1744 3657 1789 aut
3682 1752 3783 1805 per

520 1839 747 1893 corpore
792 1824 996 1878 scilicet
1027 1825 1047 1856 ⁷
1072 1837 1122 1878 ct
1164 1824 1340 1877 anima
1379 1831 1433 1876 et
1458 1820 1675 1890 spiritu,
1702 1816 1980 1886 compositi
2009 1830 2100 1868 su—
2133 1791 2177 1850 Β
2207 1820 2347 1873 aliud
2394 1834 2661 1873 summum
2708 1820 2907 1874 bonum
2955 1835 3060 1873 non
3113 1820 3312 1876 laudet.
3359 1823 3480 1878 Alia
3510 1826 3646 1880 ratio
3672 1837 3789 1891 est,

523 1928 689 1976 mus,
718 1914 771 1966 in
821 1912 1006 1966 futuro
1047 1912 1208 1965 veluti
1249 1913 1303 1965 in
1351 1925 1510 1963 unam
1555 1908 1823 1976 quandam
1872 1918 2105 1958 massam

523 2002 823 2069 simplicem
856 2001 1300 2055 fermentabimur
1330 2000 1381 2052 in
1413 1997 1822 2066 inseparabilem
1855 1995 2108 2064 spiritua-

524 2087 756 2151 litatem,
784 2096 842 2140 ut
868 2089 1155 2141 Ambrosio
1188 2087 1363 2157 placet
1388 2087 1443 2151 ’ς
1484 2100 1589 2154 qua
1620 2084 1827 2137 ratione
1866 2082 2109 2136 homines

464 2232 470 2240 ,
526 2179 782 2232 mortales
819 2193 915 2246 per
946 2188 1229 2242 naturam,
1258 2191 1419 2232 omne
1461 2175 1603 2229 enim
1628 2214 1643 2238 ,
1687 2173 1827 2241 quod
1871 2188 1899 2225 a
1932 2172 2111 2238 seipse

526 2281 633 2321 non
681 2267 889 2335 accepit
936 2280 1075 2330 esse,
1116 2265 1344 2319 mortale
1393 2264 1611 2326 dicitur,
1651 2262 1705 2315 in
1752 2258 2109 2313 immortalem

525 2355 693 2410 Deum
725 2354 1074 2419 mutabuntur
1103 2370 1199 2424 per
1226 2354 1455 2424 gratiam
1479 2353 1502 2406 ?
1522 2355 1599 2407 Ae
1627 2368 1692 2406 ne
1716 2351 1927 2420 longius
1956 2364 2113 2420 prae-

529 2445 666 2500 senti
695 2444 908 2514 negotio
934 2445 1218 2499 transitum
1244 2444 1423 2498 facere
1447 2443 1746 2504 videamur,
1771 2441 1815 2494 si
1843 2439 2061 2508 quaeris
2081 2454 2112 2492 a

533 2549 643 2597 me,
680 2548 785 2602 qua
817 2533 1047 2597 ratione,
1084 2530 1226 2601 quod
1258 2545 1364 2586 non
1401 2538 1485 2585 est
1520 2529 1812 2583 secundum
1841 2537 2112 2588 naturam,

529 2623 625 2678 sed
672 2632 829 2679 extra
879 2631 1163 2687 naturam,
1200 2619 1488 2689 expellitur
1533 2620 1672 2673 intra
1721 2626 1965 2672 naturam
1995 2617 2016 2648 '
2061 2625 2117 2669 et

530 2716 828 2772 sustinetur
856 2724 910 2770 et
946 2714 1187 2784 punitur,
1223 2713 1338 2782 ipsa
1372 2718 1565 2765 natura
1602 2708 1863 2777 impunita
1900 2720 2113 2776 perma—

529 2816 727 2871 nente,
781 2805 1137 2875 omnibusque
1198 2802 1488 2860 contrariis
1530 2800 1868 2871 passionibus
1907 2797 2114 2861 illaesa,

528 2912 784 2968 quaeram
815 2912 843 2949 a
882 2904 951 2957 te,
982 2911 1088 2965 qua
1120 2896 1329 2950 ratione
1352 2908 1439 2957 ea,
1466 2906 1608 2963 quae
1636 2892 1864 2945 virtutes
1889 2887 1932 2920 1°
1962 2895 2118 2941 natu—

531 3001 629 3041 rae
653 2984 946 3049 excellunt,
976 2986 1067 3054 qui
1102 2984 1248 3043 intra
1289 2982 1549 3037 terminos
1587 2986 1810 3034 naturae
1837 2975 2118 3033 continen-

532 3082 638 3137 tur,
661 3073 1033 3143 possidebunt,
1064 3073 1168 3127 hoc
1189 3079 1296 3137 est,
1320 3083 1426 3139 qua
1454 3067 1663 3122 ratione
1684 3065 1855 3121 sancti
1884 3072 1938 3121 et
1964 3071 2118 3116 natu-

2207 1923 2309 1975 qua
2352 1907 2530 1961 omnia
2572 1907 2638 1960 de
2686 1907 2852 1962 nihilo
2896 1906 3033 1963 facta
3064 1917 3204 1963 sunt.
3237 1909 3517 1967 Summum
3558 1915 3792 1980 bonum,

2208 1999 2348 2067 quod
2375 2015 2403 2052 a
2433 1999 2608 2067 seipse
2636 2005 2692 2051 et
2719 1999 2772 2052 in
2806 1999 2983 2068 seipso
3005 2000 3301 2056 subsistens
3327 2003 3521 2057 bonum
3547 2015 3648 2069 est,
3674 2021 3795 2061 non.

2208 2089 2394 2142 debuit
2424 2088 2695 2143 abstinere
2737 2105 2766 2142 a
2810 2090 3120 2144 conditione
3144 2090 3422 2158 bonorum,
3453 2109 3587 2163 quae
3614 2111 3713 2149 nec
3746 2112 3781 2149 ιι

2209 2177 2535 2246 semetipsis,
2571 2191 2670 2231 nec
2700 2177 2750 2230 in
2779 2177 3104 2248 semetipsis,
3135 2178 3229 2233 sed
3260 2180 3327 2233 ab
3361 2179 3473 2249 ipso
3498 2180 3551 2235 et
3577 2181 3627 2235 in
3662 2184 3799 2251 ipso.

2209 2266 2348 2319 bona
2385 2273 2532 2318 sunt.
2566 2265 2643 2319 Ac
2671 2279 2769 2333 per
2800 2266 2903 2320 hoc
2930 2281 2993 2320 ex
3028 2281 3132 2320 non
3172 2269 3518 2323 existentibus
3543 2271 3778 2326 existen-

2211 2356 2284 2408 tia
2306 2355 2531 2418 creavit,
2558 2369 2626 2409 ne
2646 2355 2809 2409 veluti
2838 2356 3068 2411 invidiae
3090 2359 3597 2427 reprehenderetur,"
3615 2370 3794 2416 retra-

2210 2445 2347 2499 hens
2372 2461 2428 2499 se
2456 2460 2486 2498 a
2516 2446 2897 2501 substitutione
2937 2434 3121 2502 eorum
3146 2488 3162 2515 ,
3211 2464 3351 2519 quae
3387 2452 3562 2520 potuit
3592 2453 3790 2507 substi-

2214 2543 2384 2589 tuere.
2412 2534 2659 2603 Alioquin
2687 2549 2861 2604 neque
2886 2537 3144 2593 Dominus
3164 2547 3328 2605 esset,
3352 2555 3527 2608 neque
3547 2544 3803 2597 conditor

2215 2631 2548 2687 naturarum,
2576 2638 2750 2692 neque
2775 2639 2993 2679 suorum
3021 2627 3283 2682 bonorum
3310 2630 3709 2698 copiosissimus
3736 2642 3797 2686 et

2216 2712 2270 2764 in
2296 2711 2446 2765 nullo
2470 2712 2725 2767 deﬁciens
2749 2712 2990 2783 largitor,
3019 2730 3192 2785 neque
3213 2711 3547 2787 iustissimus
3571 2722 3791 2779 merito-

2219 2816 2338 2854 rum
2359 2800 2547 2870 judex,
2572 2816 2747 2870 neque
2770 2803 3010 2857 omnium
3033 2806 3301 2873 provisor,
3332 2807 3378 2862 si
3408 2807 3549 2861 nihil
3563 2818 3771 2863 crearet

2287 2889 2376 2944 54.
2417 2890 2528 2944 Cur
2557 2896 2736 2945 autem
2782 2891 3014 2948 mundus
3050 2894 3152 2948 iste
3196 2894 3454 2959 solvetur,
3486 2897 3644 2966 inque
3667 2912 3809 2952 snas.

2218 2994 2413 3034 causas
2443 2988 2763 3044 revertetur,
2796 2980 2917 3036 talis
2954 2983 3092 3038 ratio
3121 2982 3382 3038 redditur.
3415 2984 3629 3049 Omnia,
3657 3002 3795 3054 quae

2218 3088 2283 3127 ex
2312 3086 2474 3127 causa
2502 3071 2737 3125 omnium
2768 3073 3085 3141 procedunt,
3111 3083 3167 3130 et
3197 3076 3241 3108 ¹⁸
3269 3090 3331 3130 ex
3367 3076 3795 3154 pt‘ititt‘tldiaﬁtug

530 3181 625 3221 rae
651 3180 781 3221 suae
812 3165 949 3221 lines
975 3181 1079 3221 non
1106 3165 1391 3230 excedent,
1420 3172 1476 3218 et
1505 3177 1589 3228 ea,
1622 3175 1760 3230 quae
1790 3159 1929 3214 ultra
1958 3164 2110 3212 natu~
2140 3140 2396 3218 C-cmsis
2425 3163 2478 3217 in
2509 3177 2572 3217 ea
2607 3163 2911 3218 constitutis
2950 3166 3179 3222 natura};
3213 3140 3384 3229 mou;
3404 3192 3559 3230 wn,“
3597 3178 3794 3246 ριιεηρῖ,

534 3272 648 3311 ram
678 3267 826 3323 sunt,
854 3258 993 3313 dona
1020 3258 1269 3312 videlicet
1291 3256 1498 3327 gratiae
1530 3250 1861 3326 suscipiant?
1886 3253 1955 3308 At
1990 3251 2034 3308 si
2063 3251 2117 3308 in

532 3347 619 3401 his
640 3348 892 3402 omnibus
924 3362 1029 3401 non
1071 3347 1246 3402 solum
1271 3345 1520 3408 humana,
1550 3360 1737 3400 verum
1765 3346 1931 3400 etiam
1958 3360 2123 3414 ange-

531 3438 638 3495 lica
664 3437 847 3491 deﬁcit
873 3437 1012 3489 ratio
1038 3438 1078 3468 “
1109 3445 1165 3489 et
1194 3435 1570 3505 intelligentia,
1595 3436 1808 3506 patiens
1824 3440 1962 3500 esto,
1993 3436 2121 3489 divi-

532 3542 742 3600 naeque
757 3528 798 3563 "
819 3527 1001 3585 virtuti
1031 3525 1569 3598 ineomprebensibil'r
1585 3527 1760 3582 locum
1786 3527 1874 3592 da,
1895 3542 2121 3595 eamque

535 3621 754 3677 silentio
796 3618 1113 3684 honoriﬁca,
1152 3619 1433 3687 quoniam,
1460 3618 1585 3673 dum
1630 3616 1697 3671 ad
1724 3632 1840 3671 eam
1867 3618 2118 3686 perveni—

536 3722 646 3775 tur,
673 3712 848 3765 omnis
886 3710 1027 3765 ratio
1066 3709 1250 3765 deﬁcit
1286 3719 1341 3763 et
1377 3708 1704 3771 intellectus,
1743 3718 1798 3762 et
1844 3709 1987 3763 inter
2028 3723 2124 3764 ee-

537 3811 674 3865 tera,
712 3815 853 3871 quae
894 3812 1108 3856 omnem
1147 3801 1411 3855 rationem
1442 3807 1498 3857 et
1538 3800 1868 3855 intellectum
1895 3815 2123 3869 exsupe-

541 3901 667 3947 rant
697 3894 768 3956 ¹³,
805 3891 1082 3946 humiliter
1125 3890 1363 3947 concede
1390 3905 1549 3960 posse
1584 3890 1698 3944 ﬁeri
1739 3890 1916 3945 divina
1939 3892 2122 3960 provi-

541 3982 723 4037 dentia
749 3983 1166 4038 administrante
1191 3998 1278 4047 ea,
1307 3998 1447 4052 quae
1469 3991 1524 4037 et
1548 3991 1702 4037 extra
1729 3992 1784 4037 et
1811 3993 1999 4039 contra
2026 3994 2124 4039 na-‘

539 4081 716 4127 turam
752 4080 913 4137 sunt,
960 4073 1160 4128 virtute
1206 4080 1433 4127 naturae
1463 4073 1712 4127 sustineri
1750 4082 1805 4127 et
1834 4073 1970 4127 intra
1988 4089 2121 4128 eam

531 4163 734 4232 puniri,
759 4165 871 4233 ipsa
901 4177 1114 4232 semper
1141 4164 1196 4217 in
1222 4163 1398 4232 seipsa
1428 4162 1679 4216 incolumi
1702 4163 1922 4218 omnino
1939 4163 1982 4195 “
2002 4179 2124 4232 per-

539 4262 842 4307 severante.
875 4252 943 4306 At
969 4254 1012 4307 si
1042 4254 1265 4318 dixeris,
1298 4255 1434 4307 haec
1460 4253 1642 4307 omnia
1671 4252 1882 4320 divinae
1906 4253 2123 4308 virtutis

535 4341 906 4396 inscrutabilia
952 4343 1211 4397 miracula
1230 4384 1245 4409 ,
1276 4343 1522 4411 quamvis
1556 4342 1701 4397 omni
1730 4351 2012 4396 creaturae
2037 4357 2124 4397 ra-

536 4432 778 4486 tionabili
810 4440 867 4486 et
897 4432 1213 4501 intelligibili
1241 4445 1567 4500 cognoscere
1593 4430 1924 4501 impossibile
1949 4439 2033 4484 est
2055 4433 2119 4496 ιδ,

536 4536 634 4574 cur
660 4521 863 4583 omnia,
892 4528 1031 4587 quae
1058 4520 1197 4574 facta
1228 4521 1499 4584 sunt,et“‘
1520 4520 1786 4587 quomodo
1806 4519 1946 4574 facta
1970 4529 2116 4586 sunt,

537 4626 642 4664 non
676 4619 852 4662 tamen
885 4609 936 4683 in
974 4610 1226 4663 omnibus
1247 4610 1603 4677 cognitionem
1632 4609 1839 4680 fugiunt
1861 4610 1923 4672 ",
1957 4618 2016 4663 ut
2051 4610 2119 4665 de

540 4700 620 4754 eis
648 4699 791 4751 nulla
819 4699 1076 4753 reddatur
1097 4700 1252 4766 ratio,
1278 4716 1375 4755 cur
1399 4700 1535 4756 facta
1565 4710 1708 4756 sunt.
1734 4702 2019 4773 Propterea
2046 4704 2118 4756 si-

538 4786 779 4856 quidem,
816 4786 1014 4855 inquis,
1044 4788 1222 4841 omnia
1252 4788 1319 4843 de
1346 4790 1511 4844 nihilo
1537 4789 1676 4843 facta
1724 4798 1868 4854 sunt,
1898 4798 1957 4843 ut
1982 4791 2120 4844 divi-

540 4892 644 4932 nae
667 4877 924 4932 bonitatis
948 4876 1243 4946 amplitudo
1264 4890 1319 4933 et
1341 4879 1563 4949 largitas
1580 4893 1679 4947 per
1699 4893 1785 4941 ea,
1805 4893 1943 4946 quae
1968 4877 2117 4944 fecit,

538 4976 596 5024 et
642 4968 1022 5026 ostenderetur
1069 4977 1124 5024 et
1188 4968 1519 5023 laudaretur.
1582 4966 1772 5021 Nonne
1815 4968 1918 5021 hoc
1967 4967 2126 5021 docet

539 5057 780 5129 [psalmus
827 5058 927 5115 iste
974 5060 1286 5131 pr0phetieo
1335 5059 1530 5127 spiritu
1572 5064 1821 5112 cantatus
1848 5096 1864 5123 ,
1910 5057 1964 5111 in
2018 5074 2126 5128 quo

537 5151 716 5206 omnis
769 5161 1017 5207 creatura
1070 5150 1359 5209 invisibilis
1414 5157 1470 5203 et
1527 5148 1755 5203 visibilis
1805 5148 2119 5207 Creatorem

2151 4487 2200 4546 ι)

2217 3254 2364 3329 piam
2408 3267 2621 3327 Semper
2670 3264 2968 3329 appetant,
3021 3272 3172 3317 extra
3216 3265 3358 3333 quod
3401 3266 3678 3335 quiescere
3706 3282 3797 3322 ne-

2217 3358 2438 3419 queunt.
2486 3348 2600 3402 Alia
2631 3351 2770 3404 ratio
2802 3368 2815 3404 :
2845 3350 3072 3417 Omnia,
3118 3370 3256 3422 quae
3289 3371 3355 3410 ex
3385 3355 3532 3411 fonte
3557 3357 3807 3411 omnium-

2218 3447 2460 3499 manant,
2492 3439 2839 3503 vilescerent,
2873 3441 2983 3496 imo
3020 3442 3185 3496 etiam
3226 3446 3443 3513 penitus
3468 3446 3723 3514 perirent,
3751 3445 3794 3499 si

2220 3529 2283 3582 ad
2318 3527 2519 3583 fontem
2570 3542 2724 3582 suum
2772 3529 2948 3584 redire
2995 3547 3169 3601 neque
3206 3543 3422 3602 possent
3456 3549 3629 3604 neque
3656 3535 3796 3589 redi-

2221 3628 2361 3673 rent.
2392 3620 2460 3672 At
2484 3618 2528 3673 si
2560 3618 2848 3674 visibilium
2882 3619 3086 3675 reditus
3116 3622 3167 3675 in
3196 3638 3322 3677 suas
3355 3624 3647 3678 invisibiles
3672 3639 3805 3676 cau-

2220 3724 2309 3767 sas
2339 3711 2738 3780 prohiberetur,
2772 3710 2927 3766 valde
2975 3713 3200 3767 naturali
3242 3715 3481 3768 omnium
3528 3715 3803 3769 desiderio

2222 3816 2326 3855 non
2357 3800 2527 3855 solum
2553 3800 2908 3865 contrarium,
2929 3814 3115 3856 verum
3148 3804 3310 3857 etiam
3346 3804 3496 3858 ﬁeret
3525 3805 3798 3859 nocivum.

2222 3888 2466 3943 Mortalia
2505 3902 2634 3943 vero
2679 3903 2903 3957 corpora
2940 3899 3121 3943 nostra
3149 3892 3190 3924 υ
3215 3907 3323 3945 non
3352 3891 3528 3946 solum
3560 3893 3610 3946 in
3642 3893 3795 3961 spiri-

2222 3979 2427 4042 tualia,
2476 3994 2665 4033 verum
2710 3980 2873 4033 etiam
2922 3979 2976 4033 in
3018 3982 3226 4036 animas
3267 3992 3480 4037 nostras
3520 3994 3796 4053 prepterea

2225 4069 2549 4133 transibunt,
2585 4070 2836 4138 quoniam
2887 4071 3146 4125 naturalis
3190 4073 3482 4128 necessitas
3526 4073 3685 4143 cogit,
3716 4081 3793 4135 ut,

2223 4161 2671 4231 quemadmodum
2714 4161 2893 4214 anima
2943 4161 3221 4217 rationalis
3270 4164 3337 4217 ad
3386 4165 3671 4236 imaginem
3704 4165 3795 4220 Dei

2224 4251 2365 4307 facta
2394 4252 2447 4305 in
2477 4266 2621 4316 cum,
2654 4250 2806 4319 cujus
2834 4251 3011 4321 imago
3039 4261 3120 4307 est
3148 4262 3201 4307 et
3227 4254 3541 4323 similitudo,
3572 4267 3797 4312 reverte-

2226 4352 2332 4406 tur,
2366 4344 2439 4396 ita
2470 4349 2525 4395 et
2554 4355 2771 4410 corpus,
2804 4342 2946 4409 quod
2992 4343 3057 4395 ad
3109 4342 3397 4413 imaginem
3438 4347 3651 4401 animae
3677 4387 3691 4411 ,
3736 4361 3798 4400 ac

2226 4430 2385 4484 veluti
2423 4431 2601 4499 imago
2626 4429 2877 4499 imaginis
2904 4440 2994 4485 est
3030 4430 3254 4498 factum,
3284 4435 3336 4488 in
3369 4451 3523 4490 suam
3562 4452 3804 4501 causam,

2225 4537 2364 4593 quae
2384 4529 2469 4575 est
2492 4522 2691 4587 anima,
2721 4537 2785 4576 ac
2813 4536 2911 4592 per
2935 4538 3054 4577 eam
3080 4525 3242 4579 veluti
3270 4529 3610 4583 medietatem
3638 4546 3799 4597 quan-

2224 4614 2347 4668 dam
2378 4613 2430 4666 in
2467 4611 2638 4680 ipsum
2672 4612 2861 4678 Deum,
2893 4615 2981 4682 qui
3014 4624 3098 4670 est
3139 4617 3296 4671 unica
3334 4620 3570 4674 omnidm
3614 4637 3795 4687 causa,

2223 4710 2488 4765 vertatur,
2528 4701 2672 4754 omni
2704 4708 2919 4756 terreno
2946 4704 3181 4772 pondere
3221 4716 3275 4760 et
3303 4707 3678 4776 eorporalitate
3704 4708 3795 4759 al:-

2225 4795 2476 4849 solutum.
2510 4793 2676 4863 Cujus
2723 4793 2801 4848 rei
2853 4794 3222 4866 paradigmata
3280 4796 3711 4852 manifestissima
3745 4797 3792 4829 ²⁰

2224 4892 2566 4953 promuntur.
2614 4882 2866 4938 Videmus
2906 4886 3051 4939 enim
3085 4886 3360 4942 humorem
3393 4889 3442 4940 in
3483 4886 3709 4950 fumum,
3741 4896 3796 4940 et

2228 4973 2433 5028 fumum
2484 4974 2539 5027 in
2583 4971 2890 5039 ﬂammam,
2923 4990 2984 5029 ac
3011 4991 3109 5045 per
3133 4979 3235 5034 hoc
3258 4978 3535 5032 humorem
3561 4977 3615 5031 in
3646 4976 3798 5033 llam-

2229 5077 2393 5126 mam,
2416 5060 2685 5117 ﬂammam
2715 5077 2845 5118 vero
2868 5063 2919 5118 in
2950 5065 3165 5133 igneum
3196 5068 3427 5123 transire
3451 5066 3793 5121 elementum.

2225 5151 2441 5224 Pbysici
2469 5152 2633 5208 etiam
2676 5154 2990 5224 perhibent,
3029 5155 3261 5211 solarem
3308 5156 3519 5212 radium
3548 5157 3615 5211 de
3641 5155 3795 5219 mari,

1802 5282 2079 5365 vitatas
2114 5283 2516 5342 LECTIONES.

613 5387 630 5418 ¹
667 5386 709 5440 A
740 5389 866 5442 sint.
941 5389 963 5420 ²
1002 5387 1186 5454 SicF;
1216 5387 1257 5444 C
1283 5398 1364 5455 et;
1389 5389 1487 5442 Aut
1509 5403 1615 5444 om.
1644 5388 1709 5443 A.

538 5469 653 5510 om.
683 5455 749 5508 Α.
808 5458 844 5490 ·⁷
876 5456 1071 5511 scilicet
1102 5474 1211 5515 om.
1259 5458 1324 5512 A.

541 5525 586 5558 “
622 5525 669 5577 Α
712 5526 847 5577 ratio
896 5526 1091 5580 deﬁcit.

539 5603 593 5646 et
617 5607 729 5646 om.
752 5592 794 5645 C
820 5594 881 5650 F.

544 5659 590 5713 Δ
613 5660 914 5725 manifesta.

1195 5531 1240 5561 ¹²
1272 5529 1316 5582 Α
1350 5538 1398 5582 et
1438 5529 1666 5583 divinae.

1789 5389 1809 5463 ἓ
1839 5390 1933 5463 Sic
1955 5391 2072 5458 CF;
2105 5392 2149 5446 Α
2170 5387 2293 5463 At.”
2333 5392 2356 5424 ’⁵
2383 5394 2487 5463 Aet
2507 5408 2633 5463 qua.

1400 5461 1422 5491 ⁸
1454 5470 1507 5513 ut
1552 5460 1823 5530 Ambrosio
1865 5460 2030 5530 placet
2060 5477 2170 5516 om.
2198 5461 2264 5516 A.

1776 5529 1821 5562 "
1857 5529 1901 5583 A
1940 5540 2210 5599 superant.

977 5603 997 5634 τ
1035 5596 1125 5650 Sic
1151 5596 1193 5651 C
1217 5597 1289 5664 F;
1335 5601 1379 5653 A
1409 5616 1567 5668 supra
1602 5599 1962 5671 cognitionem
1993 5596 2151 5668 ﬁunt.

2268 5386 2293 5393 .—

2710 5395 2732 5470 ἔ
2768 5406 2821 5470 ut
2845 5385 3094 5468 Gregorio
3123 5409 3292 5470 ptacet
3314 5416 3417 5455 om.
3435 5385 3578 5454 “.4”..-
3596 5401 3617 5432 ⁸
3645 5401 3799 5455 vetuli

2338 5463 2360 5534 _’
2390 5462 2479 5518 Sic
2503 5462 2542 5518 Ο
2566 5462 2641 5529 F;
2686 5464 2733 5517 A
2778 5467 2831 5520 in
2880 5462 3092 5522 καὶαι-α.
3123 5462 3133 5470 ’
3167 5468 3213 5502 ⁵⁸
3238 5470 3331 5525 Sic
3366 5470 3481 5534 CF;
3508 5470 3555 5525 Δ
3588 5471 3796 5525 virtute.

2313 5531 2357 5563 “
2396 5534 2605 5586 omnino
2633 5547 2741 5587 om.
2772 5535 2838 5591 A.
2934 5538 2978 5570 ¹⁸
3014 5539 3056 5591 Α
3105 5555 3235 5593 esse.
3330 5540 3376 5575 ¹⁶
3411 5531 3503 5592 cur
3530 5541 3703 5593 omnia
3729 5569 3799 5579 -——
3840 5556 3851 5567 '

2226 5602 2272 5676 ἕο
2303 5600 2393 5657 Sic
2420 5602 2543 5667 AF;
2576 5602 2713 5689 (Ioet.
2792 5606 2834 5638 ³ο
2869 5607 2914 5662 Α
2943 5616 3122 5662 nostra
3149 5624 3389 5674 corpora.
3467 5608 3515 5641 ”
3550 5608 3641 5664 Sic
3668 5607 3753 5664 CF
3778 5625 3796 5673 ;
