  <div class='ocr_page' id='page_1' title='image "/cluster/home/n/w/nwhite01/storage/ocr_20150623/122/pst.000018028355/514.png"; bbox 0 0 4168 6284; ppageno 0'>
   <div class='ocr_carea' id='block_1_1' title="bbox 346 334 468 390">
    <p class='ocr_par' dir='ltr' id='par_1_1' title="bbox 346 334 468 390">
     <span class='ocr_line' id='line_1_1' title="bbox 346 334 468 390; baseline 0 0"><span class='ocrx_word' id='word_1_1' title='bbox 346 334 468 390; x_wconf 74' lang='lat'><strong>955</strong></span> 
     </span>
    </p>
   </div>
   <div class='ocr_carea' id='block_1_2' title="bbox 1186 325 2747 395">
    <p class='ocr_par' dir='ltr' id='par_1_2' title="bbox 1186 325 2747 395">
     <span class='ocr_line' id='line_1_2' title="bbox 1186 325 2747 395; baseline -0.003 -8"><span class='ocrx_word' id='word_1_2' title='bbox 1186 333 1274 388; x_wconf 86' lang='lat' dir='ltr'><strong>DE</strong></span> <span class='ocrx_word' id='word_1_3' title='bbox 1315 332 1655 389; x_wconf 69' lang='lat' dir='ltr'><strong>DlVISlO‘NE</strong></span> <span class='ocrx_word' id='word_1_4' title='bbox 1690 327 2040 385; x_wconf 68' lang='lat' dir='ltr'><strong>NATL‘RAE.</strong></span> <span class='ocrx_word' id='word_1_5' title='bbox 2078 357 2147 366; x_wconf 88' lang='lat'>—</span> <span class='ocrx_word' id='word_1_6' title='bbox 2184 325 2383 381; x_wconf 70' lang='grc' dir='ltr'><strong>ωηιξη</strong></span> <span class='ocrx_word' id='word_1_7' title='bbox 2420 327 2747 395; x_wconf 74' lang='lat' dir='ltr'><strong>QUINTUS.</strong></span> 
     </span>
    </p>
   </div>
   <div class='ocr_carea' id='block_1_3' title="bbox 3531 327 3637 385">
    <p class='ocr_par' dir='ltr' id='par_1_3' title="bbox 3531 327 3637 385">
     <span class='ocr_line' id='line_1_3' title="bbox 3531 327 3637 385; baseline 0 0"><span class='ocrx_word' id='word_1_8' title='bbox 3531 327 3637 385; x_wconf 58' lang='lat'><strong>954</strong></span> 
     </span>
    </p>
   </div>
   <div class='ocr_carea' id='block_1_4' title="bbox 347 438 3641 515">
    <p class='ocr_par' dir='ltr' id='par_1_4' title="bbox 347 438 3641 515">
     <span class='ocr_line' id='line_1_4' title="bbox 347 438 3641 515; baseline -0.001 -14"><span class='ocrx_word' id='word_1_9' title='bbox 347 447 525 515; x_wconf 87' lang='lat' dir='ltr'><strong>deque</strong></span> <span class='ocrx_word' id='word_1_10' title='bbox 551 443 879 509; x_wconf 80' lang='lat' dir='ltr'><strong>ﬂuminibus,</strong></span> <span class='ocrx_word' id='word_1_11' title='bbox 909 444 1265 511; x_wconf 85' lang='lat' dir='ltr'><strong>omnibusque</strong></span> <span class='ocrx_word' id='word_1_12' title='bbox 1299 458 1562 512; x_wconf 88' lang='lat' dir='ltr'><strong>aquarum</strong></span> <span class='ocrx_word' id='word_1_13' title='bbox 1609 442 1938 497; x_wconf 89' lang='lat' dir='ltr'><strong>collectioui-</strong></span> <span class='ocrx_word' id='word_1_14' title='bbox 1966 444 2010 501; x_wconf 78' lang='grc' dir='ltr'><strong>Α</strong></span> <span class='ocrx_word' id='word_1_15' title='bbox 2041 439 2199 493; x_wconf 89' lang='lat' dir='ltr'><strong>dibus</strong></span> <span class='ocrx_word' id='word_1_16' title='bbox 2240 438 2402 508; x_wconf 87' lang='lat' dir='ltr'><strong>digna</strong></span> <span class='ocrx_word' id='word_1_17' title='bbox 2434 441 2486 505; x_wconf 79' lang='lat'><strong>°;</strong></span> <span class='ocrx_word' id='word_1_18' title='bbox 2528 446 2603 501; x_wconf 90' lang='lat' dir='ltr'><strong>et,</strong></span> <span class='ocrx_word' id='word_1_19' title='bbox 2633 447 2694 491; x_wconf 91' lang='lat' dir='ltr'><strong>ut</strong></span> <span class='ocrx_word' id='word_1_20' title='bbox 2719 438 2956 493; x_wconf 97' lang='lat' dir='ltr'><strong>breviter</strong></span> <span class='ocrx_word' id='word_1_21' title='bbox 2977 439 3176 507; x_wconf 80' lang='lat' dir='ltr'><strong>diram,</strong></span> <span class='ocrx_word' id='word_1_22' title='bbox 3202 453 3391 496; x_wconf 89' lang='lat' dir='ltr'><strong>omnes</strong></span> <span class='ocrx_word' id='word_1_23' title='bbox 3411 441 3641 499; x_wconf 85' lang='lat' dir='ltr'><strong>virtutes</strong></span> 
     </span>
    </p>
   </div>
   <div class='ocr_carea' id='block_1_5' title="bbox 349 529 1931 604">
    <p class='ocr_par' dir='ltr' id='par_1_5' title="bbox 349 529 1931 604">
     <span class='ocr_line' id='line_1_5' title="bbox 349 529 1931 604; baseline -0.003 -13"><span class='ocrx_word' id='word_1_24' title='bbox 349 537 454 594; x_wconf 87' lang='lat' dir='ltr'><strong>bus</strong></span> <span class='ocrx_word' id='word_1_25' title='bbox 502 538 916 604; x_wconf 88' lang='lat' dir='ltr'><strong>tuadoribusqne</strong></span> <span class='ocrx_word' id='word_1_26' title='bbox 967 536 1193 593; x_wconf 72' lang='lat' dir='ltr'><strong>terrenis</strong></span> <span class='ocrx_word' id='word_1_27' title='bbox 1248 536 1301 589; x_wconf 92' lang='lat' dir='ltr'><strong>in</strong></span> <span class='ocrx_word' id='word_1_28' title='bbox 1355 537 1591 603; x_wconf 88' lang='lat' dir='ltr'><strong>seipsum</strong></span> <span class='ocrx_word' id='word_1_29' title='bbox 1637 529 1931 596; x_wconf 82' lang='lat' dir='ltr'><strong>attrahere,</strong></span> 
     </span>
    </p>
   </div>
   <div class='ocr_carea' id='block_1_6' title="bbox 354 624 1947 696">
    <p class='ocr_par' dir='ltr' id='par_1_6' title="bbox 354 624 1947 696">
     <span class='ocr_line' id='line_1_6' title="bbox 354 624 1947 696; baseline -0.006 -16"><span class='ocrx_word' id='word_1_30' title='bbox 354 627 516 696; x_wconf 84' lang='lat' dir='ltr'><strong>inque</strong></span> <span class='ocrx_word' id='word_1_31' title='bbox 562 642 712 682; x_wconf 90' lang='lat' dir='ltr'><strong>suam</strong></span> <span class='ocrx_word' id='word_1_32' title='bbox 748 633 994 679; x_wconf 89' lang='lat' dir='ltr'><strong>naturam</strong></span> <span class='ocrx_word' id='word_1_33' title='bbox 1026 624 1187 678; x_wconf 87' lang='lat' dir='ltr'><strong>veluti</strong></span> <span class='ocrx_word' id='word_1_34' title='bbox 1230 624 1494 693; x_wconf 77' lang='lat' dir='ltr'><strong>quaedam</strong></span> <span class='ocrx_word' id='word_1_35' title='bbox 1519 624 1774 679; x_wconf 84' lang='lat' dir='ltr'><strong>alimenta</strong></span> <span class='ocrx_word' id='word_1_36' title='bbox 1802 638 1947 677; x_wconf 11' lang='lat' dir='ltr'><strong>con-.7</strong></span> 
     </span>
    </p>
   </div>
   <div class='ocr_carea' id='block_1_7' title="bbox 355 730 587 771">
    <p class='ocr_par' dir='ltr' id='par_1_7' title="bbox 355 730 587 771">
     <span class='ocr_line' id='line_1_7' title="bbox 355 730 587 771; baseline -0.009 0"><span class='ocrx_word' id='word_1_37' title='bbox 355 732 415 771; x_wconf 82' lang='lat' dir='ltr'><strong>Sll</strong></span> <span class='ocrx_word' id='word_1_38' title='bbox 424 730 587 769; x_wconf 89' lang='lat' dir='ltr'><strong>mere.</strong></span> 
     </span>
    </p>
   </div>
   <div class='ocr_carea' id='block_1_8' title="bbox 423 801 1937 873">
    <p class='ocr_par' dir='ltr' id='par_1_8' title="bbox 423 801 1937 873">
     <span class='ocr_line' id='line_1_8' title="bbox 423 801 1937 873; baseline -0.003 -14"><span class='ocrx_word' id='word_1_39' title='bbox 423 807 512 862; x_wconf 81' lang='lat'><strong>55.</strong></span> <span class='ocrx_word' id='word_1_40' title='bbox 566 807 640 860; x_wconf 88' lang='lat' dir='ltr'><strong>De</strong></span> <span class='ocrx_word' id='word_1_41' title='bbox 688 820 753 859; x_wconf 85' lang='lat' dir='ltr'><strong>eo</strong></span> <span class='ocrx_word' id='word_1_42' title='bbox 803 813 1023 868; x_wconf 90' lang='lat' dir='ltr'><strong>autem,</strong></span> <span class='ocrx_word' id='word_1_43' title='bbox 1070 804 1214 872; x_wconf 89' lang='lat' dir='ltr'><strong>quod</strong></span> <span class='ocrx_word' id='word_1_44' title='bbox 1267 818 1398 868; x_wconf 90' lang='lat' dir='ltr'><strong>nos,</strong></span> <span class='ocrx_word' id='word_1_45' title='bbox 1438 803 1530 873; x_wconf 86' lang='lat' dir='ltr'><strong>qui</strong></span> <span class='ocrx_word' id='word_1_46' title='bbox 1576 804 1628 856; x_wconf 94' lang='lat' dir='ltr'><strong>in</strong></span> <span class='ocrx_word' id='word_1_47' title='bbox 1679 803 1781 856; x_wconf 91' lang='lat' dir='ltr'><strong>hac</strong></span> <span class='ocrx_word' id='word_1_48' title='bbox 1826 801 1937 857; x_wconf 89' lang='lat' dir='ltr'><strong>vita</strong></span> 
     </span>
    </p>
   </div>
   <div class='ocr_carea' id='block_1_9' title="bbox 355 892 1937 968">
    <p class='ocr_par' dir='ltr' id='par_1_9' title="bbox 355 892 1937 968">
     <span class='ocr_line' id='line_1_9' title="bbox 355 892 1937 968; baseline -0.003 -19"><span class='ocrx_word' id='word_1_49' title='bbox 355 894 893 968; x_wconf 79' lang='lat' dir='ltr'><strong>compositisumus,</strong></span> <span class='ocrx_word' id='word_1_50' title='bbox 938 895 991 947; x_wconf 92' lang='lat' dir='ltr'><strong>in</strong></span> <span class='ocrx_word' id='word_1_51' title='bbox 1029 894 1328 963; x_wconf 84' lang='lat' dir='ltr'><strong>simplicem</strong></span> <span class='ocrx_word' id='word_1_52' title='bbox 1373 895 1643 962; x_wconf 89' lang='lat' dir='ltr'><strong>quandam</strong></span> <span class='ocrx_word' id='word_1_53' title='bbox 1676 892 1937 946; x_wconf 89' lang='lat' dir='ltr'><strong>unitatem</strong></span> 
     </span>
    </p>
   </div>
   <div class='ocr_carea' id='block_1_10' title="bbox 354 983 1939 1054">
    <p class='ocr_par' dir='ltr' id='par_1_10' title="bbox 354 983 1939 1054">
     <span class='ocr_line' id='line_1_10' title="bbox 354 983 1939 1054; baseline -0.001 -17"><span class='ocrx_word' id='word_1_54' title='bbox 354 984 746 1048; x_wconf 85' lang='lat' dir='ltr'><strong>adunahimur,</strong></span> <span class='ocrx_word' id='word_1_55' title='bbox 802 983 926 1038; x_wconf 83' lang='lat' dir='ltr'><strong>talis</strong></span> <span class='ocrx_word' id='word_1_56' title='bbox 982 984 1122 1039; x_wconf 87' lang='lat' dir='ltr'><strong>ratio</strong></span> <span class='ocrx_word' id='word_1_57' title='bbox 1175 994 1276 1038; x_wconf 89' lang='lat' dir='ltr'><strong>est.</strong></span> <span class='ocrx_word' id='word_1_58' title='bbox 1330 983 1627 1054; x_wconf 90' lang='lat' dir='ltr'><strong>Oportebat</strong></span> <span class='ocrx_word' id='word_1_59' title='bbox 1670 983 1939 1052; x_wconf 88' lang='lat' dir='ltr'><strong>siquidem</strong></span> 
     </span>
    </p>
   </div>
   <div class='ocr_carea' id='block_1_11' title="bbox 352 1072 1947 1141">
    <p class='ocr_par' dir='ltr' id='par_1_11' title="bbox 352 1072 1947 1141">
     <span class='ocr_line' id='line_1_11' title="bbox 352 1072 1947 1141; baseline -0.001 -15"><span class='ocrx_word' id='word_1_60' title='bbox 352 1073 639 1140; x_wconf 81' lang='lat' dir='ltr'><strong>imaginem</strong></span> <span class='ocrx_word' id='word_1_61' title='bbox 686 1072 851 1126; x_wconf 89' lang='lat' dir='ltr'><strong>unius</strong></span> <span class='ocrx_word' id='word_1_62' title='bbox 897 1089 963 1127; x_wconf 89' lang='lat' dir='ltr'><strong>ac</strong></span> <span class='ocrx_word' id='word_1_63' title='bbox 1016 1088 1259 1127; x_wconf 88' lang='lat' dir='ltr'><strong>summae</strong></span> <span class='ocrx_word' id='word_1_64' title='bbox 1311 1074 1634 1137; x_wconf 80' lang='lat' dir='ltr'><strong>Trinitatis,</strong></span> <span class='ocrx_word' id='word_1_65' title='bbox 1687 1087 1826 1141; x_wconf 90' lang='lat' dir='ltr'><strong>quae</strong></span> <span class='ocrx_word' id='word_1_66' title='bbox 1884 1072 1947 1125; x_wconf 91' lang='lat' dir='ltr'><strong>in</strong></span> 
     </span>
    </p>
   </div>
   <div class='ocr_carea' id='block_1_12' title="bbox 352 1161 1941 1231">
    <p class='ocr_par' dir='ltr' id='par_1_12' title="bbox 352 1161 1941 1231">
     <span class='ocr_line' id='line_1_12' title="bbox 352 1161 1941 1231; baseline 0.001 -17"><span class='ocrx_word' id='word_1_67' title='bbox 352 1162 529 1230; x_wconf 82' lang='lat' dir='ltr'><strong>seipsa</strong></span> <span class='ocrx_word' id='word_1_68' title='bbox 554 1161 931 1230; x_wconf 88' lang='lat' dir='ltr'><strong>inseparabilis</strong></span> <span class='ocrx_word' id='word_1_69' title='bbox 959 1169 1013 1216; x_wconf 90' lang='lat' dir='ltr'><strong>et</strong></span> <span class='ocrx_word' id='word_1_70' title='bbox 1040 1162 1269 1231; x_wconf 75' lang='lat' dir='ltr'><strong>simplex</strong></span> <span class='ocrx_word' id='word_1_71' title='bbox 1296 1172 1353 1216; x_wconf 91' lang='lat' dir='ltr'><strong>et</strong></span> <span class='ocrx_word' id='word_1_72' title='bbox 1382 1163 1736 1230; x_wconf 88' lang='lat' dir='ltr'><strong>incomposita</strong></span> <span class='ocrx_word' id='word_1_73' title='bbox 1758 1171 1859 1225; x_wconf 89' lang='lat' dir='ltr'><strong>est,</strong></span> <span class='ocrx_word' id='word_1_74' title='bbox 1885 1161 1941 1215; x_wconf 89' lang='lat' dir='ltr'><strong>in</strong></span> 
     </span>
    </p>
   </div>
   <div class='ocr_carea' id='block_1_13' title="bbox 356 1252 1954 1322">
    <p class='ocr_par' dir='ltr' id='par_1_13' title="bbox 356 1252 1954 1322">
     <span class='ocr_line' id='line_1_13' title="bbox 356 1252 1954 1322; baseline 0.001 -19"><span class='ocrx_word' id='word_1_75' title='bbox 356 1252 617 1305; x_wconf 68' lang='lat' dir='ltr'><strong>unitatem</strong></span> <span class='ocrx_word' id='word_1_76' title='bbox 642 1261 697 1305; x_wconf 90' lang='lat' dir='ltr'><strong>et</strong></span> <span class='ocrx_word' id='word_1_77' title='bbox 719 1252 1134 1320; x_wconf 81' lang='lat' dir='ltr'><strong>inseparabilem</strong></span> <span class='ocrx_word' id='word_1_78' title='bbox 1159 1252 1558 1320; x_wconf 86' lang='lat' dir='ltr'><strong>simplicitatem</strong></span> <span class='ocrx_word' id='word_1_79' title='bbox 1587 1252 1783 1322; x_wconf 78' lang='lat' dir='ltr'><strong>redigi;</strong></span> <span class='ocrx_word' id='word_1_80' title='bbox 1817 1252 1954 1305; x_wconf 80' lang='lat' dir='ltr'><strong>alio-.</strong></span> 
     </span>
    </p>
   </div>
   <div class='ocr_carea' id='block_1_14' title="bbox 354 1340 1942 1411">
    <p class='ocr_par' dir='ltr' id='par_1_14' title="bbox 354 1340 1942 1411">
     <span class='ocr_line' id='line_1_14' title="bbox 354 1340 1942 1411; baseline 0.003 -21"><span class='ocrx_word' id='word_1_81' title='bbox 354 1341 485 1408; x_wconf 85' lang='lat' dir='ltr'><strong>quin</strong></span> <span class='ocrx_word' id='word_1_82' title='bbox 513 1341 794 1411; x_wconf 77' lang='lat' dir='ltr'><strong>dignitatis</strong></span> <span class='ocrx_word' id='word_1_83' title='bbox 819 1340 1223 1409; x_wconf 85' lang='lat' dir='ltr'><strong>amplitudinem</strong></span> <span class='ocrx_word' id='word_1_84' title='bbox 1250 1342 1521 1409; x_wconf 85' lang='lat' dir='ltr'><strong>perderet,</strong></span> <span class='ocrx_word' id='word_1_85' title='bbox 1547 1349 1604 1395; x_wconf 87' lang='lat' dir='ltr'><strong>et</strong></span> <span class='ocrx_word' id='word_1_86' title='bbox 1639 1342 1942 1410; x_wconf 87' lang='lat' dir='ltr'><strong>pulchritu-</strong></span> 
     </span>
    </p>
   </div>
   <div class='ocr_carea' id='block_1_15' title="bbox 357 1429 1944 1498">
    <p class='ocr_par' dir='ltr' id='par_1_15' title="bbox 357 1429 1944 1498">
     <span class='ocr_line' id='line_1_15' title="bbox 357 1429 1944 1498; baseline 0.002 -16"><span class='ocrx_word' id='word_1_87' title='bbox 357 1430 537 1484; x_wconf 86' lang='lat' dir='ltr'><strong>dinem</strong></span> <span class='ocrx_word' id='word_1_88' title='bbox 570 1429 918 1494; x_wconf 80' lang='lat' dir='ltr'><strong>deformaret,</strong></span> <span class='ocrx_word' id='word_1_89' title='bbox 952 1432 1092 1498; x_wconf 89' lang='lat' dir='ltr'><strong>quod</strong></span> <span class='ocrx_word' id='word_1_90' title='bbox 1142 1430 1257 1484; x_wconf 85' lang='lat' dir='ltr'><strong>ﬁeri</strong></span> <span class='ocrx_word' id='word_1_91' title='bbox 1303 1431 1484 1485; x_wconf 90' lang='lat' dir='ltr'><strong>divina</strong></span> <span class='ocrx_word' id='word_1_92' title='bbox 1525 1431 1808 1485; x_wconf 88' lang='lat' dir='ltr'><strong>clementia</strong></span> <span class='ocrx_word' id='word_1_93' title='bbox 1836 1447 1944 1487; x_wconf 92' lang='lat' dir='ltr'><strong>non</strong></span> 
     </span>
    </p>
   </div>
   <div class='ocr_carea' id='block_1_16' title="bbox 357 1521 1942 1593">
    <p class='ocr_par' dir='ltr' id='par_1_16' title="bbox 357 1521 1942 1593">
     <span class='ocr_line' id='line_1_16' title="bbox 357 1521 1942 1593; baseline 0.001 -19"><span class='ocrx_word' id='word_1_94' title='bbox 357 1522 505 1575; x_wconf 80' lang='lat' dir='ltr'><strong>sinit.</strong></span> <span class='ocrx_word' id='word_1_95' title='bbox 581 1522 694 1575; x_wconf 86' lang='lat' dir='ltr'><strong>Non</strong></span> <span class='ocrx_word' id='word_1_96' title='bbox 743 1523 887 1576; x_wconf 91' lang='lat' dir='ltr'><strong>enim</strong></span> <span class='ocrx_word' id='word_1_97' title='bbox 937 1521 1229 1591; x_wconf 86' lang='lat' dir='ltr'><strong>principale</strong></span> <span class='ocrx_word' id='word_1_98' title='bbox 1286 1523 1593 1593; x_wconf 80' lang='lat' dir='ltr'><strong>exemplum</strong></span> <span class='ocrx_word' id='word_1_99' title='bbox 1656 1522 1942 1592; x_wconf 75' lang='lat' dir='ltr'><strong>imaginem</strong></span> 
     </span>
    </p>
   </div>
   <div class='ocr_carea' id='block_1_17' title="bbox 356 1609 1941 1679">
    <p class='ocr_par' dir='ltr' id='par_1_17' title="bbox 356 1609 1941 1679">
     <span class='ocr_line' id='line_1_17' title="bbox 356 1609 1941 1679; baseline 0.001 -17"><span class='ocrx_word' id='word_1_100' title='bbox 356 1611 457 1663; x_wconf 87' lang='lat' dir='ltr'><strong>sibi</strong></span> <span class='ocrx_word' id='word_1_101' title='bbox 486 1610 714 1665; x_wconf 87' lang='lat' dir='ltr'><strong>similem</strong></span> <span class='ocrx_word' id='word_1_102' title='bbox 742 1626 772 1663; x_wconf 91' lang='lat' dir='ltr'><strong>a</strong></span> <span class='ocrx_word' id='word_1_103' title='bbox 796 1609 978 1679; x_wconf 87' lang='lat' dir='ltr'><strong>seipso</strong></span> <span class='ocrx_word' id='word_1_104' title='bbox 1015 1619 1072 1664; x_wconf 92' lang='lat' dir='ltr'><strong>et</strong></span> <span class='ocrx_word' id='word_1_105' title='bbox 1113 1611 1406 1665; x_wconf 89' lang='lat' dir='ltr'><strong>secundum</strong></span> <span class='ocrx_word' id='word_1_106' title='bbox 1450 1612 1691 1679; x_wconf 87' lang='lat' dir='ltr'><strong>seipsum</strong></span> <span class='ocrx_word' id='word_1_107' title='bbox 1719 1609 1941 1673; x_wconf 82' lang='lat' dir='ltr'><strong>factam,</strong></span> 
     </span>
    </p>
   </div>
   <div class='ocr_carea' id='block_1_18' title="bbox 353 1697 1948 1768">
    <p class='ocr_par' dir='ltr' id='par_1_18' title="bbox 353 1697 1948 1768">
     <span class='ocr_line' id='line_1_18' title="bbox 353 1697 1948 1768; baseline 0.002 -17"><span class='ocrx_word' id='word_1_108' title='bbox 353 1697 587 1767; x_wconf 82' lang='lat' dir='ltr'><strong>elongari</strong></span> <span class='ocrx_word' id='word_1_109' title='bbox 614 1713 829 1768; x_wconf 83' lang='lat' dir='ltr'><strong>semper</strong></span> <span class='ocrx_word' id='word_1_110' title='bbox 872 1712 904 1752; x_wconf 92' lang='lat' dir='ltr'><strong>a</strong></span> <span class='ocrx_word' id='word_1_111' title='bbox 953 1713 1013 1754; x_wconf 91' lang='lat' dir='ltr'><strong>se</strong></span> <span class='ocrx_word' id='word_1_112' title='bbox 1057 1697 1292 1768; x_wconf 90' lang='lat' dir='ltr'><strong>quadam</strong></span> <span class='ocrx_word' id='word_1_113' title='bbox 1332 1698 1676 1754; x_wconf 74' lang='lat' dir='ltr'><strong>deformitate</strong></span> <span class='ocrx_word' id='word_1_114' title='bbox 1702 1706 1758 1754; x_wconf 93' lang='lat' dir='ltr'><strong>et</strong></span> <span class='ocrx_word' id='word_1_115' title='bbox 1791 1699 1948 1754; x_wconf 83' lang='lat' dir='ltr'><strong>dissi-</strong></span> 
     </span>
    </p>
   </div>
   <div class='ocr_carea' id='block_1_19' title="bbox 2037 530 3639 603">
    <p class='ocr_par' dir='ltr' id='par_1_19' title="bbox 2037 530 3639 603">
     <span class='ocr_line' id='line_1_19' title="bbox 2037 530 3639 603; baseline 0.002 -17"><span class='ocrx_word' id='word_1_116' title='bbox 2037 545 2106 586; x_wconf 78' lang='lat' dir='ltr'><strong>ex</strong></span> <span class='ocrx_word' id='word_1_117' title='bbox 2129 530 2393 600; x_wconf 89' lang='lat' dir='ltr'><strong>oppositis</strong></span> <span class='ocrx_word' id='word_1_118' title='bbox 2421 532 2521 586; x_wconf 88' lang='lat' dir='ltr'><strong>sibi</strong></span> <span class='ocrx_word' id='word_1_119' title='bbox 2546 531 2691 585; x_wconf 86' lang='lat' dir='ltr'><strong>vitiis</strong></span> <span class='ocrx_word' id='word_1_120' title='bbox 2717 544 2823 585; x_wconf 90' lang='lat' dir='ltr'><strong>non</strong></span> <span class='ocrx_word' id='word_1_121' title='bbox 2856 532 3027 586; x_wconf 88' lang='lat' dir='ltr'><strong>solum</strong></span> <span class='ocrx_word' id='word_1_122' title='bbox 3055 533 3266 588; x_wconf 89' lang='lat' dir='ltr'><strong>laudem</strong></span> <span class='ocrx_word' id='word_1_123' title='bbox 3297 544 3639 603; x_wconf 88' lang='lat' dir='ltr'><strong>comparant,</strong></span> 
     </span>
    </p>
   </div>
   <div class='ocr_carea' id='block_1_20' title="bbox 2038 619 3641 688">
    <p class='ocr_par' dir='ltr' id='par_1_20' title="bbox 2038 619 3641 688">
     <span class='ocr_line' id='line_1_20' title="bbox 2038 619 3641 688; baseline 0.005 -18"><span class='ocrx_word' id='word_1_124' title='bbox 2038 632 2225 673; x_wconf 90' lang='lat' dir='ltr'><strong>verum</strong></span> <span class='ocrx_word' id='word_1_125' title='bbox 2250 620 2414 674; x_wconf 90' lang='lat' dir='ltr'><strong>ctiam</strong></span> <span class='ocrx_word' id='word_1_126' title='bbox 2444 620 2564 673; x_wconf 91' lang='lat' dir='ltr'><strong>sine</strong></span> <span class='ocrx_word' id='word_1_127' title='bbox 2594 619 2806 673; x_wconf 90' lang='lat' dir='ltr'><strong>illorum</strong></span> <span class='ocrx_word' id='word_1_128' title='bbox 2836 623 3238 688; x_wconf 88' lang='lat' dir='ltr'><strong>comparatione</strong></span> <span class='ocrx_word' id='word_1_129' title='bbox 3277 622 3490 677; x_wconf 88' lang='lat' dir='ltr'><strong>laudem</strong></span> <span class='ocrx_word' id='word_1_130' title='bbox 3533 639 3641 678; x_wconf 89' lang='lat' dir='ltr'><strong>non</strong></span> 
     </span>
    </p>
   </div>
   <div class='ocr_carea' id='block_1_21' title="bbox 1981 709 3637 784">
    <p class='ocr_par' dir='ltr' id='par_1_21' title="bbox 1981 709 3637 784">
     <span class='ocr_line' id='line_1_21' title="bbox 1981 709 3637 784; baseline 0.002 -21"><span class='ocrx_word' id='word_1_131' title='bbox 1981 732 1996 748; x_wconf 88' lang='lat'><strong>-</strong></span> <span class='ocrx_word' id='word_1_132' title='bbox 2040 709 2406 778; x_wconf 88' lang='lat' dir='ltr'><strong>adqttirereut.</strong></span> <span class='ocrx_word' id='word_1_133' title='bbox 2462 710 2661 764; x_wconf 88' lang='lat' dir='ltr'><strong>Eadem</strong></span> <span class='ocrx_word' id='word_1_134' title='bbox 2688 711 2899 765; x_wconf 89' lang='lat' dir='ltr'><strong>ratione</strong></span> <span class='ocrx_word' id='word_1_135' title='bbox 2918 711 3192 765; x_wconf 89' lang='lat' dir='ltr'><strong>beatitudo</strong></span> <span class='ocrx_word' id='word_1_136' title='bbox 3216 714 3483 782; x_wconf 73' lang='lat' dir='ltr'><strong>iustorum</strong></span> <span class='ocrx_word' id='word_1_137' title='bbox 3523 714 3637 784; x_wconf 82' lang='lat' dir='ltr'><strong>glo-</strong></span> 
     </span>
    </p>
   </div>
   <div class='ocr_carea' id='block_1_22' title="bbox 2042 798 3645 875">
    <p class='ocr_par' dir='ltr' id='par_1_22' title="bbox 2042 798 3645 875">
     <span class='ocr_line' id='line_1_22' title="bbox 2042 798 3645 875; baseline 0.006 -25"><span class='ocrx_word' id='word_1_138' title='bbox 2042 798 2175 851; x_wconf 88' lang='lat' dir='ltr'><strong>riam</strong></span> <span class='ocrx_word' id='word_1_139' title='bbox 2195 798 2296 852; x_wconf 89' lang='lat' dir='ltr'><strong>sibi</strong></span> <span class='ocrx_word' id='word_1_140' title='bbox 2313 808 2332 837; x_wconf 73' lang='lat'><strong>7</strong></span> <span class='ocrx_word' id='word_1_141' title='bbox 2350 798 2562 852; x_wconf 75' lang='lat' dir='ltr'><strong>invenit</strong></span> <span class='ocrx_word' id='word_1_142' title='bbox 2582 815 2647 853; x_wconf 81' lang='lat' dir='ltr'><strong>ex</strong></span> <span class='ocrx_word' id='word_1_143' title='bbox 2670 799 2946 869; x_wconf 85' lang='lat' dir='ltr'><strong>suppliciis</strong></span> <span class='ocrx_word' id='word_1_144' title='bbox 2963 800 3268 870; x_wconf 91' lang='lat' dir='ltr'><strong>impiorum,</strong></span> <span class='ocrx_word' id='word_1_145' title='bbox 3285 805 3645 875; x_wconf 85' lang='lat' dir='ltr'><strong>gaudiumque</strong></span> 
     </span>
    </p>
   </div>
   <div class='ocr_carea' id='block_1_23' title="bbox 2040 886 3640 958">
    <p class='ocr_par' dir='ltr' id='par_1_23' title="bbox 2040 886 3640 958">
     <span class='ocr_line' id='line_1_23' title="bbox 2040 886 3640 958; baseline 0.006 -17"><span class='ocrx_word' id='word_1_146' title='bbox 2040 886 2212 941; x_wconf 80' lang='lat' dir='ltr'><strong>bonae</strong></span> <span class='ocrx_word' id='word_1_147' title='bbox 2244 886 2535 942; x_wconf 81' lang='lat' dir='ltr'><strong>voluntatis</strong></span> <span class='ocrx_word' id='word_1_148' title='bbox 2569 903 2635 943; x_wconf 77' lang='lat' dir='ltr'><strong>ex</strong></span> <span class='ocrx_word' id='word_1_149' title='bbox 2677 890 2896 943; x_wconf 87' lang='lat' dir='ltr'><strong>tristitia</strong></span> <span class='ocrx_word' id='word_1_150' title='bbox 2945 904 3261 958; x_wconf 85' lang='lat' dir='ltr'><strong>perversae;</strong></span> <span class='ocrx_word' id='word_1_151' title='bbox 3314 904 3370 947; x_wconf 90' lang='lat' dir='ltr'><strong>et</strong></span> <span class='ocrx_word' id='word_1_152' title='bbox 3411 904 3471 948; x_wconf 93' lang='lat' dir='ltr'><strong>ut</strong></span> <span class='ocrx_word' id='word_1_153' title='bbox 3512 886 3640 950; x_wconf 85' lang='lat' dir='ltr'><strong>vera</strong></span> 
     </span>
    </p>
   </div>
   <div class='ocr_carea' id='block_1_24' title="bbox 2042 980 3646 1055">
    <p class='ocr_par' dir='ltr' id='par_1_24' title="bbox 2042 980 3646 1055">
     <span class='ocr_line' id='line_1_24' title="bbox 2042 980 3646 1055; baseline 0.004 -22"><span class='ocrx_word' id='word_1_154' title='bbox 2042 980 2181 1033; x_wconf 86' lang='lat' dir='ltr'><strong>ratio</strong></span> <span class='ocrx_word' id='word_1_155' title='bbox 2208 980 2569 1047; x_wconf 87' lang='lat' dir='ltr'><strong>pronunciare</strong></span> <span class='ocrx_word' id='word_1_156' title='bbox 2597 995 2706 1033; x_wconf 91' lang='lat' dir='ltr'><strong>non</strong></span> <span class='ocrx_word' id='word_1_157' title='bbox 2741 982 2987 1048; x_wconf 89' lang='lat' dir='ltr'><strong>trepidat,</strong></span> <span class='ocrx_word' id='word_1_158' title='bbox 3025 984 3226 1049; x_wconf 90' lang='lat' dir='ltr'><strong>omnia,</strong></span> <span class='ocrx_word' id='word_1_159' title='bbox 3255 998 3394 1053; x_wconf 89' lang='lat' dir='ltr'><strong>quae</strong></span> <span class='ocrx_word' id='word_1_160' title='bbox 3424 986 3476 1039; x_wconf 92' lang='lat' dir='ltr'><strong>in</strong></span> <span class='ocrx_word' id='word_1_161' title='bbox 3525 1002 3646 1055; x_wconf 90' lang='lat' dir='ltr'><strong>par-</strong></span> 
     </span>
    </p>
   </div>
   <div class='ocr_carea' id='block_1_25' title="bbox 2044 1070 3638 1142">
    <p class='ocr_par' dir='ltr' id='par_1_25' title="bbox 2044 1070 3638 1142">
     <span class='ocr_line' id='line_1_25' title="bbox 2044 1070 3638 1142; baseline 0.003 -17"><span class='ocrx_word' id='word_1_162' title='bbox 2044 1072 2186 1126; x_wconf 87' lang='lat' dir='ltr'><strong>tibus</strong></span> <span class='ocrx_word' id='word_1_163' title='bbox 2225 1070 2597 1125; x_wconf 87' lang='lat' dir='ltr'><strong>uuiversitatis</strong></span> <span class='ocrx_word' id='word_1_164' title='bbox 2627 1070 2787 1135; x_wconf 88' lang='lat' dir='ltr'><strong>mala,</strong></span> <span class='ocrx_word' id='word_1_165' title='bbox 2839 1070 3145 1136; x_wconf 87' lang='lat' dir='ltr'><strong>inhonesta,</strong></span> <span class='ocrx_word' id='word_1_166' title='bbox 3179 1073 3371 1142; x_wconf 87' lang='lat' dir='ltr'><strong>turpia,</strong></span> <span class='ocrx_word' id='word_1_167' title='bbox 3417 1076 3638 1140; x_wconf 88' lang='lat' dir='ltr'><strong>misera,</strong></span> 
     </span>
    </p>
   </div>
   <div class='ocr_carea' id='block_1_26' title="bbox 2043 1156 3640 1244">
    <p class='ocr_par' dir='ltr' id='par_1_26' title="bbox 2043 1156 3640 1244">
     <span class='ocr_line' id='line_1_26' title="bbox 2043 1156 3640 1244; baseline 0.003 -31"><span class='ocrx_word' id='word_1_168' title='bbox 2043 1157 2413 1227; x_wconf 83' lang='lat' dir='ltr'><strong>suppliciaque</strong></span> <span class='ocrx_word' id='word_1_169' title='bbox 2461 1157 2529 1211; x_wconf 92' lang='lat' dir='ltr'><strong>ab</strong></span> <span class='ocrx_word' id='word_1_170' title='bbox 2568 1157 2675 1222; x_wconf 88' lang='lat' dir='ltr'><strong>his,</strong></span> <span class='ocrx_word' id='word_1_171' title='bbox 2726 1156 2817 1226; x_wconf 92' lang='lat' dir='ltr'><strong>qui</strong></span> <span class='ocrx_word' id='word_1_172' title='bbox 2865 1157 3024 1211; x_wconf 89' lang='lat' dir='ltr'><strong>simul</strong></span> <span class='ocrx_word' id='word_1_173' title='bbox 3069 1159 3249 1211; x_wconf 88' lang='lat' dir='ltr'><strong>omnia</strong></span> <span class='ocrx_word' id='word_1_174' title='bbox 3296 1163 3640 1244; x_wconf 68' lang='lat' dir='ltr'><strong>considerare</strong></span> 
     </span>
    </p>
   </div>
   <div class='ocr_carea' id='block_1_27' title="bbox 2007 1247 3642 1319">
    <p class='ocr_par' dir='ltr' id='par_1_27' title="bbox 2007 1247 3642 1319">
     <span class='ocr_line' id='line_1_27' title="bbox 2007 1247 3642 1319; baseline 0.001 -14"><span class='ocrx_word' id='word_1_175' title='bbox 2007 1264 2013 1270; x_wconf 86' lang='lat'>&#39;</span> <span class='ocrx_word' id='word_1_176' title='bbox 2044 1266 2151 1305; x_wconf 91' lang='lat' dir='ltr'><strong>non</strong></span> <span class='ocrx_word' id='word_1_177' title='bbox 2186 1256 2431 1319; x_wconf 85' lang='lat' dir='ltr'><strong>possunt,</strong></span> <span class='ocrx_word' id='word_1_178' title='bbox 2456 1248 2799 1318; x_wconf 88' lang='lat' dir='ltr'><strong>judicantur,</strong></span> <span class='ocrx_word' id='word_1_179' title='bbox 2832 1247 2886 1301; x_wconf 92' lang='lat' dir='ltr'><strong>in</strong></span> <span class='ocrx_word' id='word_1_180' title='bbox 2922 1248 3374 1317; x_wconf 87' lang='lat' dir='ltr'><strong>contemplatione</strong></span> <span class='ocrx_word' id='word_1_181' title='bbox 3423 1255 3642 1309; x_wconf 88' lang='lat' dir='ltr'><strong>univer-</strong></span> 
     </span>
    </p>
   </div>
   <div class='ocr_carea' id='block_1_28' title="bbox 2045 1339 3639 1414">
    <p class='ocr_par' dir='ltr' id='par_1_28' title="bbox 2045 1339 3639 1414">
     <span class='ocr_line' id='line_1_28' title="bbox 2045 1339 3639 1414; baseline 0.002 -19"><span class='ocrx_word' id='word_1_182' title='bbox 2045 1341 2238 1406; x_wconf 81' lang='lat' dir='ltr'><strong>sitatis,</strong></span> <span class='ocrx_word' id='word_1_183' title='bbox 2261 1340 2424 1395; x_wconf 88' lang='lat' dir='ltr'><strong>veluti</strong></span> <span class='ocrx_word' id='word_1_184' title='bbox 2447 1340 2612 1393; x_wconf 90' lang='lat' dir='ltr'><strong>totius</strong></span> <span class='ocrx_word' id='word_1_185' title='bbox 2632 1339 2908 1409; x_wconf 85' lang='lat' dir='ltr'><strong>cujusdam</strong></span> <span class='ocrx_word' id='word_1_186' title='bbox 2930 1339 3175 1408; x_wconf 89' lang='lat' dir='ltr'><strong>picturae</strong></span> <span class='ocrx_word' id='word_1_187' title='bbox 3201 1340 3639 1414; x_wconf 86' lang='lat' dir='ltr'><strong>pulchritudinis,</strong></span> 
     </span>
    </p>
   </div>
   <div class='ocr_carea' id='block_1_29' title="bbox 2046 1428 3636 1501">
    <p class='ocr_par' dir='ltr' id='par_1_29' title="bbox 2046 1428 3636 1501">
     <span class='ocr_line' id='line_1_29' title="bbox 2046 1428 3636 1501; baseline 0.003 -18"><span class='ocrx_word' id='word_1_188' title='bbox 2046 1443 2221 1499; x_wconf 86' lang='lat' dir='ltr'><strong>neque</strong></span> <span class='ocrx_word' id='word_1_189' title='bbox 2247 1429 2507 1499; x_wconf 89' lang='lat' dir='ltr'><strong>supplicia</strong></span> <span class='ocrx_word' id='word_1_190' title='bbox 2530 1436 2677 1492; x_wconf 90' lang='lat' dir='ltr'><strong>sunt,</strong></span> <span class='ocrx_word' id='word_1_191' title='bbox 2720 1442 2894 1497; x_wconf 90' lang='lat' dir='ltr'><strong>neque</strong></span> <span class='ocrx_word' id='word_1_192' title='bbox 2939 1428 3161 1495; x_wconf 88' lang='lat' dir='ltr'><strong>misera,</strong></span> <span class='ocrx_word' id='word_1_193' title='bbox 3209 1445 3385 1500; x_wconf 90' lang='lat' dir='ltr'><strong>neque</strong></span> <span class='ocrx_word' id='word_1_194' title='bbox 3436 1434 3636 1501; x_wconf 89' lang='lat' dir='ltr'><strong>turpia,</strong></span> 
     </span>
    </p>
   </div>
   <div class='ocr_carea' id='block_1_30' title="bbox 2046 1520 3642 1593">
    <p class='ocr_par' dir='ltr' id='par_1_30' title="bbox 2046 1520 3642 1593">
     <span class='ocr_line' id='line_1_30' title="bbox 2046 1520 3642 1593; baseline 0.004 -20"><span class='ocrx_word' id='word_1_195' title='bbox 2046 1534 2221 1589; x_wconf 87' lang='lat' dir='ltr'><strong>neque</strong></span> <span class='ocrx_word' id='word_1_196' title='bbox 2250 1520 2556 1584; x_wconf 87' lang='lat' dir='ltr'><strong>inhonesta,</strong></span> <span class='ocrx_word' id='word_1_197' title='bbox 2600 1532 2777 1590; x_wconf 85' lang='lat' dir='ltr'><strong>neque</strong></span> <span class='ocrx_word' id='word_1_198' title='bbox 2821 1521 2960 1577; x_wconf 89' lang='lat' dir='ltr'><strong>mala</strong></span> <span class='ocrx_word' id='word_1_199' title='bbox 3003 1530 3147 1576; x_wconf 92' lang='lat' dir='ltr'><strong>sunt.</strong></span> <span class='ocrx_word' id='word_1_200' title='bbox 3189 1523 3453 1593; x_wconf 83' lang='lat' dir='ltr'><strong>Quicquid</strong></span> <span class='ocrx_word' id='word_1_201' title='bbox 3498 1526 3642 1581; x_wconf 86' lang='lat' dir='ltr'><strong>enim</strong></span> 
     </span>
    </p>
   </div>
   <div class='ocr_carea' id='block_1_31' title="bbox 2047 1606 3642 1681">
    <p class='ocr_par' dir='ltr' id='par_1_31' title="bbox 2047 1606 3642 1681">
     <span class='ocr_line' id='line_1_31' title="bbox 2047 1606 3642 1681; baseline 0.003 -17"><span class='ocrx_word' id='word_1_202' title='bbox 2047 1609 2260 1664; x_wconf 84' lang='lat' dir='ltr'><strong>divinae</strong></span> <span class='ocrx_word' id='word_1_203' title='bbox 2305 1608 2675 1679; x_wconf 86' lang='lat' dir='ltr'><strong>providentiae</strong></span> <span class='ocrx_word' id='word_1_204' title='bbox 2722 1609 3282 1668; x_wconf 86' lang='lat' dir='ltr'><strong>administrationibus</strong></span> <span class='ocrx_word' id='word_1_205' title='bbox 3329 1606 3642 1681; x_wconf 84' lang='lat' dir='ltr'><strong>ordinatur,</strong></span> 
     </span>
    </p>
   </div>
   <div class='ocr_carea' id='block_1_32' title="bbox 2047 1684 3642 1766">
    <p class='ocr_par' dir='ltr' id='par_1_32' title="bbox 2047 1684 3642 1766">
     <span class='ocr_line' id='line_1_32' title="bbox 2047 1684 3642 1766; baseline 0.003 -13"><span class='ocrx_word' id='word_1_206' title='bbox 2047 1697 2249 1753; x_wconf 88' lang='lat' dir='ltr'><strong>bonum</strong></span> <span class='ocrx_word' id='word_1_207' title='bbox 2275 1706 2323 1751; x_wconf 91' lang='lat' dir='ltr'><strong>et</strong></span> <span class='ocrx_word' id='word_1_208' title='bbox 2350 1696 2634 1766; x_wconf 89' lang='lat' dir='ltr'><strong>pulchrum</strong></span> <span class='ocrx_word' id='word_1_209' title='bbox 2661 1706 2715 1752; x_wconf 92' lang='lat' dir='ltr'><strong>et</strong></span> <span class='ocrx_word' id='word_1_210' title='bbox 2733 1696 2939 1766; x_wconf 83' lang='lat' dir='ltr'><strong>justum</strong></span> <span class='ocrx_word' id='word_1_211' title='bbox 2970 1707 3073 1755; x_wconf 86' lang='lat' dir='ltr'><strong>est.</strong></span> <span class='ocrx_word' id='word_1_212' title='bbox 3116 1699 3259 1766; x_wconf 84' lang='lat' dir='ltr'><strong>Quid</strong></span> <span class='ocrx_word' id='word_1_213' title='bbox 3277 1702 3419 1756; x_wconf 89' lang='lat' dir='ltr'><strong>enim</strong></span> <span class='ocrx_word' id='word_1_214' title='bbox 3451 1684 3642 1758; x_wconf 85' lang='lat' dir='ltr'><strong>melius</strong></span> 
     </span>
    </p>
   </div>
   <div class='ocr_carea' id='block_1_33' title="bbox 355 1771 3641 1868">
    <p class='ocr_par' dir='ltr' id='par_1_33' title="bbox 355 1771 3641 1868">
     <span class='ocr_line' id='line_1_33' title="bbox 355 1771 3641 1868; baseline 0.002 -27"><span class='ocrx_word' id='word_1_215' title='bbox 355 1789 657 1842; x_wconf 84' lang='lat' dir='ltr'><strong>militudine</strong></span> <span class='ocrx_word' id='word_1_216' title='bbox 685 1797 780 1842; x_wconf 87' lang='lat' dir='ltr'><strong>aut</strong></span> <span class='ocrx_word' id='word_1_217' title='bbox 806 1788 984 1859; x_wconf 86' lang='lat' dir='ltr'><strong>aliqua</strong></span> <span class='ocrx_word' id='word_1_218' title='bbox 1014 1789 1426 1859; x_wconf 89' lang='lat' dir='ltr'><strong>compositione,</strong></span> <span class='ocrx_word' id='word_1_219' title='bbox 1465 1805 1560 1844; x_wconf 91' lang='lat' dir='ltr'><strong>sua</strong></span> <span class='ocrx_word' id='word_1_220' title='bbox 1606 1788 1948 1868; x_wconf 77' lang='lat' dir='ltr'><strong>simplicitate</strong></span> <span class='ocrx_word' id='word_1_221' title='bbox 1982 1771 2023 1830; x_wconf 75' lang='grc' dir='ltr'><strong>Β</strong></span> <span class='ocrx_word' id='word_1_222' title='bbox 2050 1794 2157 1851; x_wconf 86' lang='lat' dir='ltr'><strong>est,</strong></span> <span class='ocrx_word' id='word_1_223' title='bbox 2187 1800 2346 1855; x_wconf 91' lang='lat' dir='ltr'><strong>quam</strong></span> <span class='ocrx_word' id='word_1_224' title='bbox 2370 1794 2429 1840; x_wconf 94' lang='lat' dir='ltr'><strong>ut</strong></span> <span class='ocrx_word' id='word_1_225' title='bbox 2451 1801 2518 1841; x_wconf 79' lang='lat' dir='ltr'><strong>ex</strong></span> <span class='ocrx_word' id='word_1_226' title='bbox 2551 1787 2917 1856; x_wconf 88' lang='lat' dir='ltr'><strong>oppositorum</strong></span> <span class='ocrx_word' id='word_1_227' title='bbox 2967 1791 3367 1859; x_wconf 83' lang='lat' dir='ltr'><strong>comparatione</strong></span> <span class='ocrx_word' id='word_1_228' title='bbox 3416 1800 3472 1847; x_wconf 89' lang='lat' dir='ltr'><strong>et</strong></span> <span class='ocrx_word' id='word_1_229' title='bbox 3515 1793 3641 1848; x_wconf 88' lang='lat' dir='ltr'><strong>uni-</strong></span> 
     </span>
    </p>
   </div>
   <div class='ocr_carea' id='block_1_34' title="bbox 355 1878 1952 1948">
    <p class='ocr_par' dir='ltr' id='par_1_34' title="bbox 355 1878 1952 1948">
     <span class='ocr_line' id='line_1_34' title="bbox 355 1878 1952 1948; baseline 0.001 -17"><span class='ocrx_word' id='word_1_230' title='bbox 355 1889 584 1943; x_wconf 83' lang='lat' dir='ltr'><strong>remota,</strong></span> <span class='ocrx_word' id='word_1_231' title='bbox 612 1879 900 1948; x_wconf 86' lang='lat' dir='ltr'><strong>permittit.</strong></span> <span class='ocrx_word' id='word_1_232' title='bbox 934 1878 1136 1933; x_wconf 89' lang='lat' dir='ltr'><strong>Eadem</strong></span> <span class='ocrx_word' id='word_1_233' title='bbox 1164 1879 1306 1933; x_wconf 87' lang='lat' dir='ltr'><strong>ratio</strong></span> <span class='ocrx_word' id='word_1_234' title='bbox 1330 1888 1415 1933; x_wconf 89' lang='lat' dir='ltr'><strong>est</strong></span> <span class='ocrx_word' id='word_1_235' title='bbox 1441 1880 1510 1934; x_wconf 93' lang='lat' dir='ltr'><strong>de</strong></span> <span class='ocrx_word' id='word_1_236' title='bbox 1543 1880 1718 1935; x_wconf 91' lang='lat' dir='ltr'><strong>reditu</strong></span> <span class='ocrx_word' id='word_1_237' title='bbox 1751 1887 1952 1941; x_wconf 81' lang='lat' dir='ltr'><strong>morta-</strong></span> 
     </span>
    </p>
   </div>
   <div class='ocr_carea' id='block_1_35' title="bbox 356 1967 1945 2038">
    <p class='ocr_par' dir='ltr' id='par_1_35' title="bbox 356 1967 1945 2038">
     <span class='ocr_line' id='line_1_35' title="bbox 356 1967 1945 2038; baseline 0 -16"><span class='ocrx_word' id='word_1_238' title='bbox 356 1969 485 2023; x_wconf 88' lang='lat' dir='ltr'><strong>lium</strong></span> <span class='ocrx_word' id='word_1_239' title='bbox 504 1969 803 2034; x_wconf 89' lang='lat' dir='ltr'><strong>bomiuum,</strong></span> <span class='ocrx_word' id='word_1_240' title='bbox 835 1968 1195 2038; x_wconf 86' lang='lat' dir='ltr'><strong>qualicunque</strong></span> <span class='ocrx_word' id='word_1_241' title='bbox 1220 1968 1382 2023; x_wconf 87' lang='lat' dir='ltr'><strong>modo</strong></span> <span class='ocrx_word' id='word_1_242' title='bbox 1402 1967 1657 2024; x_wconf 86' lang='lat' dir='ltr'><strong>mortales</strong></span> <span class='ocrx_word' id='word_1_243' title='bbox 1678 1969 1945 2033; x_wconf 84' lang='lat' dir='ltr'><strong>dicantur,</strong></span> 
     </span>
    </p>
   </div>
   <div class='ocr_carea' id='block_1_36' title="bbox 355 2057 1949 2128">
    <p class='ocr_par' dir='ltr' id='par_1_36' title="bbox 355 2057 1949 2128">
     <span class='ocr_line' id='line_1_36' title="bbox 355 2057 1949 2128; baseline -0.003 -13"><span class='ocrx_word' id='word_1_244' title='bbox 355 2074 449 2115; x_wconf 88' lang='lat' dir='ltr'><strong>seu</strong></span> <span class='ocrx_word' id='word_1_245' title='bbox 480 2059 608 2128; x_wconf 89' lang='lat' dir='ltr'><strong>quia</strong></span> <span class='ocrx_word' id='word_1_246' title='bbox 638 2073 736 2113; x_wconf 89' lang='lat' dir='ltr'><strong>nec</strong></span> <span class='ocrx_word' id='word_1_247' title='bbox 761 2074 792 2113; x_wconf 92' lang='lat' dir='ltr'><strong>a</strong></span> <span class='ocrx_word' id='word_1_248' title='bbox 818 2058 1009 2127; x_wconf 89' lang='lat' dir='ltr'><strong>seipsis</strong></span> <span class='ocrx_word' id='word_1_249' title='bbox 1038 2073 1138 2113; x_wconf 91' lang='lat' dir='ltr'><strong>nec</strong></span> <span class='ocrx_word' id='word_1_250' title='bbox 1175 2059 1232 2112; x_wconf 93' lang='lat' dir='ltr'><strong>in</strong></span> <span class='ocrx_word' id='word_1_251' title='bbox 1254 2058 1583 2128; x_wconf 67' lang='lat' dir='ltr'><strong>semetipsis</strong></span> <span class='ocrx_word' id='word_1_252' title='bbox 1626 2057 1949 2121; x_wconf 79' lang='lat' dir='ltr'><strong>subsistunt,</strong></span> 
     </span>
    </p>
   </div>
   <div class='ocr_carea' id='block_1_37' title="bbox 356 2150 1948 2222">
    <p class='ocr_par' dir='ltr' id='par_1_37' title="bbox 356 2150 1948 2222">
     <span class='ocr_line' id='line_1_37' title="bbox 356 2150 1948 2222; baseline -0.002 -16"><span class='ocrx_word' id='word_1_253' title='bbox 356 2168 449 2206; x_wconf 83' lang='lat' dir='ltr'><strong>seu</strong></span> <span class='ocrx_word' id='word_1_254' title='bbox 473 2153 597 2221; x_wconf 87' lang='lat' dir='ltr'><strong>quia</strong></span> <span class='ocrx_word' id='word_1_255' title='bbox 623 2167 794 2222; x_wconf 83' lang='lat' dir='ltr'><strong>poena</strong></span> <span class='ocrx_word' id='word_1_256' title='bbox 814 2152 1093 2222; x_wconf 75' lang='lat' dir='ltr'><strong>originalis</strong></span> <span class='ocrx_word' id='word_1_257' title='bbox 1115 2152 1325 2221; x_wconf 87' lang='lat' dir='ltr'><strong>peccati</strong></span> <span class='ocrx_word' id='word_1_258' title='bbox 1352 2151 1682 2205; x_wconf 88' lang='lat' dir='ltr'><strong>mortalitate</strong></span> <span class='ocrx_word' id='word_1_259' title='bbox 1702 2150 1948 2218; x_wconf 83' lang='lat' dir='ltr'><strong>absorpti</strong></span> 
     </span>
    </p>
   </div>
   <div class='ocr_carea' id='block_1_38' title="bbox 356 2239 1951 2312">
    <p class='ocr_par' dir='ltr' id='par_1_38' title="bbox 356 2239 1951 2312">
     <span class='ocr_line' id='line_1_38' title="bbox 356 2239 1951 2312; baseline -0.002 -15"><span class='ocrx_word' id='word_1_260' title='bbox 356 2253 479 2298; x_wconf 88' lang='lat' dir='ltr'><strong>sunt</strong></span> <span class='ocrx_word' id='word_1_261' title='bbox 529 2243 583 2298; x_wconf 90' lang='lat' dir='ltr'><strong>in</strong></span> <span class='ocrx_word' id='word_1_262' title='bbox 638 2244 803 2297; x_wconf 85' lang='lat' dir='ltr'><strong>Deum</strong></span> <span class='ocrx_word' id='word_1_263' title='bbox 854 2257 1045 2308; x_wconf 89' lang='lat' dir='ltr'><strong>suum,</strong></span> <span class='ocrx_word' id='word_1_264' title='bbox 1110 2242 1202 2312; x_wconf 87' lang='lat' dir='ltr'><strong>qui</strong></span> <span class='ocrx_word' id='word_1_265' title='bbox 1261 2241 1411 2296; x_wconf 89' lang='lat' dir='ltr'><strong>solus</strong></span> <span class='ocrx_word' id='word_1_266' title='bbox 1477 2239 1797 2296; x_wconf 87' lang='lat' dir='ltr'><strong>immortalis</strong></span> <span class='ocrx_word' id='word_1_267' title='bbox 1842 2247 1951 2294; x_wconf 79' lang='lat' dir='ltr'><strong>est.</strong></span> 
     </span>
    </p>
   </div>
   <div class='ocr_carea' id='block_1_39' title="bbox 357 2327 1945 2394">
    <p class='ocr_par' dir='ltr' id='par_1_39' title="bbox 357 2327 1945 2394">
     <span class='ocr_line' id='line_1_39' title="bbox 357 2327 1945 2394; baseline -0.002 -9"><span class='ocrx_word' id='word_1_268' title='bbox 357 2332 474 2385; x_wconf 77' lang='lat' dir='ltr'><strong>Non</strong></span> <span class='ocrx_word' id='word_1_269' title='bbox 503 2332 649 2385; x_wconf 88' lang='lat' dir='ltr'><strong>enim</strong></span> <span class='ocrx_word' id='word_1_270' title='bbox 674 2329 991 2384; x_wconf 87' lang='lat' dir='ltr'><strong>conveniret</strong></span> <span class='ocrx_word' id='word_1_271' title='bbox 1028 2328 1353 2383; x_wconf 88' lang='lat' dir='ltr'><strong>immortalis</strong></span> <span class='ocrx_word' id='word_1_272' title='bbox 1393 2327 1671 2384; x_wconf 84' lang='lat' dir='ltr'><strong>Creatoris</strong></span> <span class='ocrx_word' id='word_1_273' title='bbox 1691 2327 1945 2394; x_wconf 88' lang='lat' dir='ltr'><strong>bonitati,</strong></span> 
     </span>
    </p>
   </div>
   <div class='ocr_carea' id='block_1_40' title="bbox 360 2415 1952 2488">
    <p class='ocr_par' dir='ltr' id='par_1_40' title="bbox 360 2415 1952 2488">
     <span class='ocr_line' id='line_1_40' title="bbox 360 2415 1952 2488; baseline -0.001 -15"><span class='ocrx_word' id='word_1_274' title='bbox 360 2419 650 2488; x_wconf 78' lang='lat' dir='ltr'><strong>imaginem</strong></span> <span class='ocrx_word' id='word_1_275' title='bbox 681 2432 835 2472; x_wconf 90' lang='lat' dir='ltr'><strong>suam</strong></span> <span class='ocrx_word' id='word_1_276' title='bbox 874 2425 1096 2471; x_wconf 89' lang='lat' dir='ltr'><strong>aeterna</strong></span> <span class='ocrx_word' id='word_1_277' title='bbox 1128 2424 1302 2471; x_wconf 87' lang='lat' dir='ltr'><strong>morte</strong></span> <span class='ocrx_word' id='word_1_278' title='bbox 1335 2417 1586 2472; x_wconf 90' lang='lat' dir='ltr'><strong>detineri.</strong></span> <span class='ocrx_word' id='word_1_279' title='bbox 1627 2415 1761 2471; x_wconf 82' lang='lat' dir='ltr'><strong>Nam</strong></span> <span class='ocrx_word' id='word_1_280' title='bbox 1807 2417 1952 2486; x_wconf 88' lang='lat' dir='ltr'><strong>quod</strong></span> 
     </span>
    </p>
   </div>
   <div class='ocr_carea' id='block_1_41' title="bbox 360 2505 1951 2575">
    <p class='ocr_par' dir='ltr' id='par_1_41' title="bbox 360 2505 1951 2575">
     <span class='ocr_line' id='line_1_41' title="bbox 360 2505 1951 2575; baseline 0.001 -15"><span class='ocrx_word' id='word_1_281' title='bbox 360 2523 482 2567; x_wconf 83' lang='lat' dir='ltr'><strong>eam</strong></span> <span class='ocrx_word' id='word_1_282' title='bbox 532 2508 726 2561; x_wconf 87' lang='lat' dir='ltr'><strong>merito</strong></span> <span class='ocrx_word' id='word_1_283' title='bbox 763 2519 1053 2575; x_wconf 78' lang='lat' dir='ltr'><strong>perversae</strong></span> <span class='ocrx_word' id='word_1_284' title='bbox 1090 2520 1230 2560; x_wconf 83' lang='lat' dir='ltr'><strong>suae</strong></span> <span class='ocrx_word' id='word_1_285' title='bbox 1278 2506 1295 2537; x_wconf 83' lang='grc'>¹</span> <span class='ocrx_word' id='word_1_286' title='bbox 1346 2505 1656 2572; x_wconf 85' lang='lat' dir='ltr'><strong>voluntatis,</strong></span> <span class='ocrx_word' id='word_1_287' title='bbox 1699 2521 1808 2575; x_wconf 88' lang='lat' dir='ltr'><strong>qua</strong></span> <span class='ocrx_word' id='word_1_288' title='bbox 1848 2506 1951 2561; x_wconf 84' lang='lat' dir='ltr'><strong>sibi</strong></span> 
     </span>
    </p>
   </div>
   <div class='ocr_carea' id='block_1_42' title="bbox 361 2590 1950 2663">
    <p class='ocr_par' dir='ltr' id='par_1_42' title="bbox 361 2590 1950 2663">
     <span class='ocr_line' id='line_1_42' title="bbox 361 2590 1950 2663; baseline -0.001 -15"><span class='ocrx_word' id='word_1_289' title='bbox 361 2594 583 2649; x_wconf 87' lang='lat' dir='ltr'><strong>obedire</strong></span> <span class='ocrx_word' id='word_1_290' title='bbox 603 2592 871 2658; x_wconf 87' lang='lat' dir='ltr'><strong>noluerat,</strong></span> <span class='ocrx_word' id='word_1_291' title='bbox 905 2590 1187 2648; x_wconf 89' lang='lat' dir='ltr'><strong>mortalem</strong></span> <span class='ocrx_word' id='word_1_292' title='bbox 1207 2591 1325 2646; x_wconf 82' lang='lat' dir='ltr'><strong>ﬁeri</strong></span> <span class='ocrx_word' id='word_1_293' title='bbox 1349 2593 1595 2663; x_wconf 88' lang='lat' dir='ltr'><strong>morique</strong></span> <span class='ocrx_word' id='word_1_294' title='bbox 1610 2594 1950 2662; x_wconf 85' lang='lat' dir='ltr'><strong>permiserat,</strong></span> 
     </span>
    </p>
   </div>
   <div class='ocr_carea' id='block_1_43' title="bbox 362 2682 1949 2755">
    <p class='ocr_par' dir='ltr' id='par_1_43' title="bbox 362 2682 1949 2755">
     <span class='ocr_line' id='line_1_43' title="bbox 362 2682 1949 2755; baseline 0.001 -18"><span class='ocrx_word' id='word_1_295' title='bbox 362 2685 485 2755; x_wconf 85' lang='lat' dir='ltr'><strong>plus</strong></span> <span class='ocrx_word' id='word_1_296' title='bbox 515 2682 917 2738; x_wconf 89' lang='lat' dir='ltr'><strong>misericordiae</strong></span> <span class='ocrx_word' id='word_1_297' title='bbox 941 2697 1071 2738; x_wconf 89' lang='lat' dir='ltr'><strong>suae</strong></span> <span class='ocrx_word' id='word_1_298' title='bbox 1090 2692 1110 2722; x_wconf 73' lang='grc' dir='ltr'>ι</span> <span class='ocrx_word' id='word_1_299' title='bbox 1129 2697 1291 2753; x_wconf 89' lang='lat' dir='ltr'><strong>quam</strong></span> <span class='ocrx_word' id='word_1_300' title='bbox 1314 2682 1584 2739; x_wconf 86' lang='lat' dir='ltr'><strong>vindictae</strong></span> <span class='ocrx_word' id='word_1_301' title='bbox 1618 2683 1949 2739; x_wconf 75' lang='lat' dir='ltr'><strong>manifestat.</strong></span> 
     </span>
    </p>
   </div>
   <div class='ocr_carea' id='block_1_44' title="bbox 363 2764 1952 2843">
    <p class='ocr_par' dir='ltr' id='par_1_44' title="bbox 363 2764 1952 2843">
     <span class='ocr_line' id='line_1_44' title="bbox 363 2764 1952 2843; baseline 0 -15"><span class='ocrx_word' id='word_1_302' title='bbox 363 2772 642 2843; x_wconf 88' lang='lat' dir='ltr'><strong>Siquidem</strong></span> <span class='ocrx_word' id='word_1_303' title='bbox 692 2764 967 2842; x_wconf 80' lang='lat' dir='ltr'><strong>corrigere</strong></span> <span class='ocrx_word' id='word_1_304' title='bbox 1006 2786 1153 2837; x_wconf 90' lang='lat' dir='ltr'><strong>eam,</strong></span> <span class='ocrx_word' id='word_1_305' title='bbox 1185 2781 1599 2842; x_wconf 81' lang='lat' dir='ltr'><strong>correctamque</strong></span> <span class='ocrx_word' id='word_1_306' title='bbox 1620 2774 1688 2828; x_wconf 90' lang='lat' dir='ltr'><strong>ad</strong></span> <span class='ocrx_word' id='word_1_307' title='bbox 1718 2773 1952 2842; x_wconf 88' lang='lat' dir='ltr'><strong>seipsam</strong></span> 
     </span>
    </p>
   </div>
   <div class='ocr_carea' id='block_1_45' title="bbox 365 2860 1953 2937">
    <p class='ocr_par' dir='ltr' id='par_1_45' title="bbox 365 2860 1953 2937">
     <span class='ocr_line' id='line_1_45' title="bbox 365 2860 1953 2937; baseline -0.002 -21"><span class='ocrx_word' id='word_1_308' title='bbox 365 2875 644 2926; x_wconf 87' lang='lat' dir='ltr'><strong>revocare,</strong></span> <span class='ocrx_word' id='word_1_309' title='bbox 673 2875 777 2914; x_wconf 89' lang='lat' dir='ltr'><strong>non</strong></span> <span class='ocrx_word' id='word_1_310' title='bbox 803 2869 985 2914; x_wconf 85' lang='lat' dir='ltr'><strong>autem</strong></span> <span class='ocrx_word' id='word_1_311' title='bbox 1014 2860 1394 2925; x_wconf 78' lang='lat' dir='ltr'><strong>incon-cctam,</strong></span> <span class='ocrx_word' id='word_1_312' title='bbox 1416 2874 1736 2937; x_wconf 79' lang='lat' dir='ltr'><strong>semperque</strong></span> <span class='ocrx_word' id='word_1_313' title='bbox 1765 2860 1953 2930; x_wconf 69' lang='lat' dir='ltr'><strong>expulo.</strong></span> 
     </span>
    </p>
   </div>
   <div class='ocr_carea' id='block_1_46' title="bbox 365 2951 1952 3022">
    <p class='ocr_par' dir='ltr' id='par_1_46' title="bbox 365 2951 1952 3022">
     <span class='ocr_line' id='line_1_46' title="bbox 365 2951 1952 3022; baseline 0.001 -15"><span class='ocrx_word' id='word_1_314' title='bbox 365 2968 482 3008; x_wconf 83' lang='lat' dir='ltr'><strong>satu</strong></span> <span class='ocrx_word' id='word_1_315' title='bbox 504 2961 553 3006; x_wconf 90' lang='lat' dir='ltr'><strong>et</strong></span> <span class='ocrx_word' id='word_1_316' title='bbox 590 2953 640 3016; x_wconf 84' lang='lat' dir='ltr'><strong>in</strong></span> <span class='ocrx_word' id='word_1_317' title='bbox 668 2951 938 3005; x_wconf 78' lang='lat' dir='ltr'><strong>inﬁnitum</strong></span> <span class='ocrx_word' id='word_1_318' title='bbox 968 2952 1274 3022; x_wconf 87' lang='lat' dir='ltr'><strong>elongatam</strong></span> <span class='ocrx_word' id='word_1_319' title='bbox 1298 2951 1318 2983; x_wconf 83' lang='grc'>⁸</span> <span class='ocrx_word' id='word_1_320' title='bbox 1344 2951 1532 3007; x_wconf 82' lang='lat' dir='ltr'><strong>voluit.</strong></span> <span class='ocrx_word' id='word_1_321' title='bbox 1573 2951 1632 3007; x_wconf 91' lang='lat' dir='ltr'><strong>Si</strong></span> <span class='ocrx_word' id='word_1_322' title='bbox 1675 2953 1856 3022; x_wconf 86' lang='lat' dir='ltr'><strong>itaque</strong></span> <span class='ocrx_word' id='word_1_323' title='bbox 1883 2954 1952 3009; x_wconf 88' lang='lat' dir='ltr'><strong>de</strong></span> 
     </span>
    </p>
   </div>
   <div class='ocr_carea' id='block_1_47' title="bbox 367 3044 1946 3113">
    <p class='ocr_par' dir='ltr' id='par_1_47' title="bbox 367 3044 1946 3113">
     <span class='ocr_line' id='line_1_47' title="bbox 367 3044 1946 3113; baseline 0.003 -16"><span class='ocrx_word' id='word_1_324' title='bbox 367 3044 564 3099; x_wconf 90' lang='lat' dir='ltr'><strong>talibus</strong></span> <span class='ocrx_word' id='word_1_325' title='bbox 581 3059 706 3107; x_wconf 91' lang='lat' dir='ltr'><strong>non,</strong></span> <span class='ocrx_word' id='word_1_326' title='bbox 728 3045 996 3112; x_wconf 88' lang='lat' dir='ltr'><strong>quomodo</strong></span> <span class='ocrx_word' id='word_1_327' title='bbox 1011 3044 1154 3100; x_wconf 82' lang='lat' dir='ltr'><strong>facta</strong></span> <span class='ocrx_word' id='word_1_328' title='bbox 1175 3053 1317 3109; x_wconf 87' lang='lat' dir='ltr'><strong>sunt,</strong></span> <span class='ocrx_word' id='word_1_329' title='bbox 1331 3045 1426 3102; x_wconf 86' lang='lat' dir='ltr'><strong>sed</strong></span> <span class='ocrx_word' id='word_1_330' title='bbox 1445 3058 1551 3113; x_wconf 84' lang='lat' dir='ltr'><strong>qua</strong></span> <span class='ocrx_word' id='word_1_331' title='bbox 1572 3044 1780 3100; x_wconf 90' lang='lat' dir='ltr'><strong>ratione</strong></span> <span class='ocrx_word' id='word_1_332' title='bbox 1802 3044 1946 3100; x_wconf 61' lang='lat' dir='ltr'><strong>ﬁcta</strong></span> 
     </span>
    </p>
   </div>
   <div class='ocr_carea' id='block_1_48' title="bbox 365 3122 1952 3205">
    <p class='ocr_par' dir='ltr' id='par_1_48' title="bbox 365 3122 1952 3205">
     <span class='ocr_line' id='line_1_48' title="bbox 365 3122 1952 3205; baseline 0.002 -20"><span class='ocrx_word' id='word_1_333' title='bbox 365 3140 512 3197; x_wconf 90' lang='lat' dir='ltr'><strong>sunt,</strong></span> <span class='ocrx_word' id='word_1_334' title='bbox 538 3133 752 3186; x_wconf 88' lang='lat' dir='ltr'><strong>conaris</strong></span> <span class='ocrx_word' id='word_1_335' title='bbox 781 3140 1053 3197; x_wconf 90' lang='lat' dir='ltr'><strong>astruere;</strong></span> <span class='ocrx_word' id='word_1_336' title='bbox 1085 3148 1249 3187; x_wconf 89' lang='lat' dir='ltr'><strong>unum</strong></span> <span class='ocrx_word' id='word_1_337' title='bbox 1270 3133 1466 3203; x_wconf 90' lang='lat' dir='ltr'><strong>quippe</strong></span> <span class='ocrx_word' id='word_1_338' title='bbox 1488 3122 1703 3188; x_wconf 73' lang='lat' dir='ltr'><strong>omnem</strong></span> <span class='ocrx_word' id='word_1_339' title='bbox 1731 3142 1952 3205; x_wconf 88' lang='lat' dir='ltr'><strong>superat</strong></span> 
     </span>
    </p>
   </div>
   <div class='ocr_carea' id='block_1_49' title="bbox 367 3221 1948 3293">
    <p class='ocr_par' dir='ltr' id='par_1_49' title="bbox 367 3221 1948 3293">
     <span class='ocr_line' id='line_1_49' title="bbox 367 3221 1948 3293; baseline 0.002 -19"><span class='ocrx_word' id='word_1_340' title='bbox 367 3221 716 3287; x_wconf 79' lang='lat' dir='ltr'><strong>intellectum,</strong></span> <span class='ocrx_word' id='word_1_341' title='bbox 740 3222 968 3277; x_wconf 88' lang='lat' dir='ltr'><strong>alterum</strong></span> <span class='ocrx_word' id='word_1_342' title='bbox 1000 3222 1394 3292; x_wconf 86' lang='lat' dir='ltr'><strong>quodammodo</strong></span> <span class='ocrx_word' id='word_1_343' title='bbox 1419 3223 1730 3278; x_wconf 86' lang='lat' dir='ltr'><strong>theoreticis</strong></span> <span class='ocrx_word' id='word_1_344' title='bbox 1755 3238 1948 3293; x_wconf 83' lang='lat' dir='ltr'><strong>specu-</strong></span> 
     </span>
    </p>
   </div>
   <div class='ocr_carea' id='block_1_50' title="bbox 365 3309 1953 3384">
    <p class='ocr_par' dir='ltr' id='par_1_50' title="bbox 365 3309 1953 3384">
     <span class='ocr_line' id='line_1_50' title="bbox 365 3309 1953 3384; baseline 0.003 -22"><span class='ocrx_word' id='word_1_345' title='bbox 365 3309 658 3381; x_wconf 84' lang='lat' dir='ltr'><strong>lationibus</strong></span> <span class='ocrx_word' id='word_1_346' title='bbox 697 3312 1183 3380; x_wconf 82' lang='lat' dir='ltr'><strong>comprehensibile</strong></span> <span class='ocrx_word' id='word_1_347' title='bbox 1204 3311 1225 3343; x_wconf 71' lang='grc' dir='ltr'>δ</span> <span class='ocrx_word' id='word_1_348' title='bbox 1252 3326 1359 3368; x_wconf 84' lang='lat' dir='ltr'><strong>non</strong></span> <span class='ocrx_word' id='word_1_349' title='bbox 1383 3312 1703 3384; x_wconf 86' lang='lat' dir='ltr'><strong>denegatur,</strong></span> <span class='ocrx_word' id='word_1_350' title='bbox 1724 3320 1783 3366; x_wconf 90' lang='lat' dir='ltr'><strong>ut</strong></span> <span class='ocrx_word' id='word_1_351' title='bbox 1808 3312 1953 3367; x_wconf 79' lang='lat' dir='ltr'><strong>nulla</strong></span> 
     </span>
    </p>
   </div>
   <div class='ocr_carea' id='block_1_51' title="bbox 365 3401 1951 3474">
    <p class='ocr_par' dir='ltr' id='par_1_51' title="bbox 365 3401 1951 3474">
     <span class='ocr_line' id='line_1_51' title="bbox 365 3401 1951 3474; baseline 0.003 -20"><span class='ocrx_word' id='word_1_352' title='bbox 365 3401 432 3471; x_wconf 92' lang='lat' dir='ltr'><strong>dc</strong></span> <span class='ocrx_word' id='word_1_353' title='bbox 459 3416 524 3456; x_wconf 88' lang='lat' dir='ltr'><strong>eo</strong></span> <span class='ocrx_word' id='word_1_354' title='bbox 546 3401 692 3456; x_wconf 87' lang='lat' dir='ltr'><strong>reddi</strong></span> <span class='ocrx_word' id='word_1_355' title='bbox 724 3402 895 3470; x_wconf 88' lang='lat' dir='ltr'><strong>possit</strong></span> <span class='ocrx_word' id='word_1_356' title='bbox 923 3402 1062 3457; x_wconf 90' lang='lat' dir='ltr'><strong>ratio</strong></span> <span class='ocrx_word' id='word_1_357' title='bbox 1087 3420 1100 3455; x_wconf 89' lang='lat'>:</span> <span class='ocrx_word' id='word_1_358' title='bbox 1131 3411 1186 3457; x_wconf 91' lang='lat' dir='ltr'><strong>et</strong></span> <span class='ocrx_word' id='word_1_359' title='bbox 1217 3418 1317 3474; x_wconf 86' lang='lat' dir='ltr'><strong>ego</strong></span> <span class='ocrx_word' id='word_1_360' title='bbox 1346 3404 1656 3460; x_wconf 88' lang='lat' dir='ltr'><strong>nonnullam</strong></span> <span class='ocrx_word' id='word_1_361' title='bbox 1687 3405 1951 3459; x_wconf 76' lang='lat' dir='ltr'><strong>rationem</strong></span> 
     </span>
    </p>
   </div>
   <div class='ocr_carea' id='block_1_52' title="bbox 363 3481 1953 3558">
    <p class='ocr_par' dir='ltr' id='par_1_52' title="bbox 363 3481 1953 3558">
     <span class='ocr_line' id='line_1_52' title="bbox 363 3481 1953 3558; baseline 0.003 -15"><span class='ocrx_word' id='word_1_362' title='bbox 363 3481 446 3543; x_wconf 83' lang='lat' dir='ltr'><strong>de</strong></span> <span class='ocrx_word' id='word_1_363' title='bbox 469 3489 738 3558; x_wconf 89' lang='lat' dir='ltr'><strong>praesenti</strong></span> <span class='ocrx_word' id='word_1_364' title='bbox 784 3490 1100 3558; x_wconf 86' lang='lat' dir='ltr'><strong>quaestione</strong></span> <span class='ocrx_word' id='word_1_365' title='bbox 1144 3491 1381 3546; x_wconf 86' lang='lat' dir='ltr'><strong>conabor</strong></span> <span class='ocrx_word' id='word_1_366' title='bbox 1420 3492 1667 3548; x_wconf 87' lang='lat' dir='ltr'><strong>reddere.</strong></span> <span class='ocrx_word' id='word_1_367' title='bbox 1726 3491 1953 3547; x_wconf 78' lang='lat' dir='ltr'><strong>Videtur</strong></span> 
     </span>
    </p>
   </div>
   <div class='ocr_carea' id='block_1_53' title="bbox 364 3578 1952 3649">
    <p class='ocr_par' dir='ltr' id='par_1_53' title="bbox 364 3578 1952 3649">
     <span class='ocr_line' id='line_1_53' title="bbox 364 3578 1952 3649; baseline 0.003 -17"><span class='ocrx_word' id='word_1_368' title='bbox 364 3578 507 3633; x_wconf 89' lang='lat' dir='ltr'><strong>enim</strong></span> <span class='ocrx_word' id='word_1_369' title='bbox 557 3579 689 3632; x_wconf 85' lang='lat' dir='ltr'><strong>mihi</strong></span> <span class='ocrx_word' id='word_1_370' title='bbox 750 3588 1034 3649; x_wconf 86' lang='lat' dir='ltr'><strong>propterea</strong></span> <span class='ocrx_word' id='word_1_371' title='bbox 1081 3580 1245 3634; x_wconf 89' lang='lat' dir='ltr'><strong>totius</strong></span> <span class='ocrx_word' id='word_1_372' title='bbox 1291 3580 1661 3635; x_wconf 84' lang='lat' dir='ltr'><strong>universitatis</strong></span> <span class='ocrx_word' id='word_1_373' title='bbox 1705 3581 1952 3636; x_wconf 87' lang='lat' dir='ltr'><strong>conditae</strong></span> 
     </span>
    </p>
   </div>
   <div class='ocr_carea' id='block_1_54' title="bbox 364 3651 1951 3740">
    <p class='ocr_par' dir='ltr' id='par_1_54' title="bbox 364 3651 1951 3740">
     <span class='ocr_line' id='line_1_54' title="bbox 364 3651 1951 3740; baseline -0.001 -15"><span class='ocrx_word' id='word_1_374' title='bbox 364 3651 760 3725; x_wconf 46' lang='lat' dir='ltr'><strong>Creatorem&#39;et</strong></span> <span class='ocrx_word' id='word_1_375' title='bbox 790 3670 1159 3729; x_wconf 86' lang='lat' dir='ltr'><strong>ordinatorem</strong></span> <span class='ocrx_word' id='word_1_376' title='bbox 1195 3669 1592 3725; x_wconf 85' lang='lat' dir='ltr'><strong>irrationabiles</strong></span> <span class='ocrx_word' id='word_1_377' title='bbox 1621 3681 1798 3725; x_wconf 91' lang='lat' dir='ltr'><strong>motus</strong></span> <span class='ocrx_word' id='word_1_378' title='bbox 1828 3686 1951 3740; x_wconf 88' lang='lat' dir='ltr'><strong>per-</strong></span> 
     </span>
    </p>
   </div>
   <div class='ocr_carea' id='block_1_55' title="bbox 363 3758 1951 3828">
    <p class='ocr_par' dir='ltr' id='par_1_55' title="bbox 363 3758 1951 3828">
     <span class='ocr_line' id='line_1_55' title="bbox 363 3758 1951 3828; baseline 0.002 -16"><span class='ocrx_word' id='word_1_379' title='bbox 363 3774 554 3814; x_wconf 88' lang='lat' dir='ltr'><strong>versae</strong></span> <span class='ocrx_word' id='word_1_380' title='bbox 574 3758 835 3813; x_wconf 90' lang='lat' dir='ltr'><strong>malorum</strong></span> <span class='ocrx_word' id='word_1_381' title='bbox 857 3767 913 3814; x_wconf 92' lang='lat' dir='ltr'><strong>ct</strong></span> <span class='ocrx_word' id='word_1_382' title='bbox 936 3758 1213 3813; x_wconf 85' lang='lat' dir='ltr'><strong>hominum</strong></span> <span class='ocrx_word' id='word_1_383' title='bbox 1243 3769 1299 3812; x_wconf 91' lang='lat' dir='ltr'><strong>et</strong></span> <span class='ocrx_word' id='word_1_384' title='bbox 1325 3759 1639 3828; x_wconf 86' lang='lat' dir='ltr'><strong>angelorum</strong></span> <span class='ocrx_word' id='word_1_385' title='bbox 1660 3760 1951 3815; x_wconf 90' lang='lat' dir='ltr'><strong>voluntatis</strong></span> 
     </span>
    </p>
   </div>
   <div class='ocr_carea' id='block_1_56' title="bbox 366 3849 1952 3918">
    <p class='ocr_par' dir='ltr' id='par_1_56' title="bbox 366 3849 1952 3918">
     <span class='ocr_line' id='line_1_56' title="bbox 366 3849 1952 3918; baseline 0.001 -15"><span class='ocrx_word' id='word_1_386' title='bbox 366 3849 508 3903; x_wconf 90' lang='lat' dir='ltr'><strong>intra</strong></span> <span class='ocrx_word' id='word_1_387' title='bbox 529 3864 650 3903; x_wconf 91' lang='lat' dir='ltr'><strong>eam</strong></span> <span class='ocrx_word' id='word_1_388' title='bbox 673 3850 850 3918; x_wconf 87' lang='lat' dir='ltr'><strong>puniri</strong></span> <span class='ocrx_word' id='word_1_389' title='bbox 880 3849 1087 3912; x_wconf 86' lang='lat' dir='ltr'><strong>sivisse,</strong></span> <span class='ocrx_word' id='word_1_390' title='bbox 1138 3849 1253 3918; x_wconf 87' lang='lat' dir='ltr'><strong>ipsa</strong></span> <span class='ocrx_word' id='word_1_391' title='bbox 1300 3849 1551 3913; x_wconf 83' lang='lat' dir='ltr'><strong>videlicet</strong></span> <span class='ocrx_word' id='word_1_392' title='bbox 1599 3850 1952 3905; x_wconf 84' lang='lat' dir='ltr'><strong>universitate</strong></span> 
     </span>
    </p>
   </div>
   <div class='ocr_carea' id='block_1_57' title="bbox 365 3938 1952 4008">
    <p class='ocr_par' dir='ltr' id='par_1_57' title="bbox 365 3938 1952 4008">
     <span class='ocr_line' id='line_1_57' title="bbox 365 3938 1952 4008; baseline 0.001 -13"><span class='ocrx_word' id='word_1_393' title='bbox 365 3940 621 3995; x_wconf 88' lang='lat' dir='ltr'><strong>omnibus</strong></span> <span class='ocrx_word' id='word_1_394' title='bbox 647 3938 932 3993; x_wconf 87' lang='lat' dir='ltr'><strong>contrariis</strong></span> <span class='ocrx_word' id='word_1_395' title='bbox 970 3938 1311 4008; x_wconf 84' lang='lat' dir='ltr'><strong>passiouibus</strong></span> <span class='ocrx_word' id='word_1_396' title='bbox 1340 3938 1586 3993; x_wconf 89' lang='lat' dir='ltr'><strong>absoluta</strong></span> <span class='ocrx_word' id='word_1_397' title='bbox 1619 3939 1952 4008; x_wconf 85' lang='lat' dir='ltr'><strong>omninoque</strong></span> 
     </span>
    </p>
   </div>
   <div class='ocr_carea' id='block_1_58' title="bbox 364 4024 1955 4097">
    <p class='ocr_par' dir='ltr' id='par_1_58' title="bbox 364 4024 1955 4097">
     <span class='ocr_line' id='line_1_58' title="bbox 364 4024 1955 4097; baseline -0.001 -14"><span class='ocrx_word' id='word_1_398' title='bbox 364 4029 538 4083; x_wconf 88' lang='lat' dir='ltr'><strong>libera</strong></span> <span class='ocrx_word' id='word_1_399' title='bbox 583 4042 798 4097; x_wconf 88' lang='lat' dir='ltr'><strong>semper</strong></span> <span class='ocrx_word' id='word_1_400' title='bbox 843 4026 1182 4089; x_wconf 85' lang='lat' dir='ltr'><strong>subsistente,</strong></span> <span class='ocrx_word' id='word_1_401' title='bbox 1238 4036 1294 4080; x_wconf 89' lang='lat' dir='ltr'><strong>ut</strong></span> <span class='ocrx_word' id='word_1_402' title='bbox 1339 4041 1405 4080; x_wconf 79' lang='lat' dir='ltr'><strong>ea:</strong></span> <span class='ocrx_word' id='word_1_403' title='bbox 1456 4024 1768 4091; x_wconf 82' lang='lat' dir='ltr'><strong>collatione,</strong></span> <span class='ocrx_word' id='word_1_404' title='bbox 1814 4028 1955 4081; x_wconf 81' lang='lat' dir='ltr'><strong>sicut</strong></span> 
     </span>
    </p>
   </div>
   <div class='ocr_carea' id='block_1_59' title="bbox 362 4112 1955 4187">
    <p class='ocr_par' dir='ltr' id='par_1_59' title="bbox 362 4112 1955 4187">
     <span class='ocr_line' id='line_1_59' title="bbox 362 4112 1955 4187; baseline -0.004 -13"><span class='ocrx_word' id='word_1_405' title='bbox 362 4120 441 4174; x_wconf 86' lang='lat' dir='ltr'><strong>ait</strong></span> <span class='ocrx_word' id='word_1_406' title='bbox 464 4126 686 4173; x_wconf 86' lang='lat' dir='ltr'><strong>sanctus</strong></span> <span class='ocrx_word' id='word_1_407' title='bbox 711 4115 1057 4187; x_wconf 85' lang='lat' dir='ltr'><strong>Augustinus,</strong></span> <span class='ocrx_word' id='word_1_408' title='bbox 1081 4131 1349 4184; x_wconf 77' lang='lat' dir='ltr'><strong>perversae</strong></span> <span class='ocrx_word' id='word_1_409' title='bbox 1372 4112 1655 4167; x_wconf 78' lang='lat' dir='ltr'><strong>voluntatis</strong></span> <span class='ocrx_word' id='word_1_410' title='bbox 1675 4112 1955 4182; x_wconf 81' lang='lat' dir='ltr'><strong>impiorum</strong></span> 
     </span>
    </p>
   </div>
   <div class='ocr_carea' id='block_1_60' title="bbox 363 4200 1952 4270">
    <p class='ocr_par' dir='ltr' id='par_1_60' title="bbox 363 4200 1952 4270">
     <span class='ocr_line' id='line_1_60' title="bbox 363 4200 1952 4270; baseline -0.004 -9"><span class='ocrx_word' id='word_1_411' title='bbox 363 4207 675 4261; x_wconf 81' lang='lat' dir='ltr'><strong>laudaretur</strong></span> <span class='ocrx_word' id='word_1_412' title='bbox 726 4214 773 4259; x_wconf 91' lang='lat' dir='ltr'><strong>et</strong></span> <span class='ocrx_word' id='word_1_413' title='bbox 828 4203 1150 4259; x_wconf 68' lang='lat' dir='ltr'><strong>exaltaretur</strong></span> <span class='ocrx_word' id='word_1_414' title='bbox 1211 4212 1326 4257; x_wconf 85' lang='lat' dir='ltr'><strong>rata</strong></span> <span class='ocrx_word' id='word_1_415' title='bbox 1378 4200 1615 4256; x_wconf 72' lang='lat' dir='ltr'><strong>voluntas</strong></span> <span class='ocrx_word' id='word_1_416' title='bbox 1664 4200 1952 4270; x_wconf 78' lang='lat' dir='ltr'><strong>justorum.</strong></span> 
     </span>
    </p>
   </div>
   <div class='ocr_carea' id='block_1_61' title="bbox 364 4290 1956 4364">
    <p class='ocr_par' dir='ltr' id='par_1_61' title="bbox 364 4290 1956 4364">
     <span class='ocr_line' id='line_1_61' title="bbox 364 4290 1956 4364; baseline -0.002 -17"><span class='ocrx_word' id='word_1_417' title='bbox 364 4294 597 4359; x_wconf 83' lang='lat' dir='ltr'><strong>Etenim,</strong></span> <span class='ocrx_word' id='word_1_418' title='bbox 628 4302 688 4347; x_wconf 92' lang='lat' dir='ltr'><strong>ut</strong></span> <span class='ocrx_word' id='word_1_419' title='bbox 721 4294 835 4364; x_wconf 89' lang='lat' dir='ltr'><strong>ipse</strong></span> <span class='ocrx_word' id='word_1_420' title='bbox 861 4295 959 4358; x_wconf 90' lang='lat' dir='ltr'><strong>ait,</strong></span> <span class='ocrx_word' id='word_1_421' title='bbox 983 4294 1189 4363; x_wconf 85' lang='lat' dir='ltr'><strong>nigrum</strong></span> <span class='ocrx_word' id='word_1_422' title='bbox 1217 4290 1441 4345; x_wconf 86' lang='lat' dir='ltr'><strong>colorem</strong></span> <span class='ocrx_word' id='word_1_423' title='bbox 1471 4291 1608 4344; x_wconf 83' lang='lat' dir='ltr'><strong>inter</strong></span> <span class='ocrx_word' id='word_1_424' title='bbox 1643 4299 1840 4345; x_wconf 76' lang='lat' dir='ltr'><strong>ceteros</strong></span> <span class='ocrx_word' id='word_1_425' title='bbox 1870 4306 1956 4344; x_wconf 89' lang='lat' dir='ltr'><strong>co-</strong></span> 
     </span>
    </p>
   </div>
   <div class='ocr_carea' id='block_1_62' title="bbox 364 4383 1953 4456">
    <p class='ocr_par' dir='ltr' id='par_1_62' title="bbox 364 4383 1953 4456">
     <span class='ocr_line' id='line_1_62' title="bbox 364 4383 1953 4456; baseline -0.001 -16"><span class='ocrx_word' id='word_1_426' title='bbox 364 4386 503 4441; x_wconf 79' lang='lat' dir='ltr'><strong>lares</strong></span> <span class='ocrx_word' id='word_1_427' title='bbox 524 4403 613 4442; x_wconf 77' lang='lat' dir='ltr'><strong>ars</strong></span> <span class='ocrx_word' id='word_1_428' title='bbox 636 4388 867 4456; x_wconf 86' lang='lat' dir='ltr'><strong>picturae</strong></span> <span class='ocrx_word' id='word_1_429' title='bbox 887 4386 1166 4449; x_wconf 77' lang='lat' dir='ltr'><strong>interserit,</strong></span> <span class='ocrx_word' id='word_1_430' title='bbox 1195 4393 1250 4438; x_wconf 84' lang='lat' dir='ltr'><strong>ut</strong></span> <span class='ocrx_word' id='word_1_431' title='bbox 1277 4400 1342 4439; x_wconf 79' lang='lat' dir='ltr'><strong>ea:</strong></span> <span class='ocrx_word' id='word_1_432' title='bbox 1360 4384 1750 4453; x_wconf 83' lang='lat' dir='ltr'><strong>comparatione</strong></span> <span class='ocrx_word' id='word_1_433' title='bbox 1770 4383 1953 4455; x_wconf 73' lang='lat' dir='ltr'><strong>ipsius,</strong></span> 
     </span>
    </p>
   </div>
   <div class='ocr_carea' id='block_1_63' title="bbox 367 4475 1957 4549">
    <p class='ocr_par' dir='ltr' id='par_1_63' title="bbox 367 4475 1957 4549">
     <span class='ocr_line' id='line_1_63' title="bbox 367 4475 1957 4549; baseline 0 -18"><span class='ocrx_word' id='word_1_434' title='bbox 367 4476 495 4531; x_wconf 84' lang='lat' dir='ltr'><strong>dum</strong></span> <span class='ocrx_word' id='word_1_435' title='bbox 524 4477 776 4549; x_wconf 63' lang='lat' dir='ltr'><strong>obscurus</strong></span> <span class='ocrx_word' id='word_1_436' title='bbox 807 4477 1052 4541; x_wconf 85' lang='lat' dir='ltr'><strong>cernitur,</strong></span> <span class='ocrx_word' id='word_1_437' title='bbox 1084 4476 1308 4530; x_wconf 87' lang='lat' dir='ltr'><strong>aliorum</strong></span> <span class='ocrx_word' id='word_1_438' title='bbox 1336 4476 1567 4533; x_wconf 83' lang='lat' dir='ltr'><strong>colorum</strong></span> <span class='ocrx_word' id='word_1_439' title='bbox 1599 4475 1814 4533; x_wconf 73' lang='lat' dir='ltr'><strong>claritas</strong></span> <span class='ocrx_word' id='word_1_440' title='bbox 1835 4493 1957 4548; x_wconf 86' lang='lat' dir='ltr'><strong>pro-</strong></span> 
     </span>
    </p>
   </div>
   <div class='ocr_carea' id='block_1_64' title="bbox 369 4565 1956 4641">
    <p class='ocr_par' dir='ltr' id='par_1_64' title="bbox 369 4565 1956 4641">
     <span class='ocr_line' id='line_1_64' title="bbox 369 4565 1956 4641; baseline 0.003 -21"><span class='ocrx_word' id='word_1_441' title='bbox 369 4566 534 4620; x_wconf 82' lang='lat' dir='ltr'><strong>betur.</strong></span> <span class='ocrx_word' id='word_1_442' title='bbox 599 4565 733 4620; x_wconf 84' lang='lat' dir='ltr'><strong>Nam</strong></span> <span class='ocrx_word' id='word_1_443' title='bbox 780 4566 922 4636; x_wconf 87' lang='lat' dir='ltr'><strong>quod</strong></span> <span class='ocrx_word' id='word_1_444' title='bbox 973 4565 1215 4621; x_wconf 78' lang='lat' dir='ltr'><strong>deforme</strong></span> <span class='ocrx_word' id='word_1_445' title='bbox 1258 4580 1356 4641; x_wconf 83' lang='lat' dir='ltr'><strong>per</strong></span> <span class='ocrx_word' id='word_1_446' title='bbox 1406 4566 1641 4637; x_wconf 85' lang='lat' dir='ltr'><strong>seipsum</strong></span> <span class='ocrx_word' id='word_1_447' title='bbox 1701 4568 1755 4622; x_wconf 91' lang='lat' dir='ltr'><strong>in</strong></span> <span class='ocrx_word' id='word_1_448' title='bbox 1802 4577 1956 4639; x_wconf 90' lang='lat' dir='ltr'><strong>parte</strong></span> 
     </span>
    </p>
   </div>
   <div class='ocr_carea' id='block_1_65' title="bbox 366 4653 1953 4723">
    <p class='ocr_par' dir='ltr' id='par_1_65' title="bbox 366 4653 1953 4723">
     <span class='ocr_line' id='line_1_65' title="bbox 366 4653 1953 4723; baseline 0.004 -17"><span class='ocrx_word' id='word_1_449' title='bbox 366 4653 548 4723; x_wconf 88' lang='lat' dir='ltr'><strong>aliqua</strong></span> <span class='ocrx_word' id='word_1_450' title='bbox 579 4653 946 4709; x_wconf 88' lang='lat' dir='ltr'><strong>universitatis</strong></span> <span class='ocrx_word' id='word_1_451' title='bbox 970 4654 1330 4719; x_wconf 75' lang='lat' dir='ltr'><strong>existimatur,</strong></span> <span class='ocrx_word' id='word_1_452' title='bbox 1372 4654 1425 4707; x_wconf 88' lang='lat' dir='ltr'><strong>in</strong></span> <span class='ocrx_word' id='word_1_453' title='bbox 1476 4663 1587 4710; x_wconf 92' lang='lat' dir='ltr'><strong>toto</strong></span> <span class='ocrx_word' id='word_1_454' title='bbox 1630 4672 1735 4713; x_wconf 90' lang='lat' dir='ltr'><strong>non</strong></span> <span class='ocrx_word' id='word_1_455' title='bbox 1783 4656 1953 4712; x_wconf 91' lang='lat' dir='ltr'><strong>solum</strong></span> 
     </span>
    </p>
   </div>
   <div class='ocr_carea' id='block_1_66' title="bbox 366 4743 1954 4814">
    <p class='ocr_par' dir='ltr' id='par_1_66' title="bbox 366 4743 1954 4814">
     <span class='ocr_line' id='line_1_66' title="bbox 366 4743 1954 4814; baseline 0.001 -16"><span class='ocrx_word' id='word_1_456' title='bbox 366 4744 670 4814; x_wconf 85' lang='lat' dir='ltr'><strong>pulchrum,</strong></span> <span class='ocrx_word' id='word_1_457' title='bbox 703 4744 958 4814; x_wconf 91' lang='lat' dir='ltr'><strong>quoniam</strong></span> <span class='ocrx_word' id='word_1_458' title='bbox 1002 4743 1226 4813; x_wconf 89' lang='lat' dir='ltr'><strong>pulchre</strong></span> <span class='ocrx_word' id='word_1_459' title='bbox 1261 4743 1564 4799; x_wconf 90' lang='lat' dir='ltr'><strong>ordinatum</strong></span> <span class='ocrx_word' id='word_1_460' title='bbox 1620 4754 1723 4808; x_wconf 90' lang='lat' dir='ltr'><strong>est,</strong></span> <span class='ocrx_word' id='word_1_461' title='bbox 1768 4760 1954 4800; x_wconf 89' lang='lat' dir='ltr'><strong>verum</strong></span> 
     </span>
    </p>
   </div>
   <div class='ocr_carea' id='block_1_67' title="bbox 369 4837 1956 4908">
    <p class='ocr_par' dir='ltr' id='par_1_67' title="bbox 369 4837 1956 4908">
     <span class='ocr_line' id='line_1_67' title="bbox 369 4837 1956 4908; baseline 0.003 -16"><span class='ocrx_word' id='word_1_462' title='bbox 369 4838 531 4892; x_wconf 89' lang='lat' dir='ltr'><strong>etiam</strong></span> <span class='ocrx_word' id='word_1_463' title='bbox 558 4840 827 4908; x_wconf 85' lang='lat' dir='ltr'><strong>generalis</strong></span> <span class='ocrx_word' id='word_1_464' title='bbox 852 4838 1262 4908; x_wconf 83' lang='lat' dir='ltr'><strong>pulchritudinis</strong></span> <span class='ocrx_word' id='word_1_465' title='bbox 1284 4853 1446 4893; x_wconf 87' lang='lat' dir='ltr'><strong>causa</strong></span> <span class='ocrx_word' id='word_1_466' title='bbox 1476 4837 1705 4894; x_wconf 70' lang='lat' dir='ltr'><strong>edicitur</strong></span> <span class='ocrx_word' id='word_1_467' title='bbox 1731 4856 1744 4892; x_wconf 89' lang='lat'><strong>:</strong></span> <span class='ocrx_word' id='word_1_468' title='bbox 1775 4849 1830 4895; x_wconf 91' lang='lat' dir='ltr'><strong>et</strong></span> <span class='ocrx_word' id='word_1_469' title='bbox 1872 4851 1956 4898; x_wconf 90' lang='lat' dir='ltr'><strong>est</strong></span> 
     </span>
    </p>
   </div>
   <div class='ocr_carea' id='block_1_68' title="bbox 371 4926 1951 4998">
    <p class='ocr_par' dir='ltr' id='par_1_68' title="bbox 371 4926 1951 4998">
     <span class='ocr_line' id='line_1_68' title="bbox 371 4926 1951 4998; baseline 0.005 -18"><span class='ocrx_word' id='word_1_470' title='bbox 371 4926 633 4993; x_wconf 82' lang='lat' dir='ltr'><strong>sapientia</strong></span> <span class='ocrx_word' id='word_1_471' title='bbox 659 4942 725 4982; x_wconf 82' lang='lat' dir='ltr'><strong>ex</strong></span> <span class='ocrx_word' id='word_1_472' title='bbox 749 4928 1037 4984; x_wconf 87' lang='lat' dir='ltr'><strong>collatione</strong></span> <span class='ocrx_word' id='word_1_473' title='bbox 1061 4927 1403 4998; x_wconf 88' lang='lat' dir='ltr'><strong>insipientiae</strong></span> <span class='ocrx_word' id='word_1_474' title='bbox 1426 4968 1442 4993; x_wconf 95' lang='lat'><strong>,</strong></span> <span class='ocrx_word' id='word_1_475' title='bbox 1477 4929 1699 4987; x_wconf 86' lang='lat' dir='ltr'><strong>scientia</strong></span> <span class='ocrx_word' id='word_1_476' title='bbox 1727 4944 1795 4986; x_wconf 82' lang='lat' dir='ltr'><strong>ex</strong></span> <span class='ocrx_word' id='word_1_477' title='bbox 1837 4932 1951 4988; x_wconf 84' lang='lat' dir='ltr'><strong>col-</strong></span> 
     </span>
    </p>
   </div>
   <div class='ocr_carea' id='block_1_69' title="bbox 372 5014 1957 5095">
    <p class='ocr_par' dir='ltr' id='par_1_69' title="bbox 372 5014 1957 5095">
     <span class='ocr_line' id='line_1_69' title="bbox 372 5014 1957 5095; baseline 0.007 -28"><span class='ocrx_word' id='word_1_478' title='bbox 372 5014 576 5069; x_wconf 88' lang='lat' dir='ltr'><strong>latione</strong></span> <span class='ocrx_word' id='word_1_479' title='bbox 601 5018 955 5088; x_wconf 87' lang='lat' dir='ltr'><strong>ignorantiae,</strong></span> <span class='ocrx_word' id='word_1_480' title='bbox 987 5034 1127 5090; x_wconf 86' lang='lat' dir='ltr'><strong>quae</strong></span> <span class='ocrx_word' id='word_1_481' title='bbox 1153 5028 1237 5074; x_wconf 90' lang='lat' dir='ltr'><strong>est</strong></span> <span class='ocrx_word' id='word_1_482' title='bbox 1258 5028 1280 5060; x_wconf 74' lang='grc'>⁸</span> <span class='ocrx_word' id='word_1_483' title='bbox 1309 5034 1405 5088; x_wconf 87' lang='lat' dir='ltr'><strong>per</strong></span> <span class='ocrx_word' id='word_1_484' title='bbox 1442 5018 1706 5075; x_wconf 82' lang='lat' dir='ltr'><strong>delectum</strong></span> <span class='ocrx_word' id='word_1_485' title='bbox 1745 5032 1800 5076; x_wconf 93' lang='lat' dir='ltr'><strong>et</strong></span> <span class='ocrx_word' id='word_1_486' title='bbox 1842 5025 1957 5095; x_wconf 86' lang='lat' dir='ltr'><strong>pri-</strong></span> 
     </span>
    </p>
   </div>
   <div class='ocr_carea' id='block_1_70' title="bbox 372 5107 1953 5182">
    <p class='ocr_par' dir='ltr' id='par_1_70' title="bbox 372 5107 1953 5182">
     <span class='ocr_line' id='line_1_70' title="bbox 372 5107 1953 5182; baseline 0.004 -21"><span class='ocrx_word' id='word_1_487' title='bbox 372 5107 667 5171; x_wconf 88' lang='lat' dir='ltr'><strong>vationem,</strong></span> <span class='ocrx_word' id='word_1_488' title='bbox 690 5110 797 5164; x_wconf 88' lang='lat' dir='ltr'><strong>vita</strong></span> <span class='ocrx_word' id='word_1_489' title='bbox 813 5125 883 5165; x_wconf 78' lang='lat' dir='ltr'><strong>ex</strong></span> <span class='ocrx_word' id='word_1_490' title='bbox 901 5112 1302 5182; x_wconf 86' lang='lat' dir='ltr'><strong>comparatione</strong></span> <span class='ocrx_word' id='word_1_491' title='bbox 1322 5110 1513 5165; x_wconf 88' lang='lat' dir='ltr'><strong>mortis</strong></span> <span class='ocrx_word' id='word_1_492' title='bbox 1541 5126 1637 5179; x_wconf 90' lang='lat' dir='ltr'><strong>per</strong></span> <span class='ocrx_word' id='word_1_493' title='bbox 1662 5112 1953 5182; x_wconf 81' lang='lat' dir='ltr'><strong>defectum,</strong></span> 
     </span>
    </p>
   </div>
   <div class='ocr_carea' id='block_1_71' title="bbox 375 5198 1954 5273">
    <p class='ocr_par' dir='ltr' id='par_1_71' title="bbox 375 5198 1954 5273">
     <span class='ocr_line' id='line_1_71' title="bbox 375 5198 1954 5273; baseline 0.004 -19"><span class='ocrx_word' id='word_1_494' title='bbox 375 5198 465 5254; x_wconf 76' lang='lat' dir='ltr'><strong>lux</strong></span> <span class='ocrx_word' id='word_1_495' title='bbox 490 5213 560 5254; x_wconf 78' lang='lat' dir='ltr'><strong>ex</strong></span> <span class='ocrx_word' id='word_1_496' title='bbox 592 5202 926 5269; x_wconf 87' lang='lat' dir='ltr'><strong>oppositione</strong></span> <span class='ocrx_word' id='word_1_497' title='bbox 949 5204 1291 5261; x_wconf 88' lang='lat' dir='ltr'><strong>tenebrarum</strong></span> <span class='ocrx_word' id='word_1_498' title='bbox 1313 5217 1412 5273; x_wconf 89' lang='lat' dir='ltr'><strong>per</strong></span> <span class='ocrx_word' id='word_1_499' title='bbox 1433 5202 1789 5272; x_wconf 87' lang='lat' dir='ltr'><strong>privationem</strong></span> <span class='ocrx_word' id='word_1_500' title='bbox 1835 5205 1954 5260; x_wconf 90' lang='lat' dir='ltr'><strong>lau-</strong></span> 
     </span>
    </p>
   </div>
   <div class='ocr_carea' id='block_1_72' title="bbox 2050 1876 3647 1936">
    <p class='ocr_par' dir='ltr' id='par_1_72' title="bbox 2050 1876 3647 1936">
     <span class='ocr_line' id='line_1_72' title="bbox 2050 1876 3647 1936; baseline 0.001 -4"><span class='ocrx_word' id='word_1_501' title='bbox 2050 1876 2329 1932; x_wconf 82' lang='lat' dir='ltr'><strong>versitatis</strong></span> <span class='ocrx_word' id='word_1_502' title='bbox 2353 1885 2408 1931; x_wconf 87' lang='lat' dir='ltr'><strong>et</strong></span> <span class='ocrx_word' id='word_1_503' title='bbox 2443 1876 2739 1932; x_wconf 88' lang='lat' dir='ltr'><strong>conditoris</strong></span> <span class='ocrx_word' id='word_1_504' title='bbox 2766 1878 3006 1932; x_wconf 88' lang='lat' dir='ltr'><strong>omnium</strong></span> <span class='ocrx_word' id='word_1_505' title='bbox 3043 1878 3159 1934; x_wconf 89' lang='lat' dir='ltr'><strong>laus</strong></span> <span class='ocrx_word' id='word_1_506' title='bbox 3186 1878 3472 1935; x_wconf 68' lang='lat' dir='ltr'><strong>iaculabilis</strong></span> <span class='ocrx_word' id='word_1_507' title='bbox 3495 1895 3615 1936; x_wconf 91' lang='lat' dir='ltr'><strong>com</strong></span> <span class='ocrx_word' id='word_1_508' title='bbox 3632 1910 3647 1922; x_wconf 89' lang='lat'><strong>-</strong></span> 
     </span>
    </p>
   </div>
   <div class='ocr_carea' id='block_1_73' title="bbox 2051 1964 3646 2035">
    <p class='ocr_par' dir='ltr' id='par_1_73' title="bbox 2051 1964 3646 2035">
     <span class='ocr_line' id='line_1_73' title="bbox 2051 1964 3646 2035; baseline 0.004 -18"><span class='ocrx_word' id='word_1_509' title='bbox 2051 1965 2315 2035; x_wconf 83' lang='lat' dir='ltr'><strong>paretur?</strong></span> <span class='ocrx_word' id='word_1_510' title='bbox 2351 1964 2493 2032; x_wconf 85' lang='lat' dir='ltr'><strong>Quid</strong></span> <span class='ocrx_word' id='word_1_511' title='bbox 2518 1964 2737 2033; x_wconf 87' lang='lat' dir='ltr'><strong>justius,</strong></span> <span class='ocrx_word' id='word_1_512' title='bbox 2776 1980 2937 2035; x_wconf 88' lang='lat' dir='ltr'><strong>quam</strong></span> <span class='ocrx_word' id='word_1_513' title='bbox 2978 1977 3037 2020; x_wconf 88' lang='lat' dir='ltr'><strong>ut</strong></span> <span class='ocrx_word' id='word_1_514' title='bbox 3075 1967 3212 2022; x_wconf 90' lang='lat' dir='ltr'><strong>bene</strong></span> <span class='ocrx_word' id='word_1_515' title='bbox 3256 1968 3434 2023; x_wconf 84' lang='lat' dir='ltr'><strong>meriti</strong></span> <span class='ocrx_word' id='word_1_516' title='bbox 3476 1966 3646 2025; x_wconf 54' lang='lat' dir='ltr'><strong>subii;</strong></span> 
     </span>
    </p>
   </div>
   <div class='ocr_carea' id='block_1_74' title="bbox 2051 2053 3639 2130">
    <p class='ocr_par' dir='ltr' id='par_1_74' title="bbox 2051 2053 3639 2130">
     <span class='ocr_line' id='line_1_74' title="bbox 2051 2053 3639 2130; baseline 0.003 -23"><span class='ocrx_word' id='word_1_517' title='bbox 2051 2053 2351 2108; x_wconf 86' lang='lat' dir='ltr'><strong>missimum</strong></span> <span class='ocrx_word' id='word_1_518' title='bbox 2377 2068 2557 2109; x_wconf 88' lang='lat' dir='ltr'><strong>rerum</strong></span> <span class='ocrx_word' id='word_1_519' title='bbox 2585 2054 2850 2119; x_wconf 86' lang='lat' dir='ltr'><strong>ordinem,</strong></span> <span class='ocrx_word' id='word_1_520' title='bbox 2878 2055 3018 2130; x_wconf 82' lang='lat' dir='ltr'><strong>male</strong></span> <span class='ocrx_word' id='word_1_521' title='bbox 3041 2071 3169 2111; x_wconf 89' lang='lat' dir='ltr'><strong>vero</strong></span> <span class='ocrx_word' id='word_1_522' title='bbox 3192 2058 3368 2112; x_wconf 89' lang='lat' dir='ltr'><strong>meriti</strong></span> <span class='ocrx_word' id='word_1_523' title='bbox 3394 2058 3639 2112; x_wconf 79' lang='lat' dir='ltr'><strong>intimum</strong></span> 
     </span>
    </p>
   </div>
   <div class='ocr_carea' id='block_1_75' title="bbox 2051 2140 3647 2217">
    <p class='ocr_par' dir='ltr' id='par_1_75' title="bbox 2051 2140 3647 2217">
     <span class='ocr_line' id='line_1_75' title="bbox 2051 2140 3647 2217; baseline 0.003 -18"><span class='ocrx_word' id='word_1_524' title='bbox 2051 2140 2384 2199; x_wconf 81' lang='lat' dir='ltr'><strong>obtineant?</strong></span> <span class='ocrx_word' id='word_1_525' title='bbox 2437 2141 2576 2208; x_wconf 86' lang='lat' dir='ltr'><strong>Quid</strong></span> <span class='ocrx_word' id='word_1_526' title='bbox 2630 2142 2926 2207; x_wconf 88' lang='lat' dir='ltr'><strong>honestius,</strong></span> <span class='ocrx_word' id='word_1_527' title='bbox 2987 2158 3148 2213; x_wconf 89' lang='lat' dir='ltr'><strong>quam</strong></span> <span class='ocrx_word' id='word_1_528' title='bbox 3194 2153 3253 2199; x_wconf 89' lang='lat' dir='ltr'><strong>ut</strong></span> <span class='ocrx_word' id='word_1_529' title='bbox 3297 2160 3364 2217; x_wconf 67' lang='lat' dir='ltr'><strong>egt</strong></span> <span class='ocrx_word' id='word_1_530' title='bbox 3412 2144 3647 2216; x_wconf 83' lang='lat' dir='ltr'><strong>propriis</strong></span> 
     </span>
    </p>
   </div>
   <div class='ocr_carea' id='block_1_76' title="bbox 2049 2227 3641 2299">
    <p class='ocr_par' dir='ltr' id='par_1_76' title="bbox 2049 2227 3641 2299">
     <span class='ocr_line' id='line_1_76' title="bbox 2049 2227 3641 2299; baseline 0.003 -16"><span class='ocrx_word' id='word_1_531' title='bbox 2049 2227 2383 2299; x_wconf 88' lang='lat' dir='ltr'><strong>singulorum</strong></span> <span class='ocrx_word' id='word_1_532' title='bbox 2409 2227 2811 2283; x_wconf 77' lang='lat' dir='ltr'><strong>habitudiniizus</strong></span> <span class='ocrx_word' id='word_1_533' title='bbox 2832 2229 3161 2287; x_wconf 86' lang='lat' dir='ltr'><strong>universitas</strong></span> <span class='ocrx_word' id='word_1_534' title='bbox 3193 2246 3372 2286; x_wconf 87' lang='lat' dir='ltr'><strong>rerum</strong></span> <span class='ocrx_word' id='word_1_535' title='bbox 3398 2235 3641 2288; x_wconf 89' lang='lat' dir='ltr'><strong>omniuut</strong></span> 
     </span>
    </p>
   </div>
   <div class='ocr_carea' id='block_1_77' title="bbox 2049 2316 3638 2391">
    <p class='ocr_par' dir='ltr' id='par_1_77' title="bbox 2049 2316 3638 2391">
     <span class='ocr_line' id='line_1_77' title="bbox 2049 2316 3638 2391; baseline 0.004 -19"><span class='ocrx_word' id='word_1_536' title='bbox 2049 2318 2318 2386; x_wconf 86' lang='lat' dir='ltr'><strong>ornetur?</strong></span> <span class='ocrx_word' id='word_1_537' title='bbox 2350 2316 2520 2374; x_wconf 88' lang='lat' dir='ltr'><strong>Nemo</strong></span> <span class='ocrx_word' id='word_1_538' title='bbox 2542 2320 2722 2387; x_wconf 90' lang='lat' dir='ltr'><strong>itaque</strong></span> <span class='ocrx_word' id='word_1_539' title='bbox 2753 2326 2898 2375; x_wconf 91' lang='lat' dir='ltr'><strong>recte</strong></span> <span class='ocrx_word' id='word_1_540' title='bbox 2927 2320 3418 2391; x_wconf 87' lang='lat' dir='ltr'><strong>philosophantium</strong></span> <span class='ocrx_word' id='word_1_541' title='bbox 3446 2324 3638 2378; x_wconf 75' lang='lat' dir='ltr'><strong>existi-</strong></span> 
     </span>
    </p>
   </div>
   <div class='ocr_carea' id='block_1_78' title="bbox 2052 2406 3645 2483">
    <p class='ocr_par' dir='ltr' id='par_1_78' title="bbox 2052 2406 3645 2483">
     <span class='ocr_line' id='line_1_78' title="bbox 2052 2406 3645 2483; baseline 0.004 -21"><span class='ocrx_word' id='word_1_542' title='bbox 2052 2417 2184 2472; x_wconf 88' lang='lat' dir='ltr'><strong>mat,</strong></span> <span class='ocrx_word' id='word_1_543' title='bbox 2243 2406 2405 2462; x_wconf 87' lang='lat' dir='ltr'><strong>ullam</strong></span> <span class='ocrx_word' id='word_1_544' title='bbox 2455 2408 2715 2463; x_wconf 89' lang='lat' dir='ltr'><strong>malitiam</strong></span> <span class='ocrx_word' id='word_1_545' title='bbox 2758 2409 3054 2476; x_wconf 89' lang='lat' dir='ltr'><strong>malumve,</strong></span> <span class='ocrx_word' id='word_1_546' title='bbox 3112 2410 3273 2466; x_wconf 91' lang='lat' dir='ltr'><strong>ullam</strong></span> <span class='ocrx_word' id='word_1_547' title='bbox 3315 2406 3645 2483; x_wconf 85' lang='lat' dir='ltr'><strong>impietatem</strong></span> 
     </span>
    </p>
   </div>
   <div class='ocr_carea' id='block_1_79' title="bbox 2051 2498 3641 2574">
    <p class='ocr_par' dir='ltr' id='par_1_79' title="bbox 2051 2498 3641 2574">
     <span class='ocr_line' id='line_1_79' title="bbox 2051 2498 3641 2574; baseline 0.004 -21"><span class='ocrx_word' id='word_1_548' title='bbox 2051 2498 2360 2567; x_wconf 88' lang='lat' dir='ltr'><strong>impiumve,</strong></span> <span class='ocrx_word' id='word_1_549' title='bbox 2383 2498 2547 2552; x_wconf 90' lang='lat' dir='ltr'><strong>ullam</strong></span> <span class='ocrx_word' id='word_1_550' title='bbox 2568 2499 2841 2554; x_wconf 86' lang='lat' dir='ltr'><strong>miseriam</strong></span> <span class='ocrx_word' id='word_1_551' title='bbox 2860 2500 3207 2566; x_wconf 79' lang='lat' dir='ltr'><strong>miser-umve,</strong></span> <span class='ocrx_word' id='word_1_552' title='bbox 3227 2502 3393 2557; x_wconf 88' lang='lat' dir='ltr'><strong>ullam</strong></span> <span class='ocrx_word' id='word_1_553' title='bbox 3412 2518 3641 2574; x_wconf 87' lang='lat' dir='ltr'><strong>poenam</strong></span> 
     </span>
    </p>
   </div>
   <div class='ocr_carea' id='block_1_80' title="bbox 2049 2588 3642 2663">
    <p class='ocr_par' dir='ltr' id='par_1_80' title="bbox 2049 2588 3642 2663">
     <span class='ocr_line' id='line_1_80' title="bbox 2049 2588 3642 2663; baseline 0.006 -22"><span class='ocrx_word' id='word_1_554' title='bbox 2049 2588 2386 2659; x_wconf 89' lang='lat' dir='ltr'><strong>puuitumve,</strong></span> <span class='ocrx_word' id='word_1_555' title='bbox 2414 2588 2583 2644; x_wconf 87' lang='lat' dir='ltr'><strong>ullum</strong></span> <span class='ocrx_word' id='word_1_556' title='bbox 2608 2589 2929 2659; x_wconf 85' lang='lat' dir='ltr'><strong>supplicium</strong></span> <span class='ocrx_word' id='word_1_557' title='bbox 2965 2591 3292 2661; x_wconf 88' lang='lat' dir='ltr'><strong>suppliciove</strong></span> <span class='ocrx_word' id='word_1_558' title='bbox 3322 2594 3642 2663; x_wconf 73' lang='lat' dir='ltr'><strong>obnoxium,</strong></span> 
     </span>
    </p>
   </div>
   <div class='ocr_carea' id='block_1_81' title="bbox 2050 2679 3640 2750">
    <p class='ocr_par' dir='ltr' id='par_1_81' title="bbox 2050 2679 3640 2750">
     <span class='ocr_line' id='line_1_81' title="bbox 2050 2679 3640 2750; baseline 0.003 -13"><span class='ocrx_word' id='word_1_559' title='bbox 2050 2679 2213 2737; x_wconf 86' lang='lat' dir='ltr'><strong>ullam</strong></span> <span class='ocrx_word' id='word_1_560' title='bbox 2272 2681 2657 2750; x_wconf 88' lang='lat' dir='ltr'><strong>turpitudinem</strong></span> <span class='ocrx_word' id='word_1_561' title='bbox 2714 2690 2937 2750; x_wconf 86' lang='lat' dir='ltr'><strong>turpeve</strong></span> <span class='ocrx_word' id='word_1_562' title='bbox 2966 2721 2982 2746; x_wconf 92' lang='lat'><strong>,</strong></span> <span class='ocrx_word' id='word_1_563' title='bbox 3031 2682 3190 2737; x_wconf 88' lang='lat' dir='ltr'><strong>ullam</strong></span> <span class='ocrx_word' id='word_1_564' title='bbox 3244 2684 3640 2741; x_wconf 89' lang='lat' dir='ltr'><strong>inhonestatem</strong></span> 
     </span>
    </p>
   </div>
   <div class='ocr_carea' id='block_1_82' title="bbox 2050 2770 3642 2845">
    <p class='ocr_par' dir='ltr' id='par_1_82' title="bbox 2050 2770 3642 2845">
     <span class='ocr_line' id='line_1_82' title="bbox 2050 2770 3642 2845; baseline 0 -16"><span class='ocrx_word' id='word_1_565' title='bbox 2050 2771 2480 2837; x_wconf 82' lang='lat' dir='ltr'><strong>inhonestumve,</strong></span> <span class='ocrx_word' id='word_1_566' title='bbox 2508 2771 2562 2825; x_wconf 91' lang='lat' dir='ltr'><strong>in</strong></span> <span class='ocrx_word' id='word_1_567' title='bbox 2589 2770 2749 2836; x_wconf 90' lang='lat' dir='ltr'><strong>bona,</strong></span> <span class='ocrx_word' id='word_1_568' title='bbox 2775 2780 2831 2827; x_wconf 92' lang='lat' dir='ltr'><strong>et</strong></span> <span class='ocrx_word' id='word_1_569' title='bbox 2854 2771 3077 2841; x_wconf 86' lang='lat' dir='ltr'><strong>optima,</strong></span> <span class='ocrx_word' id='word_1_570' title='bbox 3113 2781 3167 2827; x_wconf 85' lang='lat' dir='ltr'><strong>et</strong></span> <span class='ocrx_word' id='word_1_571' title='bbox 3209 2774 3642 2845; x_wconf 82' lang='lat' dir='ltr'><strong>religiosissima,</strong></span> 
     </span>
    </p>
   </div>
   <div class='ocr_carea' id='block_1_83' title="bbox 2049 2857 3646 2930">
    <p class='ocr_par' dir='ltr' id='par_1_83' title="bbox 2049 2857 3646 2930">
     <span class='ocr_line' id='line_1_83' title="bbox 2049 2857 3646 2930; baseline 0.002 -14"><span class='ocrx_word' id='word_1_572' title='bbox 2049 2870 2105 2916; x_wconf 91' lang='lat' dir='ltr'><strong>et</strong></span> <span class='ocrx_word' id='word_1_573' title='bbox 2146 2860 2458 2918; x_wconf 79' lang='lat' dir='ltr'><strong>felicissima</strong></span> <span class='ocrx_word' id='word_1_574' title='bbox 2486 2900 2504 2925; x_wconf 93' lang='lat'><strong>,</strong></span> <span class='ocrx_word' id='word_1_575' title='bbox 2549 2869 2606 2915; x_wconf 90' lang='lat' dir='ltr'><strong>et</strong></span> <span class='ocrx_word' id='word_1_576' title='bbox 2660 2857 2957 2928; x_wconf 83' lang='lat' dir='ltr'><strong>itupunibili</strong></span> <span class='ocrx_word' id='word_1_577' title='bbox 2990 2900 3006 2925; x_wconf 96' lang='lat'><strong>,</strong></span> <span class='ocrx_word' id='word_1_578' title='bbox 3066 2869 3125 2915; x_wconf 89' lang='lat' dir='ltr'><strong>et</strong></span> <span class='ocrx_word' id='word_1_579' title='bbox 3180 2861 3489 2918; x_wconf 88' lang='lat' dir='ltr'><strong>beatissima</strong></span> <span class='ocrx_word' id='word_1_580' title='bbox 3520 2905 3536 2930; x_wconf 91' lang='lat'><strong>,</strong></span> <span class='ocrx_word' id='word_1_581' title='bbox 3589 2872 3646 2919; x_wconf 87' lang='lat' dir='ltr'><strong>et</strong></span> 
     </span>
    </p>
   </div>
   <div class='ocr_carea' id='block_1_84' title="bbox 2047 2950 3641 3022">
    <p class='ocr_par' dir='ltr' id='par_1_84' title="bbox 2047 2950 3641 3022">
     <span class='ocr_line' id='line_1_84' title="bbox 2047 2950 3641 3022; baseline 0.003 -19"><span class='ocrx_word' id='word_1_582' title='bbox 2047 2951 2428 3022; x_wconf 90' lang='lat' dir='ltr'><strong>pulcherrima,</strong></span> <span class='ocrx_word' id='word_1_583' title='bbox 2451 2959 2506 3005; x_wconf 92' lang='lat' dir='ltr'><strong>et</strong></span> <span class='ocrx_word' id='word_1_584' title='bbox 2527 2951 2900 3005; x_wconf 88' lang='lat' dir='ltr'><strong>honestissima</strong></span> <span class='ocrx_word' id='word_1_585' title='bbox 2925 2950 3205 3004; x_wconf 88' lang='lat' dir='ltr'><strong>harmonia</strong></span> <span class='ocrx_word' id='word_1_586' title='bbox 3231 2952 3395 3007; x_wconf 91' lang='lat' dir='ltr'><strong>totius</strong></span> <span class='ocrx_word' id='word_1_587' title='bbox 3422 2953 3641 3008; x_wconf 79' lang='lat' dir='ltr'><strong>univer-</strong></span> 
     </span>
    </p>
   </div>
   <div class='ocr_carea' id='block_1_85' title="bbox 2051 3039 3646 3108">
    <p class='ocr_par' dir='ltr' id='par_1_85' title="bbox 2051 3039 3646 3108">
     <span class='ocr_line' id='line_1_85' title="bbox 2051 3039 3646 3108; baseline 0 -12"><span class='ocrx_word' id='word_1_588' title='bbox 2051 3041 2229 3097; x_wconf 88' lang='lat' dir='ltr'><strong>sitatis</strong></span> <span class='ocrx_word' id='word_1_589' title='bbox 2275 3040 2525 3095; x_wconf 88' lang='lat' dir='ltr'><strong>conditae</strong></span> <span class='ocrx_word' id='word_1_590' title='bbox 2562 3040 2604 3102; x_wconf 82' lang='grc'><strong>⁸,</strong></span> <span class='ocrx_word' id='word_1_591' title='bbox 2643 3048 2699 3093; x_wconf 88' lang='grc' dir='ltr'>ει</span> <span class='ocrx_word' id='word_1_592' title='bbox 2730 3039 2800 3093; x_wconf 88' lang='lat' dir='ltr'><strong>ab</strong></span> <span class='ocrx_word' id='word_1_593' title='bbox 2842 3053 2927 3103; x_wconf 89' lang='lat' dir='ltr'><strong>eo,</strong></span> <span class='ocrx_word' id='word_1_594' title='bbox 2985 3039 3077 3108; x_wconf 93' lang='lat' dir='ltr'><strong>qui</strong></span> <span class='ocrx_word' id='word_1_595' title='bbox 3124 3054 3334 3093; x_wconf 89' lang='lat' dir='ltr'><strong>summa</strong></span> <span class='ocrx_word' id='word_1_596' title='bbox 3389 3042 3646 3096; x_wconf 89' lang='lat' dir='ltr'><strong>honestas</strong></span> 
     </span>
    </p>
   </div>
   <div class='ocr_carea' id='block_1_86' title="bbox 1977 3108 3644 3198">
    <p class='ocr_par' dir='ltr' id='par_1_86' title="bbox 1977 3108 3644 3198">
     <span class='ocr_line' id='line_1_86' title="bbox 1977 3108 3644 3198; baseline -0.001 -12"><span class='ocrx_word' id='word_1_597' title='bbox 1977 3108 2022 3171; x_wconf 70' lang='grc' dir='ltr'><strong>Ο</strong></span> <span class='ocrx_word' id='word_1_598' title='bbox 2052 3141 2156 3195; x_wconf 82' lang='lat' dir='ltr'><strong>est,</strong></span> <span class='ocrx_word' id='word_1_599' title='bbox 2190 3145 2401 3184; x_wconf 90' lang='lat' dir='ltr'><strong>summa</strong></span> <span class='ocrx_word' id='word_1_600' title='bbox 2447 3129 2810 3198; x_wconf 88' lang='lat' dir='ltr'><strong>pulchritudo,</strong></span> <span class='ocrx_word' id='word_1_601' title='bbox 2844 3143 3053 3183; x_wconf 88' lang='lat' dir='ltr'><strong>summa</strong></span> <span class='ocrx_word' id='word_1_602' title='bbox 3092 3131 3390 3196; x_wconf 88' lang='lat' dir='ltr'><strong>beatitudo,</strong></span> <span class='ocrx_word' id='word_1_603' title='bbox 3432 3146 3644 3186; x_wconf 88' lang='lat' dir='ltr'><strong>summa</strong></span> 
     </span>
    </p>
   </div>
   <div class='ocr_carea' id='block_1_87' title="bbox 2051 3220 3635 3292">
    <p class='ocr_par' dir='ltr' id='par_1_87' title="bbox 2051 3220 3635 3292">
     <span class='ocr_line' id='line_1_87' title="bbox 2051 3220 3635 3292; baseline -0.001 -15"><span class='ocrx_word' id='word_1_604' title='bbox 2051 3224 2222 3292; x_wconf 86' lang='lat' dir='ltr'><strong>quies,</strong></span> <span class='ocrx_word' id='word_1_605' title='bbox 2251 3237 2461 3276; x_wconf 89' lang='lat' dir='ltr'><strong>summa</strong></span> <span class='ocrx_word' id='word_1_606' title='bbox 2485 3220 2731 3286; x_wconf 72' lang='lat' dir='ltr'><strong>felicitas;</strong></span> <span class='ocrx_word' id='word_1_607' title='bbox 2757 3235 2999 3275; x_wconf 87' lang='lat' dir='ltr'><strong>summae</strong></span> <span class='ocrx_word' id='word_1_608' title='bbox 3030 3221 3323 3291; x_wconf 90' lang='lat' dir='ltr'><strong>religionis,</strong></span> <span class='ocrx_word' id='word_1_609' title='bbox 3361 3236 3635 3276; x_wconf 86' lang='lat' dir='ltr'><strong>summum</strong></span> 
     </span>
    </p>
   </div>
   <div class='ocr_carea' id='block_1_88' title="bbox 2050 3310 3638 3381">
    <p class='ocr_par' dir='ltr' id='par_1_88' title="bbox 2050 3310 3638 3381">
     <span class='ocr_line' id='line_1_88' title="bbox 2050 3310 3638 3381; baseline 0 -14"><span class='ocrx_word' id='word_1_610' title='bbox 2050 3314 2249 3367; x_wconf 86' lang='lat' dir='ltr'><strong>bonum</strong></span> <span class='ocrx_word' id='word_1_611' title='bbox 2273 3320 2317 3375; x_wconf 76' lang='grc' dir='ltr'><strong>ο,</strong></span> <span class='ocrx_word' id='word_1_612' title='bbox 2342 3311 2641 3377; x_wconf 86' lang='lat' dir='ltr'><strong>ordinatae,</strong></span> <span class='ocrx_word' id='word_1_613' title='bbox 2673 3326 2830 3381; x_wconf 89' lang='lat' dir='ltr'><strong>posse</strong></span> <span class='ocrx_word' id='word_1_614' title='bbox 2856 3326 2976 3365; x_wconf 86' lang='lat' dir='ltr'><strong>esse</strong></span> <span class='ocrx_word' id='word_1_615' title='bbox 3007 3310 3069 3363; x_wconf 90' lang='grc'><strong>¹⁰.</strong></span> <span class='ocrx_word' id='word_1_616' title='bbox 3110 3312 3269 3365; x_wconf 82' lang='lat' dir='ltr'><strong>Aliud</strong></span> <span class='ocrx_word' id='word_1_617' title='bbox 3316 3321 3400 3367; x_wconf 92' lang='lat' dir='ltr'><strong>cst</strong></span> <span class='ocrx_word' id='word_1_618' title='bbox 3423 3314 3566 3367; x_wconf 86' lang='lat' dir='ltr'><strong>enim</strong></span> <span class='ocrx_word' id='word_1_619' title='bbox 3596 3314 3638 3345; x_wconf 80' lang='lat'>“</span> 
     </span>
    </p>
   </div>
   <div class='ocr_carea' id='block_1_89' title="bbox 2051 3399 3644 3470">
    <p class='ocr_par' dir='ltr' id='par_1_89' title="bbox 2051 3399 3644 3470">
     <span class='ocr_line' id='line_1_89' title="bbox 2051 3399 3644 3470; baseline 0 -14"><span class='ocrx_word' id='word_1_620' title='bbox 2051 3399 2395 3456; x_wconf 83' lang='lat' dir='ltr'><strong>considerare</strong></span> <span class='ocrx_word' id='word_1_621' title='bbox 2432 3400 2673 3470; x_wconf 87' lang='lat' dir='ltr'><strong>singulas</strong></span> <span class='ocrx_word' id='word_1_622' title='bbox 2711 3400 3078 3454; x_wconf 84' lang='lat' dir='ltr'><strong>universitatis</strong></span> <span class='ocrx_word' id='word_1_623' title='bbox 3116 3410 3321 3470; x_wconf 88' lang='lat' dir='ltr'><strong>partes,</strong></span> <span class='ocrx_word' id='word_1_624' title='bbox 3359 3401 3514 3457; x_wconf 83' lang='lat' dir='ltr'><strong>aliud</strong></span> <span class='ocrx_word' id='word_1_625' title='bbox 3563 3411 3644 3456; x_wconf 79' lang='lat' dir='ltr'><strong>to-</strong></span> 
     </span>
    </p>
   </div>
   <div class='ocr_carea' id='block_1_90' title="bbox 2054 3490 3641 3563">
    <p class='ocr_par' dir='ltr' id='par_1_90' title="bbox 2054 3490 3641 3563">
     <span class='ocr_line' id='line_1_90' title="bbox 2054 3490 3641 3563; baseline 0.002 -20"><span class='ocrx_word' id='word_1_626' title='bbox 2054 3501 2188 3563; x_wconf 83' lang='lat' dir='ltr'><strong>tutn.</strong></span> <span class='ocrx_word' id='word_1_627' title='bbox 2229 3490 2364 3545; x_wconf 92' lang='lat' dir='ltr'><strong>llinc</strong></span> <span class='ocrx_word' id='word_1_628' title='bbox 2389 3490 2694 3555; x_wconf 82' lang='lat' dir='ltr'><strong>coniicitur,</strong></span> <span class='ocrx_word' id='word_1_629' title='bbox 2723 3499 2799 3552; x_wconf 89' lang='lat' dir='ltr'><strong>ut,</strong></span> <span class='ocrx_word' id='word_1_630' title='bbox 2831 3491 2974 3558; x_wconf 89' lang='lat' dir='ltr'><strong>quod</strong></span> <span class='ocrx_word' id='word_1_631' title='bbox 3013 3491 3065 3544; x_wconf 87' lang='lat' dir='ltr'><strong>in</strong></span> <span class='ocrx_word' id='word_1_632' title='bbox 3107 3500 3275 3560; x_wconf 87' lang='lat' dir='ltr'><strong>parte</strong></span> <span class='ocrx_word' id='word_1_633' title='bbox 3304 3492 3641 3546; x_wconf 86' lang='lat' dir='ltr'><strong>contrarium</strong></span> 
     </span>
    </p>
   </div>
   <div class='ocr_carea' id='block_1_91' title="bbox 2051 3580 3641 3650">
    <p class='ocr_par' dir='ltr' id='par_1_91' title="bbox 2051 3580 3641 3650">
     <span class='ocr_line' id='line_1_91' title="bbox 2051 3580 3641 3650; baseline -0.001 -13"><span class='ocrx_word' id='word_1_634' title='bbox 2051 3595 2171 3637; x_wconf 85' lang='lat' dir='ltr'><strong>esse</strong></span> <span class='ocrx_word' id='word_1_635' title='bbox 2206 3590 2445 3650; x_wconf 87' lang='lat' dir='ltr'><strong>putatur,</strong></span> <span class='ocrx_word' id='word_1_636' title='bbox 2490 3580 2549 3635; x_wconf 88' lang='lat' dir='ltr'><strong>iu</strong></span> <span class='ocrx_word' id='word_1_637' title='bbox 2598 3589 2711 3636; x_wconf 89' lang='lat' dir='ltr'><strong>toto</strong></span> <span class='ocrx_word' id='word_1_638' title='bbox 2760 3596 2866 3635; x_wconf 91' lang='lat' dir='ltr'><strong>non</strong></span> <span class='ocrx_word' id='word_1_639' title='bbox 2915 3580 3087 3635; x_wconf 87' lang='lat' dir='ltr'><strong>solum</strong></span> <span class='ocrx_word' id='word_1_640' title='bbox 3136 3596 3240 3635; x_wconf 90' lang='lat' dir='ltr'><strong>non</strong></span> <span class='ocrx_word' id='word_1_641' title='bbox 3289 3581 3641 3646; x_wconf 89' lang='lat' dir='ltr'><strong>contrarium,</strong></span> 
     </span>
    </p>
   </div>
   <div class='ocr_carea' id='block_1_92' title="bbox 2052 3672 3640 3742">
    <p class='ocr_par' dir='ltr' id='par_1_92' title="bbox 2052 3672 3640 3742">
     <span class='ocr_line' id='line_1_92' title="bbox 2052 3672 3640 3742; baseline -0.002 -15"><span class='ocrx_word' id='word_1_642' title='bbox 2052 3688 2239 3727; x_wconf 89' lang='lat' dir='ltr'><strong>verum</strong></span> <span class='ocrx_word' id='word_1_643' title='bbox 2267 3672 2432 3727; x_wconf 89' lang='lat' dir='ltr'><strong>etiam</strong></span> <span class='ocrx_word' id='word_1_644' title='bbox 2459 3672 2875 3742; x_wconf 84' lang='lat' dir='ltr'><strong>pulchritudinis</strong></span> <span class='ocrx_word' id='word_1_645' title='bbox 2904 3681 3259 3742; x_wconf 22' lang='lat' dir='ltr'><strong>augmentum.</strong></span> <span class='ocrx_word' id='word_1_646' title='bbox 3279 3672 3321 3703; x_wconf 79' lang='lat'>“</span> <span class='ocrx_word' id='word_1_647' title='bbox 3353 3673 3640 3742; x_wconf 88' lang='lat' dir='ltr'><strong>reperitur.</strong></span> 
     </span>
    </p>
   </div>
   <div class='ocr_carea' id='block_1_93' title="bbox 2051 3762 3641 3833">
    <p class='ocr_par' dir='ltr' id='par_1_93' title="bbox 2051 3762 3641 3833">
     <span class='ocr_line' id='line_1_93' title="bbox 2051 3762 3641 3833; baseline 0.001 -17"><span class='ocrx_word' id='word_1_648' title='bbox 2051 3762 2298 3831; x_wconf 69' lang='lat' dir='ltr'><strong>infernus</strong></span> <span class='ocrx_word' id='word_1_649' title='bbox 2327 3764 2507 3833; x_wconf 87' lang='lat' dir='ltr'><strong>itaque</strong></span> <span class='ocrx_word' id='word_1_650' title='bbox 2533 3779 2655 3819; x_wconf 91' lang='lat' dir='ltr'><strong>cum</strong></span> <span class='ocrx_word' id='word_1_651' title='bbox 2685 3779 2716 3817; x_wconf 91' lang='lat' dir='ltr'><strong>a</strong></span> <span class='ocrx_word' id='word_1_652' title='bbox 2742 3763 2963 3818; x_wconf 86' lang='lat' dir='ltr'><strong>Graecis</strong></span> <span class='ocrx_word' id='word_1_653' title='bbox 2989 3763 3148 3829; x_wconf 63' lang='lat' dir='ltr'><strong>eam,</strong></span> <span class='ocrx_word' id='word_1_654' title='bbox 3179 3764 3281 3818; x_wconf 86' lang='lat' dir='ltr'><strong>hoc</strong></span> <span class='ocrx_word' id='word_1_655' title='bbox 3313 3774 3395 3818; x_wconf 90' lang='lat' dir='ltr'><strong>est</strong></span> <span class='ocrx_word' id='word_1_656' title='bbox 3422 3763 3641 3818; x_wconf 82' lang='lat' dir='ltr'><strong>tristit&#39;a</strong></span> 
     </span>
    </p>
   </div>
   <div class='ocr_carea' id='block_1_94' title="bbox 2056 3854 3647 3924">
    <p class='ocr_par' dir='ltr' id='par_1_94' title="bbox 2056 3854 3647 3924">
     <span class='ocr_line' id='line_1_94' title="bbox 2056 3854 3647 3924; baseline 0 -16"><span class='ocrx_word' id='word_1_657' title='bbox 2056 3854 2137 3909; x_wconf 90' lang='lat' dir='ltr'><strong>vel</strong></span> <span class='ocrx_word' id='word_1_658' title='bbox 2174 3855 2490 3910; x_wconf 86' lang='lat' dir='ltr'><strong>deliciarum</strong></span> <span class='ocrx_word' id='word_1_659' title='bbox 2518 3856 2767 3923; x_wconf 80' lang='lat' dir='ltr'><strong>privatio,</strong></span> <span class='ocrx_word' id='word_1_660' title='bbox 2804 3856 2931 3910; x_wconf 88' lang='lat' dir='ltr'><strong>dntu</strong></span> <span class='ocrx_word' id='word_1_661' title='bbox 2960 3870 3056 3923; x_wconf 92' lang='lat' dir='ltr'><strong>per</strong></span> <span class='ocrx_word' id='word_1_662' title='bbox 3079 3857 3314 3924; x_wconf 82' lang='lat' dir='ltr'><strong>scipsnm</strong></span> <span class='ocrx_word' id='word_1_663' title='bbox 3338 3857 3647 3910; x_wconf 87' lang='lat' dir='ltr'><strong>considera-</strong></span> 
     </span>
    </p>
   </div>
   <div class='ocr_carea' id='block_1_95' title="bbox 2056 3943 3642 4013">
    <p class='ocr_par' dir='ltr' id='par_1_95' title="bbox 2056 3943 3642 4013">
     <span class='ocr_line' id='line_1_95' title="bbox 2056 3943 3642 4013; baseline -0.002 -16"><span class='ocrx_word' id='word_1_664' title='bbox 2056 3952 2159 4005; x_wconf 90' lang='lat' dir='ltr'><strong>tur,</strong></span> <span class='ocrx_word' id='word_1_665' title='bbox 2192 3943 2388 3996; x_wconf 90' lang='lat' dir='ltr'><strong>tnalum</strong></span> <span class='ocrx_word' id='word_1_666' title='bbox 2422 3943 2578 3998; x_wconf 91' lang='lat' dir='ltr'><strong>malis</strong></span> <span class='ocrx_word' id='word_1_667' title='bbox 2607 3944 2967 4013; x_wconf 68' lang='lat' dir='ltr'><strong>cognascitur,</strong></span> <span class='ocrx_word' id='word_1_668' title='bbox 3011 3944 3137 3996; x_wconf 89' lang='lat' dir='ltr'><strong>dum</strong></span> <span class='ocrx_word' id='word_1_669' title='bbox 3179 3958 3307 3996; x_wconf 89' lang='lat' dir='ltr'><strong>vero</strong></span> <span class='ocrx_word' id='word_1_670' title='bbox 3336 3943 3386 3995; x_wconf 88' lang='lat' dir='ltr'><strong>itt</strong></span> <span class='ocrx_word' id='word_1_671' title='bbox 3421 3944 3642 3996; x_wconf 89' lang='lat' dir='ltr'><strong>univer-</strong></span> 
     </span>
    </p>
   </div>
   <div class='ocr_carea' id='block_1_96' title="bbox 2056 4032 3641 4103">
    <p class='ocr_par' dir='ltr' id='par_1_96' title="bbox 2056 4032 3641 4103">
     <span class='ocr_line' id='line_1_96' title="bbox 2056 4032 3641 4103; baseline -0.003 -13"><span class='ocrx_word' id='word_1_672' title='bbox 2056 4035 2232 4090; x_wconf 88' lang='lat' dir='ltr'><strong>sitatis</strong></span> <span class='ocrx_word' id='word_1_673' title='bbox 2266 4033 2628 4103; x_wconf 85' lang='lat' dir='ltr'><strong>pulclterrima</strong></span> <span class='ocrx_word' id='word_1_674' title='bbox 2658 4034 2994 4088; x_wconf 88' lang='lat' dir='ltr'><strong>ordinatione</strong></span> <span class='ocrx_word' id='word_1_675' title='bbox 3022 4032 3402 4093; x_wconf 83' lang='lat' dir='ltr'><strong>conStituitur,</strong></span> <span class='ocrx_word' id='word_1_676' title='bbox 3441 4033 3641 4086; x_wconf 88' lang='lat' dir='ltr'><strong>bomuu</strong></span> 
     </span>
    </p>
   </div>
   <div class='ocr_carea' id='block_1_97' title="bbox 2056 4120 3645 4194">
    <p class='ocr_par' dir='ltr' id='par_1_97' title="bbox 2056 4120 3645 4194">
     <span class='ocr_line' id='line_1_97' title="bbox 2056 4120 3645 4194; baseline -0.005 -11"><span class='ocrx_word' id='word_1_677' title='bbox 2056 4126 2211 4183; x_wconf 88' lang='lat' dir='ltr'><strong>bouis</strong></span> <span class='ocrx_word' id='word_1_678' title='bbox 2239 4125 2485 4188; x_wconf 84' lang='lat' dir='ltr'><strong>ellicitur,</strong></span> <span class='ocrx_word' id='word_1_679' title='bbox 2523 4126 2775 4194; x_wconf 86' lang='lat' dir='ltr'><strong>quoniam</strong></span> <span class='ocrx_word' id='word_1_680' title='bbox 2805 4139 2910 4178; x_wconf 85' lang='lat' dir='ltr'><strong>non</strong></span> <span class='ocrx_word' id='word_1_681' title='bbox 2940 4124 3114 4178; x_wconf 88' lang='lat' dir='ltr'><strong>solum</strong></span> <span class='ocrx_word' id='word_1_682' title='bbox 3139 4120 3645 4190; x_wconf 76' lang='lat' dir='ltr'><strong>jttstissimijudicis</strong></span> 
     </span>
    </p>
   </div>
   <div class='ocr_carea' id='block_1_98' title="bbox 2057 4185 3657 4285">
    <p class='ocr_par' dir='ltr' id='par_1_98' title="bbox 2057 4185 3657 4285">
     <span class='ocr_line' id='line_1_98' title="bbox 2057 4185 3657 4285; baseline -0.006 -12"><span class='ocrx_word' id='word_1_683' title='bbox 2057 4216 2336 4280; x_wconf 82' lang='lat' dir='ltr'><strong>severitas,</strong></span> <span class='ocrx_word' id='word_1_684' title='bbox 2368 4226 2692 4285; x_wconf 87' lang='lat' dir='ltr'><strong>aeternaque</strong></span> <span class='ocrx_word' id='word_1_685' title='bbox 2718 4215 2762 4247; x_wconf 75' lang='lat'>“</span> <span class='ocrx_word' id='word_1_686' title='bbox 2783 4214 3053 4269; x_wconf 88' lang='lat' dir='ltr'><strong>sententia</strong></span> <span class='ocrx_word' id='word_1_687' title='bbox 3076 4215 3127 4267; x_wconf 90' lang='lat' dir='ltr'><strong>in</strong></span> <span class='ocrx_word' id='word_1_688' title='bbox 3155 4228 3222 4269; x_wconf 88' lang='lat' dir='ltr'><strong>eo</strong></span> <span class='ocrx_word' id='word_1_689' title='bbox 3247 4185 3657 4277; x_wconf 51' lang='lat' dir='ltr'><strong>manifestanugl</strong></span> 
     </span>
    </p>
   </div>
   <div class='ocr_carea' id='block_1_99' title="bbox 2060 4301 3644 4372">
    <p class='ocr_par' dir='ltr' id='par_1_99' title="bbox 2060 4301 3644 4372">
     <span class='ocr_line' id='line_1_99' title="bbox 2060 4301 3644 4372; baseline -0.005 -9"><span class='ocrx_word' id='word_1_690' title='bbox 2060 4322 2243 4363; x_wconf 90' lang='lat' dir='ltr'><strong>verum</strong></span> <span class='ocrx_word' id='word_1_691' title='bbox 2272 4307 2433 4361; x_wconf 87' lang='lat' dir='ltr'><strong>etiam</strong></span> <span class='ocrx_word' id='word_1_692' title='bbox 2464 4307 2739 4360; x_wconf 83' lang='lat' dir='ltr'><strong>beatorum</strong></span> <span class='ocrx_word' id='word_1_693' title='bbox 2773 4305 3046 4358; x_wconf 89' lang='lat' dir='ltr'><strong>hominum</strong></span> <span class='ocrx_word' id='word_1_694' title='bbox 3080 4312 3136 4356; x_wconf 91' lang='lat' dir='ltr'><strong>et</strong></span> <span class='ocrx_word' id='word_1_695' title='bbox 3171 4302 3479 4372; x_wconf 85' lang='lat' dir='ltr'><strong>angelorqu</strong></span> <span class='ocrx_word' id='word_1_696' title='bbox 3529 4301 3644 4355; x_wconf 88' lang='lat' dir='ltr'><strong>laus</strong></span> 
     </span>
    </p>
   </div>
   <div class='ocr_carea' id='block_1_100' title="bbox 2060 4389 3640 4465">
    <p class='ocr_par' dir='ltr' id='par_1_100' title="bbox 2060 4389 3640 4465">
     <span class='ocr_line' id='line_1_100' title="bbox 2060 4389 3640 4465; baseline -0.006 -14"><span class='ocrx_word' id='word_1_697' title='bbox 2060 4397 2330 4453; x_wconf 84' lang='lat' dir='ltr'><strong>felicitatis</strong></span> <span class='ocrx_word' id='word_1_698' title='bbox 2393 4395 2694 4465; x_wconf 86' lang='lat' dir='ltr'><strong>acquiritur</strong></span> <span class='ocrx_word' id='word_1_699' title='bbox 2725 4434 2740 4458; x_wconf 93' lang='lat'><strong>,</strong></span> <span class='ocrx_word' id='word_1_700' title='bbox 2795 4402 2852 4447; x_wconf 90' lang='lat' dir='ltr'><strong>et</strong></span> <span class='ocrx_word' id='word_1_701' title='bbox 2905 4392 3248 4462; x_wconf 90' lang='lat' dir='ltr'><strong>pulchritudo</strong></span> <span class='ocrx_word' id='word_1_702' title='bbox 3319 4389 3640 4445; x_wconf 89' lang='lat' dir='ltr'><strong>cumulatur.</strong></span> 
     </span>
    </p>
   </div>
   <div class='ocr_carea' id='block_1_101' title="bbox 2060 4481 3647 4557">
    <p class='ocr_par' dir='ltr' id='par_1_101' title="bbox 2060 4481 3647 4557">
     <span class='ocr_line' id='line_1_101' title="bbox 2060 4481 3647 4557; baseline -0.004 -14"><span class='ocrx_word' id='word_1_703' title='bbox 2060 4489 2237 4556; x_wconf 83' lang='lat' dir='ltr'><strong>Quare</strong></span> <span class='ocrx_word' id='word_1_704' title='bbox 2262 4488 2442 4557; x_wconf 86' lang='lat' dir='ltr'><strong>itaque</strong></span> <span class='ocrx_word' id='word_1_705' title='bbox 2471 4487 2609 4540; x_wconf 88' lang='lat' dir='ltr'><strong>intra</strong></span> <span class='ocrx_word' id='word_1_706' title='bbox 2642 4485 2901 4538; x_wconf 91' lang='lat' dir='ltr'><strong>terminos</strong></span> <span class='ocrx_word' id='word_1_707' title='bbox 2929 4491 3158 4537; x_wconf 88' lang='lat' dir='ltr'><strong>naturae</strong></span> <span class='ocrx_word' id='word_1_708' title='bbox 3196 4482 3311 4536; x_wconf 88' lang='lat' dir='ltr'><strong>lieri</strong></span> <span class='ocrx_word' id='word_1_709' title='bbox 3361 4496 3465 4535; x_wconf 92' lang='lat' dir='ltr'><strong>non</strong></span> <span class='ocrx_word' id='word_1_710' title='bbox 3508 4481 3647 4536; x_wconf 82' lang='lat' dir='ltr'><strong>sine—</strong></span> 
     </span>
    </p>
   </div>
   <div class='ocr_carea' id='block_1_102' title="bbox 2060 4573 3647 4644">
    <p class='ocr_par' dir='ltr' id='par_1_102' title="bbox 2060 4573 3647 4644">
     <span class='ocr_line' id='line_1_102' title="bbox 2060 4573 3647 4644; baseline -0.004 -11"><span class='ocrx_word' id='word_1_711' title='bbox 2060 4589 2229 4643; x_wconf 83' lang='lat' dir='ltr'><strong>retur,</strong></span> <span class='ocrx_word' id='word_1_712' title='bbox 2262 4578 2402 4632; x_wconf 91' lang='lat' dir='ltr'><strong>unde</strong></span> <span class='ocrx_word' id='word_1_713' title='bbox 2424 4577 2539 4631; x_wconf 88' lang='lat' dir='ltr'><strong>laus</strong></span> <span class='ocrx_word' id='word_1_714' title='bbox 2571 4574 2685 4644; x_wconf 90' lang='lat' dir='ltr'><strong>ejus</strong></span> <span class='ocrx_word' id='word_1_715' title='bbox 2716 4585 2771 4630; x_wconf 89' lang='lat' dir='ltr'><strong>et</strong></span> <span class='ocrx_word' id='word_1_716' title='bbox 2794 4574 2838 4606; x_wconf 70' lang='grc' dir='ltr'>ίδ</span> <span class='ocrx_word' id='word_1_717' title='bbox 2869 4574 3170 4644; x_wconf 89' lang='lat' dir='ltr'><strong>adquiritur</strong></span> <span class='ocrx_word' id='word_1_718' title='bbox 3207 4583 3262 4628; x_wconf 91' lang='lat' dir='ltr'><strong>et</strong></span> <span class='ocrx_word' id='word_1_719' title='bbox 3306 4573 3647 4644; x_wconf 86' lang='lat' dir='ltr'><strong>pulchritudo</strong></span> 
     </span>
    </p>
   </div>
   <div class='ocr_carea' id='block_1_103' title="bbox 2058 4664 3646 4737">
    <p class='ocr_par' dir='ltr' id='par_1_103' title="bbox 2058 4664 3646 4737">
     <span class='ocr_line' id='line_1_103' title="bbox 2058 4664 3646 4737; baseline -0.001 -16"><span class='ocrx_word' id='word_1_720' title='bbox 2058 4667 2339 4737; x_wconf 86' lang='lat' dir='ltr'><strong>augetur?</strong></span> <span class='ocrx_word' id='word_1_721' title='bbox 2392 4666 2501 4721; x_wconf 91' lang='lat' dir='ltr'><strong>Cur</strong></span> <span class='ocrx_word' id='word_1_722' title='bbox 2549 4677 2731 4720; x_wconf 87' lang='lat' dir='ltr'><strong>autem</strong></span> <span class='ocrx_word' id='word_1_723' title='bbox 2787 4666 2999 4720; x_wconf 80' lang='lat' dir='ltr'><strong>diversa</strong></span> <span class='ocrx_word' id='word_1_724' title='bbox 3049 4664 3355 4733; x_wconf 77' lang='lat' dir='ltr'><strong>impio‘rum-</strong></span> <span class='ocrx_word' id='word_1_725' title='bbox 3383 4664 3646 4733; x_wconf 86' lang='lat' dir='ltr'><strong>supplicia</strong></span> 
     </span>
    </p>
   </div>
   <div class='ocr_carea' id='block_1_104' title="bbox 2058 4752 3647 4821">
    <p class='ocr_par' dir='ltr' id='par_1_104' title="bbox 2058 4752 3647 4821">
     <span class='ocr_line' id='line_1_104' title="bbox 2058 4752 3647 4821; baseline -0.004 -9"><span class='ocrx_word' id='word_1_726' title='bbox 2058 4756 2252 4812; x_wconf 86' lang='lat' dir='ltr'><strong>inferni</strong></span> <span class='ocrx_word' id='word_1_727' title='bbox 2274 4754 2533 4810; x_wconf 90' lang='lat' dir='ltr'><strong>vocabulo</strong></span> <span class='ocrx_word' id='word_1_728' title='bbox 2561 4754 2736 4808; x_wconf 85' lang='lat' dir='ltr'><strong>Latini</strong></span> <span class='ocrx_word' id='word_1_729' title='bbox 2758 4754 2933 4808; x_wconf 90' lang='lat' dir='ltr'><strong>solent</strong></span> <span class='ocrx_word' id='word_1_730' title='bbox 2954 4752 3280 4821; x_wconf 76' lang='lat' dir='ltr'><strong>signiﬁcare,</strong></span> <span class='ocrx_word' id='word_1_731' title='bbox 3307 4769 3374 4807; x_wconf 85' lang='lat' dir='ltr'><strong>ex</strong></span> <span class='ocrx_word' id='word_1_732' title='bbox 3394 4753 3647 4821; x_wconf 88' lang='lat' dir='ltr'><strong>opinione</strong></span> 
     </span>
    </p>
   </div>
   <div class='ocr_carea' id='block_1_105' title="bbox 2057 4841 3646 4918">
    <p class='ocr_par' dir='ltr' id='par_1_105' title="bbox 2057 4841 3646 4918">
     <span class='ocr_line' id='line_1_105' title="bbox 2057 4841 3646 4918; baseline -0.003 -20"><span class='ocrx_word' id='word_1_733' title='bbox 2057 4843 2225 4918; x_wconf 82' lang='lat' dir='ltr'><strong>vulgi,</strong></span> <span class='ocrx_word' id='word_1_734' title='bbox 2274 4852 2334 4898; x_wconf 92' lang='lat' dir='ltr'><strong>ut</strong></span> <span class='ocrx_word' id='word_1_735' title='bbox 2383 4852 2603 4898; x_wconf 89' lang='lat' dir='ltr'><strong>sanctus</strong></span> <span class='ocrx_word' id='word_1_736' title='bbox 2650 4842 2983 4913; x_wconf 84' lang='lat' dir='ltr'><strong>Augustinus</strong></span> <span class='ocrx_word' id='word_1_737' title='bbox 3028 4842 3080 4895; x_wconf 91' lang='lat' dir='ltr'><strong>in</strong></span> <span class='ocrx_word' id='word_1_738' title='bbox 3135 4843 3452 4898; x_wconf 67' lang='lat' dir='ltr'><strong>duodecimo</strong></span> <span class='ocrx_word' id='word_1_739' title='bbox 3507 4841 3646 4895; x_wconf 89' lang='lat' dir='ltr'><strong>libro</strong></span> 
     </span>
    </p>
   </div>
   <div class='ocr_carea' id='block_1_106' title="bbox 2060 4932 3645 5007">
    <p class='ocr_par' dir='ltr' id='par_1_106' title="bbox 2060 4932 3645 5007">
     <span class='ocr_line' id='line_1_106' title="bbox 2060 4932 3645 5007; baseline -0.006 -14"><span class='ocrx_word' id='word_1_740' title='bbox 2060 4937 2308 5007; x_wconf 78' lang='lat' dir='ltr'><strong>Excmeri</strong></span> <span class='ocrx_word' id='word_1_741' title='bbox 2331 4937 2416 4992; x_wconf 84' lang='lat' dir='ltr'><strong>sui</strong></span> <span class='ocrx_word' id='word_1_742' title='bbox 2445 4936 2718 5003; x_wconf 83' lang='lat' dir='ltr'><strong>explanat,</strong></span> <span class='ocrx_word' id='word_1_743' title='bbox 2750 4943 3048 4992; x_wconf 81' lang='lat' dir='ltr'><strong>tractatum</strong></span> <span class='ocrx_word' id='word_1_744' title='bbox 3077 4942 3181 4987; x_wconf 90' lang='lat' dir='ltr'><strong>est.</strong></span> <span class='ocrx_word' id='word_1_745' title='bbox 3226 4932 3449 4999; x_wconf 83' lang='lat' dir='ltr'><strong>Antiqui</strong></span> <span class='ocrx_word' id='word_1_746' title='bbox 3498 4932 3645 4986; x_wconf 86' lang='lat' dir='ltr'><strong>enim</strong></span> 
     </span>
    </p>
   </div>
   <div class='ocr_carea' id='block_1_107' title="bbox 2056 5021 3648 5098">
    <p class='ocr_par' dir='ltr' id='par_1_107' title="bbox 2056 5021 3648 5098">
     <span class='ocr_line' id='line_1_107' title="bbox 2056 5021 3648 5098; baseline -0.005 -14"><span class='ocrx_word' id='word_1_747' title='bbox 2056 5044 2181 5098; x_wconf 86' lang='lat' dir='ltr'><strong>spes</strong></span> <span class='ocrx_word' id='word_1_748' title='bbox 2207 5043 2334 5082; x_wconf 88' lang='lat' dir='ltr'><strong>suas</strong></span> <span class='ocrx_word' id='word_1_749' title='bbox 2361 5026 2557 5081; x_wconf 76' lang='lat' dir='ltr'><strong>fabulis</strong></span> <span class='ocrx_word' id='word_1_750' title='bbox 2584 5025 2899 5093; x_wconf 87' lang='lat' dir='ltr'><strong>animasque</strong></span> <span class='ocrx_word' id='word_1_751' title='bbox 2924 5021 3184 5091; x_wconf 85' lang='lat' dir='ltr'><strong>sepulcris</strong></span> <span class='ocrx_word' id='word_1_752' title='bbox 3220 5023 3431 5085; x_wconf 88' lang='lat' dir='ltr'><strong>dantes,</strong></span> <span class='ocrx_word' id='word_1_753' title='bbox 3462 5036 3648 5091; x_wconf 86' lang='lat' dir='ltr'><strong>quem-</strong></span> 
     </span>
    </p>
   </div>
   <div class='ocr_carea' id='block_1_108' title="bbox 2058 5113 3644 5185">
    <p class='ocr_par' dir='ltr' id='par_1_108' title="bbox 2058 5113 3644 5185">
     <span class='ocr_line' id='line_1_108' title="bbox 2058 5113 3644 5185; baseline -0.006 -10"><span class='ocrx_word' id='word_1_754' title='bbox 2058 5119 2345 5175; x_wconf 90' lang='lat' dir='ltr'><strong>admodum</strong></span> <span class='ocrx_word' id='word_1_755' title='bbox 2391 5119 2651 5173; x_wconf 85' lang='lat' dir='ltr'><strong>cadavera</strong></span> <span class='ocrx_word' id='word_1_756' title='bbox 2697 5127 2985 5185; x_wconf 84' lang='lat' dir='ltr'><strong>corporum</strong></span> <span class='ocrx_word' id='word_1_757' title='bbox 3028 5115 3220 5166; x_wconf 88' lang='lat' dir='ltr'><strong>obruta</strong></span> <span class='ocrx_word' id='word_1_758' title='bbox 3246 5113 3531 5181; x_wconf 88' lang='lat' dir='ltr'><strong>sepulcris,</strong></span> <span class='ocrx_word' id='word_1_759' title='bbox 3569 5114 3644 5166; x_wconf 86' lang='lat' dir='ltr'><strong>ita</strong></span> 
     </span>
    </p>
   </div>
   <div class='ocr_carea' id='block_1_109' title="bbox 2059 5201 3645 5278">
    <p class='ocr_par' dir='ltr' id='par_1_109' title="bbox 2059 5201 3645 5278">
     <span class='ocr_line' id='line_1_109' title="bbox 2059 5201 3645 5278; baseline -0.005 -13"><span class='ocrx_word' id='word_1_760' title='bbox 2059 5212 2220 5266; x_wconf 91' lang='lat' dir='ltr'><strong>etiam</strong></span> <span class='ocrx_word' id='word_1_761' title='bbox 2272 5210 2482 5265; x_wconf 89' lang='lat' dir='ltr'><strong>animas</strong></span> <span class='ocrx_word' id='word_1_762' title='bbox 2528 5224 2652 5265; x_wconf 90' lang='lat' dir='ltr'><strong>cum</strong></span> <span class='ocrx_word' id='word_1_763' title='bbox 2704 5208 2837 5278; x_wconf 90' lang='lat' dir='ltr'><strong>ipsis</strong></span> <span class='ocrx_word' id='word_1_764' title='bbox 2889 5203 3243 5260; x_wconf 88' lang='lat' dir='ltr'><strong>cadaveribus</strong></span> <span class='ocrx_word' id='word_1_765' title='bbox 3292 5203 3540 5257; x_wconf 74' lang='lat' dir='ltr'><strong>detentae</strong></span> <span class='ocrx_word' id='word_1_766' title='bbox 3587 5201 3645 5257; x_wconf 91' lang='lat' dir='ltr'><strong>in</strong></span> 
     </span>
    </p>
   </div>
   <div class='ocr_carea' id='block_1_110' title="bbox 1645 5335 2350 5397">
    <p class='ocr_par' dir='ltr' id='par_1_110' title="bbox 1645 5335 2350 5397">
     <span class='ocr_line' id='line_1_110' title="bbox 1645 5335 2350 5397; baseline 0.004 -6"><span class='ocrx_word' id='word_1_767' title='bbox 1645 5335 1901 5395; x_wconf 81' lang='lat' dir='ltr'><strong>VARIAE</strong></span> <span class='ocrx_word' id='word_1_768' title='bbox 1947 5338 2350 5397; x_wconf 81' lang='lat' dir='ltr'><strong>LECTIONES.</strong></span> 
     </span>
    </p>
   </div>
   <div class='ocr_carea' id='block_1_111' title="bbox 446 5448 1363 5507">
    <p class='ocr_par' dir='ltr' id='par_1_111' title="bbox 446 5448 1363 5507">
     <span class='ocr_line' id='line_1_111' title="bbox 446 5448 1363 5507; baseline 0.003 -6"><span class='ocrx_word' id='word_1_769' title='bbox 446 5448 465 5479; x_wconf 76' lang='grc' dir='ltr'>ί</span> <span class='ocrx_word' id='word_1_770' title='bbox 491 5463 620 5502; x_wconf 80' lang='lat' dir='ltr'><strong>suae</strong></span> <span class='ocrx_word' id='word_1_771' title='bbox 656 5461 767 5503; x_wconf 90' lang='lat' dir='ltr'><strong>om.</strong></span> <span class='ocrx_word' id='word_1_772' title='bbox 814 5453 882 5505; x_wconf 76' lang='grc' dir='ltr'><strong>Δ.</strong></span> <span class='ocrx_word' id='word_1_773' title='bbox 958 5459 981 5490; x_wconf 69' lang='grc'><strong><em>³</em></strong></span> <span class='ocrx_word' id='word_1_774' title='bbox 1005 5468 1131 5507; x_wconf 79' lang='lat' dir='ltr'><strong>suae</strong></span> <span class='ocrx_word' id='word_1_775' title='bbox 1158 5467 1268 5507; x_wconf 90' lang='lat' dir='ltr'><strong>om.</strong></span> <span class='ocrx_word' id='word_1_776' title='bbox 1297 5452 1363 5505; x_wconf 74' lang='grc' dir='ltr'><strong>Δ.</strong></span> 
     </span>
    </p>
   </div>
   <div class='ocr_carea' id='block_1_112' title="bbox 1459 5450 3291 5521">
    <p class='ocr_par' dir='ltr' id='par_1_112' title="bbox 1459 5450 3291 5521">
     <span class='ocr_line' id='line_1_112' title="bbox 1459 5450 3291 5521; baseline 0.001 -17"><span class='ocrx_word' id='word_1_777' title='bbox 1459 5450 1481 5482; x_wconf 83' lang='grc'>³</span> <span class='ocrx_word' id='word_1_778' title='bbox 1501 5450 1794 5521; x_wconf 65' lang='lat' dir='ltr'><strong>elongatgm</strong></span> <span class='ocrx_word' id='word_1_779' title='bbox 1819 5466 1928 5521; x_wconf 73' lang='lat' dir='ltr'><strong>om,</strong></span> <span class='ocrx_word' id='word_1_780' title='bbox 1956 5452 2022 5507; x_wconf 85' lang='lat' dir='ltr'><strong>A.</strong></span> <span class='ocrx_word' id='word_1_781' title='bbox 2099 5452 2123 5485; x_wconf 68' lang='grc'>⁸</span> <span class='ocrx_word' id='word_1_782' title='bbox 2149 5452 2195 5506; x_wconf 82' lang='grc' dir='ltr'>Α</span> <span class='ocrx_word' id='word_1_783' title='bbox 2233 5450 2716 5521; x_wconf 90' lang='lat' dir='ltr'><strong>comprehensibile</strong></span> <span class='ocrx_word' id='word_1_784' title='bbox 2736 5466 2882 5521; x_wconf 75' lang='lat' dir='ltr'><strong>esse.</strong></span> <span class='ocrx_word' id='word_1_785' title='bbox 2943 5458 2965 5489; x_wconf 73' lang='grc'><strong><em>⁵</em></strong></span> <span class='ocrx_word' id='word_1_786' title='bbox 2989 5459 3063 5503; x_wconf 80' lang='lat' dir='ltr'><strong>est</strong></span> <span class='ocrx_word' id='word_1_787' title='bbox 3087 5464 3195 5503; x_wconf 91' lang='lat' dir='ltr'><strong>om.</strong></span> <span class='ocrx_word' id='word_1_788' title='bbox 3225 5450 3291 5504; x_wconf 83' lang='lat' dir='ltr'><strong>A.</strong></span> 
     </span>
    </p>
   </div>
   <div class='ocr_carea' id='block_1_113' title="bbox 3369 5451 3644 5503">
    <p class='ocr_par' dir='ltr' id='par_1_113' title="bbox 3369 5451 3644 5503">
     <span class='ocr_line' id='line_1_113' title="bbox 3369 5451 3644 5503; baseline -0.007 0"><span class='ocrx_word' id='word_1_789' title='bbox 3369 5451 3390 5482; x_wconf 79' lang='grc'>⁸</span> <span class='ocrx_word' id='word_1_790' title='bbox 3432 5452 3532 5503; x_wconf 72' lang='lat' dir='ltr'><strong>vita</strong></span> <span class='ocrx_word' id='word_1_791' title='bbox 3580 5464 3644 5501; x_wconf 77' lang='lat' dir='ltr'><strong>ea:</strong></span> 
     </span>
    </p>
   </div>
   <div class='ocr_carea' id='block_1_114' title="bbox 374 5518 3642 5595">
    <p class='ocr_par' dir='ltr' id='par_1_114' title="bbox 374 5518 3642 5595">
     <span class='ocr_line' id='line_1_114' title="bbox 374 5518 3642 5595; baseline -0 -25"><span class='ocrx_word' id='word_1_792' title='bbox 374 5519 858 5595; x_wconf 42' lang='lat' dir='ltr'><strong>comparaturus:</strong></span> <span class='ocrx_word' id='word_1_793' title='bbox 878 5520 1038 5595; x_wconf 78' lang='lat' dir='ltr'><strong>digna</strong></span> <span class='ocrx_word' id='word_1_794' title='bbox 1061 5537 1168 5577; x_wconf 92' lang='lat' dir='ltr'><strong>om.</strong></span> <span class='ocrx_word' id='word_1_795' title='bbox 1208 5523 1273 5574; x_wconf 83' lang='lat' dir='ltr'><strong>A.</strong></span> <span class='ocrx_word' id='word_1_796' title='bbox 1299 5590 1310 5595; x_wconf 89' lang='lat'><em>_</em></span> <span class='ocrx_word' id='word_1_797' title='bbox 1349 5528 1368 5559; x_wconf 85' lang='grc' dir='ltr'>τ</span> <span class='ocrx_word' id='word_1_798' title='bbox 1395 5519 1493 5575; x_wconf 73' lang='lat' dir='ltr'><strong>sibi</strong></span> <span class='ocrx_word' id='word_1_799' title='bbox 1523 5535 1632 5574; x_wconf 90' lang='lat' dir='ltr'><strong>om.</strong></span> <span class='ocrx_word' id='word_1_800' title='bbox 1656 5518 1762 5574; x_wconf 84' lang='lat' dir='ltr'><strong>CF.</strong></span> <span class='ocrx_word' id='word_1_801' title='bbox 1837 5525 1867 5595; x_wconf 64' lang='lat' dir='ltr'><strong>f_</strong></span> <span class='ocrx_word' id='word_1_802' title='bbox 1896 5520 2095 5595; x_wconf 74' lang='lat' dir='ltr'><strong>SicCF</strong></span> <span class='ocrx_word' id='word_1_803' title='bbox 2113 5524 2203 5595; x_wconf 55' lang='grc' dir='ltr'><strong>λᾼ</strong></span> <span class='ocrx_word' id='word_1_804' title='bbox 2224 5518 2583 5577; x_wconf 68' lang='lat' dir='ltr'><strong>honestissima</strong></span> <span class='ocrx_word' id='word_1_805' title='bbox 2601 5522 2759 5595; x_wconf 80' lang='lat' dir='ltr'><strong>totius</strong></span> <span class='ocrx_word' id='word_1_806' title='bbox 2793 5520 3142 5595; x_wconf 75' lang='lat' dir='ltr'><strong>universitatis</strong></span> <span class='ocrx_word' id='word_1_807' title='bbox 3163 5520 3642 5595; x_wconf 75' lang='lat' dir='ltr'><strong>conditaeordina-</strong></span> 
     </span>
    </p>
   </div>
   <div class='ocr_carea' id='block_1_115' title="bbox 377 5586 3642 5664">
    <p class='ocr_par' dir='ltr' id='par_1_115' title="bbox 377 5586 3642 5664">
     <span class='ocr_line' id='line_1_115' title="bbox 377 5586 3642 5664; baseline 0 -24"><span class='ocrx_word' id='word_1_808' title='bbox 377 5586 534 5640; x_wconf 79' lang='lat' dir='ltr'><strong>tione.</strong></span> <span class='ocrx_word' id='word_1_809' title='bbox 606 5596 628 5627; x_wconf 77' lang='grc' dir='ltr'><strong><em>ο</em></strong></span> <span class='ocrx_word' id='word_1_810' title='bbox 659 5586 859 5664; x_wconf 49' lang='grc' dir='ltr'><strong>εἰς(ᾷῖ</strong></span> <span class='ocrx_word' id='word_1_811' title='bbox 880 5607 895 5656; x_wconf 83' lang='grc'>;</span> <span class='ocrx_word' id='word_1_812' title='bbox 933 5586 978 5644; x_wconf 74' lang='grc' dir='ltr'><strong>λ</strong></span> <span class='ocrx_word' id='word_1_813' title='bbox 1001 5607 1262 5646; x_wconf 79' lang='lat' dir='ltr'><strong>summum</strong></span> <span class='ocrx_word' id='word_1_814' title='bbox 1292 5590 1482 5664; x_wconf 67' lang='lat' dir='ltr'><strong>bonum</strong></span> <span class='ocrx_word' id='word_1_815' title='bbox 1511 5589 2062 5664; x_wconf 63' lang='lat' dir='ltr'><strong>summaefeligionis.</strong></span> <span class='ocrx_word' id='word_1_816' title='bbox 2115 5586 2193 5628; x_wconf 45' lang='lat'><strong>&quot;‘1</strong></span> <span class='ocrx_word' id='word_1_817' title='bbox 2208 5607 2357 5664; x_wconf 75' lang='lat' dir='ltr'><strong>posse</strong></span> <span class='ocrx_word' id='word_1_818' title='bbox 2395 5607 2503 5645; x_wconf 76' lang='lat' dir='ltr'><strong>esse</strong></span> <span class='ocrx_word' id='word_1_819' title='bbox 2538 5604 2645 5644; x_wconf 91' lang='lat' dir='ltr'><strong>om.</strong></span> <span class='ocrx_word' id='word_1_820' title='bbox 2679 5593 2747 5645; x_wconf 83' lang='lat' dir='ltr'><strong>A.</strong></span> <span class='ocrx_word' id='word_1_821' title='bbox 2821 5591 2860 5620; x_wconf 83' lang='lat'>“</span> <span class='ocrx_word' id='word_1_822' title='bbox 2902 5589 2945 5641; x_wconf 85' lang='lat' dir='ltr'><strong>A</strong></span> <span class='ocrx_word' id='word_1_823' title='bbox 2978 5589 3115 5642; x_wconf 86' lang='lat' dir='ltr'><strong>enim</strong></span> <span class='ocrx_word' id='word_1_824' title='bbox 3155 5599 3250 5644; x_wconf 74' lang='lat' dir='ltr'><strong>est.</strong></span> <span class='ocrx_word' id='word_1_825' title='bbox 3326 5589 3367 5620; x_wconf 82' lang='grc'><strong>¹²</strong></span> <span class='ocrx_word' id='word_1_826' title='bbox 3395 5588 3439 5641; x_wconf 82' lang='grc' dir='ltr'>Α</span> <span class='ocrx_word' id='word_1_827' title='bbox 3482 5602 3642 5656; x_wconf 73' lang='lat' dir='ltr'><strong>urg..-</strong></span> 
     </span>
    </p>
   </div>
   <div class='ocr_carea' id='block_1_116' title="bbox 380 5657 1792 5730">
    <p class='ocr_par' dir='ltr' id='par_1_116' title="bbox 380 5657 1792 5730">
     <span class='ocr_line' id='line_1_116' title="bbox 380 5657 1792 5730; baseline 0.004 -21"><span class='ocrx_word' id='word_1_828' title='bbox 380 5667 629 5712; x_wconf 81' lang='lat' dir='ltr'><strong>mentum.</strong></span> <span class='ocrx_word' id='word_1_829' title='bbox 708 5658 751 5690; x_wconf 79' lang='grc'><strong>³³</strong></span> <span class='ocrx_word' id='word_1_830' title='bbox 772 5663 818 5714; x_wconf 70' lang='grc' dir='ltr'>Α</span> <span class='ocrx_word' id='word_1_831' title='bbox 845 5671 1059 5716; x_wconf 81' lang='lat' dir='ltr'><strong>aeterna</strong></span> <span class='ocrx_word' id='word_1_832' title='bbox 1086 5676 1331 5730; x_wconf 83' lang='lat' dir='ltr'><strong>namque.</strong></span> <span class='ocrx_word' id='word_1_833' title='bbox 1407 5658 1452 5691; x_wconf 65' lang='grc' dir='ltr'><strong>ιδ</strong></span> <span class='ocrx_word' id='word_1_834' title='bbox 1478 5669 1527 5713; x_wconf 85' lang='lat' dir='ltr'><strong>et</strong></span> <span class='ocrx_word' id='word_1_835' title='bbox 1553 5673 1661 5715; x_wconf 88' lang='lat' dir='ltr'><strong>om.</strong></span> <span class='ocrx_word' id='word_1_836' title='bbox 1686 5657 1792 5714; x_wconf 84' lang='lat' dir='ltr'><strong>CF.</strong></span> 
     </span>
    </p>
   </div>
  </div>
