4168 6284
566 299 669 355 955

1933 308 2212 367 JOANNIS
2251 309 2444 368 SCOTI

3723 319 3828 375 956

565 411 756 466 iisdem
801 412 1167 483 sepulcrorum
1207 417 1451 471 cavernis
1482 420 1761 487 putabant.
1811 420 1946 475 Hinc
1976 424 2139 478 infcr—
2167 433 2216 487 Α
2246 440 2404 489 sane;
2435 424 2681 494 quamvis
2727 425 2901 479 adhuc
2930 440 3034 479 non
3080 426 3225 479 omni
3269 425 3498 495 ealigine
3535 436 3828 486 remotum.

565 515 696 554 num
757 501 907 568 quasi
959 500 1095 554 infra
1144 511 1343 556 terram
1393 509 1623 574 positum
1671 513 1953 565 voeabant.
2020 515 2148 569 lude

565 585 701 642 falsa
727 587 898 641 crevit
927 587 1127 656 opinio,
1166 590 1375 646 animas
1404 594 1653 650 videlicet
1681 597 1880 653 locales
1901 614 2021 654 esse
2051 603 2151 656 sub

567 687 732 731 terra.
773 677 964 732 Graeci
988 688 1166 734 autem
1196 683 1356 736 solito
1383 700 1531 740 more
1559 703 1646 742 res
1668 691 1878 745 acutius
1899 693 2150 749 conside—

567 776 748 822 rantes
771 771 1184 841 expressiusque
1214 774 1595 844 significantes,
1632 779 1777 846 ἄδην,
1807 791 1865 836 ut
1891 785 2145 850 diximus,

565 859 668 914 hoc
694 869 777 914 est
806 862 1078 916 tristitiam
1115 852 1843 933 appellaveruntinfernum.
1888 873 2147 929 Naturam

567 948 830 1017 siquidem
855 965 1032 1005 rerum
1065 953 1353 1010 visibiliqu
1393 968 1446 1012 et
1489 961 1834 1016 iuvisibilium
1867 964 2152 1035 diligenter

567 1036 848 1100 rimantes,
876 1039 1052 1094 locum
1080 1045 1354 1113 suppliciis
1389 1048 1631 1104 invenire
1682 1067 1788 1107 non
1833 1065 2147 1124 potuerunt,

567 1121 669 1180 nisi
699 1123 752 1180 in
791 1122 1106 1186 libidinosae
1148 1133 1439 1191 voluntatis
1473 1139 1739 1194 malorum
1784 1121 2063 1198 hominum
2095 1121 2153 1199 et

568 1216 882 1287 angelorum
915 1231 1176 1290 egestate,
1212 1238 1522 1295 rerumque,
1549 1243 1687 1296 quas
1726 1231 2151 1302 intemperanter

568 1315 900 1370 amaverant,
928 1307 1143 1364 defectu
1171 1321 1226 1366 et
1256 1314 1580 1382 privatione,
1608 1333 1674 1372 ex
1701 1321 1897 1389 quibus
1932 1325 2149 1379 tristitia

568 1399 833 1466 nascitur,
876 1403 929 1456 in
967 1405 984 1435 ί
1022 1420 1126 1473 qua
1168 1409 1568 1466 rationabilium
1602 1415 1904 1470 animarum
1939 1419 2152 1474 irratio-

568 1488 774 1543 nabiles
802 1493 1069 1559 appetitus
1095 1495 1209 1550 sive
1245 1497 1296 1551 itt
1337 1499 1440 1553 hac
1465 1501 1575 1555 vita
1603 1504 1719 1559 sive
1749 1506 1803 1559 in
1831 1505 2011 1561 futura
2041 1516 2149 1565 tor-

567 1584 818 1643 quentur,
841 1588 1080 1649 egestate
1100 1584 1315 1652 quidem
1336 1601 1442 1642 non
1463 1589 1702 1648 valentes
1721 1593 1982 1661 invenire,
2005 1597 2149 1665 quod

567 1662 669 1716 sibi
712 1675 901 1733 cptant
944 1667 1083 1734 ﬁeri,
1130 1672 1342 1728 defectu
1385 1692 1517 1732 vero
1550 1687 1606 1734 et
1648 1682 1970 1750 privatione,
2019 1662 2146 1740 dum

2249 516 2363 572 Non
2389 517 2532 570 enim
2554 515 2667 584 jam
2700 515 2845 569 clare
2878 516 3166 585 perspicio,
3198 523 3253 569 et
3278 517 3484 586 absque
3503 517 3611 572 ulla
3637 520 3832 576 nebula

2249 605 2569 670 luculenter,
2590 607 2860 675 quomodo
2888 614 3061 675 potest
3090 607 3265 674 pttniri
3302 607 3444 675 quod
3473 624 3579 662 non
3608 620 3712 673 cst,
3754 620 3832 675 et,

2249 695 2390 763 quod
2419 704 2525 756 est,
2556 695 2733 765 puniri
2763 709 2869 748 non
2897 703 3092 763 potest.
3131 693 3365 750 Facilius
3394 711 3628 765 namque
3657 700 3834 754 credi-

2249 784 2419 838 derim
2447 800 2602 853 posse
2648 785 2826 853 puniri
2873 785 3142 854 quodest,
3177 800 3340 854 quam
3385 787 3528 856 quod
3577 804 3684 844 non
3725 802 3827 845 εει.

2250 873 2391 928 MAG.
2426 874 2568 930 Ecce
2613 875 2806 936 iterum
2853 875 3008 944 quasi
3053 875 3374 930 obliviscens
3416 879 3828 946 praeteritarum

2251 965 2519 1017 rationum
2548 964 2764 1026 videris,
2800 972 2852 1018 et
2879 979 3041 1033 quem
3087 973 3402 1034 putaveram
3434 980 3500 1019 ex
3530 971 3829 1035 praesentis

2251 1052 2452 1120 negotii
2483 1051 2748 1119 profundo
2773 1066 3040 1106 emersum
3085 1062 3138 1108 et
3177 1051 3503 1117 absolutum,
3540 1056 3716 1108 denuo
3739 1057 3830 1110 de-

2252 1157 2489 1196 mersum
2531 1151 2693 1209 atque
2736 1142 3010 1195 detentum
3043 1151 3095 1196 te
3133 1156 3253 1196 esse
3278 1156 3488 1196 vereor.
3531 1143 3675 1198 DISC.
3710 1144 3824 1199 Non

2247 1232 2387 1286 adeo
2421 1241 2472 1286 te
2501 1239 2714 1299 oportet
2764 1232 2962 1285 vereri.
3011 1231 3289 1300 Siquidem
3337 1233 3402 1288 de
3439 1234 3653 1299 talibus,
3693 1252 3828 1304 quae

2252 1320 2393 1373 inter
2443 1335 2542 1373 nos
2595 1320 2939 1384 conveniunt,
2991 1321 3258 1390 quaedam
3316 1323 3520 1378 mentis
3561 1326 3827 1391 acumine,

2249 1409 2413 1462 veluti
2454 1410 2768 1463 aethereum
2809 1409 3006 1476 lumen,
3047 1411 3334 1479 purissime
3379 1423 3629 1483 penetro,
3665 1433 3834 1487 quac-v

2250 1499 2374 1554 dam
2399 1514 2526 1554 vero
2547 1500 2836 1570 caliginose
2858 1515 2920 1554 ac
2939 1501 3103 1554 veluti
3130 1503 3256 1557 aéra
3294 1503 3584 1560 intercisas
3605 1507 3628 1538 ⁸
3649 1519 3832 1578 ruptas

2250 1589 2544 1644 nubeculas
2591 1590 2894 1659 conspicor.
2945 1591 3174 1658 Ideoque
3214 1603 3320 1645 non
3373 1608 3460 1647 me
3503 1596 3686 1662 pudet,
3733 1613 3831 1653 nec

2249 1677 2394 1747 piget
2447 1685 2715 1746 repetere,
2771 1687 2832 1731 ut
2869 1677 3102 1732 lucidius
3133 1679 3414 1747 aspiciam,
3465 1698 3610 1751 quae
3655 1686 3833 1741 adhuc

567 1753 710 1825 quod
743 1753 931 1810 ίΙΙὶϐἱιο
965 1759 1375 1832 perniciosmtue
1403 1781 1587 1823 amore
1620 1772 1894 1840 possidere
1931 1784 2154 1842 putave-
2182 1766 2226 1826 Β
2255 1774 2452 1823 mentis
2477 1783 2630 1821 meae
2669 1767 2944 1822 obtutibus
2983 1783 3091 1824 non
3127 1769 3350 1823 omnino
3380 1772 3647 1840 patefacta
3685 1786 3833 1831 sunt.

568 1847 711 1906 rant,
736 1844 957 1899 omnino
979 1847 1046 1901 ab
1067 1849 1147 1903 eis
1167 1851 1432 1920 aufertur,
1461 1857 1767 1928 diutiusque
1788 1876 1855 1915 eo
1879 1863 2025 1916 abuti
2049 1877 2154 1918 non

569 1929 843 1986 sinuntur.
882 1934 952 1988 Et
994 1937 1098 1993 hoc
1137 1949 1222 1995 est
1248 1951 1440 2010 totum,
1484 1948 1627 2015 quod
1667 1950 1864 2004 dicitur
1891 1954 2155 2008 malarum

569 2021 957 2088 cogitationum
1003 2028 1560 2104 irrationabiliumque
1591 2040 1940 2108 cupiditatum
1983 2058 2157 2112 poena

569 2119 731 2179 atque
791 2115 1141 2184 supplicium,
1203 2121 1357 2177 dolor
1389 2126 1640 2182 videlicet
1698 2139 1860 2199 atque
1918 2134 2155 2202 tristitia,

570 2202 766 2268 quibus
793 2205 1004 2263 duobus
1044 2209 1330 2278 impiorum
1371 2217 1701 2273 conscientia
1733 2221 1874 2275 intra
1905 2227 2159 2295 semetip-

569 2304 687 2347 sam
721 2295 971 2364 punitur;
1025 2315 1164 2368 quae
1207 2303 1314 2357 duo
1351 2315 1634 2376 propterea
1681 2311 1819 2365 mala
1864 2329 1968 2367 non
2011 2325 2154 2383 sunt,

568 2386 824 2453 quoniam
850 2385 1153 2455 justissima
1180 2392 1395 2450 divinae
1419 2398 1790 2465 providentiae
1816 2404 2160 2458 administra-

569 2473 719 2530 tione
749 2475 854 2541 his,
879 2491 1016 2546 quos
1042 2488 1313 2549 torquent,
1342 2487 1686 2552 accidunt,et
1713 2493 1987 2560 quoniam,
2017 2497 2160 2564 quod

569 2561 769 2630 ubique
796 2563 850 2616 in
884 2566 1136 2622 omnibus
1169 2570 1367 2624 malum
1395 2588 1500 2627 non
1535 2577 1639 2642 est,
1677 2579 1876 2633 malmn
1910 2582 2014 2636 dici
2036 2561 2159 2639 non

569 2658 768 2718 potest.
799 2651 897 2707 Est
921 2665 1102 2712 autem
1127 2658 1342 2714 tristitia
1368 2661 1509 2717 bona
1540 2665 1592 2718 in
1625 2666 1729 2732 his,
1754 2669 1954 2737 quisua
1978 2671 2161 2743 lugent

569 2739 795 2807 delicta,
847 2745 986 2800 sicut
1025 2748 1102 2803 ait
1133 2748 1390 2807 Dominus
1423 2753 1478 2810 in
1522 2754 1811 2828 Evangelio
1841 2776 1856 2814 :
1893 2739 2160 2836 Beali'qm'

570 2826 743 2899 lugent
773 2849 935 2900 nunc,
981 2838 1230 2905 quoniam
1271 2843 1373 2912 ipsi
1414 2826 1843 2902 consolabuntur.
1898 2826 2162 2908 Similiter

570 2918 747 3010 bonus
782 2921 937 2979 dolor
970 2925 1024 2979 in
1056 2927 1161 2993 bis,
1187 2931 1386 2998 quibus
1430 2935 1642 2990 tardum
1675 2952 2060 3010 morosumque
2079 2943 2161 3001 vi-.

574 3008 759 3077 detur,
784 3013 957 3071 donec
985 3017 1052 3072 ad
1077 3023 1395 3087 promissam
1428 3025 1529 3080 sibi
1550 3027 1935 3086 beatitudinem
1964 3008 2159 3104 perve-

570 3100 742 3194 niant.
759 3102 876 3170 Quo
890 3106 1072 3164 dolore
1083 3111 1372 3179 Apostolus
1392 3115 1692 3185 laborabat,
1709 3122 1892 3178 dicens
1916 3139 1932 3177 :
1957 3099 2123 3194 Cupio
2135 3127 2157 3159 ⁸
2187 3099 2231 3160 C

569 3190 789 3248 dissolvi
827 3205 874 3248 et
899 3213 1008 3252 esse
1029 3216 1146 3254 cum
1178 3201 1408 3258 Christo.
1432 3205 1570 3273 Quid
1588 3209 1767 3265 dicam
1793 3213 1860 3267 de
1884 3190 2158 3271 doloribus

569 3293 782 3347 eorum,
829 3286 920 3353 qui
955 3286 1156 3344 Christi
1187 3291 1206 3322 '
1231 3301 1500 3364 martyres
1537 3297 1666 3353 facti
1704 3309 1830 3354 sunt
1859 3303 1925 3355 ⁸2
1961 3303 2158 3359 Tristi-

569 3373 646 3430 tia
679 3385 859 3431 autem
891 3378 1151 3450 dolorque
1193 3385 1479 3454 impiarum
1522 3392 1902 3460 cupiditatum,
1955 3396 2071 3451 sive
2103 3399 2158 3452 in

571 3463 676 3517 hac
719 3465 832 3520 vita
873 3468 988 3522 sive
1032 3471 1086 3524 in
1115 3470 1302 3544 altera,
1346 3486 1633 3545 prOpterea
1681 3481 1821 3534 mala
1857 3497 1967 3536 non
2011 3495 2157 3550 sunt,

571 3550 824 3618 quoniam
851 3553 991 3607 mala
1014 3556 1278 3612 desideria
1311 3562 1540 3630 puniunt
1566 3582 1580 3618 :
1617 3568 1726 3621 urit
1747 3569 1889 3623 enim
1919 3573 2156 3640 tristitia,-

574 3654 713 3708 quae
735 3643 976 3697 nascitur
1007 3661 1073 3700 ex
1096 3659 1338 3717 egestate
1365 3667 1545 3708 rerum
1573 3660 1970 3729 temporalium,
1995 3664 2160 3720 veluti

571 3733 836 3798 quaedam
854 3733 1273 3808 inextinguibilis
1286 3741 1499 3798 flamma
1513 3746 1856 3816 imperfectos
1870 3755 2155 3822 appetitus;

574 3822 786 3877 mordet
814 3823 977 3879 veluti
1009 3831 1204 3884 vermis
1231 3847 1335 3886 non
1360 3836 1615 3905 moriens,
1650 3840 1822 3908 dolor,
1846 3844 1937 3912 qui
1975 3856 2161 3914 putre-

576 3911 702 3966 dine
728 3912 1046 4006 libidinosae
1073 3923 1540 3992 concupiscentiae
1568 3933 1832 4000 uascitur,
1865 3911 1992 3990 dum
2016 3938 2160 4006 quod

577 4000 997 4072 concupiscitur,
1025 4008 1288 4065 aufertur.
1322 4013 1417 4069 Est
1439 4025 1493 4070 et
1516 4018 1618 4071 alia
1643 4021 1799 4087 ratio,
1823 4037 1962 4092 quae
1992 4000 2161 4080 tristi-

575 4090 706 4145 tiam
739 4102 794 4146 et
826 4093 1065 4155 dolorem
1098 4099 1386 4170 impiorum
1417 4096 1556 4162 mala
1597 4125 1708 4165 non
1734 4090 1856 4168 esse
1892 4117 2157 4186 perhibet.

575 4179 712 4235 Sunt
757 4183 900 4238 enim
951 4187 1112 4244 veluti
1158 4195 1426 4261 quaedam
1479 4203 1706 4256 materia
1753 4179 2160 4273 copiosissimas

573 4266 771 4335 laudis,
813 4276 1018 4330 aeterni
1061 4281 1262 4347 gaudii,
1296 4291 1658 4356 aeternaeque
1693 4266 1906 4356 saluiis,
1937 4295 2155 4363 quibus,

575 4360 668 4426 qui
725 4360 779 4415 in
826 4364 995 4420 Deum
1049 4377 1349 4437 transeunt,
1403 4373 1680 4432 fruuntur.
1731 4360 2022 4450 Repertum
2073 4395 2157 4440 est

575 4449 780 4520 itaque,
815 4464 873 4507 ut
923 4458 1180 4526 arbitror,
1221 4463 1347 4518 illud
1390 4468 1606 4522 tertium
1645 4471 1788 4539 quod
1812 4432 2152 4542 rquaerebas,
2179 4432 2234 4491 Β

583 4543 886 4611 ceterisque
909 4548 1114 4603 duobus
1143 4553 1504 4622 praeferebas,
1525 4559 1627 4614 hoc
1655 4570 1756 4628 est,
1777 4578 1933 4632 posse
1955 4567 2152 4633 puniri,

576 4635 720 4702 quod
760 4636 812 4688 in
856 4646 1046 4693 natura
1088 4656 1265 4699 rerum
1297 4663 1396 4702 nec
1437 4655 1730 4708 secundum
1775 4658 2152 4723 substantiam,

577 4738 678 4778 nec
701 4728 994 4782 secundum
1022 4735 1269 4788 naturale
1293 4739 1568 4806 accidens,
1607 4759 1706 4799 nec
1740 4749 1958 4803 omnino
1983 4763 2013 4802 a
2046 4749 2156 4804 Deo

573 4812 774 4871 factum
808 4827 912 4885 est,
950 4819 1002 4873 in
1032 4821 1213 4890 aliquo
1253 4826 1497 4895 subjecto
1541 4836 1776 4888 naturali
1806 4845 1860 4891 et
1905 4839 2156 4893 substan-

581 4904 779 4960 tialiet
811 4916 834 4948 ³
871 4922 901 4962 a
931 4908 1040 4966 Deo
1061 4911 1247 4980 facto,
1279 4917 1425 4984 quod
1459 4935 1555 4988 per
1593 4925 1829 4993 seipsum
1859 4941 2029 4995 neque
2058 4943 2155 4996 pu-

575 4997 744 5061 nitur,
774 5013 946 5068 neque
968 5001 1020 5055 in
1046 5019 1104 5058 se
1137 5006 1326 5074 punito
1347 5013 1694 5081 compatitur.
1725 5016 1791 5069 Et
1815 5018 1916 5071 hac
1946 5017 2154 5072 ratione

577 5092 725 5140 recte
769 5087 1098 5162 intelligitur,
1156 5098 1299 5165 quod
1344 5103 1623 5159 verissime
1676 5107 1934 5170 creditur,
1985 5106 2152 5160 Deum

573 5176 822 5235 videlicet
851 5182 904 5237 in
936 5185 1078 5240 nulla
1109 5199 1302 5243 natura
1354 5206 1383 5244 a
1411 5208 1470 5248 se
1507 5197 1720 5250 condita
1773 5198 1963 5265 punire
2008 5199 2150 5267 quod

574 5263 733 5334 fecit;
773 5273 913 5340 quod
941 5285 1120 5332 autem
1157 5294 1264 5334 non
1297 5280 1446 5348 fecit,
1473 5285 1645 5352 punit.
1680 5263 1825 5340 Disc.
1856 5263 2149 5356 Repertum

2256 1855 2396 1911 MAG.
2421 1856 2535 1927 Age
2574 1856 2756 1926 igitur,
2794 1857 2904 1921 dic,
2934 1872 3064 1910 num
3097 1857 3300 1922 omnia,
3330 1874 3471 1926 quae
3492 1869 3646 1926 sunt,
3671 1864 3738 1916 ab
3763 1877 3835 1916 eo

2256 1949 2393 2015 solo,
2418 1951 2509 2019 Qui
2540 1964 2668 2004 vere
2689 1958 2791 2014 est,
2821 1958 2878 2004 et
2897 1950 3063 2004 totius
3083 1950 3353 2004 essentiae
3373 1954 3836 2020 superessentialis

2255 2053 2444 2102 causa,
2497 2052 2566 2093 ex
2609 2052 2717 2092 non
2772 2037 3127 2093 existentibus
3171 2038 3224 2090 in
3264 2039 3550 2094 existentia
3605 2040 3836 2096 deducta

2258 2135 2407 2191 Sunt,
2433 2134 2489 2181 et
2530 2135 2710 2180 utrum
2737 2127 2990 2195 quiddam
3028 2128 3090 2195 in,
3119 2136 3310 2182 natura
3340 2144 3516 2183 rerum
3552 2139 3654 2195 est,
3683 2133 3838 2200 quod

2257 2217 2325 2271 ab
2353 2231 2419 2270 eo
2458 2216 2808 2270 substitutum
2845 2231 2951 2272 non
2992 2227 3077 2272 est
3107 2216 3174 2271 "3.
3216 2218 3360 2271 Dtsc.
3388 2217 3492 2271 Cur
3529 2233 3613 2274 me
3654 2220 3835 2275 intera

2260 2322 2417 2378 rogas
2465 2308 2533 2362 de
2581 2322 2670 2373 co,
2704 2308 2848 2378 quod
2882 2309 3131 2363 omnibus
3163 2316 3313 2362 recte
3336 2308 3840 2378 philosophantibus

2257 2399 2600 2452 notissimum
2631 2407 2733 2461 est,
2775 2408 2832 2453 et
2858 2399 3234 2454 incunctanter
3259 2399 3577 2453 definitum?
3617 2401 3698 2454 Ab
3727 2416 3841 2456 uno

2258 2489 2401 2542 enim
2426 2489 2628 2555 omnia,
2667 2498 2722 2544 et
2759 2489 2894 2544 nihil
2924 2499 3028 2554 est,
3069 2492 3214 2559 quod
3240 2491 3310 2545 ab
3342 2505 3408 2544 eo
3439 2506 3547 2546 non
3575 2491 3664 2547 sit.
3693 2492 3835 2548 MAG.

2259 2577 2495 2634 Putasne
2534 2579 2742 2649 itaque,
2777 2594 2958 2646 omne,
2980 2582 3123 2650 quod
3154 2582 3222 2636 ab
3256 2580 3372 2652 ipso
3396 2591 3501 2647 est,
3537 2598 3695 2653 posse
3721 2599 3843 2639 cors

2259 2667 2476 2735 rumpi?
2505 2667 2652 2722 DISC.
2685 2668 2795 2724 Nec
2817 2669 2919 2723 hoc
2946 2670 3199 2729 dixerim.
3225 2669 3398 2726 Omne
3422 2673 3592 2736 enim,
3613 2673 3752 2743 quod
3779 2675 3838 2728 in

2259 2757 2551 2812 essentiam
2581 2758 2754 2824 duxit,
2783 2774 2922 2824 non,
2967 2769 3026 2814 ut
3052 2755 3218 2828 esset,
3263 2765 3639 2820 tantummodo
3663 2766 3834 2829 duxit,

2259 2847 2352 2901 sed
2395 2858 2454 2902 ut
2483 2864 2696 2919 semper
2723 2861 2889 2916 esset,
2921 2853 3174 2921 quoniam
3217 2869 3430 2925 semper
3464 2856 3755 2911 causaliter
3780 2859 3837 2912 in

2259 2952 2326 2993 eo
2353 2949 2490 2994 erat.
2523 2939 2695 2995 Omne
2735 2951 2937 3006 autem,
2969 2945 3112 3012 quod
3153 2959 3367 3014 semper
3394 2955 3498 3010 est,
3550 2955 3830 3001 aeternum

2259 3036 2371 3093 est;
2396 3037 2450 3082 et
2469 3044 2626 3084 omne
2664 3028 2688 3060 ⁸
2712 3042 2990 3086 aeternum
3016 3046 3231 3087 verum:
3257 3049 3418 3089 omne
3448 3045 3626 3090 autem
3653 3051 3838 3091 verum

2261 3117 2408 3172 nulla
2459 3119 2512 3172 vi
2554 3100 2736 3188 poiest
2778 3123 3070 3193 corrumpi.
3130 3122 3346 3178 Nullum
3396 3127 3563 3194 igitur
3611 3128 3679 3183 ab
3723 3144 3838 3183 uno

2259 3209 2500 3263 omnium
2527 3212 2791 3281 principio
2827 3211 3030 3267 factum
3073 3214 3266 3283 recipit
3301 3217 3382 3271 sui
3413 3219 3834 3287 corruptionem.

2259 3295 2397 3363 Quid
2411 3299 2554 3352 enim
2568 3298 2696 3375 illud
2718 3315 3065 3370 corrumpere
3084 3302 3302 3371 posset?
3323 3303 3437 3359 Non
3459 3306 3602 3359 enim
3627 3321 3832 3372 verum,

2258 3399 2434 3453 neque
2461 3386 2752 3441 verisimile
2789 3397 2894 3454 est,
2943 3399 3002 3444 ut
3049 3406 3081 3444 a
3129 3391 3387 3446 Creatore
3435 3406 3832 3465 corrumpatur,

2261 3474 2430 3542 quod,
2467 3483 2527 3528 ut
2551 3489 2770 3544 semper
2789 3486 2955 3543 esset,
2983 3479 3049 3534 ab
3083 3495 3148 3535 eo
3178 3483 3528 3537 constitutum
3565 3495 3668 3540 est.
3696 3486 3764 3540 Et
3787 3488 3837 3542 si

2259 3561 2438 3630 aliqua
2490 3575 2684 3618 natura
2733 3575 2916 3621 creata
2954 3567 3143 3622 melior
3167 3569 3258 3624 illo
3283 3583 3384 3635 est,
3427 3574 3738 3630 inferiorem
3776 3591 3841 3630 se

2259 3661 2510 3706 naturam
2541 3669 2891 3724 corrumpere
2921 3657 3252 3726 impossibile
3293 3671 3410 3727 est,
3455 3665 3712 3732 quoniam
3739 3664 3838 3719 b0-

2259 3754 2386 3792 num
2419 3741 2614 3796 nullius
2640 3743 2766 3797 boni
2813 3748 3176 3816 corruptionis
3209 3764 3373 3806 causa
3423 3754 3541 3808 ﬁeri
3581 3758 3829 3824 potest';

2259 3830 2342 3883 sin
2365 3839 2546 3886 autem
2585 3831 2811 3888 inferior
2848 3849 2907 3889 se
2935 3847 3180 3891 creatura
3210 3851 3296 3894 est
3329 3840 3396 3906 ⁸ο,
3430 3841 3698 3900 diﬂicilius
3727 3854 3838 3908 est,

2259 3919 2487 3976 inferius
2511 3936 2861 3993 corrumpere
2885 3926 3026 3994 quod
3051 3929 3298 3996 superius
3317 3938 3420 3985 est.
3445 3933 3517 3986 At
3537 3933 3583 3987 si
3609 3935 3836 4003 aequale

2259 4012 2361 4066 sibi
2407 4014 2608 4068 bonum
2641 4024 2741 4080 est,
2767 4016 2970 4070 nullum
3011 4017 3208 4073 bonum
3253 4023 3476 4091 aequale
3499 4025 3600 4079 sibi
3637 4028 3836 4081 bonum

2259 4115 2607 4172 corrumpere
2657 4107 2882 4174 appetit,
2921 4107 3048 4162 dum
3086 4110 3330 4178 ejusdem
3371 4112 3585 4168 virtutis
3627 4115 3734 4169 sint
3779 4126 3833 4168 et

2258 4194 2587 4262 operationis
2616 4204 2671 4249 et
2720 4196 3008 4251 essentiae.
3041 4196 3385 4268 Relinquitur
3428 4217 3582 4272 ergo,
3633 4204 3834 4258 nullam

2259 4294 2506 4338 naturam
2538 4284 2760 4340 alter-am
2789 4295 3038 4340 naturam
3069 4291 3108 4320 ιι
3146 4305 3495 4362 corrumpere
3519 4295 3605 4349 vel
3633 4297 3676 4327 ι’
3702 4297 3834 4352 velle

2258 4376 2343 4430 vel
2385 4391 2562 4446 posse.
2603 4377 2698 4432 Est
2726 4385 2780 4432 et
2819 4379 2923 4434 alia
2954 4381 3111 4445 ratio,
3161 4397 3300 4452 quae
3344 4384 3708 4442 indubitanter
3746 4403 3830 4441 ass

2258 4470 2412 4532 serit,
2445 4469 2648 4524 nullum
2671 4470 2718 4502 "
2740 4486 2948 4538 eorum,
2992 4488 3131 4541 quae
3157 4475 3226 4529 ab
3271 4491 3379 4528 uno
3407 4475 3519 4531 Deo
3555 4480 3835 4534 conditore

2257 4561 2498 4615 omnium
2530 4571 2672 4625 sunt,
2706 4563 3105 4630 corruptionem
3132 4578 3232 4618 nec
3266 4565 3508 4635 recipere
3529 4567 3613 4622 vel
3643 4567 3688 4600 ιδ
3709 4583 3832 4622 cor-

2256 4651 2432 4719 rumpi
2483 4664 2660 4718 posse.
2717 4650 2774 4704 Si
2805 4651 2964 4706 enim
3022 4654 3293 4724 corrumpi
3341 4656 3654 4723 inchoaret,
3709 4672 3830 4712 cor-

2257 4741 2521 4811 ruptionis
2579 4741 2694 4808 ejus
2753 4743 2875 4796 finis
2924 4755 3258 4811 sequeretur.
3321 4745 3491 4802 Omne
3536 4748 3836 4815 siquidem,

2257 4833 2399 4902 quod
2439 4834 2656 4889 inchoat
2697 4833 2832 4904 pati,
2877 4835 3144 4904 passidnis
3186 4851 3316 4892 suae
3357 4837 3618 4907 duplicem
3658 4834 3825 4890 finem

2256 4931 2525 4992 espectat.
2601 4926 2706 4980 Aut
2733 4927 2876 4980 enim
2900 4927 3137 4996 penitus,
3171 4936 3230 4983 ut
3278 4944 3380 4984 non
3421 4929 3514 4992 sit,
3561 4943 3659 4982 sua
3702 4942 3827 4983 cors

2257 5015 2506 5084 raptione
2555 5018 3038 5083 consummabitur,
3095 5033 3298 5088 suaque
3329 5020 3605 5088 corruptio
3639 5033 3836 5072 secum-

2253 5105 2643 5173 extinguetur,
2703 5117 3023 5175 consumpto
3072 5108 3270 5178 quippe
3319 5109 3651 5177 corruptibili
3706 5122 3827 5161 cora

2252 5199 2553 5266 ruptionem
2615 5199 2730 5266 ejus
2786 5198 2964 5266 perire
3021 5212 3245 5254 necesse
3296 5208 3400 5263 est,
3452 5197 3666 5268 quando
3716 5211 3832 5250 non

2251 5290 2476 5355 invenit,
2519 5292 2660 5360 quod
2687 5297 3034 5358 corrumpat:
3076 5299 3169 5343 aut
3210 5289 3278 5344 ad
3321 5290 3482 5345 talem
3514 5289 3674 5346 ﬁnem
3699 5302 3823 5343 cor-

1855 5370 2112 5460 i’ARlAE
2148 5405 2547 5462 LECTIONES.

646 5480 663 5504 ‘
703 5477 756 5529 in
782 5494 890 5533 om.
913 5483 980 5536 A.

574 5555 683 5596 om.
718 5548 781 5600 A.

1082 5487 1269 5570 :‘ACF
1296 5489 1509 5570 ([tinam
1554 5494 1946 5570 dtssolvi;sed_
1970 5498 2032 5551 F.
2061 5513 2221 5570 supra
2264 5501 2440 5554 adscr.
2487 5499 2672 5570 Cupio.

683 5613 691 5622 ,
718 5549 828 5624 Αοη
857 5549 1004 5624 °__Si({
1026 5553 1144 5621 CF;
1198 5561 1243 5613 A
1273 5565 1392 5616 ae're
1436 5563 1727 5619 interuisas.
1973 5549 2527 5624 subsidunt—nonis“:

575 5608 712 5673 ﬁeri.
788 5617 830 5648 ¹⁶
859 5618 950 5674 Sic
975 5621 1089 5688 CF;
1123 5608 1166 5680 Ᾰ
1194 5608 1395 5684 ibi“
1438 5608 1812 5691 rtttluranTom.
1986 5608 2030 5676 ῗι
2054 5608 2128 5693 Ea":
2149 5654 2256 5693 om.
2287 5639 2352 5691 Α,

2771 5499 2793 5531 ³
2819 5500 2866 5553 Α
2893 5516 2985 5568 pro
3011 5497 3238 5552 Christo.
3335 5497 3358 5528 ⁸
3389 5497 3436 5551 Α
3473 5497 3632 5568 ﬁunt.
3722 5497 3746 5528 ⁵
3771 5505 3824 5549 ει

2605 5571 2636 5628 ³,
2662 5569 2706 5622 Α
2738 5566 2902 5624 omne
2934 5581 3107 5625 autem
3130 5579 3429 5624 aeternum.
3503 5567 3524 5598 ⁰
3549 5566 3634 5621 CF
3657 5573 3824 5635 potest

2428 5639 2476 5696 3'
2502 5639 2592 5693 Sic
2619 5639 2742 5702 CF;
2779 5640 2825 5694 A
2847 5640 3036 5710 ullum.
3111 5641 3155 5673 ⁸⁸
3185 5638 3276 5694 Sic
3294 5639 3410 5704 CF;
3438 5637 3484 5691 Α
3508 5651 3600 5689 nec
