4168 6284
344 323 450 385 957

1184 327 1275 388 DE
1311 326 1651 391 DlVlSlONE
1687 329 2037 392 NATURAE.
2078 365 2147 374 --
2183 333 2383 389 LIBER
2420 331 2748 406 QUINTUS.

3516 337 3623 397 958

346 444 530 513 ruptio
595 444 919 515 perveniet,
987 453 1047 498 ut
1097 444 1152 499 in
1217 461 1282 498 co
1305 485 1319 510 ,
1380 447 1525 514 quod
1588 449 1930 517 corrumpit,
1964 459 2005 515 Α
2035 450 2198 502 etiam
2230 449 2297 501 ad
2327 463 2529 518 corpus
2556 451 2871 518 pertineat,
2918 459 3024 505 uon‘
3055 460 3383 520 magnopere
3419 464 3623 522 negan-

347 532 555 602 aliquid
580 532 990 602 incorruptibile
1027 543 1322 599 remaneat,
1360 536 1504 603 quod
1528 539 1800 606 corrumpi
1827 553 1935 592 non

348 630 564 692 potest,
605 638 778 692 eoque
807 632 1024 693 reperto
1050 622 1165 693 ipsa
1194 625 1476 694 corruptio
1503 626 1814 680 necessario
1843 628 1938 681 de-

347 712 496 779 ﬁcit;
536 715 812 783 corruptio
839 713 1064 785 quippe,
1103 714 1320 784 quando
1351 715 1485 769 nihil
1510 717 1839 785 corrumpit,
1883 716 1936 770 in

244 798 261 805 “
350 808 526 877 seipsa
554 806 907 875 extinguitur.
950 805 1055 861 Sed
1092 805 1225 860 ltaec
1250 806 1356 860 duo
1384 821 1512 860 vera
1543 807 1745 862 refutat
1773 806 1935 861 ratio.

355 899 505 953 Nulla
537 898 679 952 enim
712 904 906 952 natura
935 906 1115 968 potest
1139 900 1444 967 corrumpi,
1486 909 1547 954 ut
1581 901 1800 970 penitus
1829 913 1937 954 non

351 986 454 1050 sit,
492 993 547 1039 et
576 984 642 1038 ad
672 983 902 1038 nihilum
933 985 1228 1054 redigatur.
1280 986 1363 1039 Ad
1392 986 1496 1040 hoc
1524 987 1719 1057 quippe
1749 998 1932 1042 creata

351 1084 456 1140 est,
499 1085 559 1130 ιιι
588 1090 806 1144 semper
830 1075 1111 1131 subsistat.
1164 1077 1235 1130 At
1258 1076 1304 1132 si
1336 1077 1616 1134 inchoaret
1641 1080 1938 1151 corrumpi,

352 1174 408 1218 ct
458 1166 526 1219 ad
576 1165 737 1219 talem
794 1166 958 1219 tinem
1015 1164 1424 1234 perduceretur,
1477 1176 1538 1221 ut
1580 1169 1796 1237 penitus
1836 1182 1937 1224 sua

354 1254 706 1331 corruptione
735 1255 1163 1319 interimeretur,
1199 1257 1446 1325 profecto
1484 1257 1553 1311 ad
1593 1259 1818 1313 nihilum
1855 1274 1941 1314 res

356 1345 652 1415 digeratur.
710 1343 877 1411 Quod‘
914 1345 1089 1400 virtus
1139 1346 1415 1401 essentiae
1460 1361 1488 1401 a
1538 1360 1751 1402 summo
1796 1349 1941 1404 bono

356 1433 608 1488 conditae
633 1432 849 1502 penitus
876 1432 1133 1487 excludit:
1183 1432 1343 1487 Nulla
1376 1434 1561 1504 itaque
1592 1444 1786 1490 natura
1815 1451 1939 1491 cor-

357 1523 536 1593 rumpi
565 1522 801 1587 inchoat,
835 1530 1009 1592 neque
1035 1522 1195 1576 linem
1227 1522 1663 1594 interemptionis
1687 1539 1819 1580 suae
1846 1540 1940 1585 ex-

355 1621 555 1681 pectat.
612 1610 671 1666 Si
721 1618 901 1665 autem
950 1610 1228 1682 quippiam
1274 1627 1305 1666 a
1354 1612 1465 1668 Deo
1509 1612 1713 1681 factum
1753 1615 1941 1685 incipit

354 1701 648 1769 corrumpi,
676 1709 733 1756 et
764 1709 944 1756 tamen
975 1700 1031 1755 in
1056 1715 1123 1755 eo
1149 1700 1472 1771 relinquitur
1492 1703 1638 1773 quod
1665 1704 1940 1774 corrumpi

2034 541 2200 602 dum,
2254 554 2455 609 corpus
2483 539 2715 594 mortale
2760 550 2819 594 et
2863 540 3096 595 animale
3147 548 3204 595 et
3247 541 3522 612 corrumpi
3563 551 3626 598 et

2036 628 2215 700 puniri
2248 643 2428 699 posse.
2486 627 2628 685 llas.
2661 627 2903 700 Corpora
2934 628 3099 699 igitur
3123 629 3394 695 mortalia,
3421 631 3467 686 si
3496 645 3622 687 sen-

2036 730 2129 771 sus
2157 718 2267 773 sint
2295 718 2541 787 capacia,
2567 719 2845 789 corrumpi
2876 726 2941 773 et
2961 719 3163 789 puniri,
3186 719 3268 774 sin
3297 732 3431 775 vero
3457 731 3623 776 sensu

2037 808 2298 874 carentia,
2332 809 2607 879 corrumpi
2644 808 2983 867 solummodo
3011 810 3264 867 videntur
3292 826 3471 881 posse,
3511 826 3625 868 non

2037 906 2219 952 autem
2272 899 2449 968 puniri
2474 897 2516 953 ⁸.
2570 900 2719 961 Dtsc.
2768 898 2848 954 lta
2894 900 3170 957 existimo.
3225 899 3368 957 ΜΑα.
3426 902 3627 957 Omnia

2037 987 2222 1057 itaque
2266 1003 2495 1058 corpora
2543 990 2816 1054 mortalia,
2860 991 2975 1045 sive
3006 990 3346 1047 solummodo
3375 1007 3626 1049 corrum-

2037 1086 2256 1147 pantur,
2289 1077 2404 1132 sive
2431 1079 2595 1133 simul
2625 1088 2681 1134 et
2706 1090 3126 1149 corrumpantur
3151 1090 3208 1135 et
3233 1082 3547 1150 puniantur,
3591 1098 3631 1138 a

2040 1169 2153 1223 Deo
2181 1167 2326 1222 facta
2357 1181 2464 1223 non
2491 1177 2637 1222 sunt.
2688 1168 2993 1224 Praedictis
3027 1168 3296 1237 siquidem
3324 1171 3630 1227 rationibua

2038 1257 2353 1314 conlectum
2384 1266 2502 1321 est,
2548 1273 2731 1323 omne,
2761 1257 2905 1327 quod
2937 1275 2967 1313 a
2997 1274 3210 1314 summo
3250 1260 3391 1314 bono
3419 1260 3628 1318 factum

2037 1357 2155 1413 est,
2207 1348 2406 1403 nullam
2460 1349 2893 1417 corruptionem,
2939 1363 3005 1403 ac
3046 1347 3068 1383 ⁸
3116 1362 3215 1418 per
3261 1347 3366 1404 hoc
3416 1350 3632 1405 nullam.

2039 1454 2290 1511 poenam,
2320 1439 2581 1508 recipere.
2653 1438 2799 1497 Dtsc.
2850 1437 3104 1493 Blandum
3152 1439 3316 1495 istum
3357 1438 3633 1495 visibilem

2040 1528 2386 1585 sensibilibus
2417 1527 2737 1595 corporibus
2773 1527 3009 1582 maxime
3043 1526 3425 1583 subsistentem
3456 1542 3489 1582 a
3514 1527 3633 1582 Deo

2041 1617 2247 1672 factum
2281 1630 2419 1678 esse,
2446 1616 2569 1685 quis
2611 1615 2715 1670 nisi
2756 1615 3017 1686 insipiens
3040 1631 3242 1685 negare
3268 1626 3583 1687 praesumat
3603 1616 3634 1671 τ

2041 1704 2181 1760 Mne.
2232 1704 2514 1772 Quomodo
2561 1719 2690 1774 ergo
2737 1703 2880 1759 illius
2929 1718 3156 1775 corpora
3203 1715 3629 1778 corrumpuntur

353 1789 690 1860 impossibile
719 1799 805 1845 est
826 1829 841 1855 ,
893 1789 1206 1860 nullamque
1249 1792 1654 1862 corruptionem
1695 1795 1938 1865 recepit,
1965 1793 2014 1851 B
2042 1796 2125 1851 vel
2168 1795 2509 1865 puniuntur?
2562 1796 2706 1851 Dtsc.
2745 1795 2965 1852 Duobus
3002 1796 3177 1852 modis
3209 1796 3631 1869 corruptionem

351 1883 595 1953 profecto
638 1883 815 1953 ipsum
860 1890 984 1948 est,
1035 1884 1180 1955 quod
1222 1882 1396 1940 solum
1438 1893 1705 1953 ettotum
1751 1901 1783 1940 a
1827 1884 1941 1941 Deo

352 1972 768 2042 incorruptibile
796 1972 998 2028 factum
1036 1981 1121 2033 est
1144 2013 1160 2040 ,
1208 1974 1351 2043 quod
1391 1976 1792 2044 corruptionem
1830 1991 1940 2032 non

354 2065 591 2134 recipit,
637 2079 703 2119 ac
746 2079 844 2134 per
889 2064 995 2120 hoc
1038 2079 1306 2134 nusquam
1333 2081 1624 2135 nunquam
1663 2067 1939 2137 corrumpi

352 2155 647 2211 inchoavit.
703 2153 920 2209 Nullum
964 2155 1151 2225 itaque
1190 2169 1413 2222 eorum,
1462 2171 1603 2226 quae
1646 2172 1679 2211 a
1725 2172 1940 2214 summo

353 2249 497 2302 bono
535 2249 552 2278 ί
599 2249 816 2303 condita
843 2255 989 2312 sunt,
1015 2249 1419 2319 corruptionem
1439 2249 1525 2303 vel
1549 2249 1937 2320 corrumpendi

354 2337 770 2407 possibilitatem
802 2338 1013 2408 recipit.
1050 2337 1192 2409 Mss.
1218 2339 1388 2395 Video
1414 2348 1469 2393 te
1489 2339 1832 2409 resipiscere,
1872 2354 1940 2395 ac

357 2430 427 2484 de
455 2430 573 2493 bis,
614 2444 756 2498 quae
802 2430 898 2485 tibi
948 2430 1243 2499 caliginosa
1272 2430 1386 2484 visa
1418 2439 1578 2495 sunt,
1616 2430 1819 2486 claram
1853 2430 1937 2486 in-

357 2518 822 2589 dubitabilemque
866 2520 1131 2575 rationem
1180 2520 1424 2576 reddere.
1488 2519 1603 2576 liae
1642 2523 1832 2592 itaque
1873 2522 1943 2576 de

364 2605 876 2676 incorruptibilitate
913 2622 1097 2663 rerum
1131 2622 1163 2660 a
1202 2607 1314 2662 Deo
1351 2608 1691 2663 conditarum
1719 2608 1938 2664 deﬁnita

358 2699 627 2754 sententia
656 2698 966 2761 considera,
998 2712 1128 2753 nam
1152 2714 1336 2763 omne,
1362 2700 1504 2768 quod
1535 2700 1807 2769 corrumpi
1832 2715 1938 2754 non

355 2794 557 2858 potest,
593 2794 772 2857 potest
797 2787 997 2857 puniri.
1035 2786 1185 2842 Dtsc.
1210 2786 1327 2855 Qua
1359 2788 1568 2843 ratione
1596 2789 1650 2843 id
1682 2789 1793 2843 ﬁeri
1814 2804 1944 2858 pos-

355 2877 429 2933 sit
450 2886 493 2943 I,
540 2892 647 2933 non
692 2877 924 2935 intueor.
970 2876 1192 2932 Videtur
1219 2877 1363 2934 enim
1397 2879 1528 2935 mihi
1560 2893 1753 2943 omne,
1794 2879 1937 2947 quod

355 2967 628 3036 corrumpi
659 2983 766 3022 non
798 2976 972 3038 potest
996 3007 1011 3033 ,
1041 2967 1218 3037 puniri
1248 2983 1355 3023 non
1386 2983 1543 3037 posse
1562 3009 1577 3031 ,
1607 2969 1749 3023 sicut
1775 2984 1942 3024 omne

355 3058 710 3129 corruptibile
754 3058 995 3128 pttnibile
1045 3058 1283 3135 arbitror
1322 3073 1464 3115 esse.
1520 3058 1932 3135 Corruptiouem

2040 1886 2291 1942 dicimus.
2338 1884 2753 1951 Quorum-unus
2790 1886 3146 1955 quidemille,
3170 1886 3260 1956 qui
3287 1887 3629 1958 generalium

2039 1974 2432 2033 elementorum
2472 1975 2674 2029 coitum
2713 1990 2812 2044 per
2835 1972 3076 2031 visibiles
3115 1977 3325 2047 species
3370 1978 3424 2032 in
3465 1992 3634 2049 genea

2040 2065 2305 2120 rationem
2356 2064 2651 2135 procedere
2703 2066 2898 2131 docet,
2959 2075 3014 2122 et
3066 2067 3262 2122 iterum
3308 2068 3631 2139 specialiuut

2037 2170 2332 2226 corporum
2381 2155 2791 2222 resolutionem,
2823 2157 2876 2211 in
2925 2156 3193 2213 catholica
3243 2156 3511 2215 elementa
3558 2173 3631 2227 ea

2037 2247 2237 2317 quibus
2276 2254 2557 2317 compacta
2607 2256 2734 2303 sunt
2776 2249 3053 2315 reditum;
3106 2248 3267 2316 alter,
3296 2264 3405 2320 quo
3427 2249 3633 2307 nullius

2037 2322 2324 2391 creaturae
2373 2336 2663 2392 essentiam
2719 2344 2775 2390 ct
2826 2337 3083 2392 virtutem
3139 2344 3196 2392 et
3254 2338 3631 2408 operationem

2035 2439 2198 2495 posse
2238 2425 2417 2493 vitiari
2463 2425 2809 2490 allirmantes,
2840 2425 3179 2481 rationabilis
3220 2425 3630 2485 intellectualis-

2038 2529 2144 2584 que
2190 2508 2827 2569 creaturae'voluntates
2875 2513 3355 2569 irrationabilibus.
3390 2514 3635 2585 motibus

2037 2606 2310 2675 corrumpi
2360 2605 2742 2674 approbamus.
2796 2603 2864 2657 Et
2911 2603 3120 2673 primus
3168 2603 3387 2673 quidem
3434 2598 3632 2665 modus.

2038 2693 2414 2763 temporalium
2442 2692 2803 2761 localiumque
2835 2705 3019 2746 rerum
3058 2697 3113 2744 et
3134 2690 3475 2751 sensibilium
3503 2691 3633 2760 plus

2035 2787 2251 2840 videtur
2305 2785 2503 2839 docere
2563 2785 2619 2838 in
2679 2798 2743 2839 se
2798 2782 3031 2838 invicem
3089 2780 3514 2837 translusionem
3569 2790 3630 2853 et

2038 2875 2543 2935 trausmutationem
2568 2911 2588 2938 ,
2650 2886 2811 2943 quam
2874 2870 3276 2941 corruptionem
3302 2910 3320 2936 ,
3366 2868 3629 2943 quoniam

2034 2980 2194 3020 omne
2217 3004 2233 3030 ,
2284 2965 2427 3034 quod
2487 2964 2673 3019 divina
2708 2963 3068 3035 'providentia
3130 2964 3442 3020 ordinatum
3497 2974 3583 3021 est
3606 3005 3631 3032 ,

2035 3056 2491 3127 pulchritudinem
2559 3054 2722 3111 infert
2780 3054 3121 3111 universitati
3168 3092 3223 3123 ,Γ
3255 3068 3364 3108 non
3432 3066 3631 3122 cortu:

353 3146 621 3217 siquidem
652 3148 924 3216 quandam
955 3132 1180 3216 poenam
1214 3132 1328 3203 ﬁeri
1358 3149 1479 3216 quis
1506 3132 1769 3218 negarit?
1796 3146 1930 3202 Nam
1959 3139 2003 3199 C
2034 3146 2295 3215 ptionem.
2340 3143 2397 3197 lu
2442 3143 2529 3198 his
2576 3144 2723 3199 enim
2768 3143 3027 3199 omnibus
3066 3152 3123 3198 et
3148 3143 3412 3207 naturalis
3447 3144 3469 3176 ⁸
3496 3145 3627 3200 sub-

353 3234 484 3289 dum
521 3249 747 3305 corpora
793 3244 977 3290 nostra
1020 3235 1268 3290 mortalia
1307 3235 1480 3305 ipsum
1510 3235 1749 3290 dolorem
1773 3272 1793 3300 ,
1839 3234 1933 3304 qui

351 3325 637 3394 repentina
685 3325 937 3381 sanitatis
981 3325 1260 3395 corruptio
1305 3325 1586 3388 delinitur,
1626 3325 1931 3393 patiuntur,

348 3429 414 3469 ea
442 3415 625 3485 puniri
666 3416 953 3471 sentimus.
1002 3416 1231 3471 Animas
1274 3431 1488 3486 quoque
1522 3416 1701 3471 adhuc
1751 3416 1804 3470 in
1853 3417 1937 3472 eis

350 3506 598 3563 detentas
641 3508 829 3577 eisque
875 3509 1273 3577 compatientes
1303 3509 1704 3578 quodammodo
1751 3509 1933 3579 puniri

351 3597 529 3665 nullus
553 3600 798 3670 ambigit,
832 3615 957 3663 cum
984 3601 1129 3656 ratio
1149 3601 1363 3665 doceat,
1386 3600 1686 3670 simplicem
1719 3600 1934 3657 animae

349 3697 600 3744 naturam
631 3704 806 3759 neque
832 3691 1127 3760 corrumpi,
1166 3705 1346 3760 neque
1371 3691 1573 3760 puniri,
1607 3707 1783 3767 neque
1811 3707 1934 3762 pas-

348 3782 613 3837 sinuibus—
633 3783 907 3852 corporeis
954 3783 1145 3850 inlici;
1199 3783 1434 3853 compati
1480 3792 1660 3840 tamen
1713 3783 1931 3849 dicitur,

350 3874 485 3928 dum
521 3873 808 3940 congenito
847 3873 950 3929 sibi
991 3887 1221 3943 corpore
1267 3882 1323 3928 et
1365 3872 1753 3943 eompaginato
1777 3873 1952 3935 ιιιιιιίο.Δ

350 3957 484 4015 lium
514 3968 793 4031 praestare
819 3960 1051 4025 laborat,
1075 3976 1143 4017 ne
1170 3962 1503 4025 destruatur.
1538 3958 1766 4030 Semper
1787 3962 1947 4017 enim.

2036 3234 2365 3290 stantiarum
2405 3233 2692 3303 integritas
2718 3273 2737 3300 ,
2796 3244 2855 3287 et
2916 3230 3239 3302 qualitatum
3293 3233 3632 3297 naturalium

2035 3322 2369 3379 mutabilitas
2421 3323 2765 3389 custoditur;
2831 3321 3029 3393 quibus
3084 3319 3295 3378 duobus
3348 3323 3631 3380 sensibilis

2033 3423 2317 3471 creaturae
2340 3414 2620 3484 plenitudo
2643 3414 3008 3484 componitur,
3034 3428 3102 3468 ac
3136 3428 3234 3483 per
3265 3414 3370 3469 hoc
3403 3414 3631 3471 abusive

2035 3505 2411 3576 temporalium
2453 3520 2642 3561 rerum
2678 3505 2923 3563 varietas
2956 3521 3057 3575 per
3090 3506 3510 3585 incrementaet
3538 3520 3630 3561 re-

2033 3599 2329 3656 solutiones
2367 3598 2826 3654 incrementorum
2850 3597 3236 3667 corruptionis
3281 3597 3498 3655 nomine
3530 3612 3631 3667 ap-

2033 3690 2281 3760 pellatur.
2311 3688 2370 3744 ιιι
2396 3688 2502 3743 hac
2524 3685 2696 3758 forma
2727 3687 3021 3742 locutionis
3043 3686 3363 3757 intelligitur
3387 3686 3631 3757 Aposto-.

2034 3778 2117 3834 lus
2138 3780 2367 3843 dixisse,
2385 3778 2454 3833 de
2475 3776 2767 3847 fragilitate
2792 3777 3015 3833 humani
3039 3777 3283 3847 corporis
3306 3778 3621 3847 disputans:

2034 3868 2384 3939 Corruptibile
2409 3869 2506 3921 hoc
2536 3869 2787 3922 induatur
2820 3868 3280 3937 incorruptionem,
3322 3878 3371 3921 et
3402 3868 3633 3923 mortale

2032 3957 2502 4021 immortalitatem.
2551 3957 2620 4011 Et
2652 3957 2777 4011 alibi
2805 3973 2818 4011 :
2854 3955 3057 4024 Corpus
3089 3955 3229 4025 quod
3263 3957 3635 4026 corrumpitur.

352 4052 561 4122 appetit
591 4066 789 4121 corpus
825 4052 925 4107 sibi
967 4053 1374 4123 superadditum
1416 4052 1469 4106 in
1507 4066 1675 4104 ttnum
1716 4050 1738 4082 ³
1782 4052 1940 4107 colli-
2034 4057 2283 4121 agqramt
2321 4049 2574 4113 animam,
2619 4056 2666 4100 et
2706 4055 2915 4105 terrena
2948 4044 3205 4098 habitatio
3231 4043 3477 4113 deprimit
3503 4060 3633 4101 una

350 4155 503 4209 gere,
529 4141 586 4194 in
615 4132 945 4210 unoque,‘ne
970 4140 1102 4196 ﬂuat
1126 4150 1182 4197 ct
1207 4148 1608 4209 corrumpatur,
1631 4140 1933 4195 continere.
2035 4157 2151 4199 sum
2197 4137 2365 4193 multa
2412 4138 2746 4207 cogitantem.
2815 4134 3023 4201 Quibus
3066 4133 3251 4188 verbis
3295 4132 3627 4188 nonsolum

351 4229 491 4301 llic,
510 4231 704 4286 Anima
723 4232 907 4302 itaque
926 4232 995 4287 ad
1019 4232 1308 4303 imaginem
1331 4230 1428 4285 Dei
1451 4228 1778 4296 lacta,sicut
1799 4245 1939 4285 nun-
2035 4228 2255 4286 humani
2298 4225 2542 4296 corporis
2585 4225 2762 4278 adhuc
2805 4222 3013 4291 fragilis
3054 4230 3216 4291 atque
3253 4221 3500 4276 mortalis
3528 4236 3633 4279 soc-

359 4338 522 4389 quam
547 4314 927 4393 corrumpitur
955 4339 1052 4393 per
1077 4324 1336 4394 seipsam,
1364 4322 1439 4376 ita
1466 4334 1751 4392 nunquam
1779 4321 1938 4392 puni-
2034 4321 2295 4377 lationem
2348 4318 2401 4372 in
2449 4316 2713 4371 elementa
2757 4312 3055 4382 simplicia,
3102 4325 3333 4379 quorum
3383 4309 3620 4380 qualita-

355 4422 461 4466 tnr.
517 4410 662 4466 Dtsc.
695 4411 810 4481 Non
848 4413 1006 4467 aliter
1039 4411 1284 4484 praelata
1314 4413 1473 4468 docet
1504 4413 1668 4470 ratio.
1705 4412 1762 4468 Si
1789 4413 1934 4468 enim
1962 4473 2003 4484 _
2035 4413 2183 4468 tibus
2223 4410 2379 4465 inse
2417 4412 2439 4446 ⁷
2482 4404 2714 4462 invicem
2761 4399 3211 4463 convenienlibus
3255 4397 3624 4468 (οιηρουίιυτι

353 4502 498 4557 nulla
520 4474 816 4573 spiritualis
836 4473 1143 4571 substantia
1162 4514 1260 4574 per
1277 4505 1509 4575 seipsam
1525 4507 1707 4577 puniri
1732 4515 1931 4577 potest,
1961 4473 2012 4534 D
2039 4517 2225 4559 rerum
2269 4500 2438 4554 etiam
2476 4512 2541 4550 ex
2592 4494 2724 4564 ipsis
2768 4494 2964 4548 iterum
3009 4489 3433 4554 revocationem,
3461 4487 3633 4577 inqua

350 4603 551 4663 quanto
577 4595 749 4665 magis
779 4594 893 4662 illa,
921 4610 1066 4665 quae
1086 4597 1163 4651 ad
1192 4596 1480 4668 imaginem
1519 4597 1611 4653 Dei
1643 4597 1786 4654 facta
1827 4607 1932 4654 est.

351 4685 488 4741 MAG.
513 4686 657 4753 Quid
681 4701 813 4757 ergo
830 4687 1076 4742 dicemus
1104 4686 1172 4754 de
1198 4687 1469 4755 corpore?
1504 4686 1774 4758 Numquid
1795 4703 1930 4758 quo-

350 4775 495 4829 niam
524 4777 911 4847 corrumpitur,
956 4776 1224 4847 punitur?
1272 4776 1418 4832 Dtsc.
1446 4775 1633 4831 Puniri
1662 4792 1768 4831 non
1794 4777 1932 4832 dici-

353 4880 493 4931 mus,
518 4867 621 4922 nisi
649 4867 796 4937 quod
829 4881 986 4922 suam
1010 4880 1238 4936 poenam
1263 4867 1696 4936 sentit,idcoque
1719 4867 1764 4923 si
1788 4866 1949 4925 solus.

353 4952 567 5017 animae
601 4970 795 5011 sensus
830 4966 956 5023 est,
1009 4956 1156 5027 quod
1194 4971 1263 5012 ex
1299 4948 1531 5010 mortuis
1577 4955 1939 5012 cadaveribus

351 5042 513 5095 datur
538 5042 785 5115 intelligi,
812 5049 1182 5118 corrumpitur
1212 5045 1550 5102 solummodo
1577 5059 1794 5114 corpus,
1826 5063 1934 5101 non

348 5141 533 5186 autem
572 5135 813 5203 punitur.
862 5137 999 5192 Nam
1028 5146 1086 5193 et
1113 5152 1343 5208 corpora
1375 5149 1557 5189 rerum
1585 5136 1732 5190 omni
1763 5151 1931 5192 sensu

348 5224 653 5281 carentium
680 5265 696 5291 ,
747 5235 809 5281 ut
836 5237 964 5282 sunt
996 5228 1137 5299 ligna
1168 5238 1225 5293 et
1251 5226 1496 5296 lapides,
1530 5226 1932 5295 herbarumque

348 5314 618 5383 germina,
650 5316 924 5384 corrumpi
953 5316 1204 5381 dicimus,
1235 5330 1342 5370 non
1374 5323 1557 5369 autem
1588 5314 1788 5384 puniri.
1823 5313 1933 5369 Sed

347 5402 395 5456 si
428 5417 621 5459 sensus
660 5403 901 5460 exterior
936 5420 1045 5460 non
1081 5406 1257 5461 solum
1297 5403 1365 5459 ad
1402 5404 1641 5459 animam
1675 5442 1692 5469 ,
1741 5417 1933 5458 verum

2037 4589 2348 4663 spirituales
2413 4581 2958 4653 incorruptibilesque
3024 4579 3318 4651 qualitates
3388 4576 3633 4635 reditum.

2039 4681 2346 4753 signiﬁcat,
2408 4675 2611 4735 terreni
2669 4674 2917 4745 corporis
2965 4670 3385 4735 mutabilitatem
3426 4684 3634 4739 corru-g

2039 4770 2237 4843 ptionis
2289 4764 2551 4822 vocabulo
2592 4763 2904 4834 appellans.
2966 4760 3085 4826 Non
3139 4761 3283 4815 enim
3337 4767 3635 4831 propterea,

2039 4865 2142 4920 ista
2181 4861 2457 4919 sensibilis
2494 4868 2549 4915 et
2588 4858 2904 4929 temporalia
2936 4866 3271 4927 spernuntur
3296 4854 3498 4919 abhis,
3528 4855 3637 4924 qui‘

2037 4954 2339 5028 spiritualia
2359 4952 2669 5008 desiderant
2688 4959 2745 5005 et
2765 4958 3007 5012 aeterna,
3030 4948 3185 5016 quasi
3209 4944 3348 4999 mala
3370 4944 3503 5010 sint,
3525 4944 3623 5000 sed

2037 5048 2162 5117 quia
2191 5044 2457 5111 instabilis
2484 5052 2541 5100 et
2564 5041 2840 5096 mutabilia
2871 5048 3017 5102 sunt,
3051 5038 3323 5105 ﬁnemque
3346 5047 3633 5093 transmu-~

2039 5137 2258 5192 talionis
2280 5150 2413 5191 suae
2432 5135 2487 5189 in
2514 5133 2708 5205 melius
2731 5136 3036 5199 expectant,
3067 5136 3121 5181 et
3144 5127 3198 5179 in
3221 5126 3625 5192 comparatione

2038 5225 2309 5280 stabilium
2342 5222 2865 5288 immutabiliumque
2911 5216 3117 5277 nullum
3154 5213 3623 5269 transmutationis

2041 5330 2170 5371 suae
2198 5315 2359 5369 ﬁnem
2391 5313 2445 5367 in
2470 5311 2663 5367 melius
2684 5307 3082 5378 expectantium
3107 5303 3275 5365 veluti
3299 5302 3625 5372 contempti-

2040 5405 2170 5459 bilia
2209 5403 2530 5472 penitusque
2575 5395 2873 5454 deserenda
2900 5406 2956 5449 et
2984 5390 3350 5463 postponenda
3368 5388 3619 5459 judican-

1566 5566 1571 5571 .
1604 5486 1882 5573 "multis
1921 5514 2305 5572 LECTIONES

388 5634 440 5679 μ’
469 5632 602 5688 bona
626 5649 739 5689 om.
772 5633 834 5688 Α.
869 5680 874 5684 .
912 5634 937 5664 ί
963 5633 1008 5687 Α
1033 5641 1218 5702 potest.
1296 5630 1320 5664 ³
1345 5630 1437 5687 Sic
1462 5630 1582 5696 CF;
1610 5629 1652 5682 Α
1682 5630 1736 5683 in
1757 5630 1853 5683 hoc
1877 5627 2147 5700 colligere.
2224 5626 2247 5658 ⁸
2273 5642 2374 5680 non
2403 5632 2778 5691 autempunm
2809 5616 3009 5688 omsA.
3081 5624 3103 5657 υ
3125 5617 3171 5670 Α
3198 5623 3267 5669 et.
3345 5612 3366 5644 ⁸
3389 5610 3479 5668 Sic
3502 5608 3619 5678 GP;

348 5702 397 5777 A‘
422 5706 763 5759 naturalium.
861 5710 881 5740 ⁷
910 5705 962 5758 in
992 5721 1045 5757 se
1074 5718 1181 5757 om.
1211 5703 1274 5755 Α.
