4168 6284
586 341 693 402 959

1984 325 2265 383 JOANNIS
2303 322 2496 381 SCOTI

3750 323 3859 378 960

583 464 693 511 tur.
726 449 1005 507 Secundus
1028 460 1163 501 vero
1190 444 1380 500 modus
1406 458 1511 497 non
1537 442 1589 496 in
1623 455 1801 495 rermn
1830 439 2169 492 mutabilium
2199 446 2249 502 Α
2279 436 2501 489 omnino
2545 449 2647 487 non
2689 445 2809 485 esse
2861 429 3240 498 intelligendac
3286 440 3446 495 sunt;
3494 432 3642 500 quod
3684 440 3869 486 autem

583 520 1215 598 transfusionibus'intra
1248 542 1496 587 naturam
1532 536 1799 591 versatur,
1841 526 1935 581 sed
1966 527 2017 580 iu
2046 541 2172 595 pro-

583 632 827 702 priarum
874 626 1212 678 voluntatum
1265 618 1787 689 perturbationibus,
1835 630 1973 685 quae
2016 623 2171 668 extra

583 732 833 777 naturam
859 725 1002 774 sunt,
1033 714 1310 784 quoniam,
1331 726 1468 781 quae
1490 726 1555 763 ex
1583 711 1691 763 Deo
1716 725 1820 762 non
1848 708 2170 770 subsistunt,

583 807 990 877 corruptiones,
1033 817 1171 872 quae
1217 815 1342 853 vere
1406 798 1665 853 dicendae
1710 806 1834 851 sunt
1885 810 2175 865 perversae

581 895 876 953 viuntatis
926 894 1078 957 vitia,
1110 890 1440 945 Considerat.
1496 889 1735 942 Proinde
1765 888 1943 956 ~hujus
1990 886 2171 939 mumli

582 1001 811 1056 corpora
844 999 949 1038 non
982 982 1279 1050 corrumpi,
1307 981 1402 1034 sed
1451 979 1504 1032 in
1547 978 1723 1046 seipsa
1768 977 1997 1030 naturali
2028 984 2173 1027 motu

583 1091 650 1130 ac
672 1075 934 1128 varietate
957 1071 1261 1127 transfundi
1290 1068 1648 1122 existimanda
1676 1077 1823 1129 sunt,
1857 1081 1921 1119 ac
1949 1078 2043 1132 per
2074 1064 2176 1116 hoc

584 1181 761 1234 neque
799 1164 999 1235 puniri.
1044 1162 1329 1215 Naturales
1359 1159 1623 1229 siquidem
1658 1158 1938 1226 passiones
1974 1170 2175 1224 poena-

586 1273 708 1312 rum
763 1252 1022 1308 vocabulo
1070 1250 1222 1319 juxta
1284 1262 1464 1302 rermn
1528 1246 1914 1315 proprietatem
1967 1244 1984 1274 ¹
2029 1242 2176 1295 nullo

585 1346 747 1400 modo
798 1342 1147 1412 appellandae
1195 1348 1339 1392 sunt.
1392 1337 1457 1390 Et
1482 1336 1525 1390 si
1553 1337 1674 1404 quis
1703 1335 1919 1396 dixerit,
1948 1332 2178 1387 sensibi-

586 1436 718 1490 lium
750 1447 1036 1500 corporum
1083 1430 1133 1483 in
1185 1426 1492 1496 semetipsis
1524 1424 1917 1479 transfusiones
1956 1437 2054 1491 per
2087 1436 2179 1490 ge-

586 1527 922 1583 nerationem
979 1531 1035 1577 et
1083 1521 1407 1576 solutionem
1463 1528 1683 1587 propter
1732 1523 2015 1585 peccatum
2076 1513 2178 1566 hu-

588 1634 783 1674 manae
816 1627 1041 1671 naturae
1069 1614 1203 1676 fieri,
1238 1627 1302 1665 ac
1332 1626 1428 1681 per
1453 1611 1553 1664 hoc
1573 1608 1840 1663 veraciter
1871 1605 2178 1673 corruptio—

586 1724 688 1765 nes
722 1720 881 1777 posse
914 1704 1118 1769 vocari,
1167 1703 1348 1756 videat
1399 1700 1565 1754 totius
1613 1694 1840 1752 visibilis
1884 1703 2170 1749 creaturae

2273 536 2376 589 est,
2406 524 2626 580 omnino
2658 521 2970 591 imptmibile
3009 529 3031 559 σ
3071 536 3191 575 esse
3220 536 3442 576 necesse
3470 531 3573 587 est,
3607 523 3738 576 dum
3771 524 3871 577 vir-

2277 627 2389 670 tute
2433 631 2551 679 sua,
2592 615 2734 683 quod
2776 613 3017 681 punitur,
3065 612 3329 664 sustineat
3393 622 3447 665 et
3479 614 3659 680 puniri
3702 615 3867 667 sinat.

2274 708 2349 761 Ac
2382 722 2480 776 per
2515 707 2614 759 hoc
2643 704 2927 757 verissime
2957 703 3022 756 de
3050 703 3228 756 divina
3263 704 3869 773 praedicaturjustitia,

2276 800 2417 867 quod
2447 799 2498 851 in
2531 796 2673 849 nulla
2705 806 2977 857 creatura,
3002 812 3163 865 quam
3197 796 3343 858 fecit,
3366 796 3544 865 puniri
3574 799 3865 866 permittit,

2279 895 2421 963 quod
2450 892 2617 955 fecit;
2653 891 2805 958 punit
2834 897 3010 940 autem
3042 889 3183 957 quod
3217 905 3321 941 non
3356 888 3505 942 fecit.
3541 888 3684 944 Dlsc.
3718 889 3869 945 Salis

2276 995 2331 1038 et.
2382 982 2596 1051 copiose
2645 979 2711 1032 de
2764 977 2865 1030 hoc
2918 978 3131 1047 negotio
3167 990 3246 1031 est
3290 988 3491 1031 actum.
3529 978 3666 1033 llltc.
3713 978 3864 1035 Satis

2278 1072 2453 1144 plane,
2508 1072 2550 1124 si
2589 1068 2878 1139 purissime
2909 1084 2971 1120 ac
3001 1066 3117 1120 sine
3143 1066 3248 1120 ulla
3278 1067 3622 1121 cunctatione
3660 1069 3874 1136 perspi-

2278 1163 2358 1214 cis
2398 1162 2469 1214 ita
2508 1173 2650 1221 esse,
2695 1165 2751 1211 et
2798 1171 2903 1208 non
2951 1155 3125 1208 aliter.
3178 1154 3322 1209 DISC.
3371 1154 3528 1210 Clare
3577 1157 3862 1225 perspicio,

2278 1251 2532 1319 omnique
2545 1248 2773 1319 caligine
2795 1256 2995 1300 remota
3014 1245 3270 1314 intelligo,
3289 1246 3693 1299 universitatem
3716 1262 3863 1300 crea-

2282 1347 2432 1394 turae
2458 1359 2487 1393 a
2517 1340 2624 1392 Deo
2646 1338 2895 1391 comlitac
2919 1334 3288 1405 impunihilem
3312 1350 3453 1398 esse,
3477 1336 3731 1405 omnique
3752 1353 3866 1391 cor-

2282 1430 2529 1497 raptione
2559 1426 2876 1480 absolutam.
2909 1424 3046 1478 MAG.
3086 1424 3391 1501 Redeamus
3416 1440 3545 1494 ergo
3572 1422 3635 1479 ad
3666 1442 3859 1496 propo—

2281 1518 2464 1580 situm,
2514 1517 2616 1571 hoc
2647 1523 2752 1577 est,
2781 1515 2845 1569 ad
2887 1514 3117 1568 reditqu
3147 1515 3515 1569 universitatis
3538 1517 3787 1571 conditae
3810 1518 3860 1571 in

2282 1622 2409 1660 SllilS
2439 1622 2648 1659 CEIUSTlS.

2352 1694 2441 1749 56.
2502 1696 2646 1748 Dtsc.
2699 1694 2856 1749 Prius
2909 1693 3405 1759 considerandum,
3454 1696 3708 1760 arbitror,
3756 1712 3861 1766 qua

586 1800 831 1855 ordinem
859 1807 915 1853 et
940 1796 1397 1868 pulchritudinem
1438 1808 1543 1848 non
1574 1792 1676 1845 nisi
1708 1791 1760 1844 in
1794 1786 2177 1843 vieissitudini-
2209 1788 2256 1847 Β
2283 1786 2491 1839 ratione
2514 1793 2735 1839 aeterna
2761 1793 2921 1837 erunt
2944 1784 3224 1854 supplicia,
3254 1786 3468 1853 quando
3492 1786 3637 1839 nulla
3661 1787 3859 1840 malitia

586 1892 689 1947 bus
707 1906 882 1945 rerum
902 1889 1127 1959 perloca
1150 1899 1203 1943 et
1221 1898 1460 1958 tempora
1485 1888 1761 1945 constare,
1779 1882 2006 1951 illasque
2025 1880 2179 1934 vicis-

588 1978 855 2033 situdines
904 1994 968 2032 ac
1006 1979 1298 2032 varietates
1336 1993 1440 2030 non
1472 1974 1686 2028 aliunde
1714 1972 1815 2025 nisi
1845 1971 2027 2024 divina
2054 1983 2181 2036 pro-

589 2069 830 2123 videmia
876 2076 931 2122 et
981 2068 1447 2120 administratione
1498 2078 1691 2119 causas
1725 2062 1945 2123 ducere,
1975 2067 2029 2112 et
2061 2058 2179 2126 plus

589 2157 658 2211 ad
698 2157 970 2211 humanae
1006 2163 1231 2208 naturae
1260 2155 1647 2216 eruditionem,
1681 2159 1734 2203 et
1767 2151 1833 2203 ad
1862 2149 2177 2202 Creatorem

587 2262 744 2301 suum
788 2247 1189 2301 revocationem
1242 2244 1416 2297 factas
1467 2244 1649 2305 fuisse,
1689 2255 1850 2309 quam
1878 2239 1943 2292 ad
1971 2238 2176 2308 peccati

587 2338 867 2393 ultionem.
909 2337 984 2390 Eo
1012 2337 1154 2390 enim
1193 2336 1350 2389 modo
1386 2332 1683 2404 spiritualis
1717 2331 2014 2384 medicinae
2041 2329 2186 2381 ima-‘

588 2425 768 2496 ginem
818 2440 972 2479 suam
1014 2425 1157 2478 Deus
1199 2423 1371 2477 voluit
1417 2433 1472 2475 et
1514 2422 1566 2475 in
1612 2420 1848 2489 seipsam
1892 2427 1947 2470 et
1989 2418 2055 2471 ad
2090 2431 2177 2469 se-

588 2514 764 2581 ipsum
805 2523 827 2551 ι
869 2524 1167 2575 revocare,
1226 2520 1285 2565 ut
1354 2525 1561 2564 rerum-
1597 2506 1936 2562 mutabilium
2001 2505 2179 2558 taedio

590 2601 814 2671 fatigata
866 2614 921 2656 et
968 2600 1289 2662 exercitata,
1345 2597 1759 2652 iuunutahilium
1811 2607 2179 2649 aeternorum-

591 2707 698 2761 que
744 2691 1097 2763 stabilitatem
1157 2689 1512 2758 contemplari
1568 2688 1940 2750 desideraret,
1987 2686 2179 2739 arden-

588 2791 783 2852 terque
842 2795 1094 2834 verorum
1165 2777 1635 2833 inconnnutabiles
1692 2777 1902 2845 species
1966 2786 2179 2845 appete-

588 2879 691 2933 ret,
723 2871 776 2924 ἰϊι
809 2885 1038 2939 quarum
1081 2869 1284 2939 absque
1334 2868 1441 2921 ulla
1491 2867 1754 2919 varietate
1781 2864 2178 2933 pulchritudine

589 2962 913 3030 quiesceret.
945 2960 1084 3013 Hinc
1108 2960 1412 3021 coniicitur,
1454 2949 1598 3027 quod
1641 2955 1804 3010 etiam
1849 2954 1900 3007 in
1935 2952 2181 3022 superio-

589 3051 743 3104 ribus
801 3050 1108 3119 praesentis
1164 3047 1545 3119 disputationis
1600 3044 1848 3115 plurimis
1914 3043 2045 3097 locis
2097 3050 2180 3094 est

2280 1878 2384 1932 erit
2422 1887 2466 1941 τ,
2516 1889 2582 1930 ne
2607 1876 2678 1930 sit
2706 1876 2934 1929 bonitati
2962 1886 3272 1941 coacterna,
3307 1886 3361 1931 et
3385 1880 3564 1933 omnis
3594 1880 3859 1949 impietas,

2279 1983 2346 2020 ne
2387 1967 2458 2021 sit
2484 1966 2666 2020 divino
2688 1965 2851 2019 cultui
2882 1976 3193 2032 coaeterna,
3230 1968 3445 2036 peribit,
3474 1978 3527 2024 et
3559 1972 3736 2024 omnis
3764 1986 3861 2025 ne-

2282 2059 2471 2127 quitia,
2499 2072 2564 2111 ne
2586 2058 2658 2111 sit
2679 2058 2877 2112 divinis
2898 2056 3104 2127 legibus
3137 2058 3349 2123 infesta,
3375 2059 3440 2113 de
3465 2058 3652 2115 natura
3679 2078 3863 2116 rerum

2280 2147 2604 2209 abolebitur,
2632 2154 2708 2210 et,
2736 2145 2878 2215 quod
2903 2161 3025 2198 vera
3054 2146 3215 2216 exigit
3243 2147 3399 2209 ratio,
3437 2148 3717 2203 deficiente
3742 2165 3866 2203 ma-

2280 2237 2392 2290 litia
2437 2237 2615 2291 nullus
2645 2238 2748 2291 erit
2790 2238 2992 2302 malus;
3043 2238 3213 2292 malus
3252 2238 3395 2293 enim
3433 2239 3633 2293 malitia
3679 2240 3865 2295 malus

2277 2340 2379 2383 est.
2417 2328 2683 2383 Peteuute
2731 2330 3004 2398 impietate
3052 2329 3228 2385 nullus
3281 2330 3477 2402 impius
3519 2332 3862 2399 remanebit;

2278 2419 2456 2471 omnis
2504 2419 2649 2471 enim
2699 2418 2894 2487 impius
2947 2418 3223 2488 impietate
3275 2421 3470 2489 impius
3508 2429 3629 2475 est:
3658 2421 3859 2477 abolita

2281 2507 2563 2575 iniquitate
2591 2506 2714 2574 quis
2743 2506 2958 2576 iniquus
2994 2508 3362 2576 relinquetur?
3387 2507 3647 2562 Malitiam
3678 2518 3860 2564 autem

2278 2608 2334 2649 et
2376 2596 2706 2663 impietatem
2750 2603 2805 2649 et
2852 2595 3189 2664 iniquitatem
3232 2600 3502 2666 perituras
3539 2612 3661 2652 esse
3704 2606 3862 2653 nemo

2281 2686 2601 2755 sapientium
2630 2686 2858 2749 dubitat,
2883 2686 3254 2750 considerans,
3281 2686 3541 2740 malitiam
3572 2702 3677 2742 non
3706 2702 3862 2757 posse

2282 2774 2420 2836 ﬁeri,
2473 2772 2575 2825 nisi
2621 2772 2709 2826 ubi
2749 2772 2974 2836 invenit,
3007 2775 3092 2827 cui
3120 2782 3332 2827 noceat.
3360 2774 3416 2827 lu
3450 2772 3635 2830 futuro
3657 2784 3857 2837 autem,

2279 2863 2494 2931 quamlo
2552 2864 2729 2916 omnia
2784 2864 2840 2915 iu
2891 2864 3132 2917 omnibus
3188 2864 3328 2919 Deus
3380 2866 3519 2931 erit,
3579 2875 3653 2920 et.
3684 2866 3861 2921 omnis

2279 2963 2524 3006 creatura
2559 2952 2580 2983 ⁸
2634 2952 2952 3006 liberabitur
2995 2969 3024 3006 a
3068 2954 3359 3023 servitute,
3402 2956 3486 3010 cui
3536 2955 3736 3009 malitia
3762 2968 3861 3009 no—

2279 3044 2646 3112 cebit?,Nulll.
2679 3044 3206 3113 lmpietasquoque9
3232 3047 3417 3100 eadem
3451 3048 3678 3112 ratione,
3716 3047 3867 3116 quod

590 3136 910 3193 conclusum
956 3138 1122 3206 atque
1171 3137 1472 3199 delinitum,
1530 3134 1728 3187 multam
1780 3132 1941 3185 aliam
1989 3134 2171 3185 sedent
2203 3129 2245 3185 C
2278 3135 2514 3202 peritura
2571 3133 2661 3197 sit,
2706 3133 3044 3204 intelligitur.
3089 3134 3371 3201 Quomodo
3422 3137 3564 3190 enim
3613 3137 3859 3206 impletas

590 3228 1031 3297 rorruptiouibus
1081 3228 1374 3296 poenisque
1432 3240 1592 3295 posse
1651 3216 1914 3291 reperiri,
1964 3232 2177 3289 praeter

589 3319 931 3373 rationabilis
993 3327 1049 3370 ct
1104 3317 1482 3370 intellectualis
1543 3322 1830 3367 creaturae
1891 3326 2176 3380 perversos

591 3407 917 3476 illicitosque
962 3407 1213 3476 propriae
1260 3405 1551 3458 voluntatis
1599 3412 1795 3465 motus,
1849 3401 1939 3468 qui
1982 3415 2082 3454 nec
2107 3416 2176 3454 ex

590 3498 724 3561 Deo,
770 3513 871 3560 nec
896 3512 962 3550 ex
1019 3505 1212 3549 natura
1257 3495 1473 3548 condita
1518 3494 1832 3547 occasiones
1869 3492 2188 3561 accipiunt,

590 3588 898 3644 iucausales
947 3586 1094 3640 enim
1144 3594 1306 3649 sunt,
1352 3585 1604 3654 quoniam
1657 3600 1754 3654 per
1799 3585 2006 3653 seipsos
2050 3585 2175 3637 dum

592 3686 962 3749 quaeruntur,
1022 3676 1155 3729 nihil
1207 3676 1349 3729 aliud
1406 3677 1457 3731 in
1512 3678 1591 3731 eis
1641 3675 1914 3730 invenitur
1961 3685 2177 3746 praeter

589 3763 778 3819 liu'tae
831 3772 888 3819 et
942 3764 1207 3817 naturalis
1257 3763 1549 3819 voluntatis
1602 3764 1959 3834 privationem
2014 3774 2179 3833 atque

592 3855 885 3911 defectum.
940 3854 1078 3910 the.
1129 3852 1303 3909 Omne
1351 3855 1555 3924 itaque,
1603 3855 1746 3924 Quod
1769 3855 2041 3924 corrumpi
2071 3869 2175 3908 non

589 3940 770 4021 potest
800 3946 842 4012 ³,
878 3946 1056 4016 puniri
1093 3960 1252 4016 posse
1285 3947 1422 4000 ratio
1462 3960 1568 3999 non
1597 3946 1756 4011 sinit;
1780 3959 1949 4000 omne
1974 3955 2172 4010 autem,

590 4037 733 4106 quod
781 4050 847 4090 ex
894 4051 999 4091 una
1033 4026 1273 4091 omnium
1311 4051 1469 4091 causa
1506 4036 1704 4090 factum
1762 4045 1868 4100 est,
1896 4036 2181 4104 incorrupa

590 4124 741 4180 tibile
795 4140 918 4180 esse
974 4136 1198 4180 necesse
1255 4134 1355 4179 est.
1421 4123 1594 4180 Omne
1648 4125 1840 4192 igitur,
1900 4126 2042 4194 quod
2109 4140 2176 4179 ex

588 4230 697 4270 una
739 4217 979 4271 omnium
1029 4231 1191 4271 causa
1225 4215 1427 4271 faetmu
1467 4226 1570 4279 ρει,
1610 4230 1812 4286 poenas
1842 4217 1950 4284 pati
1978 4217 2178 4286 impos-

588 4308 747 4364 sibile
770 4316 874 4363 est.
907 4307 1079 4363 Porro
1128 4309 1170 4365 si
1210 4308 1496 4377 impiorum
1542 4306 1804 4375 supplicia
1847 4305 2030 4359 futura
2058 4320 2178 4360 esse

589 4396 772 4452 divina
819 4406 1049 4452 testatur
1091 4398 1408 4460 auctoritas,
1460 4410 1599 4464 quae
1648 4395 1794 4450 nullo
1843 4395 2002 4450 modo
2039 4394 2177 4450 fallit

2277 3224 2377 3277 erit
2405 3232 2459 3277 et
2489 3223 2706 3293 impius,
2739 3225 2956 3293 quando
2996 3223 3255 3279 falsorqu
3292 3226 3516 3281 deorum
3539 3227 3714 3281 cultus
3735 3243 3855 3282 om-

2279 3316 2406 3368 nino
2426 3314 2791 3383 extinguetur,
2816 3323 2871 3368 et
2900 3329 3038 3368 unus
3062 3314 3293 3370 Deus’ab
3322 3318 3570 3372 omnibus
3597 3318 3781 3372 electis
3802 3325 3859 3371 et

2282 3406 2524 3474 reprobis
2548 3406 2600 3458 in
2622 3406 2872 3460 omnibus
2892 3407 3280 3475 cognoscetur?
3305 3406 3565 3476 Iniquitas
3590 3408 3859 3476 quomodo

2278 3495 2519 3549 utanebit
2543 3495 2609 3559 ³⁸,
2645 3496 2860 3563 quando
2888 3511 3047 3551 nemo
3076 3498 3218 3567 leges
3252 3498 3459 3552 divinas
3484 3498 3860 3567 pracvaricare

2279 3587 2519 3653 poterit?
2560 3585 2627 3638 Et
2669 3586 2770 3639 hoc
2816 3588 3158 3653 apertissime
3204 3588 3383 3642 divina
3430 3588 3670 3642 declarat
3711 3587 3859 3642 Scri-

2278 3687 2457 3745 ptura,
2503 3690 2642 3744 quae
2690 3676 2860 3729 dicit:
2895 3676 3155 3745 Deﬁciunt
3204 3686 3500 3746 peccatores
3544 3694 3589 3730 a-
3615 3687 3775 3741 terra,
3804 3685 3859 3730 et

2276 3766 2469 3834 iniqui,
2519 3766 2595 3817 ita
2643 3774 2699 3817 ut
2741 3780 2842 3818 non
2870 3768 2992 3817 sint.
3028 3764 3143 3821 Non
3172 3767 3317 3821 enim
3345 3767 3700 3821 substantiam
3734 3765 3856 3819 illo-

2278 3871 2421 3919 rum,
2467 3856 2560 3909 sed
2612 3862 2890 3925 peccatum
2935 3864 2990 3910 et
3038 3856 3377 3927 iniquitatem
3420 3857 3695 3912 defectura
3736 3872 3857 3913 esse

2277 3948 2605 4003 crcdendmn
2671 3958 2755 4003 est
2800 3964 2819 4002 τ
2862 3957 2917 4003 et
2963 3950 3104 4018 quod
3166 3951 3352 4005 beatus
3401 3950 3757 4023 llie‘ronymus
3800 3952 3854 4005 in

2278 4041 2612 4111 expositione
2682 4040 2932 4094 Ezechiel
2994 4041 3060 4095 ab
3126 4041 3261 4095 Isaia
3319 4043 3575 4112 prephcta
3639 4044 3706 4098 de
3766 4059 3855 4113 ge-

2278 4134 2447 4188 nerali
2488 4134 2667 4188 totius
2726 4134 2993 4188 humanae
3054 4145 3278 4189 naturae
3338 4137 3655 4206 purgatione
3708 4137 3747 4167 “
3798 4138 3852 4188 in

2278 4226 2448 4296 ﬁgura
2485 4224 2783 4280 Jerusalem
2814 4225 3148 4279 introduxit:
3183 4224 3555 4294 Sanctiﬁcabo,
3593 4226 3765 4297 inquit
3787 4226 3850 4289 ¹³,

2278 4334 2393 4372 eant
2421 4320 2472 4373 in
2503 4319 2621 4389 igne
2658 4318 2891 4383 ardente,
2924 4328 2968 4372 et
3007 4319 3269 4372 :lerorabit
3299 4321 3430 4371 sicut
3461 4318 3671 4386 foenum
3698 4328 3855 4371 mate-

2279 4411 2427 4462 riem.
2466 4406 2730 4476 Quoniam
2774 4411 2827 4463 in
2860 4411 2974 4478 ipso
3008 4410 3124 4465 loco
3155 4410 3441 4479 dupliciter
3471 4410 3746 4464 materiem
3777 4410 3855 4462 in-

588 4486 676 4540 vel
716 4485 942 4550 fallitur,
982 4487 1252 4555 sequitur,
1291 4496 1348 4540 ut
1379 4488 1430 4540 in
1462 4486 1666 4554 aliquo,
1690 4486 1833 4555 quod
1862 4501 1929 4540 ex
1958 4487 2067 4541 Deo
2099 4486 2172 4541 fa-

2280 4498 2588 4574 tclligimus;
2606 4500 2853 4553 auteuim
2875 4500 3126 4554 materies
3151 4500 3419 4563 informis,
3436 4514 3577 4569 quae
3597 4500 3663 4553 de
3682 4498 3850 4551 nihilo

589 4586 737 4631 ctum
760 4585 865 4641 est,
906 4576 1133 4643 ideoque
1154 4576 1176 4607 δ
1208 4594 1312 4631 non
1340 4579 1564 4632 abusive
1584 4579 1788 4633 dicitur
1808 4592 1947 4644 esse,
1972 4587 2026 4633 et
2053 4595 2171 4648 pro-

586 4665 839 4722 babiliter
878 4664 1219 4719 concluditur
1263 4666 1611 4735 impassibile,
1642 4669 2017 4736 corruptiones
2047 4684 2171 4737 poe-

588 4767 795 4821 nasque
835 4760 998 4821 atque
1036 4752 1297 4821 supplicia
1325 4755 1644 4816 constituas,
1699 4765 1755 4809 et
1785 4757 1851 4809 ad
1878 4757 1950 4820 id,
1976 4758 2042 4812 de
2063 4774 2169 4825 quo

589 4843 861 4901 haesitare
886 4841 1175 4907 videbaris,
1207 4842 1507 4911 intrepidus
1536 4845 1747 4911 redeas,
1772 4854 1828 4900 et
1854 4848 2168 4903 incunctan-

587 4944 673 4990 ter
693 4933 863 4998 dicas,
895 4930 1232 4989 solummodo
1254 4947 1414 5003 posse
1434 4934 1636 5003 puniri,
1669 4937 1814 5006 quod
1845 4953 1950 4991 non
1977 4949 2080 5004 est,
2111 4941 2165 4994 in

589 5039 676 5088 eo,
719 5024 863 5093 quod
902 5032 1005 5089 est,
1047 5026 1150 5081 hoc
1177 5034 1266 5081 est
1302 5040 1613 5097 perversam
1651 5028 2006 5095 voluntatem,
2030 5045 2171 5100 quae

586 5114 805 5187 penitus
851 5115 1225 5171 substantialis
1260 5132 1365 5171 non
1399 5126 1500 5182 est,
1553 5118 1604 5171 in
1647 5120 1946 5188 phantasiis
1988 5136 2167 5175 rerum

586 5206 949 5273 sensibilium,
998 5223 1139 5279 quae
1177 5208 1429 5264 videlicet
1463 5218 1485 5249 ⁸
1514 5210 1852 5280 phantasiae,
1910 5213 2165 5281 quoniam

588 5297 657 5352 de
684 5298 1024 5354 naturalibus
1052 5298 1241 5355 formis
1268 5300 1321 5356 is
1348 5301 1606 5355 memoria
1632 5302 2026 5370 exprimuntur,
2059 5316 2164 5355 non

2274 4587 2417 4641 tacta
2456 4597 2559 4652 est,
2607 4599 2661 4643 et
2700 4603 2766 4642 ex
2804 4605 2907 4657 qua
2952 4590 3263 4644 diversitate
3302 4588 3597 4645 formarum
3628 4590 3728 4644 sibi
3757 4588 3855 4642 ad-

2266 4677 2456 4747 juncta
2481 4677 2638 4745 hujus
2662 4678 2842 4730 mundi
2883 4679 3153 4735 sensibilis
3188 4680 3530 4749 componitur
3558 4687 3850 4741 structura,

2273 4769 2632 4838 signiﬁcatur,
2661 4783 2801 4837 quae
2831 4769 3079 4825 videlicet
3107 4771 3333 4826 materia
3361 4773 3499 4826 sicut
3519 4770 3733 4822 foenum
3759 4784 3851 4820 ar-

2272 4855 2443 4919 debit,
2468 4858 2684 4924 quando
2705 4857 3152 4921 sanetilicabitur,
3180 4860 3232 4913 id
3258 4867 3359 4923 est,
3381 4856 3696 4927 purgabitur
3725 4856 3778 4909 in
3804 4857 3852 4888 “

2279 4945 2393 5012 ipsa
2431 4953 2625 4998 natura
2661 4946 2727 4998 ad
2757 4945 3044 5015 imaginem
3075 4946 3165 5001 Dei
3212 4948 3377 5009 facta,
3410 4946 3481 4998 ita
3510 4944 3666 4997 utnil
3704 4945 3759 4997 in
3790 4962 3851 4999 ea

2278 5036 2575 5102 matcriale,
2605 5037 2687 5091 vel
2721 5037 3033 5106 temporale,
3062 5038 3146 5091 vel
3174 5048 3470 5102 terrenum,
3508 5035 3595 5089 vel
3622 5036 3848 5100 visibile,

2275 5126 2357 5178 vel
2418 5127 2786 5181 transitorium
2840 5128 3162 5183 umtabileve
3231 5134 3545 5189 remaneat,
3598 5127 3849 5195 quoniam

2272 5218 2497 5271 omnino
2567 5218 2619 5271 in
2684 5218 3019 5285 spiritualem
3093 5227 3342 5272 vertetur
3395 5217 3745 5271 stabilitatem
3799 5225 3853 5268 et

2272 5305 2697 5361 uniformitatcm
2724 5324 2738 5373 ;
2775 5317 2870 5361 aut
2897 5316 3213 5362 cunctorum
3263 5308 3519 5361 vitiorum
3548 5314 3602 5360 ct
3633 5303 3856 5358 malefa-

1874 5412 2129 5469 VARIAE
2168 5413 2572 5473 LECTIONES.

659 5520 678 5555 ί
702 5519 749 5572 Α
754 5522 1145 5643 (proprietatem
1186 5540 1383 5579 rerum.

589 5589 613 5620 ⁸
636 5587 727 5641 Sic
801 5588 869 5643 F:
897 5591 943 5643 A
968 5593 1307 5643 impossibile.
1382 5604 1383 5609 ‘

636 5587 727 5641 Sic
754 5587 943 5667 QF;'A
968 5593 1307 5667 impossibile.
1382 5599 1403 5630 ’⁷
1424 5597 1469 5658 Α
1496 5599 1594 5651 erit
1624 5587 1850 5652 malitia.

589 5660 892 5724 ourgatione
911 5660 1068 5712 totius
1095 5660 1355 5717 humanae
1382 5675 1621 5721 naturae.

1459 5537 1480 5568 ³
1512 5526 1603 5604 Sic
1631 5527 1751 5604 CF_;_
1855 5531 2192 5604 adAseipsam.
2269 5534 2291 5564 ³
2315 5533 2361 5588 Α
2390 5553 2558 5604 posse.

1926 5600 1948 5631 ⁸
1970 5613 2212 5657 creatura
2242 5620 2351 5657 out.
2384 5600 2451 5658 Ᾱ.

1696 5669 1740 5698 ¹²
1773 5669 1938 5739 inquit
1966 5685 2073 5724 om.
2100 5672 2197 5736 A;
2243 5674 2285 5705 ¹³
2323 5676 2375 5728 in
2401 5692 2508 5728 om.
2538 5676 2601 5729 A.

2653 5537 2674 5608 ’ξ
2702 5538 2742 5590 Α
2790 5537 2904 5591 ideo
2955 5538 3107 5608 (-que
3135 5541 3269 5606 om.)
3341 5546 3363 5577 ⁸
3389 5536 3617 5608 videlicet
3645 5535 3849 5608 om._A_.

2537 5613 2561 5678 ε
2586 5605 2625 5658 Α
2662 5607 2915 5678 Impietas
2941 5605 3135 5665 autem.
3214 5610 3255 5640 ¹⁹
3284 5609 3327 5662 Α
3354 5606 3657 5662 remanebit.
3733 5606 3773 5637 “
3803 5605 3850 5660 Δ
