4168 6284
381 428 481 484 961

1223 423 1312 480 DE
1348 420 1689 479 DIVISIONE
1721 419 2070 478 NATURAE.
2110 449 2179 460 —
2217 417 2418 474 LIBER
2456 416 2778 484 QUINTUS.

3535 414 3643 471 962

378 551 588 597 ctorum
613 540 944 603 occasiones,
986 537 1094 592 hoc
1123 546 1207 595 εει
1254 536 1514 591 malitiam
1536 576 1550 603 ,
1597 536 1952 607 impietatem,
1980 539 2035 600 Α
2055 539 2160 599 est,
2186 546 2254 587 ac
2279 545 2379 602 per
2405 530 2510 584 hoc
2531 536 2588 584 et
2612 525 2854 581 falsitas:
2888 525 3008 596 quis
3045 526 3384 597 phantasiam
3419 525 3643 582 veritati

377 633 717 703 iniquitatem
744 630 1004 687 materiae
1032 628 1292 683 vocabulo
1315 629 1578 699 propheta
1619 628 1788 684 voluit
1822 629 1838 660 ‘
1880 627 1962 682 in-

376 723 616 787 sinuare,
646 730 739 776 aut
782 729 1070 788 utrumque
1108 719 1150 771 '.
1196 717 1484 784 Quomodo.
1525 731 1655 788 ergo
1699 715 1962 786 supplicia

376 820 554 876 erunt,
582 810 794 881 quando
818 809 894 863 nil
918 809 1135 879 dignum
1166 805 1430 876 supplicio
1470 805 1524 858 in
1555 813 1747 858 natura
1779 819 1960 858 rerum

377 900 746 972 relinquetur?
776 900 919 956 MAG.
950 901 1004 954 In
1029 897 1401 968 superioribus
1429 895 1756 951 suﬂicienter
1777 894 1843 949 de
1875 893 1960 948 his

375 993 672 1049 est'actum
716 993 761 1060 ³,
802 1001 856 1048 et
892 993 959 1047 ad
1007 1007 1224 1061 purum,
1258 998 1318 1044 ut
1349 990 1606 1053 arbitror,
1657 985 1956 1040 deﬂnitum.

372 1080 604 1152 Ideoque
633 1097 777 1138 nunc
796 1081 1056 1146 breviter,
1085 1079 1337 1150 quoniam
1359 1077 1548 1148 exigis,
1576 1073 1955 1146 colligendum.

375 1172 658 1244 Siquidem
684 1175 830 1228 inter
856 1189 953 1230 nos
981 1172 1258 1228 subtracta
1281 1173 1426 1227 omni
1445 1169 1814 1226 controversia
1833 1183 1961 1224 con-

377 1268 598 1320 sederat
633 1264 676 1331 ",
727 1279 941 1320 omnem
973 1264 1234 1318 malitiam
1280 1263 1581 1330 malosque,
1599 1275 1812 1315 omnem
1855 1260 1960 1314 im-

375 1353 636 1422 pietatem
668 1353 990 1423 impiosque,
1018 1368 1233 1407 omncm
1255 1351 1592 1420 iniquitatem
1619 1350 1958 1419 iniquosque,

368 1442 672 1511 justissima
705 1445 868 1499 divini
892 1445 1081 1515 judicii
1123 1444 1409 1507 sententia,
1437 1457 1504 1497 ne
1533 1452 1846 1497 naturarum
1881 1442 1962 1495 in-

378 1535 616 1603 tegritati
667 1549 881 1604 semper
927 1535 1238 1604 impediant,
1271 1533 1435 1588 veluti
1485 1533 1746 1603 quasdam
1777 1533 1963 1587 sordes

376 1627 684 1695 purgandas
728 1625 1051 1695 penitusque
1098 1626 1164 1680 de
1195 1634 1390 1680 natura
1422 1640 1604 1680 rerum
1650 1625 1963 1680 adimendas

379 1713 612 1777 aboleri;
652 1722 708 1768 et
735 1715 837 1768 hoc
859 1730 966 1768 non
992 1714 1164 1769 solum
1185 1715 1509 1770 auctoritate
1529 1723 1841 1770 sanctorum
1867 1714 1964 1768 Pa-

380 1811 518 1857 trum
549 1804 870 1875 divinaeque
901 1803 1237 1874 Scripturae,
1266 1819 1451 1859 verum
1487 1805 1650 1859 etiam
1690 1812 1833 1860 recte
1878 1819 1962 1858 ra-

2064 637 2184 680 esse
2211 619 2537 676 contrariam
2567 616 2809 688 negarit?
2829 616 2897 670 At
2919 616 2964 670 si
2992 615 3275 684 phantasia
3307 629 3488 670 rerum
3505 623 3643 670 tem-

2063 713 2329 785 poralium
2373 709 2654 783 suppliciis
2708 708 3051 764 distribuitur
3092 708 3348 774 aeternis,
3395 705 3642 778 profecto

2064 813 2315 860 aeternae
2341 809 2501 857 erunt
2540 799 2880 870 phantasiae,
2910 806 3276 870 perpetuoque
3304 805 3645 870 opponentur

2062 895 2298 950 veritati.
2335 893 2476 950 Mm.
2506 891 2623 949 Non
2657 891 2929 948 immerito
2957 891 3079 947 talis
3116 890 3290 960 caligo
3318 891 3412 946 tibi
3455 904 3646 946 occur-

2062 993 2224 1048 reret,
2277 986 2324 1040 si
2374 985 2524 1054 prius
2564 983 2867 1038 clarissimo
2912 984 3081 1054 ipsius
3116 983 3384 1050 veritatis,
3428 984 3494 1039 de
3537 998 3644 1052 qua

2061 1073 2305 1143 quaestio
2352 1081 2456 1139 est,
2506 1072 2658 1127 radio
2705 1071 3058 1137 illuminatus,
3102 1072 3170 1125 ad
3212 1088 3406 1141 purum
3449 1073 3643 1142 digno-

2061 1177 2267 1229 sceres,
2319 1161 2373 1215 id
2422 1162 2594 1232 ipsum
2655 1173 2773 1216 esse
2801 1199 2818 1226 ,
2887 1160 3089 1229 absque
3159 1160 3268 1214 ulla
3316 1159 3642 1225 diﬂ‘erentia,

2062 1251 2256 1308 falsum
2284 1253 2326 1283 ¹²
2347 1260 2401 1307 et
2446 1252 2812 1321 phantasiam,
2845 1250 2922 1304 ita
2958 1259 3020 1304 ut
3063 1251 3241 1304 omnis
3265 1251 3548 1320 phantasia
3573 1252 3645 1307 sit

2063 1341 2219 1407 falsa,
2266 1350 2322 1394 et
2354 1354 2516 1396 omne
2560 1338 2754 1393 falsum
2783 1339 3088 1409 phantasia.
3122 1337 3274 1392 Nunc
3305 1349 3483 1393 autem
3513 1356 3646 1408 quo.

2064 1431 2209 1486 niam
2239 1445 2431 1501 magna
2469 1427 2771 1484 diﬂ'erentia
2801 1437 2885 1482 est
2929 1428 3070 1482 inter
3100 1426 3291 1482 falsum
3317 1436 3372 1482 et
3409 1428 3643 1496 phanta-

2065 1524 2223 1588 siam,
2255 1520 2596 1590 relinquitur,
2627 1528 2686 1573 ut
2720 1519 2868 1582 illud,
2898 1519 3041 1587 quod
3072 1520 3289 1589 proprie
3319 1519 3518 1574 dicitur
3545 1517 3648 1572 fal-

2064 1628 2204 1676 sum,
2263 1609 2599 1665 solummodo
2656 1616 2958 1678 opponatur
3000 1609 3253 1674 veritati,
3305 1608 3648 1678 phantasiam

2064 1718 2194 1758 vero
2223 1703 2267 1736 “
2298 1702 2512 1757 veritati
2547 1716 2654 1756 non
2679 1715 2799 1755 esse
2828 1700 3177 1754 contrariam.
3227 1699 3373 1754 DISC.
3401 1699 3646 1770 Expone,

2015 1830 2029 1849 .
2065 1811 2286 1867 quaeso,
2321 1810 2460 1865 quae
2480 1795 2552 1850 sit
2585 1793 2675 1848 illa
2705 1792 3028 1859 diﬂ'erentia,
3071 1807 3210 1863 quae
3245 1792 3439 1847 falsum
3467 1808 3649 1862 segre-

377 1895 744 1949 tiocinationis
781 1896 1288 1966 investigationibus
1335 1907 1417 1952 est
1446 1898 1756 1963 firmatum;
1797 1899 1962 1952 vanas
1989 1902 2035 1962 B
2064 1895 2156 1958 gat
2201 1902 2232 1940 a
2283 1883 2585 1954 Ρῖιίιηῑθείθο
2644 1881 2782 1937 ΜΑθ·
2832 1881 2956 1937 δυίε
3003 1883 3404 1937 ἀθίίυίιίοηίδυε
3448 1882 3649 1938 disce!"

377 1995 558 2040 autem
588 1988 946 2058 cogitationes
975 1988 1252 2043 hominum
1281 1988 1334 2042 in
1363 1989 1515 2043 falsis
1543 2003 1722 2044 rerum
1752 1997 1962 2059 tempo-

376 2077 570 2132 ralium
614 2079 918 2149 phantasiis
963 2080 1014 2133 in
1058 2094 1243 2134 eorum
1291 2081 1596 2144 animabus,
1627 2081 1720 2149 qui
1762 2079 1962 2134 solum-

373 2169 534 2223 modo
573 2168 933 2238 int'egritatem
971 2178 1198 2223 naturae
1227 2169 1496 2239 recepturi
1527 2179 1672 2233 sunt,
1711 2183 1817 2222 non
1853 2183 1949 2222 au-

377 2267 485 2311 tem
533 2258 585 2312 in
627 2259 848 2328 gloriam
899 2259 1348 2324 immutabuntur,
1393 2272 1608 2327 semper
1654 2272 1960 2323 mansuras,

384 2362 612 2418 seraque
643 2349 975 2417 poenitentia
1005 2350 1072 2405 de
1117 2351 1298 2413 rebus,
1329 2365 1466 2419 quas
1491 2350 1545 2404 in
1588 2351 1692 2404 hac
1712 2350 1824 2404 vita
1859 2350 1964 2403 i‘lIi-

379 2439 486 2492 cite
529 2450 690 2508 atque
717 2441 1021 2495 inordinate
1044 2441 1488 2510 concupiverant,
1535 2439 1700 2494 veluti
1731 2441 1963 2509 quadam

378 2527 774 2598 inextinguibili
802 2529 1018 2584 ﬂamma
1047 2545 1288 2585 arsuras.
1323 2529 1580 2596 Proinde,
1621 2538 1683 2583 ut
1719 2530 1851 2584 mihi
1887 2530 1964 2584 vi-

379 2618 540 2674 detur
569 2661 584 2686 ,
647 2622 954 2691 ambiguum
996 2635 1227 2693 posuere
1253 2633 1275 2663 ³
1299 2622 1625 2692 exemplum,
1659 2623 1751 2691 qui
1807 2624 1966 2678 ratio-

377 2710 613 2766 nabilem
642 2721 889 2766 naturam
922 2722 978 2768 et
1001 2729 1217 2784 semper
1235 2731 1569 2781 mansuram,
1601 2724 1655 2770 et
1679 2717 1964 2786 supplicio-

378 2818 498 2859 rum
527 2801 758 2860 ﬂammis
785 2819 998 2876 semper
1027 2821 1272 2862 arsuram
1294 2808 1487 2861 docere
1513 2805 1770 2873 volentes,
1803 2808 1959 2862 ashe-

379 2903 524 2951 stum
571 2894 804 2964 lapidem
858 2910 1071 2964 semper
1111 2912 1331 2952 manere
1398 2911 1714 2966 semperque
1773 2899 1963 2953 ardere

383 2984 590 3049 dicunt,
620 2984 694 3038 ita
737 2993 797 3038 ut
841 2993 898 3039 et
931 2987 1233 3041 substantia
1277 2986 1412 3055 ejus,
1458 2995 1514 3042 et
1563 2987 1856 3057 quantitas,
1909 2997 1965 3043 et

380 3074 618 3144 qualitas
645 3075 792 3130 nullo
821 3077 980 3132 modo
1005 3077 1278 3131 minuatur
1306 3078 1388 3132 vel
1412 3087 1810 3148 corrumpatur,
1833 3079 1962 3133 dum

379 3162 596 3220 ﬂamma
626 3167 682 3220 in
709 3181 770 3222 ea
802 3182 907 3222 non
935 3168 1282 3238 extinguitur.
1329 3167 1443 3222 Hac
1469 3168 1613 3222 enim
1653 3168 1961 3223 similitudi-

2063 1983 2285 2028 nuntur.
2326 1973 2424 2026 Est
2448 1972 2590 2024 enim
2634 1969 2845 2035 falsum,
2893 1971 3034 2041 quod
3071 1972 3276 2041 appetit
3302 1987 3458 2037 esse,
3505 1972 3648 2040 quod

2061 2080 2170 2120 non
2201 2072 2313 2130 est;
2350 2062 2507 2118 aliter
2539 2062 2681 2118 enim
2708 2062 2824 2116 vult
2869 2077 2928 2117 se
2968 2063 3140 2117 videri
3185 2079 3347 2131 quam
3371 2072 3480 2127 est,
3521 2063 3649 2132 quia

2063 2171 2172 2210 non
2202 2156 2277 2210 ita
2307 2164 2390 2210 est
2429 2156 2542 2224 ipsa
2581 2169 2692 2217 res,
2729 2153 2797 2207 de
2827 2168 2931 2222 qua
2977 2153 3341 2223 praedicatur,
3381 2153 3649 2222 quomodo

2064 2248 2129 2303 de
2157 2263 2219 2302 ea
2263 2247 2626 2317 praedicatur.
2670 2245 2728 2299 In
2769 2259 2876 2314 quo
2909 2260 3106 2314 genere
3135 2246 3396 2313 quaedam
3442 2244 3651 2298 fabula-

2062 2353 2183 2392 rum
2209 2345 2334 2392 sunt
2354 2336 2398 2368 “
2425 2337 2770 2400 constitutae,
2791 2343 2851 2388 ut
2877 2335 3090 2411 volatus
3115 2334 3357 2399 Daedali,
3394 2349 3533 2404 quae
3561 2334 3646 2390 fa-

2062 2429 2189 2484 bula
2217 2445 2319 2485 nec
2343 2445 2471 2485 vera
2498 2438 2603 2496 est,
2628 2445 2729 2485 nec
2755 2430 2869 2484 veri
2899 2429 3109 2494 similis,
3141 2429 3236 2484 sed
3263 2428 3396 2483 falsa
3424 2429 3646 2483 omnino

2063 2522 2266 2590 opinio,
2287 2536 2428 2590 quae
2455 2519 2595 2576 fallit
2621 2521 2960 2591 insipientes.
3010 2521 3298 2592 Nunquam
3328 2523 3473 2576 enim
3506 2523 3644 2576 Dae-

2063 2611 2214 2666 dalus
2243 2611 2465 2677 volavit,
2495 2612 2778 2682 navigasse
2806 2621 2988 2667 autem
3009 2613 3076 2667 de
3100 2612 3260 2667 Creta
3290 2615 3344 2667 in
3367 2613 3640 2667 Euboeam

2062 2704 2235 2762 fertur
2258 2707 2325 2760 ".
2356 2705 2585 2776 Ideoque
2626 2705 2822 2762 falsum
2852 2705 3068 2772 dicitur,
3105 2707 3229 2774 quia
3254 2705 3392 2758 fallit
3419 2714 3473 2758 et
3500 2705 3646 2760 deci-

2062 2798 2143 2867 pit
2184 2798 2446 2868 judicium
2475 2813 2684 2862 eorum,
2718 2797 2811 2866 qui
2841 2795 3124 2862 falluntur,
3174 2794 3308 2850 falsa
3353 2809 3453 2864 pro
3500 2795 3645 2848 veris

2062 2889 2454 2958 approbantes;
2497 2889 2640 2958 quod
2699 2895 2783 2944 est
2830 2888 3107 2958 proprium
3162 2886 3385 2942 erroris.
3431 2886 3498 2940 Et
3541 2886 3636 2940 hoc

2062 2987 2165 3044 est,
2193 2980 2336 3049 quod
2361 2992 2489 3034 vere
2512 2979 2708 3034 dicitur
2728 2977 2950 3045 falsum,
2981 2979 3230 3049 quamvis
3255 2992 3416 3047 saepe
3447 2978 3499 3031 in
3527 2978 3642 3032 dia-

2063 3068 2273 3124 lecticis
2309 3070 2768 3140 propositionibus
2801 3071 3120 3141 negationes
3157 3069 3276 3124 falsi
3307 3071 3525 3124 nomine
3554 3054 3649 3125 vo;

2063 3162 2314 3225 citentur,
2339 3175 2605 3231 saepeque
2624 3161 3011 3218 aﬂirmationes
3033 3177 3048 3217 :
3074 3164 3384 3233 negationes
3403 3164 3645 3232 quidem,

380 3272 450 3312 ne
476 3273 586 3312 non
608 3265 631 3298 ⁸
657 3257 1082 3314 irrationabilius
1116 3267 1135 3298 ²
1169 3259 1247 3313 uti
1271 3267 1489 3328 possent
1510 3259 1576 3314 ad
1597 3260 1951 3327 suadendum,
1983 3251 2028 3315 C
2060 3261 2120 3308 ut
2141 3253 2320 3308 omnis
2345 3254 2508 3309 homo
2545 3254 2745 3308 animal
2775 3270 2880 3311 non
2907 3263 2992 3310 est
3028 3255 3222 3310 falsum
3252 3264 3373 3320 est;
3405 3255 3645 3310 afﬁrma-

377 3350 520 3418 quod
546 3365 652 3404 non
675 3350 848 3405 solum
873 3351 1137 3405 naturalia
1156 3352 1292 3406 bona
1316 3350 1648 3407 rationabilis
1675 3360 1902 3408 naturae
1935 3353 1956 3385 ⁸

375 3451 590 3506 semper
614 3438 817 3508 absque
843 3439 952 3494 ullo
983 3439 1306 3494 detrimento
1333 3441 1747 3508 permanebunt,
1769 3457 1955 3497 verum

375 3528 538 3582 etiam
572 3529 624 3582 in
652 3529 762 3594 his,
790 3531 881 3598 qui
927 3531 1138 3601 purgati
1176 3539 1232 3586 et
1263 3530 1580 3586 sanctificati
1608 3530 1748 3585 ultra
1775 3533 1957 3586 omnia

373 3616 640 3671 naturalia
705 3617 844 3672 bona
907 3620 1302 3676 deificationem
1353 3622 1659 3690 accipient,
1705 3630 1959 3677 aeternae

372 3705 724 3762 beatitudinis
759 3708 929 3779 gloria
966 3717 1008 3773 ο,
1062 3710 1228 3764 veluti
1275 3711 1330 3764 in
1364 3710 1702 3782 extinguibili
1743 3712 1957 3768 divinae

376 3799 584 3866 gratiae
608 3798 822 3854 ﬂamma
847 3801 1146 3871 fulgebunt,
1177 3803 1252 3857 ita
1281 3811 1340 3857 ut
1377 3804 1431 3857 in
1473 3805 1553 3858 eis
1597 3813 1653 3858 et
1694 3806 1957 3861 naturalis

376 3888 720 3957 pulchritudo
747 3900 1004 3961 perpetuo
1051 3903 1288 3958 maneat,
1318 3902 1373 3948 et
1399 3894 1757 3950 deiﬁcationis
1793 3895 1958 3950 clari-

379 3984 464 4032 tas
494 3993 658 4048 super
693 3981 873 4035 omnia
901 3982 1130 4037 eluceat.
1176 3984 1450 4040 Discernis
1495 3985 1696 4054 itaque,
1757 3993 1813 4039 ut
1842 3986 1957 4055 opi-

375 4081 498 4132 nor,
549 4067 694 4123 inter
726 4083 812 4136 ea,
863 4085 1001 4141 quae
1045 4071 1258 4142 penitus
1303 4074 1574 4143 peribunt,
1605 4081 1662 4127 et
1689 4087 1776 4140 ea,
1818 4089 1957 4144 quae

373 4160 617 4216 aeternis
668 4161 1035 4218 attribuuntur
1103 4166 1398 4236 suppliciis.
1463 4166 1608 4221 Disc.
1661 4166 1951 4235 Discerno;

373 4250 533 4307 video
563 4253 732 4319 enim,
757 4253 898 4324 quod
936 4255 1066 4310 vitia
1123 4257 1484 4326 vitiorumque
1528 4257 1845 4312 occasiones
1891 4258 1955 4312 de

373 4349 571 4397 natura
601 4359 781 4399 rerum
813 4346 1030 4415 penitus
1053 4347 1393 4413 delabuntur,
1429 4349 1747 4418 phantasiae
1774 4358 1953 4405 autem

374 4446 558 4485 rerum
611 4439 1003 4505 temporalium,
1035 4439 1229 4508 quibus
1267 4440 1616 4510 imperfectae
1643 4441 1854 4498 animae
1898 4445 1951 4498 in

374 4535 540 4579 carne
567 4526 891 4584 constitutae
918 4529 1268 4597 seducuntur,
1309 4532 1543 4587 aeternis
1569 4532 1952 4602 suppliciorum

2063 3343 2237 3398 tiones
2264 3349 2467 3406 autem,
2508 3352 2570 3398 ut
2609 3345 2787 3400 omnis
2817 3345 2979 3400 homo
3000 3346 3180 3414 justus
3201 3354 3285 3400 est
3314 3344 3508 3400 falsum
3538 3353 3645 3402 est.

2059 3432 2351 3489 Phantasia
2374 3446 2504 3488 vero
2517 3441 2602 3489 est
2624 3435 2802 3505 imago
2826 3437 3173 3506 quaedamet
3191 3437 3456 3507 apparitio
3483 3440 3548 3493 de
3569 3439 3651 3492 vi-

2059 3523 2199 3580 sibili
2248 3525 2336 3579 vel
2365 3524 2619 3580 invisibili
2656 3528 2838 3595 specie
2863 3529 3161 3582 memoriae
3190 3506 3474 3599 impressa.
3507 3529 3643 3584 Dum

2059 3617 2204 3672 enim
2258 3615 2405 3672 nulla
2465 3633 2553 3673 res
2591 3633 2851 3689 corporea
2905 3619 2990 3674 vel
3041 3620 3359 3691 incorporea
3417 3637 3512 3691 per
3558 3638 3644 3677 sc-

2060 3711 2235 3779 ipsam
2297 3710 2620 3766 mortalibus
2675 3711 2850 3767 adhuc
2906 3713 3156 3768 sensibus
3216 3713 3503 3783 conspicua
3556 3715 3649 3780 sit,

2061 3809 2255 3855 natura
2308 3813 2493 3855 rerum
2532 3801 2834 3865 constituit,
2867 3807 2928 3855 ut
2954 3801 3008 3856 in
3053 3816 3213 3858 sensu
3245 3804 3501 3859 exteriori
3528 3819 3654 3858 sen-

2058 3891 2298 3947 sibilium
2328 3906 2512 3946 rerum
2559 3891 2844 3962 imagines,
2879 3891 2935 3945 in
2984 3891 3230 3947 interiori
3283 3910 3412 3949 vero
3453 3896 3650 3949 intelli~

2059 3985 2304 4052 gibilium
2363 3981 2779 4052 exprimantur;
2830 3997 2893 4037 ac
2941 3983 3136 4038 deinde
3196 3984 3361 4038 veluti
3406 3999 3473 4038 ex
3513 3987 3650 4040 dno-

2059 4077 2162 4133 bus
2202 4074 2465 4141 fontibus,
2527 4073 2876 4130 sensibilibus
2928 4075 3051 4130 dico
3093 4083 3150 4128 et
3201 4075 3646 4145 intelligibilibus,

2060 4169 2166 4222 duo
2219 4166 2486 4235 quaedam
2536 4165 2757 4220 ﬂumina
2838 4165 2893 4219 in
2940 4165 3258 4220 memoriam
3323 4165 3644 4232 conﬂuunt,

2059 4265 2115 4314 et
2162 4271 2327 4313 unum
2381 4256 2600 4327 quidem
2627 4254 2828 4310 ﬂumen
2876 4269 2945 4309 ex
2988 4253 3338 4310 inferioribus
3381 4269 3480 4326 per
3518 4271 3644 4312 sen-

2059 4365 2178 4405 sum
2231 4363 2554 4419 corporeum
2579 4387 2595 4415 ,
2647 4347 2879 4402 alterum
2935 4333 3068 4401 vero
3128 4347 3498 4416 superioribus
3548 4362 3646 4418 per

2058 4456 2182 4497 eum
2206 4454 2448 4505 sensum,
2468 4438 2561 4509 qui
2583 4438 2750 4494 solius
2777 4436 2824 4470 ¹⁶
2843 4437 3054 4492 animae
3072 4445 3174 4503 est,
3194 4445 3425 4492 meatum
3453 4433 3644 4494 trahit.

2057 4531 2122 4586 Et
2151 4545 2330 4597 omne,
2359 4529 2502 4599 quod
2531 4544 2598 4583 ex
2636 4528 2723 4582 his
2745 4527 3038 4584 memoriae
3065 4527 3324 4599 inﬁgitur,
3363 4527 3648 4598 phantasia

373 4617 664 4673 ardoribus
685 4620 976 4676 attributae
997 4623 1312 4689 manebunt,
1341 4631 1401 4676 ut
1428 4625 1482 4678 in
1505 4623 1585 4679 eis
1611 4640 1809 4694 pravae
1839 4635 1948 4681 tor-
1977 4625 2031 4686 D
2057 4623 2274 4694 proprie
2324 4622 2656 4686 nominatur,
2683 4621 2787 4675 hoc
2828 4628 2915 4675 est
2961 4619 3248 4690 apparitio,
3293 4628 3353 4673 ut
3400 4622 3648 4690 superius

371 4718 646 4780 queantur
714 4713 1040 4782 cupiditates
1087 4731 1394 4784 pravorum.
1449 4715 1554 4772 Sed
1605 4719 1781 4772 adhuc
1843 4732 1951 4773 non

371 4817 536 4872 parva
567 4804 701 4859 mihi
725 4805 906 4860 obstat
925 4807 1189 4878 quaestio.
1223 4807 1280 4863 Si
1309 4809 1536 4864 bonitati
1558 4817 1612 4864 et
1632 4808 1952 4863 beatitudini

372 4898 673 4968 ceterisque
719 4899 919 4954 divinis
967 4900 1278 4968 virtutibus,
1309 4917 1448 4973 quae
1493 4903 1558 4957 de
1604 4901 1715 4957 Deo
1744 4897 1954 4972 praedi-

375 4996 585 5054 cantur,
617 4991 692 5045 nil
737 4993 846 5048 erit
885 5004 1256 5062 coaeternmn,
1300 5011 1398 5052 cur
1423 4994 1640 5049 veritati
1666 4995 1882 5066 aliquod
1909 4995 1954 5027 “

372 5086 721 5136 coaeternum
765 5086 1074 5154 opponitur,
1110 5087 1214 5143 hoc
1238 5095 1341 5152 est,
1371 5086 1566 5142 falsum
1606 5093 1662 5142 et
1707 5086 1956 5143 falsitas?

373 5164 446 5220 Ut
476 5167 642 5233 enim,
675 5171 730 5224 ni
763 5171 938 5242 fallor,
965 5175 1152 5250 [sicut]
1182 5177 1222 5208 “
1256 5175 1475 5232 veritati
1498 5176 1786 5247 opponitur
1810 5177 1957 5233 falsi-

372 5265 482 5327 tas,
511 5258 591 5316 ita
616 5275 747 5318 vero
769 5261 984 5322 falsum.
1016 5267 1076 5324 Si
1102 5269 1267 5340 igitur
1296 5267 1472 5326 omnis
1501 5267 1786 5340 phantasia
1820 5266 1955 5324 falsa

2060 4719 2312 4772 diximus.
2352 4714 2628 4786 Siquidem
2652 4715 2936 4784 phantasia
2960 4727 3027 4768 ex
3055 4715 3222 4770 verbo
3252 4728 3467 4782 graeco,
3503 4715 3648 4783 quod

2059 4817 2144 4863 est
2175 4809 2351 4882 φαὲνω,
2396 4804 2551 4875 cujus
2577 4805 2953 4875 interpretatio
2977 4813 3062 4860 est
3101 4821 3349 4876 appareo,
3379 4804 3646 4874 etymolo-

2057 4901 2202 4972 giam
2251 4899 2416 4955 ducit.
2472 4898 2587 4964 Qua
2632 4897 2797 4969 igitur
2845 4897 3054 4953 ratione
3101 4897 3384 4966 phantasia
3429 4895 3646 4950 veritati

2056 4998 2419 5063 opponeretur
2441 4989 2509 5055 ¹¹¹,
2538 5004 2660 5044 cum
2695 4996 2752 5041 et
2778 4987 2896 5058 ipsa
2925 4987 3125 5042 veritas
3167 5001 3264 5056 per
3289 4987 3522 5055 seipsam
3569 4984 3646 5038 in-

2059 5084 2352 5154 conspicua
2396 5082 2452 5137 in
2477 5081 2590 5137 suis
2615 5080 2938 5153 phantasiis,
2976 5091 3113 5148 quas
3142 5085 3340 5132 vocant
3385 5076 3645 5146 theopha-

2059 5174 2200 5240 nias,
2245 5171 2632 5244 quaerentibus
2677 5185 2737 5227 se
2783 5169 3022 5227 occurrit
3077 5175 3132 5222 et
3174 5163 3429 5219 ineﬂ’abili
3482 5163 3643 5218 modo

2059 5264 2371 5322 manifestat
2410 5264 2491 5318 ιη
2523 5263 2591 5320 Et
2637 5264 2767 5319 dum
2813 5261 2990 5317 omnis
3037 5255 3322 5329 phantasia
3373 5255 3638 5326 quaedam

1648 5432 1916 5525 |VARIAE
1951 5430 2354 5489 LECTIONES.

443 5545 462 5579 ¹
501 5546 664 5624 valuit
690 5563 812 5624 om.
847 5538 956 5606 Δί
1010 5552 1033 5585 ³
1072 5559 1163 5607 aut
1185 5562 1464 5624 utrumque
1487 5568 1598 5609 om.
1631 5549 1696 5605 A.

367 5629 476 5694 non
493 5620 628 5694 mihi
647 5620 897 5694 videntur
924 5625 1230 5678 conveniens
1264 5620 1499 5694 posuisse
1527 5622 1856 5691 exemplum.

401 5687 613 5762 loriam.
693 5690 738 5722 ‘°
759 5693 806 5748 A
827 5693 1050 5762 aliquid.
1128 5695 1169 5725 “
1195 5687 1285 5749 Sic
1306 5694 1424 5759 CF;
1448 5695 1580 5748 sicut
1600 5687 1708 5748 om.
1740 5693 1806 5747 A.

390 5773 490 5832 oce
511 5759 659 5832 inter
690 5764 854 5818 verba
888 5759 1187 5832 differentia
1213 5775 1267 5820 et
1308 5764 1500 5832 falsum
1533 5763 1776 5818 inseruit.
1859 5762 1904 5794 ³³
1939 5759 2192 5817 υενοόηι.
2225 5764 2292 5832 Δζ

266 5835 275 5842 ’
370 5829 640 5910 Daedalus
661 5861 733 5874 -ο
755 5829 1004 5904 [ενιπενἈ
1034 5851 1197 5903 supra
1230 5829 1476 5889 itiscrttit.

1567 5835 1610 5866 ¹⁶
1645 5833 1691 5888 Α
1729 5833 1894 5889 solus.

734 5929 1003 5990 I’A'rnoc.
1047 5928 1313 5991 CXXII.

1847 5550 1894 5604 Α
1932 5559 2108 5605 actum
2143 5559 2238 5604 est.
2332 5550 2356 5581 ⁵
2393 5550 2653 5613 SicCF;
2693 5550 2739 5600 A
2778 5550 3182 5600 consideratam.
3269 5550 3290 5576 ⁵
3327 5550 3366 5598 Α
3409 5550 3642 5598 Proinde

1847 5661 1856 5675 .
1962 5622 1983 5651 ⁶
2022 5639 2124 5675 non
2154 5637 2263 5676 om.
2295 5619 2362 5673 A.
2438 5619 2459 5651 "
2497 5619 2544 5672 A
2575 5615 2962 5670 rationabilius.
3037 5623 3059 5654 θ
3097 5617 3140 5669 Λ
3168 5623 3459 5668 creaturae.
3534 5623 3556 5652 °
3597 5615 3644 5669 A

1887 5692 1930 5723 “
1950 5708 2216 5762 nunquam
2234 5692 2371 5745 enim
2395 5687 3091 5762 Da_eda{us—[ertur,quae
3123 5685 3261 5762 infra
3293 5684 3445 5754 legis,
3477 5684 3642 5762 Altoc

2332 5547 2356 5581 ’⁸
2393 5544 2653 5613 SicCF;
2693 5547 2739 5600 A
2778 5544 3182 5600 consideratam.
3269 5546 3290 5576 ⁵
3327 5544 3366 5598 Α
3409 5543 3642 5598 Proinde

2373 5759 2418 5791 “’
2461 5758 2551 5813 Sic
2577 5757 2692 5823 CF;
2735 5755 2780 5810 Α
2818 5757 2942 5811 sint.
3035 5757 3077 5826 Ῥ
3113 5757 3155 5812 Α
3190 5755 3474 5826 Nunquam
3505 5756 3643 5808 enim

2002 5834 2042 5865 ³⁷
2081 5833 2172 5888 Sic
2209 5829 2328 5896 CF;
2362 5829 2410 5884 A
2441 5839 2750 5901 opponatur.
2829 5828 2872 5858 "‘
2912 5826 3004 5884 Sic
3032 5825 3151 5894 CF;
3179 5825 3224 5882 Α
3253 5825 3640 5896 manifestatur.

3211 5922 3283 5981 3t
