4168 6284
431 397 535 454 965
1265 391 1352 444 DE
1392 388 1730 447 DlVlSlONE
1768 385 2120 442 NATURAE.
2163 416 2232 425 -—
2271 385 2473 438 LIBER
2508 381 2829 450 QUINTUS.
3574 375 3678 429 966

430 519 638 581 potero,
662 509 804 563 intra
831 519 917 572 ea,
945 519 1084 576 quae
1105 506 1159 560 in
1188 505 1355 560 Deum
1385 518 1671 560 reversura
1699 512 1848 569 sunt,
1875 517 2004 558 con-
2030 503 2083 564 Α
2109 514 2324 556 sensum
2352 497 2677 554 acutissimis
2702 494 3037 551 rationabilis
3059 568 3064 575 ι
3087 494 3254 548 animi
3291 494 3566 548 obtutibus
3591 509 3682 548 ve-

435 599 614 663 tineri,
654 599 895 666 ipsoque,
941 597 1030 666 qui
1059 596 1241 652 omnia
1287 596 1476 660 ambit,
1509 595 1723 662 ambiri,
1753 604 1808 650 et
1853 604 2006 650 extra

434 698 592 760 quem
619 688 748 742 nihil
786 695 964 756 potest
993 686 1078 742 vel
1113 687 1374 757 cogitari,
1405 685 1490 741 vel
1519 685 1705 751 credi,
1735 686 1818 742 vel
1845 685 2005 740 intel-

433 779 543 850 ligi,
570 779 886 848 praesertim
929 779 1056 832 dum
1099 778 1420 832 inconcusse
1459 775 1726 844 intelligo,
1757 776 2005 829 tenebras

431 871 572 923 intra
610 869 784 924 lucem
839 870 857 900 ί
905 869 1196 933 contineri,
1251 867 1522 923 silentium
1565 867 1704 920 intra
1745 865 2002 931 sonitum,

429 961 672 1015 umbram
703 959 843 1014 intra
871 973 1088 1030 corpus,
1137 967 1423 1028 ceteraque
1457 957 1670 1021 similia,
1711 970 1849 1024 quae
1878 970 2007 1009 cau-

427 1064 518 1104 sas
545 1064 672 1104 suas
700 1048 757 1102 in
784 1049 889 1113 his,
920 1048 1114 1117 quibus
1139 1063 1171 1102 e
1205 1046 1477 1102 contrario
1499 1046 1844 1115 respondent,
1872 1058 2004 1099 con-

428 1145 676 1198 stituunt.
713 1142 842 1199 Sive
889 1143 1033 1197 enim
1087 1141 1329 1197 absentia
1375 1154 1557 1194 rerum
1602 1139 1729 1203 sint,
1775 1138 1887 1192 sive
1915 1139 2006 1191 de-

431 1236 605 1291 fectus
623 1241 680 1290 et
705 1235 1062 1304 privationes,
1105 1233 1220 1288 sive
1256 1232 1501 1304 Opposita
1530 1239 1692 1300 atque
1713 1231 2003 1295 contraria,

435 1324 636 1393 absque
683 1325 792 1389 his,
839 1337 1067 1393 quorum
1099 1322 1390 1385 absentiae,
1445 1320 1702 1382 defectus,
1752 1319 2002 1389 privatio-

433 1428 552 1478 nes,
587 1414 958 1483 oppositiones
987 1413 1029 1477 ¹,
1053 1411 1464 1468 contrarietates
1489 1418 1633 1476 sunt,
1677 1409 1820 1464 nullo
1849 1411 2008 1464 modo

433 1517 552 1560 esse
581 1503 801 1574 intelligi
841 1510 1080 1572 possunt.
1123 1501 1256 1557 Esse
1295 1509 1476 1556 autem
1521 1501 1641 1556 dico
1686 1514 1750 1554 ea
1776 1501 2004 1564 ratione,

431 1609 539 1665 qua
575 1609 685 1648 non
741 1592 913 1648 solum
964 1591 1338 1647 substantialis
1385 1597 1440 1645 et
1485 1590 1771 1657 naturalia,
1817 1603 2005 1644 verum

431 1687 616 1750 etiam,
663 1698 803 1756 quae
829 1685 910 1739 eis
947 1699 1016 1739 ex
1058 1683 1284 1740 adversa
1319 1690 1472 1753 parte
1511 1683 1856 1752 respondent,
1888 1695 2008 1736 esse

429 1778 702 1830 dicuntur.
739 1775 950 1829 Nullum
997 1791 1233 1846 namque
1273 1775 1463 1830 vitium
1505 1782 1611 1839 est,
1640 1774 1781 1844 quod
1807 1786 1911 1828 non
1937 1785 2005 1827 ex

2111 591 2207 644 luti
2239 603 2399 659 supra
2452 602 2633 643 rerum
2681 593 2928 642 naturam
2975 585 3403 648 considerantur,
3453 592 3508 637 et
3555 584 3681 639 dum

2109 683 2250 736 inter
2275 695 2360 746 ea,
2407 694 2548 749 quae
2596 692 2703 734 non
2765 685 2908 741 sunt,
2966 684 3364 744 computantur,
3406 674 3513 740 his,
3544 691 3683 745 quae

2107 781 2254 838 sunt,
2279 772 2714 828 honestissimam
2740 777 3018 840 praestant
3056 775 3112 823 et
3143 768 3526 822 administrant
3548 781 3675 822 cono

2107 859 2344 919 cordiam
2372 877 2387 916 :
2419 865 2534 918 sive
2577 862 2836 932 intelligat
2859 862 2949 932 qui
2988 861 3136 916 sonis
3165 861 3446 921 auscultat,
3476 860 3606 928 quid
3627 859 3683 913 in

2107 957 2174 1010 iis
2203 954 2537 1009 dulcedinem
2588 962 2645 1009 et
2676 953 3130 1023 pulchritudinem
3165 953 3386 1018 efﬁciat,
3437 953 3550 1009 sive
3575 967 3683 1007 non

2106 1046 2400 1117 intelligat,
2465 1048 2604 1102 inest
2656 1053 2832 1099 tamen
2899 1045 3148 1101 omnibus
3196 1045 3420 1100 interior
3466 1059 3681 1109 sensus,

2106 1151 2266 1205 quem
2296 1146 2422 1196 rata,
2450 1150 2630 1189 rerum
2659 1135 2876 1190 collatio
2918 1134 2939 1166 °
2973 1135 3405 1205 conveniensque
3432 1136 3687 1191 adunatio

2108 1239 2213 1280 non
2248 1225 2396 1279 latet.
2429 1224 2560 1290 Quis
2601 1225 2744 1277 enim
2789 1223 2984 1278 senarii
3026 1224 3238 1276 numeri
3279 1225 3553 1292 virtutem,
3593 1225 3685 1295 qui

2108 1314 2273 1368 t0tius
2324 1313 2640 1367 harmoniae
2705 1312 3018 1381 intelligitur
3073 1311 3516 1378 fundamentum;
3566 1315 3690 1382 quis

2109 1404 2421 1460 collationes
2452 1403 2619 1472 ipsius
2647 1416 2768 1456 cum
2814 1403 2928 1457 suis
2973 1402 3362 1470 sesquialteris,
3399 1403 3693 1471 sesquiter-

2110 1496 2216 1560 tiis,
2242 1495 2417 1564 duplis
2444 1509 2658 1564 quoque
2683 1495 2727 1526 ¹⁰
2750 1496 2892 1548 intra
2933 1504 3155 1551 naturas
3185 1511 3364 1550 rerum
3398 1504 3576 1567 potest
3601 1510 3691 1553 co-

2105 1601 2387 1658 gnoscere,
2421 1587 2547 1641 dum
2589 1601 2768 1642 rerum
2823 1587 3062 1642 omnium
3105 1587 3395 1643 visibilium
3422 1595 3480 1643 et.
3504 1587 3694 1643 invisi-

2106 1675 2294 1732 bilium
2323 1675 2650 1730 universitas
2671 1675 2724 1728 in
2751 1689 2818 1732 eo
2853 1675 3017 1732 veluti
3049 1677 3103 1731 in
3147 1675 3382 1746 quodam
3404 1676 3693 1748 principali

2107 1766 2354 1836 exemplo
2381 1766 2671 1821 constituta
2704 1766 2775 1820 sit
2793 1766 2818 1820 ?
2839 1765 2976 1833 Quid
3007 1780 3136 1837 ergo
3175 1767 3390 1834 mirum,
3416 1767 3461 1822 si
3485 1781 3555 1823 ex
3581 1767 3688 1832 bis,

429 1868 695 1938 positione
722 1867 960 1933 virtutis,
981 1868 1066 1923 cui
1094 1844 1161 1924 ex—
1182 1868 1446 1924 diametro
1472 1867 1728 1923 resistere
1756 1875 2002 1932 conatur,

2110 1870 2249 1925 quae
2275 1864 2401 1910 sunt
2439 1855 2890 1921 substantialiter,
2937 1864 2992 1912 et
3021 1844 3355 1912 naturalibus
3399 1856 3692 1912 accidenti-

429 1959 754 2012 continetur.
787 1955 926 2013 Mite.
960 1959 1156 2012 Laetor
1183 1957 1356 2024 valde,
1405 1957 1624 2028 quando
1665 1956 1822 2021 retia,
1867 1971 2005 2027 quae

432 2056 485 2101 tu
543 2049 656 2117 ipse
719 2048 1013 2114 tetendisti,
1077 2055 1203 2104 tuae
1263 2047 1734 2118 contemplationis
1798 2047 2007 2102 viribus

428 2139 662 2204 illaesus,
692 2140 942 2209 nulloque
972 2141 1132 2194 modo
1153 2139 1176 2170 ³
1199 2140 1447 2196 detentus
1489 2138 1728 2192 evasisti.
1755 2138 1820 2191 Et
1867 2136 1998 2205 jam,

427 2230 478 2283 nl
503 2216 685 2295 fallor;
715 2229 989 2301 intelligis,
1031 2243 1138 2285 non
1173 2229 1347 2286 solum
1391 2242 1573 2294 omne,
1605 2227 1748 2298 quod
1800 2229 1870 2282 ab
1894 2242 2006 2282 uno

429 2321 538 2374 Deo
567 2327 806 2374 creatum
837 2327 942 2386 est,
976 2335 1162 2375 verum
1201 2321 1366 2375 etiam
1396 2331 1580 2384 omne,
1623 2319 1766 2388 quod
1791 2317 2006 2371 irratio-

427 2412 622 2468 nabilis
643 2421 819 2467 motus
847 2413 1182 2468 rationabilis
1209 2421 1265 2467 et
1310 2410 1686 2466 intellectualis
1723 2420 2006 2465 creaturae

431 2502 934 2574 supermachinatus
954 2511 1057 2568 est,
1085 2511 1140 2559 et
1168 2519 1312 2559 nunc
1349 2505 1492 2558 intra
1539 2503 1786 2558 ordinem
1813 2509 1840 2543 δ
1865 2503 2002 2557 divi-

431 2609 533 2649 nae
562 2594 933 2664 providentiae
957 2594 1245 2660 contineri,
1288 2601 1346 2648 et
1374 2601 1503 2648 tunc
1533 2603 1658 2662 post
1685 2591 2006 2647 universalis

430 2692 712 2741 creaturae
764 2685 820 2738 in
887 2698 1014 2740 suas
1062 2698 1256 2740 causas
1305 2683 1539 2739 reditum
1603 2683 1768 2753 inque
1828 2683 2003 2752 ipsum

428 2776 595 2828 Deum
626 2774 981 2829 ordinandum
1011 2773 1153 2838 fore,
1180 2773 1398 2844 quando
1427 2773 1592 2828 totius
1637 2772 2004 2827 universitatis

427 2867 676 2920 conditae
711 2866 1024 2936 plenissima
1061 2864 1372 2935 perficietur
1403 2864 1766 2936 pulchritudo.
1819 2862 2004 2933 Neque

431 2958 533 3011 itoc
561 2958 779 3022 mirum,
803 2957 931 3012 dum
953 2956 1098 3012 nulla
1141 2964 1333 3012 natura
1357 2957 1519 3010 aliam
1569 2963 1820 3012 naturam
1850 2956 2005 3026 puni-

431 3064 510 3120 re,
540 3049 743 3102 nullum
781 3048 970 3103 vitium
1001 3049 1278 3116 virtutem,
1323 3064 1431 3120 qua
1474 3048 1802 3114 centinetur,
1835 3048 2005 3118 possit

429 3153 814 3209 corrumpere;
847 3149 901 3194 et
933 3153 1038 3194 non
1067 3139 1238 3194 solum
1284 3141 1404 3203 hoc,
1440 3142 1533 3196 sed
1557 3154 1624 3195 ex
1649 3141 1734 3196 bis
1754 3143 2002 3197 omnibus
2032 3131 2040 3151 ⁷

2091 1951 2233 2018 bus,
2255 1960 2310 2006 et
2335 1966 2401 2006 ex
2425 1952 2531 2017 bis,
2563 1965 2702 2021 quae
2729 1967 2834 2007 non
2861 1961 3004 2014 sunt,
3029 1952 3145 2006 sive
3170 1966 3268 2020 per
3289 1951 3688 2016 excellentiam,

2109 2045 2224 2100 sive
2247 2060 2344 2113 per
2384 2043 2650 2098 defectum
2703 2052 2758 2098 et
2801 2045 3181 2112 privationem,
3222 2045 3385 2098 totius
3411 2051 3694 2097 creaturae

2109 2137 2389 2190 harmonia
2420 2144 2794 2204 componatur,
2842 2135 2969 2189 dum
2999 2137 3051 2189 in
3097 2137 3368 2202 omnibus,
3405 2151 3544 2205 quae
3569 2142 3694 2190 sunt

2106 2235 2165 2281 et
2189 2237 2326 2295 quae
2353 2241 2459 2281 non
2488 2235 2637 2292 sunt,
2665 2208 2811 2280 nulla
2835 2227 3044 2280 malitia
3076 2226 3157 2280 vel
3185 2226 3408 2291 malum,
3437 2226 3583 2297 quod
3606 2227 3694 2280 bo-

2109 2317 2266 2369 nitati
2302 2318 2569 2382 omnium,
2591 2317 2736 2370 nulla
2766 2316 3041 2386 turpitudo
3074 2315 3159 2372 vel
3188 2316 3521 2382 deformitas,
3553 2331 3692 2385 quae

2107 2407 2492 2475 pulchritudini
2533 2417 2587 2462 et
2639 2406 2963 2463 formositati
2987 2408 3042 2462 in
3067 2423 3263 2464 causas
3293 2423 3420 2463 suas
3449 2409 3691 2463 condito-

2108 2513 2332 2569 remque
2344 2515 2499 2554 suum
2519 2515 2735 2554 reversu
2743 2515 2836 2554 rae
2851 2501 3071 2555 resistat
3086 2502 3151 2566 “,
3166 2502 3386 2559 omnino
3405 2516 3510 2556 non
3527 2515 3694 2555 rema-

2108 2591 2276 2644 nebit.
2307 2592 2384 2646 Ac
2405 2607 2502 2661 per
2519 2591 2620 2646 hoc
2645 2606 2750 2646 non
2773 2607 2859 2646 me
2883 2601 3082 2659 movet,
3097 2591 3224 2647 dum
3245 2594 3428 2658 audio,
3466 2609 3533 2648 ex
3567 2610 3693 2663 sup-

2106 2681 2283 2750 pliciis
2337 2681 2602 2737 malarum
2640 2683 2978 2737 voluntatum
3028 2693 3081 2736 et
3130 2686 3388 2752 praemiis
3427 2687 3689 2740 bonarum

2106 2754 2524 2841 pulcherrimam
2539 2773 2876 2828 harmoniam
2893 2775 3129 2827 futuram
3143 2790 3282 2838 esse,
3295 2775 3550 2844 quoniam
3567 2791 3693 2845 sup-

2105 2861 2264 2929 plicia
2285 2863 2423 2916 bona
2447 2873 2592 2932 sunt,
2611 2865 2737 2918 dum
2763 2846 2873 2918 sint
2890 2865 3057 2934 justa,
3086 2874 3138 2919 et
3164 2866 3426 2935 praemia,
3442 2867 3568 2921 dum
3584 2867 3694 2921 sint

2104 2953 2224 3019 plus
2235 2955 2488 3022 gratuita,
2504 2969 2663 3023 quam
2690 2956 2844 3011 bonis
2858 2956 3065 3010 meritis
3087 2957 3371 3023 retributa,
3391 2960 3608 3027 quando
3621 2959 3696 3012 vi-

2105 3045 2207 3098 deo
2235 3059 2426 3113 graves
2438 3055 2733 3116 acutosque
2758 3063 2941 3112 sonos,
2965 3063 3260 3117 eorumque
3287 3049 3496 3106 medios
3519 3065 3690 3118 quan-

2108 3139 2232 3191 dam
2247 3140 2618 3209 symphoniam
2634 3141 2775 3194 inter
2789 3157 2848 3196 se
2861 3141 3091 3195 invicem
3119 3127 3172 3194 in
3188 3142 3232 3172 “
3258 3143 3694 3212 proportionibus

432 3229 571 3281 intra
614 3229 822 3282 divinas
865 3229 1009 3298 leges
1055 3229 1316 3284 ordinatis
1369 3230 1392 3261 ⁵
1444 3229 1684 3284 omnium
1729 3230 2007 3299 plenitudo
2032 3213 2080 3276 Ο
2110 3238 2167 3282 et
2191 3231 2788 3300 proportionalitatibus
2809 3232 3167 3288 suiseilicere.
3185 3234 3313 3289 Etsi
3335 3236 3536 3304 quisad
3560 3235 3695 3289 haec

431 3328 744 3373 naturarum
775 3327 830 3374 et
865 3318 1174 3375 formositas
1200 3322 1576 3390 complebitur,
1603 3322 1845 3376 omnium
1875 3323 2006 3378 visi-

427 3411 612 3464 bilium
646 3421 699 3465 et
741 3411 1088 3466 invisibilium
1129 3427 1365 3469 consona
1415 3414 1618 3483 absque
1653 3414 1762 3468 ulla
1783 3414 1808 3445 ⁸
1834 3413 2005 3469 disso-

428 3509 588 3552 nante
657 3501 934 3554 harmonia
987 3501 1366 3558 modulabitur.
1431 3504 1572 3558 Disc.
1617 3503 1734 3558 Non
1778 3504 2005 3560 falleris.

431 3591 562 3644 Nam
590 3593 748 3657 retia,
777 3607 915 3662 quae
964 3595 1184 3660 tetendi,
1231 3595 1332 3650 hoc
1365 3605 1448 3650 est
1479 3595 1836 3664 problemata,
1868 3611 2008 3665 quae

430 3683 704 3750 proposui,
733 3691 1018 3752 propterea
1056 3700 1084 3737 a
1118 3699 1204 3740 me
1233 3693 1385 3741 tensa
1419 3695 1560 3751 sunt,
1612 3701 1680 3742 ne
1721 3687 1920 3742 diutius
1950 3687 2005 3741 in

431 3773 514 3826 eis
535 3785 782 3840 caperer,
808 3775 902 3828 sed
928 3776 994 3830 ab
1023 3775 1104 3830 eis
1134 3777 1410 3832 absolutus
1453 3778 1619 3834 libero
1646 3780 1840 3834 mentis
1885 3794 2008 3834 con-

437 3862 572 3914 tuitu
599 3862 745 3915 clare
779 3864 1140 3933 perspicerem
1169 3868 1454 3924 universae
1483 3880 1707 3925 naturae
1733 3872 2010 3925 adunatio—

438 3969 560 4007 nem
603 3969 671 4006 ex
711 3953 935 4010 diversis
980 3957 1186 4027 sibique
1229 3960 1490 4028 oppositis
1539 3960 1778 4030 copulari
1814 3961 1860 4026 ⁷,
1893 3977 2011 4016 mu-

437 4045 565 4100 sicis
591 4045 885 4103 rationibus
919 4050 1244 4117 admonitus,
1292 4053 1344 4105 in
1381 4053 1574 4122 quibus
1604 4055 1909 4124 conspicor,
1936 4055 2012 4109 nil

435 4137 578 4191 aliud
603 4138 784 4192 animo
824 4137 1035 4209 placere
1065 4140 1627 4210 pulchritudinemque
1646 4142 1879 4208 eﬂicere,
1907 4144 2011 4198 nisi

435 4232 765 4287 diversarum
787 4247 978 4287 vocum
1008 4235 1348 4290 rationabilia
1371 4236 1668 4301 intervalla,
1701 4252 1842 4306 quae
1871 4237 2012 4292 inter

436 4339 493 4379 sc
523 4325 751 4379 invicem
780 4327 972 4381 collata
999 4328 1190 4384 musici
1230 4328 1608 4383 modulaminis
1645 4327 1880 4384 efﬁciunt
1902 4330 2014 4384 dul-

435 4421 701 4474 cedinem.
735 4420 833 4476 Ubi
878 4424 1123 4479 mirabile
1164 4424 1417 4494 quiddam
1459 4423 1618 4478 datur
1666 4424 1914 4495 intelligi,
1959 4433 2015 4480 et

439 4512 552 4566 solo
583 4513 775 4567 mentis
797 4516 1038 4569 contuitu
1056 4515 1148 4570 vix
1173 4516 1676 4586 comprehensibile,
1699 4517 1840 4586 quod
1862 4531 1968 4571 non
1991 4518 2014 4549 ⁸

2108 3323 2390 3392 objecerit,
2417 3340 2700 3395 pel-versas
2739 3327 3047 3383 voluntates
3101 3329 3366 3384 malorum
3416 3330 3691 3384 hominum

2111 3423 2166 3470 et
2189 3416 2523 3486 angelorum,
2542 3419 2740 3487 quibus
2759 3420 3024 3474 debentur
3056 3420 3336 3489 supplicia,
3370 3420 3691 3486 malasesse,

2111 3521 2175 3560 ac
2206 3521 2301 3576 per
2324 3507 2424 3563 hoc
2451 3508 2503 3560 in
2536 3510 2926 3565 restauratione
2957 3525 3019 3566 ac
3035 3511 3209 3566 reditu
3237 3524 3553 3566 naturarum
3582 3528 3696 3565 ma-

2111 3597 2220 3654 lum
2251 3613 2465 3668 semper
2493 3614 2613 3655 esse
2650 3615 3052 3668 remansurum,
3079 3603 3452 3673 suppliciaque
3501 3619 3692 3672 passu-

2111 3707 2261 3757 rum;
2298 3699 2354 3745 et
2387 3691 2434 3744 si
2476 3694 2547 3744 ita
2592 3700 2694 3756 est,
2743 3693 3009 3761 sequitur,
3049 3707 3156 3747 nou
3196 3695 3416 3748 omnino
3461 3694 3697 3764 pulchri-

2111 3785 2351 3839 tudinem
2379 3792 2693 3838 naturarum
2749 3787 3077 3853 turpitudine
3127 3787 3365 3841 malitiae
3406 3802 3513 3840 non
3539 3787 3580 3818 ¹³
3617 3787 3696 3840 in-

2111 3874 2308 3932 fectam
2351 3891 2473 3931 esse
2529 3876 2817 3930 futuram:
2847 3878 2974 3932 huic
3010 3882 3341 3947 respondebo
3396 3882 3532 3934 duce
3585 3880 3695 3934 Deo

2114 3982 2177 4020 ac
2205 3981 2331 4021 vera
2358 3968 2587 4031 ratione,
2611 3967 2844 4036 primum
2881 3969 3094 4035 quidem
3133 3971 3273 4023 intra
3317 3987 3498 4024 rerum
3540 3982 3694 4025 natu-

2116 4073 2234 4113 ram
2267 4058 2349 4113 vel
2375 4067 2528 4112 extra
2572 4074 2692 4114 eam
2747 4059 2952 4112 nullum
3009 4061 3207 4114 malum
3261 4063 3513 4127 inveniri,
3556 4065 3697 4120 sicut

2114 4154 2402 4225 Dionysius
2430 4153 2750 4222 Areopagita
2774 4153 2826 4204 in
2854 4151 2991 4206 libro
3040 4155 3106 4208 de
3146 4154 3341 4210 divinis
3379 4155 3695 4212 Nominibus

2115 4244 2502 4315 multiplicibus
2531 4244 2728 4298 astruit
2759 4243 3086 4309 rationibus,
3109 4259 3248 4314 quas
3277 4261 3422 4300 nunc
3453 4247 3696 4302 introdu-

2115 4350 2243 4391 cere
2264 4343 2319 4389 et
2340 4334 2554 4404 longum
2583 4343 2640 4388 et
2683 4333 3011 4402 superﬂuum
3062 4336 3304 4401 videtur;
3343 4337 3537 4392 deinde
3558 4329 3696 4408 ‘per-

2116 4443 2306 4484 versos
2325 4439 2706 4498 perversarum
2750 4423 3084 4478 voluntatum
3140 4436 3319 4480 motus
3370 4427 3542 4481 malos
3585 4443 3691 4483 non

2118 4535 2262 4586 esse,
2291 4519 2385 4575 sed
2414 4518 2646 4572 illicitos.
2669 4515 2825 4583 Quod
2855 4515 3000 4568 enim
3034 4528 3101 4569 ex
3150 4517 3322 4572 libero
3361 4518 3697 4573 rationabilis

437 4604 553 4657 soni
597 4603 815 4668 diversi,
866 4605 1011 4658 verbi
1073 4606 1263 4674 gratia,
1313 4605 1614 4659 fistularum
1668 4607 1877 4676 organi,
1927 4607 2013 4660 vel
2043 4587 2092 4645 Ῑ)
2117 4622 2398 4669 creaturae
2424 4609 2651 4665 arbitrio
2677 4608 2964 4678 processit,
2993 4609 3116 4677 quis
3146 4609 3346 4663 malum
3377 4625 3498 4664 esse
3541 4611 3695 4665 αίιο-

437 4695 761 4750 chordarum
798 4695 970 4767 lyrae,
1012 4710 1106 4751 seu
1148 4695 1471 4751 foraminum
1496 4698 1679 4761 tibiae,
1723 4699 1813 4767 qui
1849 4698 2016 4766 quod-

437 4784 726 4838 dammodo
763 4782 1018 4837 sensibus
1045 4769 1300 4852 percepti,
1350 4787 1402 4838 in
1433 4798 1657 4839 numero
1685 4798 1864 4837 rerum
1895 4799 2015 4839 esse

438 4876 711 4939 videntur,
743 4875 1112 4930 harmonicam
1139 4875 1376 4929 efﬁciunt
1406 4877 1747 4942 suavitatem,
1772 4876 1864 4931 sed
1892 4891 2015 4946 pro-

441 4967 717 5032 portiones
759 4981 1014 5022 sonorum
1054 4976 1110 5022 et
1151 4968 1694 5037 proportionalitates,
1734 4985 1888 5039 quas,
1914 4969 2016 5025 sibi

2119 4706 2231 4762 rit?
2269 4705 2329 4760 Si
2367 4704 2510 4760 enim
2548 4703 2772 4758 libertas
2798 4710 3026 4756 naturae
3050 4701 3383 4756 rationabilis
3405 4702 3476 4756 ad
3506 4702 3697 4772 imagi-

2119 4814 2243 4854 nem
2269 4797 2362 4852 Dei
2391 4795 2639 4852 conditae
2685 4810 2715 4848 a
2750 4794 2862 4848 Deo
2893 4794 3016 4848 data
3057 4802 3174 4859 est;
3209 4807 3313 4847 non
3341 4794 3486 4848 enim
3522 4795 3697 4863 imago

2120 4892 2212 4946 Dei
2237 4889 2362 4946 ullis
2401 4889 2607 4959 legibus
2648 4886 2876 4942 detineri
2915 4885 3102 4939 debuit
3127 4894 3314 4940 coacta
3349 4885 3697 4939 :necessario

2120 4997 2298 5048 omne,
2324 4982 2466 5052 quod
2503 4997 2569 5036 ex
2592 4982 2706 5051 ipsa
2727 4980 2978 5035 libertate
3003 4978 3202 5041 evenit,
3232 4978 3435 5031 malum
3460 4981 3696 5031 seu'ma—

447 5053 673 5108 invicem
713 5058 957 5124 coll-atas,
1003 5059 1171 5114 solius
1211 5059 1376 5113 animi
1424 5059 1648 5114 interior
1692 5061 1920 5131 percipit
1964 5070 2020 5115 et
2121 5073 2235 5126 mia
2265 5081 2414 5127 recte
2441 5070 2543 5125 dici
2573 5085 2679 5123 non
2708 5075 2909 5140 potest.
2933 5078 3001 5119 ne
3048 5065 3104 5118 in
3160 5064 3343 5134 aliquo
3385 5064 3588 5118 malum
3640 5071 3696 5117 et

447 5146 704 5214 dijudicat
725 5161 932 5205 sensus.
962 5150 1112 5217 Quae
1141 5150 1397 5206 videlicet
1423 5152 1798 5220 proportiones
1819 5161 1875 5205 et
1901 5166 2020 5220 pro-

445 5229 872 5306 portié‘nalitates
920 5257 1109 5297 vocum
1139 5242 1485 5310 sensibilium
1514 5257 1876 5310 sonorumque
1911 5257 2018 5296 me-

447 5329 552 5382 rito
582 5329 834 5383 dicuntur
861 5345 1000 5398 esse,
1041 5335 1294 5404 quoniam
1340 5347 1448 5388 non
1491 5332 1663 5388 solum
1710 5332 1783 5387 nil
1827 5332 1894 5386 ab
1939 5333 2021 5387 eis

447 5433 741 5486 corporeus
762 5435 951 5478 sensus
980 5424 1199 5492 patitur,
1238 5439 1426 5479 verum
1451 5425 1614 5480 etiam
1644 5423 1783 5478 ultra
1804 5438 2021 5479 omnem

2123 5161 2325 5214 malitia
2352 5159 2728 5216 concludatur.
2762 5157 2829 5211 Et
2859 5156 2903 5210 si
2947 5153 3119 5208 libera
3162 5152 3412 5206 voluntas
3460 5153 3696 5204 rationa-

2125 5249 2217 5304 bili
2242 5259 2297 5305 et
2332 5247 2653 5319 intelligibili
2693 5254 2976 5301 creaturae
3007 5256 3115 5296 non
3153 5239 3276 5295 ideo
3301 5251 3560 5294 concessa
3602 5240 3695 5305 sit,

2124 5347 2185 5393 ut
2209 5355 2307 5408 per
2335 5353 2452 5396 eam
2479 5346 2745 5409 peccaret,
2778 5336 2871 5391 sed
2896 5342 2958 5388 ut
2991 5346 3091 5403 per
3123 5344 3248 5386 eam
3283 5329 3507 5400 pulchre
3531 5335 3587 5384 et
3612 5344 3698 5383 ra-

2129 5430 2458 5484 tionabiliter
2476 5427 2754 5484 Conditori
2779 5438 2878 5480 suo
2911 5421 3223 5488 inserviret,
3247 5428 3427 5476 tamen
3445 5459 3462 5488 ,
3501 5420 3557 5474 in
3586 5417 3698 5472 suis

1769 5542 2020 5598 VARIAE
2052 5543 2450 5602 LECTIONES.

513 5633 535 5665 ¹
566 5632 849 5706 Ajnluce.
926 5635 1015 5706 ’7A
1044 5645 1090 5690 et
1112 5637 1502 5706 oppositiones.
1542 5705 1559 5706 η
1580 5634 1601 5666 ⁸
1627 5635 1671 5688 Α
1710 5633 1854 5706 nullo
1885 5637 2158 5706 modoque.
2233 5638 2255 5668 ⁸
2285 5637 2369 5693 CF
2399 5639 2538 5691 intra
2578 5635 2813 5706 ordines.
2888 5641 2913 5674 ι
2946 5633 2990 5686 Α
3012 5631 3357 5706 ίρνέὶηιξεενη
3403 5627 3549 5706 '_CF“_
3577 5628 3698 5684 abs-

447 5719 551 5770 que
577 5702 704 5756 ulla.
781 5705 800 5735 '
831 5703 921 5759 Sic
945 5705 1063 5771 CF;
1095 5702 1414 5767 Acoaptan’.
1491 5706 1514 5738 ⁸
1539 5705 1646 5759 Pro
1672 5705 1809 5774 ([1on
1841 5721 1941 5759 non
1969 5704 2013 5758 A
2046 5702 2146 5760 non
2168 5709 2322 5762 enim.

2399 5707 2420 5736 ⁸
2449 5706 2540 5760 Sic
2560 5704 2675 5769 CF;
2706 5705 2749 5756 Α
2777 5706 2932 5758 ratio.
3008 5701 3052 5734 ¹⁰
3079 5701 3167 5757 Sic
3189 5701 3306 5768 CF;
3333 5699 3374 5754 A
3403 5698 3694 5770 duplisque.

453 5777 484 5805 ‘-‘
521 5774 608 5828 Sic
637 5775 751 5841 CF;
781 5777 824 5829 Α
850 5787 1030 5832 restat.
1106 5778 1146 5808 ¹²
1171 5779 1226 5830 in
1252 5792 1360 5831 om.
1389 5775 1454 5830 A.
1530 5775 1574 5807 ¹³
1605 5773 1694 5829 Sic
1728 5773 1841 5841 CF;
1876 5775 1920 5828 A
1953 5793 2056 5832 non
2078 5779 2290 5831 omnino
2335 5793 2454 5829 non.
