4168 6284
585 327 686 382 967

1947 324 2228 382 JOANNIS
2267 325 2462 383 SCOTl

3738 332 3853 396 968

586 445 708 498 licet
732 442 896 497 veluti
941 441 1151 510 captiva
1205 440 1664 496 irrationabilibus
1691 441 1925 495 motibus
1955 445 2020 496 ad
2061 441 2162 495 illi-
2187 447 2238 505 Α
2265 441 2523 505 volentes,
2551 441 2712 509 inque
2747 440 2984 496 tenebris
3025 451 3084 494 se
3121 439 3450 499 abscondere
3503 455 3847 520 appetentes,

582 532 690 586 cita
714 540 939 586 attracta
967 530 1056 593 sit,
1088 545 1197 584 non
1223 530 1346 584 inde
1382 531 1582 584 malum
1627 530 1891 594 nascitur,
1915 532 2009 585 sed
2063 530 2155 584 ali-

581 623 724 691 quod
780 620 1156 689 corrigendum
1207 621 1387 675 divina
1434 621 1641 690 justitia
1697 629 1753 674 et
1796 622 2156 676 revocandum

581 715 759 769 divina
805 713 1207 778 misericordia;
1225 713 1269 767 si
1296 713 1724 767 correctionibus
1746 713 1858 766 suis
1882 719 1939 766 et
1975 726 2156 766 emen-

581 803 886 858 dationibus
917 803 1121 871 liberae
1149 803 1446 858 voluntatis
1487 803 1770 857 arbitrium
1813 802 1978 858 fuerit
2023 803 2153 857 obe-

579 897 765 962 diens;
815 897 898 951 sin
937 910 1068 950 vero
1119 904 1414 951 contumax
1451 896 1807 966 superbiaque
1852 898 1869 927 ¹
1913 897 2153 951 inﬂatum

577 987 631 1039 in
662 985 776 1040 suis
800 986 1072 1056 perversis
1102 988 1338 1042 motibus
1361 1002 1717 1056 perseverare
1757 987 2021 1052 voluerit,
2061 989 2154 1041 im-

574 1086 730 1146 petus
755 1075 869 1144 ejus
912 1077 1229 1132 libidinosus
1253 1077 1590 1142 retinebitur,
1641 1094 1730 1142 ne,
1776 1079 1918 1146 quod
1970 1078 2154 1134 illicite

574 1169 798 1240 appetit,
826 1169 1210 1238 apprehendat.
1235 1171 1303 1224 Et
1330 1171 1433 1225 hoc
1455 1180 1538 1224 est
1567 1177 1758 1233 totum,
1785 1169 1927 1238 quod
1956 1170 2152 1224 dicitur

571 1258 773 1314 liberae
785 1270 883 1313 ac!
897 1275 1184 1329 perversae
1197 1261 1491 1315 voluntatis
1501 1261 1840 1330 supplicium,
1859 1261 1958 1315 hoc
1972 1260 2151 1325 est,ab

571 1348 774 1404 illicitis
798 1349 910 1404 suis
939 1349 1174 1404 motibus
1197 1351 1492 1419 prohiberi,
1522 1365 1589 1404 ne
1613 1351 1678 1404 ad
1714 1351 1873 1405 ﬁnem
1903 1366 2032 1405 suae
2052 1366 2147 1404 cu-

572 1441 815 1508 piditatis
846 1443 1018 1510 possit
1047 1443 1479 1512 pervenirc.Hoc
1502 1452 1679 1498 autem
1697 1444 1838 1508 dico,
1856 1459 1923 1497 ne
1950 1443 2149 1498 beatis-

569 1537 691 1592 simi
715 1537 954 1608 Dionysii
966 1538 1326 1609 Areopagitae
1341 1540 1648 1594 auctoritati
1668 1540 1924 1594 resistere
1938 1539 2145 1605 videar,

566 1631 658 1698 qui
689 1645 793 1684 non
816 1630 986 1686 solum
1009 1631 1063 1684 in
1088 1631 1265 1700 aliqua
1291 1639 1484 1686 natura
1501 1646 1592 1687 seu
1623 1631 1942 1696 substantia,
1959 1646 2146 1685 verum

565 1721 726 1774 etiam
780 1722 834 1776 in
875 1721 1036 1776 nullis
1077 1723 1536 1777 irrationabilibus
1559 1722 1896 1776 rationabilis
1921 1730 2145 1776 naturae

2257 548 2364 586 non
2393 531 2518 601 quid
2553 531 2597 562 ”
2620 533 2689 586 sit
2718 532 2829 596 lux,
2853 541 2908 586 et
2929 541 3190 602 quantum
3221 535 3367 590 utilis
3402 536 3473 589 sit
3501 539 3567 604 ‘5,
3597 542 3850 602 valentes

2257 641 2377 680 eam
2405 625 2709 694 perspicere
2735 617 3065 694 ignorantes,
3097 627 3191 682 sed
3220 627 3272 680 in
3301 627 3617 687 inﬁrmitate
3657 637 3847 692 oculo-

2257 733 2374 770 rum
2404 731 2622 770 suorum
2645 731 2862 770 causam
2883 715 3119 786 fugiendi
3150 733 3178 770 a
3208 717 3408 772 lumine
3429 722 3841 784 constituentes.

2255 806 2454 860 Eodem
2508 806 2668 861 modo
2709 815 2764 860 et
2813 806 2961 875 impii
2994 808 3046 859 in
3080 807 3356 877 suppliciis
3381 811 3585 867 detenti
3620 830 3842 874 causam

2254 897 2512 950 odiendae
2551 897 2792 950 veritatis
2833 896 3098 965 impietati
3145 913 3276 953 suae
3317 904 3679 971 reputabant,
3715 923 3842 965 sera

2255 987 2517 1040 inutiliter
2546 989 3233 1056 eompunctipoenitentia.
3262 990 3330 1044 Et
3355 992 3457 1047 hoc
3491 995 3650 1049 datur
3679 998 3840 1054 intel-

2254 1075 2342 1144 ligi
2370 1091 2438 1128 ex
2479 1076 2595 1142 ipso
2623 1076 2788 1130 divite
2819 1076 2873 1130 in
2911 1076 3126 1132 inferno
3159 1079 3204 1118 ³ο
3229 1094 3430 1148 poenas
3457 1085 3720 1153 patiente,
3745 1090 3838 1158 qui

2253 1164 2460 1218 elevans
2489 1163 2670 1217 oculos
2726 1182 2867 1229 suos,
2919 1165 3046 1220 dum
3099 1177 3226 1221 esset
3278 1169 3334 1221 in
3381 1176 3670 1240 tormentis,
3713 1179 3836 1232 uidit

2252 1252 2516 1306 Abraham
2542 1253 2760 1322 alonge,
2786 1264 2834 1306 et
2857 1252 3119 1308 Lazarum
3146 1256 3199 1309 in
3248 1258 3448 1312 sinibus
3501 1263 3635 1329 ejus.
3693 1266 3838 1320 Vidit

2251 1343 2417 1412 igitur
2442 1342 2712 1396 Abraham
2745 1351 2799 1398 et
2836 1343 3097 1398 Lazarum
3140 1347 3194 1399 in
3236 1347 3404 1418 gloria
3449 1351 3662 1408 divinae
3705 1371 3832 1410 con-

2254 1436 2638 1503 templationis,
2663 1438 2756 1490 sed
2788 1437 2953 1505 ipsius
2986 1437 3193 1507 gloriae
3241 1439 3696 1500 delectationibus
3725 1449 3837 1515 pri-

2251 1535 2405 1578 vatus
2463 1534 2606 1589 est,'
2637 1541 2862 1594 seraque
2911 1527 3239 1595 poenitentia
3291 1541 3645 1598 compunctus
3701 1537 3835 1605 petit

2248 1614 2538 1679 Abraham,
2572 1624 2634 1670 ut
2660 1617 2900 1670 mitteret
2923 1617 2988 1670 ad
3012 1633 3140 1672 suos
3186 1616 3400 1684 fratres,
3447 1636 3584 1690 quos
3632 1624 3685 1677 in
3730 1626 3833 1682 hac

2248 1707 2360 1761 vita
2397 1707 2707 1774 reliquerat,
2741 1722 2841 1772 ne,
2876 1706 3017 1760 sicut
3062 1708 3178 1776 ipse
3230 1709 3437 1762 vixerat
3467 1712 3537 1776 ‘7,
3568 1715 3828 1782 viverent,

566 1813 847 1868 affectibus
881 1814 1084 1868 malum
1111 1814 1240 1869 sinit
1283 1814 1531 1874 inveniri,
1563 1829 1655 1868 seu
1707 1814 1885 1883 aliqua
1935 1813 2136 1867 ratione

2249 1806 2303 1852 et
2323 1806 2382 1851 ut
2413 1805 2799 1852 tormentorum
2823 1796 2938 1851 loca
2965 1797 3284 1853 devitarent.
3311 1799 3452 1854 MAG.
3490 1799 3605 1856 Non
3619 1813 3682 1889 ,ιθ
3703 1821 3831 1876 ergo

565 1905 808 1958 concedi.
844 1903 1061 1960 Nullum
1089 1906 1232 1959 enim
1267 1903 1606 1960 rationabilis
1634 1913 1917 1958 creaturae
1956 1904 2149 1958 vitium

565 1993 850 2060 est,quod
895 2008 1002 2047 non
1053 1993 1108 2046 in
1161 1993 1340 2061 aliqua
1394 1993 1752 2046 irrationabili
1803 1992 2002 2045 bonum
2055 1993 2144 2057 sit,

565 2081 792 2149 ideoque
819 2081 960 2150 quod
993 2082 1195 2149 ubique
1225 2081 1554 2150 prohibitum
1587 2095 1694 2134 non
1735 2081 2027 2146 invenitur,
2055 2082 2147 2135 scd

564 2171 618 2224 in
643 2171 846 2238 aliquo,
870 2170 923 2223 in
950 2185 1044 2235 eo,
1070 2171 1125 2224 in
1154 2186 1262 2239 quo
1284 2171 1622 2240 prohibetur,
1652 2185 1758 2224 non
1795 2170 2020 2235 malum,
2052 2171 2147 2225 sed

563 2261 809 2316 illicitum
831 2262 1016 2316 vocari
1047 2271 1278 2332 oportet.
1319 2262 1385 2316 Et
1413 2272 1469 2316 ut
1508 2264 1573 2317 de
1604 2264 1705 2317 hac
1738 2264 1946 2316 ratione
1975 2278 2146 2332 pauca

562 2351 969 2406 introducamus
1010 2353 1276 2421 exempla,
1329 2353 1600 2422 superbia,
1635 2363 1693 2406 ut
1736 2353 1812 2405 ait
1855 2353 1916 2406 B.
1947 2352 2146 2423 Diony-

562 2444 676 2498 sius
700 2443 1098 2514 Gregoriusque
1135 2443 1460 2513 Theologus,
1482 2444 1536 2496 in
1559 2458 1699 2511 equo
1724 2444 1923 2498 bonum
1960 2452 2064 2507 est,
2089 2443 2142 2496 in

560 2537 780 2590 homine
806 2551 935 2590 vero
952 2535 1198 2590 illicitum
1225 2534 1841 2605 atque'iuconveniens.
1866 2533 2142 2588 Ferocitas

559 2627 612 2679 in
641 2626 796 2681 leone
824 2627 1024 2680 bonum
1054 2633 1153 2688 est,
1183 2635 1237 2680 et
1276 2625 1390 2679 sine
1417 2639 1523 2694 qua
1557 2624 1640 2679 leo
1669 2625 1776 2678 dici
1797 2641 1903 2680 non
1933 2633 2137 2694 potest;

557 2717 706 2771 mitis
725 2718 868 2772 enim
892 2717 975 2770 leo
995 2717 1079 2770 leo
1095 2715 1118 2747 ’⁵
1135 2731 1240 2770 non
1255 2724 1357 2780 est,
1375 2716 1587 2784 perdita
1599 2715 1857 2785 qualitate
1869 2716 2100 2770 naturali
2123 2729 2138 2770 :

557 2810 674 2880 ipsa
709 2819 892 2865 autem
924 2809 1179 2866 ferocitas
1204 2811 1257 2863 in
1285 2818 1476 2863 natura
1507 2809 1812 2862 rationabili
1843 2811 2032 2864 vitium
2055 2818 2138 2864 est

555 2913 610 2956 et
637 2902 1028 2956 inconcessum.
1069 2899 1338 2969 Spurcitia
1378 2915 1668 2971 porcorum
1710 2909 1794 2954 est
1837 2901 2134 2970 proprium,

555 2991 611 3044 in
641 2991 857 3046 homine
889 2991 1122 3045 alienum
1149 3009 1160 3043 :
1188 2999 1245 3045 et
1269 2991 1483 3054 similia,
1515 3005 1654 3059 quae
1683 2990 1806 3044 dum
1857 2991 1911 3043 in
1952 2991 2136 3046 bestiis

557 3085 993 3150 considerantur,
1015 3083 1281 3138 naturalia
1319 3084 1458 3138 bona
1487 3093 1646 3149 sunt,
1678 3085 1734 3138 in
1764 3085 1983 3137 homine
2009 3097 2136 3138 vero

2252 1896 2501 1942 moveant
2547 1886 2864 1941 stultissima
2891 1897 2945 1939 et
2973 1887 3262 1942 falsissima
3287 1891 3600 1946 mortalium
3620 1886 3828 1964 cogita-

2250 1982 2458 2036 tionum
2502 1981 2706 2053 judicia
2755 1982 3052 2050 inanesque
3103 1982 3418 2050 opiniones,
3469 1986 3660 2053 quibus
3709 1988 3828 2053 his,

2249 2087 2386 2140 quae
2443 2072 2543 2126 sibi
2595 2051 2736 2125 mala
2786 2081 2841 2126 et
2896 2073 3073 2142 turpia
3129 2073 3407 2138 videntur,
3443 2051 3730 2130 bonitatem
3772 2051 3830 2131 et

2247 2165 2704 2234 pulchritudinem
2729 2164 3130 2233 etaequitatcm
3157 2165 3524 2218 univcrsitatis
3561 2167 3727 2220 minui
3764 2178 3824 2221 et

2249 2262 2524 2328 corrumpi
2550 2260 2884 2323 existimant,
2906 2261 3234 2330 ignorantes,
3262 2259 3405 2328 quod
3451 2259 3499 2312 in
3539 2260 3814 2325 omnibus,

2245 2366 2384 2421 quae
2408 2352 2548 2404 intra
2578 2353 2987 2406 universitatem
3034 2350 3590 2419 comprehenduntur,
3615 2350 3821 2404 nullum

2244 2443 2464 2507 malum,
2493 2442 2576 2496 vel
2622 2450 2799 2511 turpe,
2849 2443 2932 2495 vel
2985 2441 3240 2510 iujustum
3295 2443 3582 2497 invenitur.
3640 2442 3825 2514 Neque

2244 2536 2386 2589 enim
2416 2536 2552 2589 haec
2577 2549 2785 2589 summa
2816 2532 3030 2588 bonitas
3055 2543 3109 2587 et
3139 2534 3483 2604 pulchritudo
3511 2545 3566 2588 et
3584 2537 3823 2605 aequitas

2245 2628 2514 2697 sapienter
2533 2629 2714 2681 omnia
2735 2627 3026 2696 disponens
3054 2627 3106 2680 in
3131 2627 3232 2688 his,
3251 2641 3389 2696 quae
3415 2635 3750 2697 suntetquae
3777 2626 3820 2658 ⁸⁸

2242 2734 2349 2774 non
2400 2728 2556 2785 sunt,
2605 2719 2722 2773 fieri
2764 2720 3050 2788 permittit,
3097 2733 3195 2773 nec
3223 2733 3459 2788 unquam
3493 2734 3817 2790 permissum

2241 2821 2344 2865 est.
2368 2811 2434 2864 Et
2460 2811 2506 2864 si
2535 2811 2655 2880 quis
2683 2809 2882 2865 dixerit
2909 2828 2921 2862 :
2947 2811 3088 2864 unde
3111 2811 3274 2880 igitur
3301 2813 3456 2876 haec,
3477 2828 3616 2883 quae
3636 2813 3816 2868 dicun-

2243 2910 2328 2955 tur
2354 2901 2494 2955 mala
2521 2909 2576 2955 et
2604 2901 2890 2956 inhonesta
2919 2910 2973 2958 et
2996 2900 3216 2970 injusta,
3241 2911 3296 2956 et
3319 2904 3448 2958 ubi?
3476 2903 3573 2958 Cui
3603 2919 3816 2972 respon-

2240 2993 2471 3048 dendum
2505 3011 2518 3046 :
2545 3007 2648 3047 non
2685 2992 2898 3046 aliunde
2920 3032 2935 3056 ,
2962 3007 3136 3061 neque
3163 2992 3308 3056 all-ibi,
3340 2994 3445 3047 nisi
3473 3010 3541 3048 ex
3571 2995 3815 3048 vanitati-

2239 3085 2340 3138 bus
2367 3085 2685 3150 vanitatum,
2714 3084 2874 3152 inque
2899 3082 3047 3138 falsis
3072 3085 3651 3154 argumentationibus,
3680 3067 3810 3156 quae

560 3175 646 3230 vel
674 3176 696 3206 ⁸
746 3175 936 3246 angelo
981 3174 1110 3228 vitia
1169 3183 1359 3230 contra
1405 3182 1652 3228 naturam
1700 3174 1991 3244 pugnantia
2013 3214 2028 3238 ,
2081 3174 2135 3227 in
2163 3142 2208 3206 Ω
2239 3173 2597 3244 finguntesse,
2615 3175 2755 3242 quod
2782 3173 2996 3241 penitus
3019 3142 3251 3237 nonvest,
3280 3142 3730 3243 blasphemantes,
3761 3185 3812 3229 et

557 3266 704 3321 nullo
749 3266 770 3297 ⁸
802 3277 982 3321 tamen
1020 3265 1184 3319 mala.
1229 3264 1382 3330 Quod
1436 3265 1612 3329 enim,
1662 3271 1722 3317 ut
1757 3263 2024 3330 diximus,
2079 3263 2135 3316 in

554 3367 670 3413 toto
699 3358 898 3412 malum
928 3372 1034 3411 non
1064 3364 1166 3419 est,
1198 3355 1400 3408 malum
1431 3354 1549 3408 ﬁeri
1586 3355 1638 3408 in
1679 3363 1833 3423 parte
1878 3370 1984 3408 non
2035 3369 2131 3422 po-

553 3458 684 3512 test,
716 3450 960 3516 quamvis
988 3447 1235 3499 videatur
1257 3459 1376 3498 esse
1399 3444 1662 3509 illicitum,
1691 3453 1854 3512 atque
1902 3460 2136 3514 purgan-

557 3540 683 3593 dum
721 3552 813 3592 seu
845 3536 1284 3591 refraenandum.
1308 3535 1452 3589 Nihil
1472 3550 1602 3605 ergo
1622 3533 1959 3603 relinquitur,
1991 3536 2133 3604 quod

552 3630 939 3702 plenitudinem
964 3638 1018 3682 et
1041 3627 1497 3696 pulchritudinem
1550 3627 1716 3682 totius
1763 3627 2134 3682 universitatis

551 3724 758 3776 minuat
787 3736 881 3775 seu
923 3722 943 3753 "
976 3721 1311 3785 dehonestet,
1335 3719 1447 3774 sive
1472 3719 1580 3784 hic,
1609 3719 1735 3773 dum
1769 3719 1944 3774 adhuc
1965 3718 2134 3773 sensi-

551 3814 675 3869 bilis
701 3813 933 3868 mundus
956 3827 1175 3868 cursum
1205 3827 1363 3866 suum
1393 3811 1624 3882 peragit,
1672 3810 1785 3865 sive
1831 3810 1960 3876 illic,
2004 3810 2130 3863 dum

550 3906 604 3958 in
642 3919 834 3959 causas
862 3918 988 3958 suas
1034 3916 1348 3957 reversurus
1391 3902 1461 3955 sit
1508 3901 1549 3965 ⁸,
1583 3901 1742 3970 inque
1789 3900 1870 3955 eis
1918 3899 2132 3970 quietus

553 3994 907 4064 permanebit.
936 3992 1043 4049 Sed
1070 3992 1172 4047 ista
1203 3992 1409 4046 theoria
1440 3990 1628 4059 paucis
1680 3999 1828 4044 recte
1868 3989 2129 4060 sapienti-

553 4091 651 4144 bus
680 4104 822 4144 nunc
867 4088 1173 4158 perspicua,
1219 4086 1272 4140 in
1322 4084 1502 4141 futuro
1552 4098 1681 4139 vero
1728 4084 1976 4138 omnibus
2025 4082 2130 4137 erit

549 4179 834 4250 patefacta,
866 4178 995 4234 dum
1022 4179 1225 4234 veritas
1250 4190 1347 4246 per
1391 4176 1574 4231 omnia
1612 4176 1667 4229 in
1710 4174 1960 4230 omnibus
2010 4173 2128 4227 elu-

548 4283 750 4340 eescet,
773 4289 911 4344 quae
950 4282 1269 4329 naturarum
1291 4273 1532 4328 omnium
1571 4280 1780 4327 secreta
1809 4271 2126 4325 incunctan-

544 4381 628 4426 ter
669 4373 873 4442 absque
921 4370 1029 4426 ulla
1077 4369 1306 4440 caligine
1359 4368 1586 4440 aperiet.
1637 4366 1754 4421 Non
1805 4368 1948 4421 enim
1997 4365 2126 4420 solis

2237 3275 2488 3336 putantes
2506 3282 2683 3330 omne,
2708 3268 2850 3337 quod
2873 3267 3171 3322 libidinosis
3191 3270 3301 3323 suis
3322 3268 3600 3325 affectibus
3617 3272 3807 3336 obstat,

2237 3371 2440 3426 eosque
2459 3357 2706 3426 prohibet
2739 3367 2898 3426 atque
2927 3356 3216 3422 refraenat,
3261 3358 3459 3412 malum
3505 3374 3644 3426 esse,
3689 3360 3808 3430 quia

2236 3449 2316 3502 eis
2345 3456 2520 3502 nocet.
2558 3446 2686 3503 Inde
2709 3456 2791 3502 est
2812 3489 2826 3513 ,
2855 3447 2998 3516 quod
3027 3449 3191 3502 etiam
3221 3449 3261 3479 ίθ
3290 3449 3503 3503 divi-nae
3527 3452 3809 3520 providen-

2238 3539 2344 3592 tiae
2367 3537 2884 3593 administrationem
2904 3539 3254 3609 redarguunt,
3274 3538 3530 3603 dicentes,
3549 3540 3804 3611 impetum

2235 3627 2437 3683 liberae
2480 3625 2770 3682 voluntatis
2807 3628 2860 3682 in
2893 3627 3074 3698 aliquo
3105 3629 3350 3697 impediri
3382 3628 3466 3682 vel
3495 3631 3698 3684 retrahi
3728 3631 3810 3683 vel

2234 3720 2475 3791 extingui
2515 3719 2712 3773 malum
2739 3735 2878 3785 esse,
2919 3721 3224 3790 ignorantes
3273 3719 3377 3773 hoc
3420 3728 3589 3773 totum
3636 3721 3700 3774 ad
3730 3721 3806 3774 di-

2233 3812 2390 3866 vinae
2447 3807 2704 3866 bonitatis
2759 3811 3054 3880 piissimam
3119 3808 3457 3879 clementiam
3516 3811 3804 3880 pertinere.

2232 3903 2432 3974 Optimi
2479 3904 2674 3974 quippe
2712 3904 3149 3973 serenissimique
3189 3902 3481 3958 conditoris
3517 3913 3620 3971 est,
3648 3907 3804 3970 bono,

2230 3994 2373 4063 quod
2403 3993 2559 4059 fecit,
2591 3994 2898 4063 providere,
2928 4008 2995 4047 ne
3021 4001 3227 4062 pereat,
3252 3995 3549 4066 inque‘suis
3577 3995 3806 4066 propriis

2229 4082 2544 4153 nociviSque
2567 4083 2801 4138 motibus
2832 4092 3137 4138 evanescat.
3196 4083 3329 4138 illud
3378 4099 3591 4154 quoque
3640 4083 3802 4139 veluti

2229 4174 2429 4229 malum
2473 4175 2526 4229 in
2566 4175 2805 4229 omnium
2847 4175 3407 4230 misericordissimum
3440 4176 3801 4231 ordinatorem

2229 4269 2537 4334 refundunt,
2585 4269 2778 4337 punire
2820 4270 2962 4338 quod
3008 4267 3165 4334 fecit,
3210 4270 3540 4338 garrientes,
3590 4273 3653 4324 ad
3703 4270 3802 4323 hoc

2227 4357 2424 4413 multos
2451 4357 2591 4412 Deus
2614 4357 2765 4424 fecit,
2800 4368 2860 4413 ut
2883 4371 2977 4414 eos
3005 4359 3241 4430 puniret,
3266 4374 3329 4414 eo
3348 4361 3508 4416 modo
3536 4361 3647 4416 irae
3677 4373 3801 4414 suae

537 4460 702 4529 justis
737 4463 758 4492 ’
802 4461 859 4515 in
917 4460 1020 4514 hac
1070 4462 1180 4514 vita
1223 4460 1547 4524 viventibus,
1575 4458 1968 4526 veritatemque
2016 4457 2120 4512 rite
2149 4485 2199 4544 Β
2225 4452 2369 4506 viam
2411 4451 2653 4507 invenire
2690 4451 2890 4516 volens,
2941 4467 3048 4506 non
3081 4453 3593 4518 animadvertentes,
3633 4452 3798 4506 Deum

547 4550 954 4620 quaerentibus,
988 4564 1175 4603 verum
1216 4549 1378 4603 etiam
1418 4548 1651 4619 injustis,
1679 4550 1968 4617 pravisque
2005 4547 2118 4602 suis

548 4639 790 4694 moribus
813 4638 1100 4706 corruptis,
1123 4637 1405 4706 lucemque
1427 4653 1610 4693 veram
1632 4638 1938 4693 odientibus
1955 4646 2010 4692 et
2035 4637 2119 4691 fu-

542 4728 812 4800 gientibus
828 4727 942 4795 ipsa
952 4725 1151 4778 veritas
1162 4739 1256 4793 per
1269 4726 1448 4778 omnia
1467 4725 1689 4795 fulgebit
1706 4726 1758 4777 in
1775 4726 1976 4780 futuro.
1993 4727 2119 4780 Om-

541 4835 640 4875 nes
655 4817 797 4873 enim
814 4817 1069 4872 videbunt
1083 4815 1306 4886 gloriam
1335 4815 1451 4869 Dei.
1472 4815 1579 4870 Nec
1597 4817 1792 4877 obstat,
1815 4819 1958 4886 quod
1979 4819 2116 4873 scri-

538 4920 692 4981 ptum
717 4917 838 4963 est:
867 4905 1100 4960 Tolletur
1128 4905 1171 4936 ¹⁰
1200 4905 1408 4975 impius,
1443 4921 1504 4958 ne
1529 4905 1696 4959 videat
1729 4905 1951 4976 gloriam
1999 4906 2115 4960 Dei.

548 4998 736 5052 Videat
757 5011 994 5067 namque
1015 4997 1252 5051 divinum
1279 4995 1551 5066 eloquiqu
1577 4996 1618 5027 “
1641 4997 1820 5066 posuit
1843 5012 1942 5067 pro
1967 4997 2118 5068 frua-

538 5106 648 5155 .ur,
666 5104 730 5144 ac
749 5089 796 5144 si
819 5089 1042 5154 diceret,
1069 5086 1280 5144 tolletur
1297 5087 1575 5158 “impius,
1604 5102 1673 5142 ne
1704 5086 1914 5143 fruatur
1943 5088 2113 5159 gloria

538 5182 655 5237 Dei.
713 5182 924 5238 Etenim
981 5181 1259 5236 oculorum
1316 5180 1655 5249 passionibus
1707 5189 1958 5251 gravatos
2005 5196 2110 5235 non

537 5279 657 5328 luce
681 5271 887 5341 perfrui
912 5271 1172 5336 videmus,
1210 5286 1430 5344 verum-
1454 5273 1619 5327 etiam
1669 5288 1812 5346 eam,
1837 5271 1880 5303 ¹³
1926 5270 2112 5341 fugere

2224 4543 2279 4596 in
2309 4541 2474 4607 nullo,
2503 4542 2644 4611 quod
2677 4541 2804 4596 fecit
2829 4541 3052 4611 punire;
3105 4543 3247 4610 quod
3292 4553 3473 4597 autem
3507 4557 3613 4596 non
3651 4541 3795 4604 fecit,

2225 4632 2403 4703 puniri
2430 4632 2712 4701 permittit.
2770 4631 2969 4701 Turpia
2996 4648 3209 4703 quoque
3235 4635 3623 4705 inhonestaque
3655 4634 3796 4686 facta

2227 4740 2324 4779 sua
2347 4724 2400 4778 in
2423 4723 2590 4778 Deum
2619 4722 2889 4790 referunt;
2925 4726 3074 4779 aiunt
3109 4727 3274 4792 enim,
3320 4728 3365 4781 si
3411 4729 3514 4782 hoc
3557 4726 3792 4780 Creatori

2225 4815 2462 4868 omnium
2518 4813 2868 4881 displiceret,
2913 4829 3253 4885 nequaquam
3306 4815 3418 4870 fieri
3470 4816 3521 4868 in
3564 4822 3786 4877 natura,
3839 4819 3843 4822 '

2225 4919 2385 4973 quam
2429 4903 2580 4971 fecit,
2625 4904 2844 4958 sineret.
2900 4905 3019 4960 Jam
3064 4921 3192 4961 vero
3230 4921 3334 4961 non
3367 4905 3533 4961 solum
3566 4903 3791 4973 pulchra

2221 5001 2276 5047 et
2305 4993 2548 5058 honesta,
2578 5009 2763 5047 verum
2798 4994 2960 5049 etiam
2996 4995 3280 5050 inhonesta
3325 5003 3377 5048 et
3419 4993 3594 5063 turpia
3643 5009 3794 5048 crea-

2221 5093 2374 5139 turae
2407 5100 2535 5139 suae
2562 5086 2772 5140 mixtim
2797 5084 2842 5115 ²⁰
2871 5086 3106 5142 inserere
3148 5087 3585 5157 praedestinavit,
3633 5094 3691 5139 ut
3725 5099 3792 5141 et

2218 5177 2303 5232 his
2348 5176 2590 5245 justitiae
2642 5174 3065 5231 manifestandae
3119 5180 3431 5232 occasiones
3480 5175 3789 5241 inveniret,

2220 5267 2443 5338 pulchre
2475 5269 2690 5338 quidem
2717 5269 3048 5336 honesteque
3087 5266 3243 5336 juxta
3287 5269 3500 5324 divinas
3539 5267 3681 5337 leges
3714 5267 3793 5319 vi-

1845 5379 2100 5435 VARIAE
2137 5378 2538 5436 LECTIONES.

606 5501 625 5530 ι
652 5499 698 5551 Α
718 5496 1140 5569 superbiaL-que
1159 5497 1294 5569 om.)
1368 5497 1388 5528 ¹
1406 5495 1450 5569 Α
1469 5506 1538 5569 et.
1567 5495 1632 5569 _'
1650 5495 1700 5569 ᾼ
1724 5503 1795 5550 et.
1873 5493 2001 5569 {leo
2028 5509 2136 5569 om.
2169 5494 2233 5569 A_.

1052 5564 1134 5631 ξΛ
1169 5564 1330 5635 jnsle.
1407 5566 1450 5596 ¹⁰
1485 5566 1531 5620 Λ
1563 5565 1820 5620 Tollatur.
1900 5564 1940 5594 “
1975 5565 2019 5616 A
2047 5564 2309 5635 eloquium
2350 5566 2465 5619 Dei.

2177 5638 2218 5670 ¹⁸
2240 5654 2372 5705 quae
2403 5651 2508 5691 oni.
2533 5635 2637 5690 CF.

539 5571 714 5624 luerit.
783 5565 811 5602 δ
843 5569 933 5622 Sic
953 5565 1037 5620 CF
1052 5565 1066 5631 ξ
1094 5570 1134 5620 Λ
1169 5565 1330 5636 jnsle.
1407 5566 1450 5596 ¹⁰
1485 5566 1531 5620 Λ
1563 5565 1820 5620 Tollatur.

542 5638 584 5704 ξ’
611 5639 675 5686 sit
705 5653 812 5690 om.
832 5637 894 5688 Α.
975 5636 1018 5666 ¹⁶
1047 5637 1100 5687 in
1126 5638 1328 5704 inferno
1347 5653 1454 5692 om.
1474 5637 1536 5690 A.
1618 5637 1657 5669 ³⁷
1689 5637 1884 5690 vixerat
1907 5636 2096 5689 OHLA.

541 5703 687 5754 "'Sit
737 5706 851 5764 Cl":
897 5707 937 5757 Α
980 5703 1216 5759 mixtum.

2311 5500 2330 5531 ⁵
2350 5495 2387 5548 Α
2411 5506 2477 5550 et.
2555 5495 2577 5527 ⁸
2600 5495 2651 5549 in
2677 5494 2884 5549 nulla.‘
2919 5496 2940 5528 τ
2969 5495 3008 5549 Α
3031 5495 3133 5550 vel.
3214 5493 3232 5525 ⁸
3253 5494 3472 5562 SicCF;
3497 5494 3535 5546 A
3561 5509 3788 5549 reversus

2541 5567 2584 5596 “
2606 5565 2651 5619 A
2679 5565 2916 5620 tollatur.
2993 5568 3036 5605 ¹³
3061 5583 3176 5619 eam
3201 5581 3310 5619 om.
3329 5567 3396 5622 A.
3484 5564 3526 5595 "‘
3556 5564 3599 5617 A
3627 5565 3784 5634 quod.

2715 5637 2756 5668 ¹⁰
2783 5635 2873 5691 Sic
2899 5636 3017 5702 CF,
3046 5637 3091 5690 A
3127 5636 3262 5691 Inde
3297 5637 3454 5693 etiam
3493 5645 3589 5702 est,
3627 5635 3783 5703 quam.
