  <div class='ocr_page' id='page_1' title='image "/cluster/home/n/w/nwhite01/storage/ocr_20150623/122/pst.000018028355/523.png"; bbox 0 0 4168 6284; ppageno 0'>
   <div class='ocr_carea' id='block_1_1' title="bbox 529 400 3793 471">
    <p class='ocr_par' dir='ltr' id='par_1_1' title="bbox 529 400 3793 471">
     <span class='ocr_line' id='line_1_1' title="bbox 529 400 3793 471; baseline -0.002 -9"><span class='ocrx_word' id='word_1_1' title='bbox 529 402 629 463; x_wconf 72' lang='grc'><strong>971</strong></span> <span class='ocrx_word' id='word_1_2' title='bbox 1901 400 2180 460; x_wconf 78' lang='lat' dir='ltr'><strong>JOANNIS</strong></span> <span class='ocrx_word' id='word_1_3' title='bbox 2218 400 2412 461; x_wconf 86' lang='lat' dir='ltr'><strong>SCOTl</strong></span> <span class='ocrx_word' id='word_1_4' title='bbox 3681 415 3793 471; x_wconf 63' lang='lat'><strong>972</strong></span> 
     </span>
    </p>
   </div>
   <div class='ocr_carea' id='block_1_2' title="bbox 533 518 3791 594">
    <p class='ocr_par' dir='ltr' id='par_1_2' title="bbox 533 518 3791 594">
     <span class='ocr_line' id='line_1_2' title="bbox 533 518 3791 594; baseline 0.003 -18"><span class='ocrx_word' id='word_1_5' title='bbox 533 521 642 588; x_wconf 86' lang='lat' dir='ltr'><strong>ria,</strong></span> <span class='ocrx_word' id='word_1_6' title='bbox 662 522 878 593; x_wconf 84' lang='lat' dir='ltr'><strong>quando</strong></span> <span class='ocrx_word' id='word_1_7' title='bbox 906 519 1037 574; x_wconf 84' lang='lat' dir='ltr'><strong>nihil</strong></span> <span class='ocrx_word' id='word_1_8' title='bbox 1064 518 1169 574; x_wconf 91' lang='lat' dir='ltr'><strong>erit</strong></span> <span class='ocrx_word' id='word_1_9' title='bbox 1192 518 1520 590; x_wconf 74' lang='lat' dir='ltr'><strong>temporale?</strong></span> <span class='ocrx_word' id='word_1_10' title='bbox 1545 518 1825 586; x_wconf 81' lang='lat' dir='ltr'><strong>Quomodo</strong></span> <span class='ocrx_word' id='word_1_11' title='bbox 1852 519 1991 584; x_wconf 91' lang='lat' dir='ltr'><strong>loca,</strong></span> <span class='ocrx_word' id='word_1_12' title='bbox 2019 520 2108 575; x_wconf 92' lang='lat' dir='ltr'><strong>ubi</strong></span> <span class='ocrx_word' id='word_1_13' title='bbox 2137 521 2187 579; x_wconf 83' lang='lat' dir='ltr'><strong>A</strong></span> <span class='ocrx_word' id='word_1_14' title='bbox 2215 522 2296 575; x_wconf 92' lang='lat' dir='ltr'><strong>nis</strong></span> <span class='ocrx_word' id='word_1_15' title='bbox 2343 536 2435 575; x_wconf 89' lang='lat' dir='ltr'><strong>seu</strong></span> <span class='ocrx_word' id='word_1_16' title='bbox 2486 522 2845 578; x_wconf 87' lang='lat' dir='ltr'><strong>inhonestatis</strong></span> <span class='ocrx_word' id='word_1_17' title='bbox 2890 522 3275 594; x_wconf 79' lang='lat' dir='ltr'><strong>pulchritudini</strong></span> <span class='ocrx_word' id='word_1_18' title='bbox 3301 524 3435 581; x_wconf 91' lang='lat' dir='ltr'><strong>lucis</strong></span> <span class='ocrx_word' id='word_1_19' title='bbox 3466 527 3791 585; x_wconf 78' lang='lat' dir='ltr'><strong>inferentes.</strong></span> 
     </span>
    </p>
   </div>
   <div class='ocr_carea' id='block_1_3' title="bbox 535 610 3794 689">
    <p class='ocr_par' dir='ltr' id='par_1_3' title="bbox 535 610 3794 689">
     <span class='ocr_line' id='line_1_3' title="bbox 535 610 3794 689; baseline 0.003 -22"><span class='ocrx_word' id='word_1_20' title='bbox 535 611 669 667; x_wconf 90' lang='lat' dir='ltr'><strong>nihil</strong></span> <span class='ocrx_word' id='word_1_21' title='bbox 692 611 901 668; x_wconf 76' lang='lat' dir='ltr'><strong>locale?</strong></span> <span class='ocrx_word' id='word_1_22' title='bbox 930 610 998 665; x_wconf 83' lang='lat' dir='ltr'><strong>Et</strong></span> <span class='ocrx_word' id='word_1_23' title='bbox 1033 612 1167 665; x_wconf 88' lang='lat' dir='ltr'><strong>haec</strong></span> <span class='ocrx_word' id='word_1_24' title='bbox 1195 618 1277 665; x_wconf 89' lang='lat' dir='ltr'><strong>est</strong></span> <span class='ocrx_word' id='word_1_25' title='bbox 1316 610 1455 666; x_wconf 92' lang='lat' dir='ltr'><strong>ratio</strong></span> <span class='ocrx_word' id='word_1_26' title='bbox 1477 651 1492 675; x_wconf 95' lang='lat'><strong>,</strong></span> <span class='ocrx_word' id='word_1_27' title='bbox 1523 627 1664 682; x_wconf 89' lang='lat' dir='ltr'><strong>quae</strong></span> <span class='ocrx_word' id='word_1_28' title='bbox 1699 611 1903 667; x_wconf 90' lang='lat' dir='ltr'><strong>nullum</strong></span> <span class='ocrx_word' id='word_1_29' title='bbox 1935 612 2110 667; x_wconf 92' lang='lat' dir='ltr'><strong>locum</strong></span> <span class='ocrx_word' id='word_1_30' title='bbox 2214 610 2345 669; x_wconf 80' lang='lat' dir='ltr'><strong>Vide</strong></span> <span class='ocrx_word' id='word_1_31' title='bbox 2369 624 2626 686; x_wconf 88' lang='lat' dir='ltr'><strong>quantum</strong></span> <span class='ocrx_word' id='word_1_32' title='bbox 2651 613 2954 670; x_wconf 80' lang='lat' dir='ltr'><strong>ornamenti</strong></span> <span class='ocrx_word' id='word_1_33' title='bbox 2979 612 3260 687; x_wconf 85' lang='lat' dir='ltr'><strong>laudisque</strong></span> <span class='ocrx_word' id='word_1_34' title='bbox 3278 616 3643 689; x_wconf 87' lang='lat' dir='ltr'><strong>perfectarum</strong></span> <span class='ocrx_word' id='word_1_35' title='bbox 3672 614 3794 676; x_wconf 50' lang='lat' dir='ltr'><strong>ani;</strong></span> 
     </span>
    </p>
   </div>
   <div class='ocr_carea' id='block_1_4' title="bbox 537 700 3795 776">
    <p class='ocr_par' dir='ltr' id='par_1_4' title="bbox 537 700 3795 776">
     <span class='ocr_line' id='line_1_4' title="bbox 537 700 3795 776; baseline 0.003 -19"><span class='ocrx_word' id='word_1_36' title='bbox 537 701 843 757; x_wconf 87' lang='lat' dir='ltr'><strong>sensibilem</strong></span> <span class='ocrx_word' id='word_1_37' title='bbox 880 709 937 755; x_wconf 91' lang='lat' dir='ltr'><strong>et</strong></span> <span class='ocrx_word' id='word_1_38' title='bbox 978 700 1310 771; x_wconf 81' lang='lat' dir='ltr'><strong>corporalem</strong></span> <span class='ocrx_word' id='word_1_39' title='bbox 1360 700 1413 755; x_wconf 92' lang='lat' dir='ltr'><strong>in</strong></span> <span class='ocrx_word' id='word_1_40' title='bbox 1452 708 1643 757; x_wconf 88' lang='lat' dir='ltr'><strong>natura</strong></span> <span class='ocrx_word' id='word_1_41' title='bbox 1686 718 1867 758; x_wconf 89' lang='lat' dir='ltr'><strong>rerum</strong></span> <span class='ocrx_word' id='word_1_42' title='bbox 1902 702 2114 758; x_wconf 88' lang='lat' dir='ltr'><strong>inferno</strong></span> <span class='ocrx_word' id='word_1_43' title='bbox 2213 721 2421 759; x_wconf 86' lang='lat' dir='ltr'><strong>marum</strong></span> <span class='ocrx_word' id='word_1_44' title='bbox 2470 705 2757 761; x_wconf 76' lang='lat' dir='ltr'><strong>virtutibus</strong></span> <span class='ocrx_word' id='word_1_45' title='bbox 2790 715 3154 776; x_wconf 86' lang='lat' dir='ltr'><strong>comparatur,</strong></span> <span class='ocrx_word' id='word_1_46' title='bbox 3202 707 3328 763; x_wconf 91' lang='lat' dir='ltr'><strong>dum</strong></span> <span class='ocrx_word' id='word_1_47' title='bbox 3366 708 3510 763; x_wconf 90' lang='lat' dir='ltr'><strong>intra</strong></span> <span class='ocrx_word' id='word_1_48' title='bbox 3552 723 3612 767; x_wconf 85' lang='lat' dir='ltr'><strong>se</strong></span> <span class='ocrx_word' id='word_1_49' title='bbox 3660 711 3795 766; x_wconf 85' lang='lat' dir='ltr'><strong>vitia</strong></span> 
     </span>
    </p>
   </div>
   <div class='ocr_carea' id='block_1_5' title="bbox 535 790 2112 865">
    <p class='ocr_par' dir='ltr' id='par_1_5' title="bbox 535 790 2112 865">
     <span class='ocr_line' id='line_1_5' title="bbox 535 790 2112 865; baseline 0.002 -20"><span class='ocrx_word' id='word_1_50' title='bbox 535 790 820 862; x_wconf 84' lang='lat' dir='ltr'><strong>permittit,</strong></span> <span class='ocrx_word' id='word_1_51' title='bbox 866 802 1137 860; x_wconf 75' lang='lat' dir='ltr'><strong>vanusque</strong></span> <span class='ocrx_word' id='word_1_52' title='bbox 1185 791 1466 862; x_wconf 78' lang='lat' dir='ltr'><strong>opiniones</strong></span> <span class='ocrx_word' id='word_1_53' title='bbox 1504 806 1692 847; x_wconf 82' lang='lat' dir='ltr'><strong>eorum</strong></span> <span class='ocrx_word' id='word_1_54' title='bbox 1734 794 1983 860; x_wconf 84' lang='lat' dir='ltr'><strong>destruit,</strong></span> <span class='ocrx_word' id='word_1_55' title='bbox 2021 794 2112 865; x_wconf 90' lang='lat' dir='ltr'><strong>qui</strong></span> 
     </span>
    </p>
   </div>
   <div class='ocr_carea' id='block_1_6' title="bbox 539 882 2112 960">
    <p class='ocr_par' dir='ltr' id='par_1_6' title="bbox 539 882 2112 960">
     <span class='ocr_line' id='line_1_6' title="bbox 539 882 2112 960; baseline 0.004 -22"><span class='ocrx_word' id='word_1_56' title='bbox 539 883 810 939; x_wconf 81' lang='lat' dir='ltr'><strong>infernum</strong></span> <span class='ocrx_word' id='word_1_57' title='bbox 844 882 932 938; x_wconf 89' lang='lat' dir='ltr'><strong>vel</strong></span> <span class='ocrx_word' id='word_1_58' title='bbox 972 885 1072 939; x_wconf 85' lang='lat' dir='ltr'><strong>sub</strong></span> <span class='ocrx_word' id='word_1_59' title='bbox 1106 885 1289 949; x_wconf 87' lang='lat' dir='ltr'><strong>terris,</strong></span> <span class='ocrx_word' id='word_1_60' title='bbox 1335 884 1418 940; x_wconf 86' lang='lat' dir='ltr'><strong>vel</strong></span> <span class='ocrx_word' id='word_1_61' title='bbox 1463 895 1731 942; x_wconf 89' lang='lat' dir='ltr'><strong>terrarum</strong></span> <span class='ocrx_word' id='word_1_62' title='bbox 1781 888 1835 942; x_wconf 90' lang='lat' dir='ltr'><strong>in</strong></span> <span class='ocrx_word' id='word_1_63' title='bbox 1884 892 2112 960; x_wconf 86' lang='lat' dir='ltr'><strong>gremio,</strong></span> 
     </span>
    </p>
   </div>
   <div class='ocr_carea' id='block_1_7' title="bbox 538 977 2117 1048">
    <p class='ocr_par' dir='ltr' id='par_1_7' title="bbox 538 977 2117 1048">
     <span class='ocr_line' id='line_1_7' title="bbox 538 977 2117 1048; baseline -0.001 -12"><span class='ocrx_word' id='word_1_64' title='bbox 538 980 622 1036; x_wconf 86' lang='lat' dir='ltr'><strong>vel</strong></span> <span class='ocrx_word' id='word_1_65' title='bbox 655 977 853 1034; x_wconf 82' lang='lat' dir='ltr'><strong>alicubi</strong></span> <span class='ocrx_word' id='word_1_66' title='bbox 879 977 1024 1033; x_wconf 90' lang='lat' dir='ltr'><strong>circa</strong></span> <span class='ocrx_word' id='word_1_67' title='bbox 1049 985 1249 1032; x_wconf 88' lang='lat' dir='ltr'><strong>terram</strong></span> <span class='ocrx_word' id='word_1_68' title='bbox 1286 977 1304 1008; x_wconf 86' lang='grc'>¹</span> <span class='ocrx_word' id='word_1_69' title='bbox 1334 977 1614 1034; x_wconf 88' lang='lat' dir='ltr'><strong>fallacibus</strong></span> <span class='ocrx_word' id='word_1_70' title='bbox 1638 980 1749 1033; x_wconf 85' lang='lat' dir='ltr'><strong>suis</strong></span> <span class='ocrx_word' id='word_1_71' title='bbox 1779 980 2117 1048; x_wconf 86' lang='lat' dir='ltr'><strong>cogitationi-</strong></span> 
     </span>
    </p>
   </div>
   <div class='ocr_carea' id='block_1_8' title="bbox 537 1067 2117 1139">
    <p class='ocr_par' dir='ltr' id='par_1_8' title="bbox 537 1067 2117 1139">
     <span class='ocr_line' id='line_1_8' title="bbox 537 1067 2117 1139; baseline -0.003 -11"><span class='ocrx_word' id='word_1_72' title='bbox 537 1071 642 1129; x_wconf 88' lang='lat' dir='ltr'><strong>bus</strong></span> <span class='ocrx_word' id='word_1_73' title='bbox 684 1078 982 1135; x_wconf 88' lang='lat' dir='ltr'><strong>autumant,</strong></span> <span class='ocrx_word' id='word_1_74' title='bbox 1032 1069 1360 1139; x_wconf 77' lang='lat' dir='ltr'><strong>ignorantes,</strong></span> <span class='ocrx_word' id='word_1_75' title='bbox 1399 1068 1542 1137; x_wconf 92' lang='lat' dir='ltr'><strong>quod</strong></span> <span class='ocrx_word' id='word_1_76' title='bbox 1571 1067 1685 1137; x_wconf 90' lang='lat' dir='ltr'><strong>ipsa</strong></span> <span class='ocrx_word' id='word_1_77' title='bbox 1735 1075 1899 1133; x_wconf 87' lang='lat' dir='ltr'><strong>terra,</strong></span> <span class='ocrx_word' id='word_1_78' title='bbox 1928 1071 2117 1123; x_wconf 82' lang='lat' dir='ltr'><strong>subtus</strong></span> 
     </span>
    </p>
   </div>
   <div class='ocr_carea' id='block_1_9' title="bbox 540 1160 2119 1237">
    <p class='ocr_par' dir='ltr' id='par_1_9' title="bbox 540 1160 2119 1237">
     <span class='ocr_line' id='line_1_9' title="bbox 540 1160 2119 1237; baseline -0.002 -16"><span class='ocrx_word' id='word_1_79' title='bbox 540 1181 720 1237; x_wconf 90' lang='lat' dir='ltr'><strong>quam,</strong></span> <span class='ocrx_word' id='word_1_80' title='bbox 753 1166 837 1220; x_wconf 88' lang='lat' dir='ltr'><strong>vel</strong></span> <span class='ocrx_word' id='word_1_81' title='bbox 869 1164 1014 1219; x_wconf 92' lang='lat' dir='ltr'><strong>intra</strong></span> <span class='ocrx_word' id='word_1_82' title='bbox 1034 1176 1193 1232; x_wconf 88' lang='lat' dir='ltr'><strong>quam</strong></span> <span class='ocrx_word' id='word_1_83' title='bbox 1220 1160 1492 1217; x_wconf 90' lang='lat' dir='ltr'><strong>infernum</strong></span> <span class='ocrx_word' id='word_1_84' title='bbox 1521 1161 1874 1225; x_wconf 89' lang='lat' dir='ltr'><strong>constituunt,</strong></span> <span class='ocrx_word' id='word_1_85' title='bbox 1905 1162 2119 1230; x_wconf 84' lang='lat' dir='ltr'><strong>penitus</strong></span> 
     </span>
    </p>
   </div>
   <div class='ocr_carea' id='block_1_10' title="bbox 542 1250 2119 1328">
    <p class='ocr_par' dir='ltr' id='par_1_10' title="bbox 542 1250 2119 1328">
     <span class='ocr_line' id='line_1_10' title="bbox 542 1250 2119 1328; baseline -0.005 -14"><span class='ocrx_word' id='word_1_86' title='bbox 542 1260 613 1315; x_wconf 88' lang='lat' dir='ltr'><strong>sit</strong></span> <span class='ocrx_word' id='word_1_87' title='bbox 637 1257 898 1328; x_wconf 89' lang='lat' dir='ltr'><strong>peritura.</strong></span> <span class='ocrx_word' id='word_1_88' title='bbox 945 1254 1003 1310; x_wconf 90' lang='lat' dir='ltr'><strong>Si</strong></span> <span class='ocrx_word' id='word_1_89' title='bbox 1035 1263 1212 1308; x_wconf 90' lang='lat' dir='ltr'><strong>autem</strong></span> <span class='ocrx_word' id='word_1_90' title='bbox 1251 1260 1393 1307; x_wconf 90' lang='lat' dir='ltr'><strong>terra</strong></span> <span class='ocrx_word' id='word_1_91' title='bbox 1434 1251 1665 1323; x_wconf 87' lang='lat' dir='ltr'><strong>peribit,</strong></span> <span class='ocrx_word' id='word_1_92' title='bbox 1708 1252 1948 1321; x_wconf 86' lang='lat' dir='ltr'><strong>profecto</strong></span> <span class='ocrx_word' id='word_1_93' title='bbox 1986 1250 2119 1306; x_wconf 87' lang='lat' dir='ltr'><strong>nihil</strong></span> 
     </span>
    </p>
   </div>
   <div class='ocr_carea' id='block_1_11' title="bbox 543 1340 2119 1418">
    <p class='ocr_par' dir='ltr' id='par_1_11' title="bbox 543 1340 2119 1418">
     <span class='ocr_line' id='line_1_11' title="bbox 543 1340 2119 1418; baseline -0.006 -14"><span class='ocrx_word' id='word_1_94' title='bbox 543 1348 646 1405; x_wconf 86' lang='lat' dir='ltr'><strong>sub</strong></span> <span class='ocrx_word' id='word_1_95' title='bbox 668 1349 784 1418; x_wconf 90' lang='lat' dir='ltr'><strong>ipsa</strong></span> <span class='ocrx_word' id='word_1_96' title='bbox 819 1354 874 1401; x_wconf 91' lang='lat' dir='ltr'><strong>et</strong></span> <span class='ocrx_word' id='word_1_97' title='bbox 908 1346 962 1400; x_wconf 92' lang='lat' dir='ltr'><strong>in</strong></span> <span class='ocrx_word' id='word_1_98' title='bbox 1008 1345 1156 1416; x_wconf 89' lang='lat' dir='ltr'><strong>ipsa,</strong></span> <span class='ocrx_word' id='word_1_99' title='bbox 1190 1343 1332 1414; x_wconf 93' lang='lat' dir='ltr'><strong>quod</strong></span> <span class='ocrx_word' id='word_1_100' title='bbox 1373 1342 1569 1397; x_wconf 87' lang='lat' dir='ltr'><strong>inferni</strong></span> <span class='ocrx_word' id='word_1_101' title='bbox 1601 1340 1860 1396; x_wconf 89' lang='lat' dir='ltr'><strong>vocabulo</strong></span> <span class='ocrx_word' id='word_1_102' title='bbox 1899 1342 2119 1413; x_wconf 89' lang='lat' dir='ltr'><strong>dignum</strong></span> 
     </span>
    </p>
   </div>
   <div class='ocr_carea' id='block_1_12' title="bbox 541 1431 2123 1509">
    <p class='ocr_par' dir='ltr' id='par_1_12' title="bbox 541 1431 2123 1509">
     <span class='ocr_line' id='line_1_12' title="bbox 541 1431 2123 1509; baseline -0.008 -10"><span class='ocrx_word' id='word_1_103' title='bbox 541 1442 636 1508; x_wconf 81' lang='lat' dir='ltr'><strong>sit,</strong></span> <span class='ocrx_word' id='word_1_104' title='bbox 670 1440 1019 1509; x_wconf 83' lang='lat' dir='ltr'><strong>relinquetur,</strong></span> <span class='ocrx_word' id='word_1_105' title='bbox 1049 1452 1111 1492; x_wconf 88' lang='lat' dir='ltr'><strong>ac</strong></span> <span class='ocrx_word' id='word_1_106' title='bbox 1137 1448 1233 1506; x_wconf 89' lang='lat' dir='ltr'><strong>per</strong></span> <span class='ocrx_word' id='word_1_107' title='bbox 1268 1435 1371 1489; x_wconf 88' lang='lat' dir='ltr'><strong>hoc</strong></span> <span class='ocrx_word' id='word_1_108' title='bbox 1400 1433 1575 1488; x_wconf 89' lang='lat' dir='ltr'><strong>nullus</strong></span> <span class='ocrx_word' id='word_1_109' title='bbox 1609 1431 1759 1487; x_wconf 87' lang='lat' dir='ltr'><strong>locus</strong></span> <span class='ocrx_word' id='word_1_110' title='bbox 1788 1433 1926 1487; x_wconf 89' lang='lat' dir='ltr'><strong>intra</strong></span> <span class='ocrx_word' id='word_1_111' title='bbox 1953 1434 2123 1487; x_wconf 55' lang='lat' dir='ltr'><strong>sensia</strong></span> 
     </span>
    </p>
   </div>
   <div class='ocr_carea' id='block_1_13' title="bbox 541 1524 2123 1603">
    <p class='ocr_par' dir='ltr' id='par_1_13' title="bbox 541 1524 2123 1603">
     <span class='ocr_line' id='line_1_13' title="bbox 541 1524 2123 1603; baseline -0.008 -13"><span class='ocrx_word' id='word_1_112' title='bbox 541 1531 703 1590; x_wconf 90' lang='lat' dir='ltr'><strong>bilem</strong></span> <span class='ocrx_word' id='word_1_113' title='bbox 724 1532 1164 1603; x_wconf 89' lang='lat' dir='ltr'><strong>corporalemque</strong></span> <span class='ocrx_word' id='word_1_114' title='bbox 1185 1537 1488 1584; x_wconf 86' lang='lat' dir='ltr'><strong>creaturam</strong></span> <span class='ocrx_word' id='word_1_115' title='bbox 1516 1524 1728 1580; x_wconf 90' lang='lat' dir='ltr'><strong>inferno</strong></span> <span class='ocrx_word' id='word_1_116' title='bbox 1747 1525 1923 1590; x_wconf 88' lang='lat' dir='ltr'><strong>datur,</strong></span> <span class='ocrx_word' id='word_1_117' title='bbox 1948 1539 2123 1595; x_wconf 90' lang='lat' dir='ltr'><strong>neque</strong></span> 
     </span>
    </p>
   </div>
   <div class='ocr_carea' id='block_1_14' title="bbox 544 1616 2124 1693">
    <p class='ocr_par' dir='ltr' id='par_1_14' title="bbox 544 1616 2124 1693">
     <span class='ocr_line' id='line_1_14' title="bbox 544 1616 2124 1693; baseline -0.007 -13"><span class='ocrx_word' id='word_1_118' title='bbox 544 1633 768 1680; x_wconf 89' lang='lat' dir='ltr'><strong>aeterno</strong></span> <span class='ocrx_word' id='word_1_119' title='bbox 794 1623 925 1693; x_wconf 85' lang='lat' dir='ltr'><strong>igni,</strong></span> <span class='ocrx_word' id='word_1_120' title='bbox 951 1620 1004 1675; x_wconf 90' lang='lat' dir='ltr'><strong>in</strong></span> <span class='ocrx_word' id='word_1_121' title='bbox 1026 1636 1133 1690; x_wconf 94' lang='lat' dir='ltr'><strong>quo</strong></span> <span class='ocrx_word' id='word_1_122' title='bbox 1163 1619 1309 1689; x_wconf 90' lang='lat' dir='ltr'><strong>impii</strong></span> <span class='ocrx_word' id='word_1_123' title='bbox 1338 1619 1619 1683; x_wconf 88' lang='lat' dir='ltr'><strong>ardebunt,</strong></span> <span class='ocrx_word' id='word_1_124' title='bbox 1649 1631 1823 1686; x_wconf 91' lang='lat' dir='ltr'><strong>neque</strong></span> <span class='ocrx_word' id='word_1_125' title='bbox 1851 1616 2124 1671; x_wconf 87' lang='lat' dir='ltr'><strong>vermibus</strong></span> 
     </span>
    </p>
   </div>
   <div class='ocr_carea' id='block_1_15' title="bbox 544 1709 2122 1785">
    <p class='ocr_par' dir='ltr' id='par_1_15' title="bbox 544 1709 2122 1785">
     <span class='ocr_line' id='line_1_15' title="bbox 544 1709 2122 1785; baseline -0.008 -14"><span class='ocrx_word' id='word_1_126' title='bbox 544 1729 816 1785; x_wconf 88' lang='lat' dir='ltr'><strong>nunquam</strong></span> <span class='ocrx_word' id='word_1_127' title='bbox 844 1711 1140 1767; x_wconf 88' lang='lat' dir='ltr'><strong>morituris.</strong></span> <span class='ocrx_word' id='word_1_128' title='bbox 1170 1709 1315 1763; x_wconf 85' lang='lat' dir='ltr'><strong>Haec</strong></span> <span class='ocrx_word' id='word_1_129' title='bbox 1343 1709 1486 1762; x_wconf 88' lang='lat' dir='ltr'><strong>enim</strong></span> <span class='ocrx_word' id='word_1_130' title='bbox 1518 1709 1697 1763; x_wconf 87' lang='lat' dir='ltr'><strong>omnia</strong></span> <span class='ocrx_word' id='word_1_131' title='bbox 1732 1714 2122 1762; x_wconf 85' lang='lat' dir='ltr'><strong>tormentorum</strong></span> 
     </span>
    </p>
   </div>
   <div class='ocr_carea' id='block_1_16' title="bbox 542 1799 2125 1875">
    <p class='ocr_par' dir='ltr' id='par_1_16' title="bbox 542 1799 2125 1875">
     <span class='ocr_line' id='line_1_16' title="bbox 542 1799 2125 1875; baseline -0.008 -13"><span class='ocrx_word' id='word_1_132' title='bbox 542 1806 762 1861; x_wconf 90' lang='lat' dir='ltr'><strong>nomina</strong></span> <span class='ocrx_word' id='word_1_133' title='bbox 789 1804 1016 1875; x_wconf 88' lang='lat' dir='ltr'><strong>figurate</strong></span> <span class='ocrx_word' id='word_1_134' title='bbox 1057 1803 1109 1856; x_wconf 91' lang='lat' dir='ltr'><strong>in</strong></span> <span class='ocrx_word' id='word_1_135' title='bbox 1141 1816 1292 1856; x_wconf 89' lang='lat' dir='ltr'><strong>sacra</strong></span> <span class='ocrx_word' id='word_1_136' title='bbox 1321 1799 1599 1869; x_wconf 82' lang='lat' dir='ltr'><strong>Scriptura</strong></span> <span class='ocrx_word' id='word_1_137' title='bbox 1628 1799 1801 1869; x_wconf 86' lang='lat' dir='ltr'><strong>posita</strong></span> <span class='ocrx_word' id='word_1_138' title='bbox 1834 1807 1974 1861; x_wconf 89' lang='lat' dir='ltr'><strong>sunt,</strong></span> <span class='ocrx_word' id='word_1_139' title='bbox 2002 1813 2125 1851; x_wconf 85' lang='lat' dir='ltr'><strong>san-</strong></span> 
     </span>
    </p>
   </div>
   <div class='ocr_carea' id='block_1_17' title="bbox 544 1888 2121 1963">
    <p class='ocr_par' dir='ltr' id='par_1_17' title="bbox 544 1888 2121 1963">
     <span class='ocr_line' id='line_1_17' title="bbox 544 1888 2121 1963; baseline -0.008 -7"><span class='ocrx_word' id='word_1_140' title='bbox 544 1908 631 1956; x_wconf 77' lang='lat' dir='ltr'><strong>eto</strong></span> <span class='ocrx_word' id='word_1_141' title='bbox 652 1896 936 1953; x_wconf 85' lang='lat' dir='ltr'><strong>Ambrosio</strong></span> <span class='ocrx_word' id='word_1_142' title='bbox 962 1900 1271 1957; x_wconf 87' lang='lat' dir='ltr'><strong>attestante,</strong></span> <span class='ocrx_word' id='word_1_143' title='bbox 1311 1892 1629 1963; x_wconf 82' lang='lat' dir='ltr'><strong>graecisque</strong></span> <span class='ocrx_word' id='word_1_144' title='bbox 1649 1888 1942 1954; x_wconf 85' lang='lat' dir='ltr'><strong>vocabulis,</strong></span> <span class='ocrx_word' id='word_1_145' title='bbox 1964 1902 2121 1958; x_wconf 85' lang='lat' dir='ltr'><strong>quae,</strong></span> 
     </span>
    </p>
   </div>
   <div class='ocr_carea' id='block_1_18' title="bbox 543 1984 2126 2059">
    <p class='ocr_par' dir='ltr' id='par_1_18' title="bbox 543 1984 2126 2059">
     <span class='ocr_line' id='line_1_18' title="bbox 543 1984 2126 2059; baseline -0.004 -15"><span class='ocrx_word' id='word_1_146' title='bbox 543 1998 606 2045; x_wconf 91' lang='lat' dir='ltr'><strong>ut</strong></span> <span class='ocrx_word' id='word_1_147' title='bbox 632 1988 1020 2059; x_wconf 83' lang='lat' dir='ltr'><strong>praediximus,</strong></span> <span class='ocrx_word' id='word_1_148' title='bbox 1052 1986 1363 2054; x_wconf 85' lang='lat' dir='ltr'><strong>expressius</strong></span> <span class='ocrx_word' id='word_1_149' title='bbox 1408 1984 1722 2049; x_wconf 82' lang='lat' dir='ltr'><strong>informant,</strong></span> <span class='ocrx_word' id='word_1_150' title='bbox 1750 1984 1877 2054; x_wconf 92' lang='lat' dir='ltr'><strong>quid</strong></span> <span class='ocrx_word' id='word_1_151' title='bbox 1900 1985 1922 2016; x_wconf 82' lang='lat'>&#39;</span> <span class='ocrx_word' id='word_1_152' title='bbox 1947 1984 2126 2037; x_wconf 87' lang='lat' dir='ltr'><strong>divina</strong></span> 
     </span>
    </p>
   </div>
   <div class='ocr_carea' id='block_1_19' title="bbox 547 2074 2128 2153">
    <p class='ocr_par' dir='ltr' id='par_1_19' title="bbox 547 2074 2128 2153">
     <span class='ocr_line' id='line_1_19' title="bbox 547 2074 2128 2153; baseline -0.007 -14"><span class='ocrx_word' id='word_1_153' title='bbox 547 2079 829 2153; x_wconf 86' lang='lat' dir='ltr'><strong>Scriptura</strong></span> <span class='ocrx_word' id='word_1_154' title='bbox 865 2079 1062 2135; x_wconf 87' lang='lat' dir='ltr'><strong>inferni</strong></span> <span class='ocrx_word' id='word_1_155' title='bbox 1092 2077 1308 2132; x_wconf 84' lang='lat' dir='ltr'><strong>nomine</strong></span> <span class='ocrx_word' id='word_1_156' title='bbox 1350 2075 1604 2131; x_wconf 88' lang='lat' dir='ltr'><strong>insinuat.</strong></span> <span class='ocrx_word' id='word_1_157' title='bbox 1632 2075 1786 2137; x_wconf 81' lang='grc' dir='ltr'><strong>Ἀδης</strong></span> <span class='ocrx_word' id='word_1_158' title='bbox 1822 2077 2017 2145; x_wconf 84' lang='lat' dir='ltr'><strong>quippe</strong></span> <span class='ocrx_word' id='word_1_159' title='bbox 2048 2074 2128 2128; x_wconf 91' lang='lat' dir='ltr'><strong>di-</strong></span> 
     </span>
    </p>
   </div>
   <div class='ocr_carea' id='block_1_20' title="bbox 548 2165 2129 2239">
    <p class='ocr_par' dir='ltr' id='par_1_20' title="bbox 548 2165 2129 2239">
     <span class='ocr_line' id='line_1_20' title="bbox 548 2165 2129 2239; baseline -0.007 -7"><span class='ocrx_word' id='word_1_160' title='bbox 548 2174 709 2239; x_wconf 88' lang='lat' dir='ltr'><strong>citur,</strong></span> <span class='ocrx_word' id='word_1_161' title='bbox 737 2175 841 2229; x_wconf 84' lang='lat' dir='ltr'><strong>hoc</strong></span> <span class='ocrx_word' id='word_1_162' title='bbox 869 2179 983 2237; x_wconf 88' lang='lat' dir='ltr'><strong>est,</strong></span> <span class='ocrx_word' id='word_1_163' title='bbox 1013 2178 1073 2225; x_wconf 91' lang='lat' dir='ltr'><strong>ut</strong></span> <span class='ocrx_word' id='word_1_164' title='bbox 1100 2169 1261 2239; x_wconf 89' lang='lat' dir='ltr'><strong>paulo</strong></span> <span class='ocrx_word' id='word_1_165' title='bbox 1289 2169 1539 2238; x_wconf 88' lang='lat' dir='ltr'><strong>superius</strong></span> <span class='ocrx_word' id='word_1_166' title='bbox 1571 2166 1897 2236; x_wconf 86' lang='lat' dir='ltr'><strong>expositum,</strong></span> <span class='ocrx_word' id='word_1_167' title='bbox 1926 2165 2129 2235; x_wconf 86' lang='lat' dir='ltr'><strong>absque</strong></span> 
     </span>
    </p>
   </div>
   <div class='ocr_carea' id='block_1_21' title="bbox 549 2253 2129 2329">
    <p class='ocr_par' dir='ltr' id='par_1_21' title="bbox 549 2253 2129 2329">
     <span class='ocr_line' id='line_1_21' title="bbox 549 2253 2129 2329; baseline -0.006 -10"><span class='ocrx_word' id='word_1_168' title='bbox 549 2262 775 2327; x_wconf 86' lang='lat' dir='ltr'><strong>deliciis,</strong></span> <span class='ocrx_word' id='word_1_169' title='bbox 806 2260 889 2316; x_wconf 86' lang='lat' dir='ltr'><strong>vel</strong></span> <span class='ocrx_word' id='word_1_170' title='bbox 917 2260 1121 2329; x_wconf 87' lang='lat' dir='ltr'><strong>absque</strong></span> <span class='ocrx_word' id='word_1_171' title='bbox 1146 2256 1533 2327; x_wconf 85' lang='lat' dir='ltr'><strong>voluptatibus,</strong></span> <span class='ocrx_word' id='word_1_172' title='bbox 1556 2258 1639 2311; x_wconf 85' lang='lat' dir='ltr'><strong>vel</strong></span> <span class='ocrx_word' id='word_1_173' title='bbox 1658 2256 1971 2310; x_wconf 86' lang='lat' dir='ltr'><strong>insuavitas.</strong></span> <span class='ocrx_word' id='word_1_174' title='bbox 1996 2253 2129 2309; x_wconf 87' lang='lat' dir='ltr'><strong>Item</strong></span> 
     </span>
    </p>
   </div>
   <div class='ocr_carea' id='block_1_22' title="bbox 547 2346 2131 2421">
    <p class='ocr_par' dir='ltr' id='par_1_22' title="bbox 547 2346 2131 2421">
     <span class='ocr_line' id='line_1_22' title="bbox 547 2346 2131 2421; baseline -0.007 -10"><span class='ocrx_word' id='word_1_175' title='bbox 547 2356 684 2415; x_wconf 78' lang='grc' dir='ltr'><strong>λύπη</strong></span> <span class='ocrx_word' id='word_1_176' title='bbox 717 2360 958 2418; x_wconf 87' lang='lat' dir='ltr'><strong>vocatur,</strong></span> <span class='ocrx_word' id='word_1_177' title='bbox 1007 2350 1159 2421; x_wconf 79' lang='lat' dir='ltr'><strong>cuius</strong></span> <span class='ocrx_word' id='word_1_178' title='bbox 1211 2351 1584 2421; x_wconf 86' lang='lat' dir='ltr'><strong>interpretatio</strong></span> <span class='ocrx_word' id='word_1_179' title='bbox 1634 2358 1717 2405; x_wconf 90' lang='lat' dir='ltr'><strong>est</strong></span> <span class='ocrx_word' id='word_1_180' title='bbox 1758 2349 2005 2412; x_wconf 83' lang='lat' dir='ltr'><strong>tristitia,</strong></span> <span class='ocrx_word' id='word_1_181' title='bbox 2047 2346 2131 2401; x_wconf 86' lang='lat' dir='ltr'><strong>vel</strong></span> 
     </span>
    </p>
   </div>
   <div class='ocr_carea' id='block_1_23' title="bbox 548 2440 2132 2515">
    <p class='ocr_par' dir='ltr' id='par_1_23' title="bbox 548 2440 2132 2515">
     <span class='ocr_line' id='line_1_23' title="bbox 548 2440 2132 2515; baseline -0.004 -14"><span class='ocrx_word' id='word_1_182' title='bbox 548 2460 784 2511; x_wconf 87' lang='lat' dir='ltr'><strong>moeror,</strong></span> <span class='ocrx_word' id='word_1_183' title='bbox 810 2446 895 2499; x_wconf 87' lang='lat' dir='ltr'><strong>vel</strong></span> <span class='ocrx_word' id='word_1_184' title='bbox 916 2445 1107 2499; x_wconf 90' lang='lat' dir='ltr'><strong>luctus.</strong></span> <span class='ocrx_word' id='word_1_185' title='bbox 1141 2442 1305 2515; x_wconf 78' lang='grc' dir='ltr'><strong>’Δχος</strong></span> <span class='ocrx_word' id='word_1_186' title='bbox 1327 2456 1542 2513; x_wconf 89' lang='lat' dir='ltr'><strong>quoque</strong></span> <span class='ocrx_word' id='word_1_187' title='bbox 1567 2441 1703 2497; x_wconf 86' lang='lat' dir='ltr'><strong>solet</strong></span> <span class='ocrx_word' id='word_1_188' title='bbox 1729 2440 2007 2510; x_wconf 87' lang='lat' dir='ltr'><strong>appellari,</strong></span> <span class='ocrx_word' id='word_1_189' title='bbox 2030 2441 2132 2495; x_wconf 90' lang='lat' dir='ltr'><strong>hoc</strong></span> 
     </span>
    </p>
   </div>
   <div class='ocr_carea' id='block_1_24' title="bbox 475 2534 2133 2607">
    <p class='ocr_par' dir='ltr' id='par_1_24' title="bbox 475 2534 2133 2607">
     <span class='ocr_line' id='line_1_24' title="bbox 475 2534 2133 2607; baseline -0.001 -18"><span class='ocrx_word' id='word_1_190' title='bbox 475 2558 512 2589; x_wconf 73' lang='grc'><strong>4</strong></span> <span class='ocrx_word' id='word_1_191' title='bbox 552 2544 635 2595; x_wconf 88' lang='lat' dir='ltr'><strong>est</strong></span> <span class='ocrx_word' id='word_1_192' title='bbox 674 2535 1063 2607; x_wconf 86' lang='lat' dir='ltr'><strong>desperationis</strong></span> <span class='ocrx_word' id='word_1_193' title='bbox 1101 2536 1367 2605; x_wconf 76' lang='lat' dir='ltr'><strong>gravitas,</strong></span> <span class='ocrx_word' id='word_1_194' title='bbox 1419 2548 1560 2604; x_wconf 90' lang='lat' dir='ltr'><strong>quae</strong></span> <span class='ocrx_word' id='word_1_195' title='bbox 1599 2534 1874 2588; x_wconf 88' lang='lat' dir='ltr'><strong>demersas</strong></span> <span class='ocrx_word' id='word_1_196' title='bbox 1911 2546 2133 2601; x_wconf 88' lang='lat' dir='ltr'><strong>oppres—</strong></span> 
     </span>
    </p>
   </div>
   <div class='ocr_carea' id='block_1_25' title="bbox 553 2622 2131 2699">
    <p class='ocr_par' dir='ltr' id='par_1_25' title="bbox 553 2622 2131 2699">
     <span class='ocr_line' id='line_1_25' title="bbox 553 2622 2131 2699; baseline -0.006 -14"><span class='ocrx_word' id='word_1_197' title='bbox 553 2642 745 2699; x_wconf 89' lang='lat' dir='ltr'><strong>sasque</strong></span> <span class='ocrx_word' id='word_1_198' title='bbox 792 2629 962 2684; x_wconf 87' lang='lat' dir='ltr'><strong>malas</strong></span> <span class='ocrx_word' id='word_1_199' title='bbox 1004 2627 1356 2696; x_wconf 85' lang='lat' dir='ltr'><strong>cupiditates,</strong></span> <span class='ocrx_word' id='word_1_200' title='bbox 1395 2632 1636 2697; x_wconf 82' lang='lat' dir='ltr'><strong>egestate</strong></span> <span class='ocrx_word' id='word_1_201' title='bbox 1688 2625 1708 2655; x_wconf 84' lang='grc'>³</span> <span class='ocrx_word' id='word_1_202' title='bbox 1759 2622 2131 2692; x_wconf 89' lang='lat' dir='ltr'><strong>temporalium</strong></span> 
     </span>
    </p>
   </div>
   <div class='ocr_carea' id='block_1_26' title="bbox 556 2713 2135 2790">
    <p class='ocr_par' dir='ltr' id='par_1_26' title="bbox 556 2713 2135 2790">
     <span class='ocr_line' id='line_1_26' title="bbox 556 2713 2135 2790; baseline -0.006 -14"><span class='ocrx_word' id='word_1_203' title='bbox 556 2736 757 2787; x_wconf 88' lang='lat' dir='ltr'><strong>rerum,</strong></span> <span class='ocrx_word' id='word_1_204' title='bbox 791 2734 926 2790; x_wconf 88' lang='lat' dir='ltr'><strong>quas</strong></span> <span class='ocrx_word' id='word_1_205' title='bbox 962 2719 1016 2774; x_wconf 91' lang='lat' dir='ltr'><strong>in</strong></span> <span class='ocrx_word' id='word_1_206' title='bbox 1062 2719 1164 2773; x_wconf 88' lang='lat' dir='ltr'><strong>hac</strong></span> <span class='ocrx_word' id='word_1_207' title='bbox 1196 2716 1306 2771; x_wconf 88' lang='lat' dir='ltr'><strong>vita</strong></span> <span class='ocrx_word' id='word_1_208' title='bbox 1355 2717 1778 2785; x_wconf 79' lang='lat' dir='ltr'><strong>intemperanter</strong></span> <span class='ocrx_word' id='word_1_209' title='bbox 1812 2713 2135 2784; x_wconf 82' lang='lat' dir='ltr'><strong>concupive-</strong></span> 
     </span>
    </p>
   </div>
   <div class='ocr_carea' id='block_1_27' title="bbox 556 2806 2135 2878">
    <p class='ocr_par' dir='ltr' id='par_1_27' title="bbox 556 2806 2135 2878">
     <span class='ocr_line' id='line_1_27' title="bbox 556 2806 2135 2878; baseline -0.006 -11"><span class='ocrx_word' id='word_1_210' title='bbox 556 2822 698 2878; x_wconf 89' lang='lat' dir='ltr'><strong>rant,</strong></span> <span class='ocrx_word' id='word_1_211' title='bbox 732 2810 954 2867; x_wconf 87' lang='lat' dir='ltr'><strong>afllictas</strong></span> <span class='ocrx_word' id='word_1_212' title='bbox 977 2809 1139 2865; x_wconf 88' lang='lat' dir='ltr'><strong>veluti</strong></span> <span class='ocrx_word' id='word_1_213' title='bbox 1173 2810 1225 2863; x_wconf 91' lang='lat' dir='ltr'><strong>in</strong></span> <span class='ocrx_word' id='word_1_214' title='bbox 1246 2806 1723 2878; x_wconf 77' lang='lat' dir='ltr'><strong>profundissimam</strong></span> <span class='ocrx_word' id='word_1_215' title='bbox 1750 2806 2018 2876; x_wconf 89' lang='lat' dir='ltr'><strong>quandam</strong></span> <span class='ocrx_word' id='word_1_216' title='bbox 2040 2820 2135 2859; x_wconf 87' lang='lat' dir='ltr'><strong>vo-</strong></span> 
     </span>
    </p>
   </div>
   <div class='ocr_carea' id='block_1_28' title="bbox 556 2900 2136 2976">
    <p class='ocr_par' dir='ltr' id='par_1_28' title="bbox 556 2900 2136 2976">
     <span class='ocr_line' id='line_1_28' title="bbox 556 2900 2136 2976; baseline -0.006 -17"><span class='ocrx_word' id='word_1_217' title='bbox 556 2906 828 2976; x_wconf 86' lang='lat' dir='ltr'><strong>raginem,</strong></span> <span class='ocrx_word' id='word_1_218' title='bbox 869 2905 1029 2973; x_wconf 84' lang='lat' dir='ltr'><strong>inque</strong></span> <span class='ocrx_word' id='word_1_219' title='bbox 1067 2916 1328 2957; x_wconf 90' lang='lat' dir='ltr'><strong>vanarum</strong></span> <span class='ocrx_word' id='word_1_220' title='bbox 1358 2900 1766 2971; x_wconf 88' lang='lat' dir='ltr'><strong>phantasiarum</strong></span> <span class='ocrx_word' id='word_1_221' title='bbox 1799 2913 1977 2953; x_wconf 88' lang='lat' dir='ltr'><strong>rerum</strong></span> <span class='ocrx_word' id='word_1_222' title='bbox 2014 2912 2136 2951; x_wconf 89' lang='lat' dir='ltr'><strong>sen-</strong></span> 
     </span>
    </p>
   </div>
   <div class='ocr_carea' id='block_1_29' title="bbox 558 2988 2132 3063">
    <p class='ocr_par' dir='ltr' id='par_1_29' title="bbox 558 2988 2132 3063">
     <span class='ocr_line' id='line_1_29' title="bbox 558 2988 2132 3063; baseline -0.006 -13"><span class='ocrx_word' id='word_1_223' title='bbox 558 2995 794 3050; x_wconf 87' lang='lat' dir='ltr'><strong>sibilium</strong></span> <span class='ocrx_word' id='word_1_224' title='bbox 850 2993 1139 3063; x_wconf 79' lang='lat' dir='ltr'><strong>caligines,</strong></span> <span class='ocrx_word' id='word_1_225' title='bbox 1193 2992 1245 3046; x_wconf 92' lang='lat' dir='ltr'><strong>in</strong></span> <span class='ocrx_word' id='word_1_226' title='bbox 1298 2990 1492 3060; x_wconf 89' lang='lat' dir='ltr'><strong>quibus</strong></span> <span class='ocrx_word' id='word_1_227' title='bbox 1538 2992 1877 3053; x_wconf 84' lang='lat' dir='ltr'><strong>cruciantur,</strong></span> <span class='ocrx_word' id='word_1_228' title='bbox 1920 2988 2132 3053; x_wconf 89' lang='lat' dir='ltr'><strong>obruit,</strong></span> 
     </span>
    </p>
   </div>
   <div class='ocr_carea' id='block_1_30' title="bbox 558 3078 2134 3152">
    <p class='ocr_par' dir='ltr' id='par_1_30' title="bbox 558 3078 2134 3152">
     <span class='ocr_line' id='line_1_30' title="bbox 558 3078 2134 3152; baseline -0.006 -12"><span class='ocrx_word' id='word_1_229' title='bbox 558 3084 876 3152; x_wconf 89' lang='lat' dir='ltr'><strong>divinaeque</strong></span> <span class='ocrx_word' id='word_1_230' title='bbox 901 3083 1202 3140; x_wconf 83' lang='lat' dir='ltr'><strong>sentcntiae</strong></span> <span class='ocrx_word' id='word_1_231' title='bbox 1228 3080 1656 3137; x_wconf 90' lang='lat' dir='ltr'><strong>incommutabili</strong></span> <span class='ocrx_word' id='word_1_232' title='bbox 1684 3078 1823 3134; x_wconf 90' lang='lat' dir='ltr'><strong>mole</strong></span> <span class='ocrx_word' id='word_1_233' title='bbox 1847 3086 2134 3149; x_wconf 88' lang='lat' dir='ltr'><strong>perpetua-</strong></span> 
     </span>
    </p>
   </div>
   <div class='ocr_carea' id='block_1_31' title="bbox 556 3170 2138 3242">
    <p class='ocr_par' dir='ltr' id='par_1_31' title="bbox 556 3170 2138 3242">
     <span class='ocr_line' id='line_1_31' title="bbox 556 3170 2138 3242; baseline -0.006 -9"><span class='ocrx_word' id='word_1_234' title='bbox 556 3177 681 3233; x_wconf 90' lang='lat' dir='ltr'><strong>liter</strong></span> <span class='ocrx_word' id='word_1_235' title='bbox 724 3175 958 3231; x_wconf 88' lang='lat' dir='ltr'><strong>calcatas</strong></span> <span class='ocrx_word' id='word_1_236' title='bbox 1005 3185 1058 3229; x_wconf 90' lang='lat' dir='ltr'><strong>et</strong></span> <span class='ocrx_word' id='word_1_237' title='bbox 1102 3174 1525 3230; x_wconf 87' lang='lat' dir='ltr'><strong>irrevocabiliter</strong></span> <span class='ocrx_word' id='word_1_238' title='bbox 1572 3181 1927 3242; x_wconf 88' lang='lat' dir='ltr'><strong>contemptas.</strong></span> <span class='ocrx_word' id='word_1_239' title='bbox 1988 3170 2138 3237; x_wconf 86' lang='lat' dir='ltr'><strong>Quae</strong></span> 
     </span>
    </p>
   </div>
   <div class='ocr_carea' id='block_1_32' title="bbox 559 3261 2136 3340">
    <p class='ocr_par' dir='ltr' id='par_1_32' title="bbox 559 3261 2136 3340">
     <span class='ocr_line' id='line_1_32' title="bbox 559 3261 2136 3340; baseline -0.009 -12"><span class='ocrx_word' id='word_1_240' title='bbox 559 3278 785 3328; x_wconf 89' lang='lat' dir='ltr'><strong>cunctae</strong></span> <span class='ocrx_word' id='word_1_241' title='bbox 823 3266 1241 3340; x_wconf 83' lang='lat' dir='ltr'><strong>significationes</strong></span> <span class='ocrx_word' id='word_1_242' title='bbox 1278 3267 1417 3336; x_wconf 89' lang='lat' dir='ltr'><strong>apud</strong></span> <span class='ocrx_word' id='word_1_243' title='bbox 1446 3264 1680 3320; x_wconf 89' lang='lat' dir='ltr'><strong>Graecos</strong></span> <span class='ocrx_word' id='word_1_244' title='bbox 1709 3261 1978 3328; x_wconf 80' lang='lat' dir='ltr'><strong>infernum</strong></span> <span class='ocrx_word' id='word_1_245' title='bbox 2014 3275 2136 3316; x_wconf 91' lang='lat' dir='ltr'><strong>cum</strong></span> 
     </span>
    </p>
   </div>
   <div class='ocr_carea' id='block_1_33' title="bbox 559 3353 2138 3429">
    <p class='ocr_par' dir='ltr' id='par_1_33' title="bbox 559 3353 2138 3429">
     <span class='ocr_line' id='line_1_33' title="bbox 559 3353 2138 3429; baseline -0.009 -11"><span class='ocrx_word' id='word_1_246' title='bbox 559 3363 808 3418; x_wconf 91' lang='lat' dir='ltr'><strong>omnibus</strong></span> <span class='ocrx_word' id='word_1_247' title='bbox 837 3361 949 3415; x_wconf 89' lang='lat' dir='ltr'><strong>suis</strong></span> <span class='ocrx_word' id='word_1_248' title='bbox 976 3357 1252 3429; x_wconf 86' lang='lat' dir='ltr'><strong>suppliciis</strong></span> <span class='ocrx_word' id='word_1_249' title='bbox 1278 3371 1383 3410; x_wconf 89' lang='lat' dir='ltr'><strong>non</strong></span> <span class='ocrx_word' id='word_1_250' title='bbox 1416 3368 1536 3410; x_wconf 88' lang='lat' dir='ltr'><strong>esse</strong></span> <span class='ocrx_word' id='word_1_251' title='bbox 1561 3354 1783 3410; x_wconf 90' lang='lat' dir='ltr'><strong>localem</strong></span> <span class='ocrx_word' id='word_1_252' title='bbox 1818 3353 1899 3406; x_wconf 90' lang='lat' dir='ltr'><strong>vel</strong></span> <span class='ocrx_word' id='word_1_253' title='bbox 1931 3361 2138 3421; x_wconf 82' lang='lat' dir='ltr'><strong>tempo-</strong></span> 
     </span>
    </p>
   </div>
   <div class='ocr_carea' id='block_1_34' title="bbox 561 3446 2141 3515">
    <p class='ocr_par' dir='ltr' id='par_1_34' title="bbox 561 3446 2141 3515">
     <span class='ocr_line' id='line_1_34' title="bbox 561 3446 2141 3515; baseline -0.009 -6"><span class='ocrx_word' id='word_1_254' title='bbox 561 3455 730 3509; x_wconf 89' lang='lat' dir='ltr'><strong>ralem</strong></span> <span class='ocrx_word' id='word_1_255' title='bbox 768 3451 855 3506; x_wconf 89' lang='lat' dir='ltr'><strong>vel</strong></span> <span class='ocrx_word' id='word_1_256' title='bbox 896 3448 1202 3505; x_wconf 86' lang='lat' dir='ltr'><strong>sensibilem</strong></span> <span class='ocrx_word' id='word_1_257' title='bbox 1226 3488 1239 3513; x_wconf 94' lang='lat'><strong>,</strong></span> <span class='ocrx_word' id='word_1_258' title='bbox 1273 3461 1367 3501; x_wconf 91' lang='lat' dir='ltr'><strong>seu</strong></span> <span class='ocrx_word' id='word_1_259' title='bbox 1404 3447 1458 3500; x_wconf 90' lang='lat' dir='ltr'><strong>in</strong></span> <span class='ocrx_word' id='word_1_260' title='bbox 1488 3446 1661 3515; x_wconf 88' lang='lat' dir='ltr'><strong>aliqua</strong></span> <span class='ocrx_word' id='word_1_261' title='bbox 1702 3452 1856 3513; x_wconf 89' lang='lat' dir='ltr'><strong>parte</strong></span> <span class='ocrx_word' id='word_1_262' title='bbox 1887 3450 2141 3511; x_wconf 91' lang='lat' dir='ltr'><strong>quattuor</strong></span> 
     </span>
    </p>
   </div>
   <div class='ocr_carea' id='block_1_35' title="bbox 562 3531 2137 3606">
    <p class='ocr_par' dir='ltr' id='par_1_35' title="bbox 562 3531 2137 3606">
     <span class='ocr_line' id='line_1_35' title="bbox 562 3531 2137 3606; baseline -0.008 -9"><span class='ocrx_word' id='word_1_263' title='bbox 562 3543 951 3598; x_wconf 75' lang='lat' dir='ltr'><strong>elementorum</strong></span> <span class='ocrx_word' id='word_1_264' title='bbox 978 3579 992 3603; x_wconf 92' lang='lat'><strong>,</strong></span> <span class='ocrx_word' id='word_1_265' title='bbox 1041 3536 1235 3606; x_wconf 87' lang='lat' dir='ltr'><strong>quibus</strong></span> <span class='ocrx_word' id='word_1_266' title='bbox 1279 3535 1511 3589; x_wconf 88' lang='lat' dir='ltr'><strong>mundus</strong></span> <span class='ocrx_word' id='word_1_267' title='bbox 1559 3535 1660 3589; x_wconf 92' lang='lat' dir='ltr'><strong>iste</strong></span> <span class='ocrx_word' id='word_1_268' title='bbox 1710 3533 1732 3565; x_wconf 73' lang='lat'><strong>‘*</strong></span> <span class='ocrx_word' id='word_1_269' title='bbox 1776 3531 2137 3597; x_wconf 78' lang='lat' dir='ltr'><strong>constituitur,</strong></span> 
     </span>
    </p>
   </div>
   <div class='ocr_carea' id='block_1_36' title="bbox 563 3615 2142 3706">
    <p class='ocr_par' dir='ltr' id='par_1_36' title="bbox 563 3615 2142 3706">
     <span class='ocr_line' id='line_1_36' title="bbox 563 3615 2142 3706; baseline -0.009 -14"><span class='ocrx_word' id='word_1_270' title='bbox 563 3650 736 3706; x_wconf 90' lang='lat' dir='ltr'><strong>neque</strong></span> <span class='ocrx_word' id='word_1_271' title='bbox 763 3634 817 3688; x_wconf 92' lang='lat' dir='ltr'><strong>in</strong></span> <span class='ocrx_word' id='word_1_272' title='bbox 854 3640 966 3687; x_wconf 90' lang='lat' dir='ltr'><strong>toto</strong></span> <span class='ocrx_word' id='word_1_273' title='bbox 988 3629 1154 3701; x_wconf 87' lang='lat' dir='ltr'><strong>ipsius</strong></span> <span class='ocrx_word' id='word_1_274' title='bbox 1181 3629 1558 3693; x_wconf 89' lang='lat' dir='ltr'><strong>constitutum,</strong></span> <span class='ocrx_word' id='word_1_275' title='bbox 1590 3627 1684 3684; x_wconf 90' lang='lat' dir='ltr'><strong>sed</strong></span> <span class='ocrx_word' id='word_1_276' title='bbox 1711 3625 1964 3696; x_wconf 90' lang='lat' dir='ltr'><strong>quiddam</strong></span> <span class='ocrx_word' id='word_1_277' title='bbox 1989 3615 2142 3697; x_wconf 78' lang='lat' dir='ltr'><strong>lugu-</strong></span> 
     </span>
    </p>
   </div>
   <div class='ocr_carea' id='block_1_37' title="bbox 563 3714 2142 3790">
    <p class='ocr_par' dir='ltr' id='par_1_37' title="bbox 563 3714 2142 3790">
     <span class='ocr_line' id='line_1_37' title="bbox 563 3714 2142 3790; baseline -0.008 -7"><span class='ocrx_word' id='word_1_278' title='bbox 563 3730 662 3783; x_wconf 89' lang='lat' dir='ltr'><strong>bre</strong></span> <span class='ocrx_word' id='word_1_279' title='bbox 702 3721 1155 3790; x_wconf 88' lang='lat' dir='ltr'><strong>lacrimabileque,</strong></span> <span class='ocrx_word' id='word_1_280' title='bbox 1187 3733 1511 3789; x_wconf 83' lang='lat' dir='ltr'><strong>gravemque</strong></span> <span class='ocrx_word' id='word_1_281' title='bbox 1536 3719 1579 3785; x_wconf 83' lang='grc'><strong>⁸,</strong></span> <span class='ocrx_word' id='word_1_282' title='bbox 1612 3715 2003 3787; x_wconf 87' lang='lat' dir='ltr'><strong>desperationis</strong></span> <span class='ocrx_word' id='word_1_283' title='bbox 2030 3714 2142 3785; x_wconf 91' lang='lat' dir='ltr'><strong>ple-</strong></span> 
     </span>
    </p>
   </div>
   <div class='ocr_carea' id='block_1_38' title="bbox 567 3807 2143 3883">
    <p class='ocr_par' dir='ltr' id='par_1_38' title="bbox 567 3807 2143 3883">
     <span class='ocr_line' id='line_1_38' title="bbox 567 3807 2143 3883; baseline -0.008 -11"><span class='ocrx_word' id='word_1_284' title='bbox 567 3833 692 3873; x_wconf 91' lang='lat' dir='ltr'><strong>num</strong></span> <span class='ocrx_word' id='word_1_285' title='bbox 740 3813 1209 3883; x_wconf 85' lang='lat' dir='ltr'><strong>inevitabilemque</strong></span> <span class='ocrx_word' id='word_1_286' title='bbox 1230 3824 1523 3872; x_wconf 87' lang='lat' dir='ltr'><strong>carcerem,</strong></span> <span class='ocrx_word' id='word_1_287' title='bbox 1555 3809 1903 3877; x_wconf 90' lang='lat' dir='ltr'><strong>omniumque</strong></span> <span class='ocrx_word' id='word_1_288' title='bbox 1925 3807 1946 3837; x_wconf 80' lang='grc'><strong>⁸</strong></span> <span class='ocrx_word' id='word_1_289' title='bbox 1973 3807 2143 3862; x_wconf 90' lang='lat' dir='ltr'><strong>bono-</strong></span> 
     </span>
    </p>
   </div>
   <div class='ocr_carea' id='block_1_39' title="bbox 567 3898 2143 3980">
    <p class='ocr_par' dir='ltr' id='par_1_39' title="bbox 567 3898 2143 3980">
     <span class='ocr_line' id='line_1_39' title="bbox 567 3898 2143 3980; baseline -0.009 -14"><span class='ocrx_word' id='word_1_290' title='bbox 567 3925 684 3966; x_wconf 92' lang='lat' dir='ltr'><strong>rum</strong></span> <span class='ocrx_word' id='word_1_291' title='bbox 714 3913 1003 3980; x_wconf 84' lang='lat' dir='ltr'><strong>egestatem</strong></span> <span class='ocrx_word' id='word_1_292' title='bbox 1047 3905 1100 3959; x_wconf 90' lang='lat' dir='ltr'><strong>in</strong></span> <span class='ocrx_word' id='word_1_293' title='bbox 1134 3902 1488 3975; x_wconf 88' lang='lat' dir='ltr'><strong>phantasticis</strong></span> <span class='ocrx_word' id='word_1_294' title='bbox 1525 3899 1945 3970; x_wconf 87' lang='lat' dir='ltr'><strong>vanissimisque</strong></span> <span class='ocrx_word' id='word_1_295' title='bbox 1982 3898 2143 3953; x_wconf 89' lang='lat' dir='ltr'><strong>visio-</strong></span> 
     </span>
    </p>
   </div>
   <div class='ocr_carea' id='block_1_40' title="bbox 567 3987 2139 4063">
    <p class='ocr_par' dir='ltr' id='par_1_40' title="bbox 567 3987 2139 4063">
     <span class='ocr_line' id='line_1_40' title="bbox 567 3987 2139 4063; baseline -0.008 -9"><span class='ocrx_word' id='word_1_296' title='bbox 567 3999 721 4055; x_wconf 89' lang='lat' dir='ltr'><strong>nibus</strong></span> <span class='ocrx_word' id='word_1_297' title='bbox 764 3997 1140 4052; x_wconf 88' lang='lat' dir='ltr'><strong>incunctanter</strong></span> <span class='ocrx_word' id='word_1_298' title='bbox 1187 3991 1562 4063; x_wconf 89' lang='lat' dir='ltr'><strong>pronunciant.</strong></span> <span class='ocrx_word' id='word_1_299' title='bbox 1605 3992 1752 4046; x_wconf 83' lang='lat' dir='ltr'><strong>DISC.</strong></span> <span class='ocrx_word' id='word_1_300' title='bbox 1793 3989 1870 4044; x_wconf 89' lang='lat' dir='ltr'><strong>De</strong></span> <span class='ocrx_word' id='word_1_301' title='bbox 1906 3987 2139 4052; x_wconf 79' lang='lat' dir='ltr'><strong>inferno,</strong></span> 
     </span>
    </p>
   </div>
   <div class='ocr_carea' id='block_1_41' title="bbox 565 4078 2143 4159">
    <p class='ocr_par' dir='ltr' id='par_1_41' title="bbox 565 4078 2143 4159">
     <span class='ocr_line' id='line_1_41' title="bbox 565 4078 2143 4159; baseline -0.01 -12"><span class='ocrx_word' id='word_1_302' title='bbox 565 4092 737 4159; x_wconf 88' lang='lat' dir='ltr'><strong>deque</strong></span> <span class='ocrx_word' id='word_1_303' title='bbox 770 4088 885 4157; x_wconf 85' lang='lat' dir='ltr'><strong>ejus</strong></span> <span class='ocrx_word' id='word_1_304' title='bbox 909 4091 932 4125; x_wconf 75' lang='grc' dir='ltr'><strong><em>τ</em></strong></span> <span class='ocrx_word' id='word_1_305' title='bbox 979 4084 1259 4141; x_wconf 89' lang='lat' dir='ltr'><strong>tormentis</strong></span> <span class='ocrx_word' id='word_1_306' title='bbox 1291 4082 1421 4138; x_wconf 85' lang='lat' dir='ltr'><strong>satis</strong></span> <span class='ocrx_word' id='word_1_307' title='bbox 1459 4092 1543 4138; x_wconf 89' lang='lat' dir='ltr'><strong>est</strong></span> <span class='ocrx_word' id='word_1_308' title='bbox 1581 4090 1781 4137; x_wconf 90' lang='lat' dir='ltr'><strong>actum.</strong></span> <span class='ocrx_word' id='word_1_309' title='bbox 1820 4079 1954 4134; x_wconf 85' lang='lat' dir='ltr'><strong>Nam</strong></span> <span class='ocrx_word' id='word_1_310' title='bbox 1992 4078 2143 4133; x_wconf 88' lang='lat' dir='ltr'><strong>lucu-</strong></span> 
     </span>
    </p>
   </div>
   <div class='ocr_carea' id='block_1_42' title="bbox 566 4164 2145 4242">
    <p class='ocr_par' dir='ltr' id='par_1_42' title="bbox 566 4164 2145 4242">
     <span class='ocr_line' id='line_1_42' title="bbox 566 4164 2145 4242; baseline -0.008 -7"><span class='ocrx_word' id='word_1_311' title='bbox 566 4180 862 4236; x_wconf 86' lang='lat' dir='ltr'><strong>lentissime</strong></span> <span class='ocrx_word' id='word_1_312' title='bbox 902 4192 1120 4234; x_wconf 89' lang='lat' dir='ltr'><strong>suasum</strong></span> <span class='ocrx_word' id='word_1_313' title='bbox 1139 4184 1240 4242; x_wconf 92' lang='lat' dir='ltr'><strong>est,</strong></span> <span class='ocrx_word' id='word_1_314' title='bbox 1260 4188 1367 4230; x_wconf 92' lang='lat' dir='ltr'><strong>non</strong></span> <span class='ocrx_word' id='word_1_315' title='bbox 1389 4188 1510 4230; x_wconf 89' lang='lat' dir='ltr'><strong>esse</strong></span> <span class='ocrx_word' id='word_1_316' title='bbox 1530 4164 1652 4228; x_wconf 89' lang='lat' dir='ltr'><strong>eum</strong></span> <span class='ocrx_word' id='word_1_317' title='bbox 1672 4169 2099 4228; x_wconf 83' lang='lat' dir='ltr'><strong>substantialiter</strong></span> <span class='ocrx_word' id='word_1_318' title='bbox 2119 4166 2145 4201; x_wconf 85' lang='grc'><strong><em>⁸</em></strong></span> 
     </span>
    </p>
   </div>
   <div class='ocr_carea' id='block_1_43' title="bbox 566 4262 2144 4332">
    <p class='ocr_par' dir='ltr' id='par_1_43' title="bbox 566 4262 2144 4332">
     <span class='ocr_line' id='line_1_43' title="bbox 566 4262 2144 4332; baseline -0.009 -6"><span class='ocrx_word' id='word_1_319' title='bbox 566 4272 620 4326; x_wconf 90' lang='lat' dir='ltr'><strong>in</strong></span> <span class='ocrx_word' id='word_1_320' title='bbox 658 4281 848 4326; x_wconf 88' lang='lat' dir='ltr'><strong>natura</strong></span> <span class='ocrx_word' id='word_1_321' title='bbox 888 4269 1176 4324; x_wconf 87' lang='lat' dir='ltr'><strong>visibilium</strong></span> <span class='ocrx_word' id='word_1_322' title='bbox 1205 4278 1259 4322; x_wconf 91' lang='lat' dir='ltr'><strong>et</strong></span> <span class='ocrx_word' id='word_1_323' title='bbox 1287 4265 1658 4327; x_wconf 86' lang='lat' dir='ltr'><strong>invisibiliutn,</strong></span> <span class='ocrx_word' id='word_1_324' title='bbox 1685 4262 1939 4332; x_wconf 89' lang='lat' dir='ltr'><strong>quoniam</strong></span> <span class='ocrx_word' id='word_1_325' title='bbox 1969 4273 2144 4328; x_wconf 88' lang='lat' dir='ltr'><strong>neque</strong></span> 
     </span>
    </p>
   </div>
   <div class='ocr_carea' id='block_1_44' title="bbox 567 4350 2142 4434">
    <p class='ocr_par' dir='ltr' id='par_1_44' title="bbox 567 4350 2142 4434">
     <span class='ocr_line' id='line_1_44' title="bbox 567 4350 2142 4434; baseline -0.009 -15"><span class='ocrx_word' id='word_1_326' title='bbox 567 4380 761 4434; x_wconf 89' lang='lat' dir='ltr'><strong>corpus</strong></span> <span class='ocrx_word' id='word_1_327' title='bbox 786 4371 898 4426; x_wconf 83' lang='lat' dir='ltr'><strong>est,</strong></span> <span class='ocrx_word' id='word_1_328' title='bbox 939 4377 1116 4432; x_wconf 89' lang='lat' dir='ltr'><strong>neque</strong></span> <span class='ocrx_word' id='word_1_329' title='bbox 1151 4359 1394 4431; x_wconf 90' lang='lat' dir='ltr'><strong>spiritus,</strong></span> <span class='ocrx_word' id='word_1_330' title='bbox 1427 4358 1519 4412; x_wconf 89' lang='lat' dir='ltr'><strong>sed</strong></span> <span class='ocrx_word' id='word_1_331' title='bbox 1539 4355 1840 4424; x_wconf 85' lang='lat' dir='ltr'><strong>justissima</strong></span> <span class='ocrx_word' id='word_1_332' title='bbox 1868 4350 2142 4406; x_wconf 78' lang='lat' dir='ltr'><strong>damnatio</strong></span> 
     </span>
    </p>
   </div>
   <div class='ocr_carea' id='block_1_45' title="bbox 567 4444 2142 4524">
    <p class='ocr_par' dir='ltr' id='par_1_45' title="bbox 567 4444 2142 4524">
     <span class='ocr_line' id='line_1_45' title="bbox 567 4444 2142 4524; baseline -0.008 -15"><span class='ocrx_word' id='word_1_333' title='bbox 567 4469 763 4524; x_wconf 81' lang='lat' dir='ltr'><strong>pravae</strong></span> <span class='ocrx_word' id='word_1_334' title='bbox 811 4460 866 4506; x_wconf 89' lang='lat' dir='ltr'><strong>et</strong></span> <span class='ocrx_word' id='word_1_335' title='bbox 908 4452 1129 4507; x_wconf 88' lang='lat' dir='ltr'><strong>illicitae</strong></span> <span class='ocrx_word' id='word_1_336' title='bbox 1177 4449 1488 4519; x_wconf 85' lang='lat' dir='ltr'><strong>cupiditatis</strong></span> <span class='ocrx_word' id='word_1_337' title='bbox 1534 4444 1869 4501; x_wconf 89' lang='lat' dir='ltr'><strong>abutentium</strong></span> <span class='ocrx_word' id='word_1_338' title='bbox 1918 4450 2142 4496; x_wconf 84' lang='lat' dir='ltr'><strong>naturae</strong></span> 
     </span>
    </p>
   </div>
   <div class='ocr_carea' id='block_1_46' title="bbox 2215 797 3794 869">
    <p class='ocr_par' dir='ltr' id='par_1_46' title="bbox 2215 797 3794 869">
     <span class='ocr_line' id='line_1_46' title="bbox 2215 797 3794 869; baseline 0.004 -17"><span class='ocrx_word' id='word_1_339' title='bbox 2215 797 2523 855; x_wconf 89' lang='lat' dir='ltr'><strong>coambiunt</strong></span> <span class='ocrx_word' id='word_1_340' title='bbox 2558 808 2720 867; x_wconf 92' lang='lat' dir='ltr'><strong>atque</strong></span> <span class='ocrx_word' id='word_1_341' title='bbox 2761 806 3040 862; x_wconf 89' lang='lat' dir='ltr'><strong>coartant,</strong></span> <span class='ocrx_word' id='word_1_342' title='bbox 3072 814 3275 869; x_wconf 90' lang='lat' dir='ltr'><strong>suoque</strong></span> <span class='ocrx_word' id='word_1_343' title='bbox 3305 797 3602 855; x_wconf 83' lang='lat' dir='ltr'><strong>dontinatui</strong></span> <span class='ocrx_word' id='word_1_344' title='bbox 3638 801 3794 859; x_wconf 87' lang='lat' dir='ltr'><strong>subi-</strong></span> 
     </span>
    </p>
   </div>
   <div class='ocr_carea' id='block_1_47' title="bbox 2216 891 3793 963">
    <p class='ocr_par' dir='ltr' id='par_1_47' title="bbox 2216 891 3793 963">
     <span class='ocr_line' id='line_1_47' title="bbox 2216 891 3793 963; baseline 0.003 -18"><span class='ocrx_word' id='word_1_345' title='bbox 2216 902 2349 961; x_wconf 91' lang='lat' dir='ltr'><strong>gunt</strong></span> <span class='ocrx_word' id='word_1_346' title='bbox 2391 909 2455 948; x_wconf 92' lang='lat' dir='ltr'><strong>ac</strong></span> <span class='ocrx_word' id='word_1_347' title='bbox 2475 895 2497 928; x_wconf 78' lang='lat'><strong>’</strong></span> <span class='ocrx_word' id='word_1_348' title='bbox 2521 891 2847 959; x_wconf 87' lang='lat' dir='ltr'><strong>refraenant,</strong></span> <span class='ocrx_word' id='word_1_349' title='bbox 2876 892 3185 963; x_wconf 83' lang='lat' dir='ltr'><strong>legibusque</strong></span> <span class='ocrx_word' id='word_1_350' title='bbox 3207 893 3401 950; x_wconf 90' lang='lat' dir='ltr'><strong>divinis</strong></span> <span class='ocrx_word' id='word_1_351' title='bbox 3420 893 3697 959; x_wconf 84' lang='lat' dir='ltr'><strong>ordinant,</strong></span> <span class='ocrx_word' id='word_1_352' title='bbox 3718 910 3793 950; x_wconf 84' lang='lat' dir='ltr'><strong>ne</strong></span> 
     </span>
    </p>
   </div>
   <div class='ocr_carea' id='block_1_48' title="bbox 2217 982 3791 1055">
    <p class='ocr_par' dir='ltr' id='par_1_48' title="bbox 2217 982 3791 1055">
     <span class='ocr_line' id='line_1_48' title="bbox 2217 982 3791 1055; baseline 0.004 -18"><span class='ocrx_word' id='word_1_353' title='bbox 2217 984 2269 1037; x_wconf 91' lang='lat' dir='ltr'><strong>in</strong></span> <span class='ocrx_word' id='word_1_354' title='bbox 2300 982 2623 1055; x_wconf 87' lang='lat' dir='ltr'><strong>profundum</strong></span> <span class='ocrx_word' id='word_1_355' title='bbox 2662 983 2897 1037; x_wconf 88' lang='lat' dir='ltr'><strong>malitiae</strong></span> <span class='ocrx_word' id='word_1_356' title='bbox 2935 982 3175 1047; x_wconf 88' lang='lat' dir='ltr'><strong>animas,</strong></span> <span class='ocrx_word' id='word_1_357' title='bbox 3207 997 3342 1052; x_wconf 90' lang='lat' dir='ltr'><strong>quas</strong></span> <span class='ocrx_word' id='word_1_358' title='bbox 3370 992 3636 1045; x_wconf 78' lang='lat' dir='ltr'><strong>conantur</strong></span> <span class='ocrx_word' id='word_1_359' title='bbox 3673 999 3791 1043; x_wconf 85' lang='lat' dir='ltr'><strong>cor-</strong></span> 
     </span>
    </p>
   </div>
   <div class='ocr_carea' id='block_1_49' title="bbox 2219 1072 3790 1147">
    <p class='ocr_par' dir='ltr' id='par_1_49' title="bbox 2219 1072 3790 1147">
     <span class='ocr_line' id='line_1_49' title="bbox 2219 1072 3790 1147; baseline 0.001 -18"><span class='ocrx_word' id='word_1_360' title='bbox 2219 1091 2490 1145; x_wconf 90' lang='lat' dir='ltr'><strong>rumpere,</strong></span> <span class='ocrx_word' id='word_1_361' title='bbox 2531 1084 2793 1147; x_wconf 89' lang='lat' dir='ltr'><strong>mergant.</strong></span> <span class='ocrx_word' id='word_1_362' title='bbox 2843 1072 3015 1146; x_wconf 87' lang='lat' dir='ltr'><strong>Saepe</strong></span> <span class='ocrx_word' id='word_1_363' title='bbox 3061 1076 3225 1131; x_wconf 91' lang='lat' dir='ltr'><strong>etiam</strong></span> <span class='ocrx_word' id='word_1_364' title='bbox 3273 1075 3485 1146; x_wconf 85' lang='lat' dir='ltr'><strong>penitus</strong></span> <span class='ocrx_word' id='word_1_365' title='bbox 3528 1090 3617 1139; x_wconf 88' lang='lat' dir='ltr'><strong>ea,</strong></span> <span class='ocrx_word' id='word_1_366' title='bbox 3662 1076 3790 1133; x_wconf 85' lang='lat' dir='ltr'><strong>vitia</strong></span> 
     </span>
    </p>
   </div>
   <div class='ocr_carea' id='block_1_50' title="bbox 2219 1166 3793 1239">
    <p class='ocr_par' dir='ltr' id='par_1_50' title="bbox 2219 1166 3793 1239">
     <span class='ocr_line' id='line_1_50' title="bbox 2219 1166 3793 1239; baseline -0.002 -17"><span class='ocrx_word' id='word_1_367' title='bbox 2219 1167 2338 1222; x_wconf 87' lang='lat' dir='ltr'><strong>dico</strong></span> <span class='ocrx_word' id='word_1_368' title='bbox 2366 1166 2431 1232; x_wconf 77' lang='grc' dir='ltr'><strong>ίθ,</strong></span> <span class='ocrx_word' id='word_1_369' title='bbox 2459 1166 2798 1238; x_wconf 86' lang='lat' dir='ltr'><strong>extinguunt,</strong></span> <span class='ocrx_word' id='word_1_370' title='bbox 2844 1183 3004 1238; x_wconf 87' lang='lat' dir='ltr'><strong>saepe</strong></span> <span class='ocrx_word' id='word_1_371' title='bbox 3052 1168 3104 1222; x_wconf 90' lang='lat' dir='ltr'><strong>in</strong></span> <span class='ocrx_word' id='word_1_372' title='bbox 3155 1167 3471 1239; x_wconf 86' lang='lat' dir='ltr'><strong>semetipsas</strong></span> <span class='ocrx_word' id='word_1_373' title='bbox 3519 1166 3793 1223; x_wconf 88' lang='lat' dir='ltr'><strong>transfun-</strong></span> 
     </span>
    </p>
   </div>
   <div class='ocr_carea' id='block_1_51' title="bbox 2221 1260 3793 1329">
    <p class='ocr_par' dir='ltr' id='par_1_51' title="bbox 2221 1260 3793 1329">
     <span class='ocr_line' id='line_1_51' title="bbox 2221 1260 3793 1329; baseline 0.001 -15"><span class='ocrx_word' id='word_1_374' title='bbox 2221 1262 2371 1327; x_wconf 91' lang='lat' dir='ltr'><strong>dunt,</strong></span> <span class='ocrx_word' id='word_1_375' title='bbox 2401 1262 2473 1316; x_wconf 90' lang='lat' dir='ltr'><strong>ita</strong></span> <span class='ocrx_word' id='word_1_376' title='bbox 2501 1271 2558 1316; x_wconf 93' lang='grc' dir='ltr'><strong>ιιι</strong></span> <span class='ocrx_word' id='word_1_377' title='bbox 2583 1270 2637 1316; x_wconf 89' lang='lat' dir='ltr'><strong>et</strong></span> <span class='ocrx_word' id='word_1_378' title='bbox 2660 1261 2790 1317; x_wconf 90' lang='lat' dir='ltr'><strong>vitia</strong></span> <span class='ocrx_word' id='word_1_379' title='bbox 2817 1261 2871 1316; x_wconf 90' lang='lat' dir='ltr'><strong>in</strong></span> <span class='ocrx_word' id='word_1_380' title='bbox 2901 1262 3124 1317; x_wconf 87' lang='lat' dir='ltr'><strong>virtutes</strong></span> <span class='ocrx_word' id='word_1_381' title='bbox 3150 1269 3453 1316; x_wconf 82' lang='lat' dir='ltr'><strong>vertantur.</strong></span> <span class='ocrx_word' id='word_1_382' title='bbox 3478 1260 3627 1329; x_wconf 83' lang='lat' dir='ltr'><strong>Quae</strong></span> <span class='ocrx_word' id='word_1_383' title='bbox 3654 1261 3793 1317; x_wconf 87' lang='lat' dir='ltr'><strong>ratio</strong></span> 
     </span>
    </p>
   </div>
   <div class='ocr_carea' id='block_1_52' title="bbox 2222 1350 3795 1423">
    <p class='ocr_par' dir='ltr' id='par_1_52' title="bbox 2222 1350 3795 1423">
     <span class='ocr_line' id='line_1_52' title="bbox 2222 1350 3795 1423; baseline -0.001 -12"><span class='ocrx_word' id='word_1_384' title='bbox 2222 1358 2410 1423; x_wconf 89' lang='lat' dir='ltr'><strong>docet,</strong></span> <span class='ocrx_word' id='word_1_385' title='bbox 2442 1372 2545 1411; x_wconf 90' lang='lat' dir='ltr'><strong>non</strong></span> <span class='ocrx_word' id='word_1_386' title='bbox 2584 1356 2804 1411; x_wconf 88' lang='lat' dir='ltr'><strong>onmiuo</strong></span> <span class='ocrx_word' id='word_1_387' title='bbox 2832 1355 2960 1410; x_wconf 90' lang='lat' dir='ltr'><strong>vitia</strong></span> <span class='ocrx_word' id='word_1_388' title='bbox 2996 1353 3133 1409; x_wconf 88' lang='lat' dir='ltr'><strong>mala</strong></span> <span class='ocrx_word' id='word_1_389' title='bbox 3169 1368 3320 1417; x_wconf 89' lang='lat' dir='ltr'><strong>esse,</strong></span> <span class='ocrx_word' id='word_1_390' title='bbox 3359 1352 3453 1409; x_wconf 89' lang='lat' dir='ltr'><strong>sed</strong></span> <span class='ocrx_word' id='word_1_391' title='bbox 3487 1352 3691 1411; x_wconf 85' lang='lat' dir='ltr'><strong>illicita.</strong></span> <span class='ocrx_word' id='word_1_392' title='bbox 3732 1350 3795 1409; x_wconf 87' lang='lat' dir='ltr'><strong>Si</strong></span> 
     </span>
    </p>
   </div>
   <div class='ocr_carea' id='block_1_53' title="bbox 2221 1440 3788 1514">
    <p class='ocr_par' dir='ltr' id='par_1_53' title="bbox 2221 1440 3788 1514">
     <span class='ocr_line' id='line_1_53' title="bbox 2221 1440 3788 1514; baseline -0.004 -14"><span class='ocrx_word' id='word_1_393' title='bbox 2221 1445 2364 1500; x_wconf 86' lang='lat' dir='ltr'><strong>enim</strong></span> <span class='ocrx_word' id='word_1_394' title='bbox 2395 1445 2533 1500; x_wconf 88' lang='lat' dir='ltr'><strong>mala</strong></span> <span class='ocrx_word' id='word_1_395' title='bbox 2563 1454 2773 1510; x_wconf 89' lang='lat' dir='ltr'><strong>essent,</strong></span> <span class='ocrx_word' id='word_1_396' title='bbox 2803 1459 3142 1514; x_wconf 88' lang='lat' dir='ltr'><strong>nequaquam</strong></span> <span class='ocrx_word' id='word_1_397' title='bbox 3171 1442 3228 1497; x_wconf 89' lang='lat' dir='ltr'><strong>in</strong></span> <span class='ocrx_word' id='word_1_398' title='bbox 3256 1442 3482 1497; x_wconf 88' lang='lat' dir='ltr'><strong>virtutes</strong></span> <span class='ocrx_word' id='word_1_399' title='bbox 3513 1440 3709 1497; x_wconf 85' lang='lat' dir='ltr'><strong>mutari</strong></span> <span class='ocrx_word' id='word_1_400' title='bbox 3752 1442 3788 1471; x_wconf 84' lang='grc'>¹¹</span> 
     </span>
    </p>
   </div>
   <div class='ocr_carea' id='block_1_54' title="bbox 2224 1538 3793 1623">
    <p class='ocr_par' dir='ltr' id='par_1_54' title="bbox 2224 1538 3793 1623">
     <span class='ocr_line' id='line_1_54' title="bbox 2224 1538 3793 1623; baseline -0.003 -27"><span class='ocrx_word' id='word_1_401' title='bbox 2224 1550 2459 1623; x_wconf 78' lang='lat' dir='ltr'><strong>possent,</strong></span> <span class='ocrx_word' id='word_1_402' title='bbox 2481 1550 2766 1609; x_wconf 88' lang='lat' dir='ltr'><strong>ceteraque</strong></span> <span class='ocrx_word' id='word_1_403' title='bbox 2786 1538 3003 1603; x_wconf 90' lang='lat' dir='ltr'><strong>similia,</strong></span> <span class='ocrx_word' id='word_1_404' title='bbox 3030 1553 3168 1608; x_wconf 89' lang='lat' dir='ltr'><strong>quae</strong></span> <span class='ocrx_word' id='word_1_405' title='bbox 3188 1552 3312 1592; x_wconf 89' lang='lat' dir='ltr'><strong>cum</strong></span> <span class='ocrx_word' id='word_1_406' title='bbox 3333 1544 3522 1591; x_wconf 88' lang='lat' dir='ltr'><strong>contra</strong></span> <span class='ocrx_word' id='word_1_407' title='bbox 3546 1544 3793 1592; x_wconf 88' lang='lat' dir='ltr'><strong>naturam</strong></span> 
     </span>
    </p>
   </div>
   <div class='ocr_carea' id='block_1_55' title="bbox 2224 1630 3797 1707">
    <p class='ocr_par' dir='ltr' id='par_1_55' title="bbox 2224 1630 3797 1707">
     <span class='ocr_line' id='line_1_55' title="bbox 2224 1630 3797 1707; baseline -0.004 -15"><span class='ocrx_word' id='word_1_408' title='bbox 2224 1652 2289 1692; x_wconf 81' lang='lat' dir='ltr'><strong>ex</strong></span> <span class='ocrx_word' id='word_1_409' title='bbox 2318 1635 2586 1707; x_wconf 88' lang='lat' dir='ltr'><strong>perversis</strong></span> <span class='ocrx_word' id='word_1_410' title='bbox 2616 1635 2847 1690; x_wconf 92' lang='lat' dir='ltr'><strong>motibus</strong></span> <span class='ocrx_word' id='word_1_411' title='bbox 2890 1633 3162 1690; x_wconf 89' lang='lat' dir='ltr'><strong>abusionis</strong></span> <span class='ocrx_word' id='word_1_412' title='bbox 3202 1633 3369 1688; x_wconf 85' lang='lat' dir='ltr'><strong>libera</strong></span> <span class='ocrx_word' id='word_1_413' title='bbox 3401 1630 3676 1689; x_wconf 86' lang='lat' dir='ltr'><strong>voluntate</strong></span> <span class='ocrx_word' id='word_1_414' title='bbox 3714 1646 3797 1685; x_wconf 85' lang='lat' dir='ltr'><strong>ra-</strong></span> 
     </span>
    </p>
   </div>
   <div class='ocr_carea' id='block_1_56' title="bbox 2229 1719 3796 1797">
    <p class='ocr_par' dir='ltr' id='par_1_56' title="bbox 2229 1719 3796 1797">
     <span class='ocr_line' id='line_1_56' title="bbox 2229 1719 3796 1797; baseline -0.006 -16"><span class='ocrx_word' id='word_1_415' title='bbox 2229 1725 2499 1781; x_wconf 83' lang='lat' dir='ltr'><strong>tionabilis</strong></span> <span class='ocrx_word' id='word_1_416' title='bbox 2550 1734 2775 1778; x_wconf 90' lang='lat' dir='ltr'><strong>naturae</strong></span> <span class='ocrx_word' id='word_1_417' title='bbox 2823 1724 3055 1797; x_wconf 88' lang='lat' dir='ltr'><strong>seipsam</strong></span> <span class='ocrx_word' id='word_1_418' title='bbox 3105 1729 3295 1793; x_wconf 88' lang='lat' dir='ltr'><strong>sponte</strong></span> <span class='ocrx_word' id='word_1_419' title='bbox 3335 1735 3430 1775; x_wconf 91' lang='lat' dir='ltr'><strong>sua</strong></span> <span class='ocrx_word' id='word_1_420' title='bbox 3477 1719 3796 1791; x_wconf 86' lang='lat' dir='ltr'><strong>captivantis</strong></span> 
     </span>
    </p>
   </div>
   <div class='ocr_carea' id='block_1_57' title="bbox 2227 1810 3798 1885">
    <p class='ocr_par' dir='ltr' id='par_1_57' title="bbox 2227 1810 3798 1885">
     <span class='ocr_line' id='line_1_57' title="bbox 2227 1810 3798 1885; baseline -0.004 -15"><span class='ocrx_word' id='word_1_421' title='bbox 2227 1816 2476 1870; x_wconf 87' lang='lat' dir='ltr'><strong>videntur</strong></span> <span class='ocrx_word' id='word_1_422' title='bbox 2515 1816 2558 1848; x_wconf 75' lang='grc' dir='ltr'>ι’</span> <span class='ocrx_word' id='word_1_423' title='bbox 2604 1816 2881 1885; x_wconf 88' lang='lat' dir='ltr'><strong>insurgere</strong></span> <span class='ocrx_word' id='word_1_424' title='bbox 2907 1855 2922 1880; x_wconf 94' lang='lat'><strong>,</strong></span> <span class='ocrx_word' id='word_1_425' title='bbox 2958 1812 3324 1869; x_wconf 89' lang='lat' dir='ltr'><strong>universitatis</strong></span> <span class='ocrx_word' id='word_1_426' title='bbox 3359 1819 3541 1867; x_wconf 89' lang='lat' dir='ltr'><strong>tamen</strong></span> <span class='ocrx_word' id='word_1_427' title='bbox 3587 1810 3798 1866; x_wconf 85' lang='lat' dir='ltr'><strong>ordina-</strong></span> 
     </span>
    </p>
   </div>
   <div class='ocr_carea' id='block_1_58' title="bbox 2229 1906 3801 1976">
    <p class='ocr_par' dir='ltr' id='par_1_58' title="bbox 2229 1906 3801 1976">
     <span class='ocr_line' id='line_1_58' title="bbox 2229 1906 3801 1976; baseline -0.002 -14"><span class='ocrx_word' id='word_1_428' title='bbox 2229 1909 2463 1963; x_wconf 79' lang='lat' dir='ltr'><strong>tionibus</strong></span> <span class='ocrx_word' id='word_1_429' title='bbox 2503 1924 2610 1964; x_wconf 85' lang='lat' dir='ltr'><strong>non</strong></span> <span class='ocrx_word' id='word_1_430' title='bbox 2651 1910 2900 1965; x_wconf 90' lang='lat' dir='ltr'><strong>sinuntur</strong></span> <span class='ocrx_word' id='word_1_431' title='bbox 2936 1922 3160 1971; x_wconf 88' lang='lat' dir='ltr'><strong>nocere,</strong></span> <span class='ocrx_word' id='word_1_432' title='bbox 3191 1906 3362 1976; x_wconf 89' lang='lat' dir='ltr'><strong>magis</strong></span> <span class='ocrx_word' id='word_1_433' title='bbox 3391 1913 3571 1961; x_wconf 88' lang='lat' dir='ltr'><strong>autem</strong></span> <span class='ocrx_word' id='word_1_434' title='bbox 3604 1918 3801 1966; x_wconf 86' lang='lat' dir='ltr'><strong>ornare</strong></span> 
     </span>
    </p>
   </div>
   <div class='ocr_carea' id='block_1_59' title="bbox 2228 1992 3801 2070">
    <p class='ocr_par' dir='ltr' id='par_1_59' title="bbox 2228 1992 3801 2070">
     <span class='ocr_line' id='line_1_59' title="bbox 2228 1992 3801 2070; baseline -0.006 -14"><span class='ocrx_word' id='word_1_435' title='bbox 2228 2014 2320 2056; x_wconf 89' lang='lat' dir='ltr'><strong>eas</strong></span> <span class='ocrx_word' id='word_1_436' title='bbox 2347 2008 2610 2070; x_wconf 89' lang='lat' dir='ltr'><strong>coguntur</strong></span> <span class='ocrx_word' id='word_1_437' title='bbox 2654 1998 2888 2054; x_wconf 85' lang='lat' dir='ltr'><strong>aeternis</strong></span> <span class='ocrx_word' id='word_1_438' title='bbox 2927 1996 3134 2068; x_wconf 88' lang='lat' dir='ltr'><strong>legibus</strong></span> <span class='ocrx_word' id='word_1_439' title='bbox 3172 1993 3386 2051; x_wconf 86' lang='lat' dir='ltr'><strong>divinae</strong></span> <span class='ocrx_word' id='word_1_440' title='bbox 3430 1992 3801 2063; x_wconf 86' lang='lat' dir='ltr'><strong>providentiae</strong></span> 
     </span>
    </p>
   </div>
   <div class='ocr_carea' id='block_1_60' title="bbox 2229 2082 3802 2161">
    <p class='ocr_par' dir='ltr' id='par_1_60' title="bbox 2229 2082 3802 2161">
     <span class='ocr_line' id='line_1_60' title="bbox 2229 2082 3802 2161; baseline -0.008 -17"><span class='ocrx_word' id='word_1_441' title='bbox 2229 2101 2389 2159; x_wconf 87' lang='lat' dir='ltr'><strong>atque</strong></span> <span class='ocrx_word' id='word_1_442' title='bbox 2415 2088 2602 2161; x_wconf 88' lang='lat' dir='ltr'><strong>judicii</strong></span> <span class='ocrx_word' id='word_1_443' title='bbox 2637 2088 2861 2144; x_wconf 84' lang='lat' dir='ltr'><strong>ambita.</strong></span> <span class='ocrx_word' id='word_1_444' title='bbox 2895 2086 3037 2141; x_wconf 85' lang='lat' dir='ltr'><strong>Haec</strong></span> <span class='ocrx_word' id='word_1_445' title='bbox 3060 2085 3107 2117; x_wconf 70' lang='grc' dir='ltr'>η</span> <span class='ocrx_word' id='word_1_446' title='bbox 3153 2085 3279 2140; x_wconf 91' lang='lat' dir='ltr'><strong>dum</strong></span> <span class='ocrx_word' id='word_1_447' title='bbox 3321 2083 3399 2138; x_wconf 88' lang='lat' dir='ltr'><strong>ita</strong></span> <span class='ocrx_word' id='word_1_448' title='bbox 3425 2082 3550 2145; x_wconf 87' lang='lat' dir='ltr'><strong>sint,</strong></span> <span class='ocrx_word' id='word_1_449' title='bbox 3592 2088 3802 2136; x_wconf 82' lang='lat' dir='ltr'><strong>remota</strong></span> 
     </span>
    </p>
   </div>
   <div class='ocr_carea' id='block_1_61' title="bbox 2229 2170 3800 2249">
    <p class='ocr_par' dir='ltr' id='par_1_61' title="bbox 2229 2170 3800 2249">
     <span class='ocr_line' id='line_1_61' title="bbox 2229 2170 3800 2249; baseline -0.008 -13"><span class='ocrx_word' id='word_1_450' title='bbox 2229 2182 2374 2237; x_wconf 91' lang='lat' dir='ltr'><strong>omni</strong></span> <span class='ocrx_word' id='word_1_451' title='bbox 2403 2179 2627 2249; x_wconf 88' lang='lat' dir='ltr'><strong>ambage</strong></span> <span class='ocrx_word' id='word_1_452' title='bbox 2664 2195 2726 2235; x_wconf 90' lang='lat' dir='ltr'><strong>ac</strong></span> <span class='ocrx_word' id='word_1_453' title='bbox 2765 2178 3151 2233; x_wconf 88' lang='lat' dir='ltr'><strong>deliberatione</strong></span> <span class='ocrx_word' id='word_1_454' title='bbox 3192 2175 3310 2231; x_wconf 86' lang='lat' dir='ltr'><strong>luce</strong></span> <span class='ocrx_word' id='word_1_455' title='bbox 3350 2173 3539 2230; x_wconf 89' lang='lat' dir='ltr'><strong>clarius</strong></span> <span class='ocrx_word' id='word_1_456' title='bbox 3581 2170 3800 2240; x_wconf 87' lang='lat' dir='ltr'><strong>conspi-</strong></span> 
     </span>
    </p>
   </div>
   <div class='ocr_carea' id='block_1_62' title="bbox 2230 2265 3801 2338">
    <p class='ocr_par' dir='ltr' id='par_1_62' title="bbox 2230 2265 3801 2338">
     <span class='ocr_line' id='line_1_62' title="bbox 2230 2265 3801 2338; baseline -0.005 -11"><span class='ocrx_word' id='word_1_457' title='bbox 2230 2288 2325 2327; x_wconf 90' lang='lat' dir='ltr'><strong>cor</strong></span> <span class='ocrx_word' id='word_1_458' title='bbox 2338 2271 2403 2338; x_wconf 75' lang='grc'><strong>¹⁸,</strong></span> <span class='ocrx_word' id='word_1_459' title='bbox 2422 2282 2475 2325; x_wconf 88' lang='lat' dir='ltr'><strong>et</strong></span> <span class='ocrx_word' id='word_1_460' title='bbox 2489 2269 2854 2326; x_wconf 87' lang='lat' dir='ltr'><strong>universitatis</strong></span> <span class='ocrx_word' id='word_1_461' title='bbox 2874 2269 3122 2324; x_wconf 89' lang='lat' dir='ltr'><strong>conditae</strong></span> <span class='ocrx_word' id='word_1_462' title='bbox 3136 2266 3514 2338; x_wconf 86' lang='lat' dir='ltr'><strong>plenitudinem</strong></span> <span class='ocrx_word' id='word_1_463' title='bbox 3532 2265 3584 2319; x_wconf 90' lang='lat' dir='ltr'><strong>in</strong></span> <span class='ocrx_word' id='word_1_464' title='bbox 3604 2276 3801 2319; x_wconf 81' lang='lat' dir='ltr'><strong>causas</strong></span> 
     </span>
    </p>
   </div>
   <div class='ocr_carea' id='block_1_63' title="bbox 2232 2353 3801 2430">
    <p class='ocr_par' dir='ltr' id='par_1_63' title="bbox 2232 2353 3801 2430">
     <span class='ocr_line' id='line_1_63' title="bbox 2232 2353 3801 2430; baseline -0.008 -14"><span class='ocrx_word' id='word_1_465' title='bbox 2232 2377 2375 2422; x_wconf 85' lang='lat' dir='ltr'><strong>suas,</strong></span> <span class='ocrx_word' id='word_1_466' title='bbox 2424 2361 2586 2430; x_wconf 89' lang='lat' dir='ltr'><strong>inque</strong></span> <span class='ocrx_word' id='word_1_467' title='bbox 2629 2360 2801 2430; x_wconf 91' lang='lat' dir='ltr'><strong>ipsum</strong></span> <span class='ocrx_word' id='word_1_468' title='bbox 2824 2360 3011 2423; x_wconf 90' lang='lat' dir='ltr'><strong>Deum,</strong></span> <span class='ocrx_word' id='word_1_469' title='bbox 3044 2359 3098 2412; x_wconf 91' lang='lat' dir='ltr'><strong>in</strong></span> <span class='ocrx_word' id='word_1_470' title='bbox 3138 2373 3244 2427; x_wconf 92' lang='lat' dir='ltr'><strong>quo</strong></span> <span class='ocrx_word' id='word_1_471' title='bbox 3271 2356 3451 2412; x_wconf 90' lang='lat' dir='ltr'><strong>omnia</strong></span> <span class='ocrx_word' id='word_1_472' title='bbox 3482 2353 3801 2418; x_wconf 87' lang='lat' dir='ltr'><strong>subsistunt,</strong></span> 
     </span>
    </p>
   </div>
   <div class='ocr_carea' id='block_1_64' title="bbox 2234 2446 3805 2522">
    <p class='ocr_par' dir='ltr' id='par_1_64' title="bbox 2234 2446 3805 2522">
     <span class='ocr_line' id='line_1_64' title="bbox 2234 2446 3805 2522; baseline -0.006 -14"><span class='ocrx_word' id='word_1_473' title='bbox 2234 2462 2570 2510; x_wconf 80' lang='lat' dir='ltr'><strong>reversura‘m</strong></span> <span class='ocrx_word' id='word_1_474' title='bbox 2590 2452 2654 2518; x_wconf 80' lang='lat'><strong>&quot;,</strong></span> <span class='ocrx_word' id='word_1_475' title='bbox 2678 2449 3069 2518; x_wconf 87' lang='lat' dir='ltr'><strong>etjustissimas</strong></span> <span class='ocrx_word' id='word_1_476' title='bbox 3090 2448 3345 2522; x_wconf 79' lang='lat' dir='ltr'><strong>poenas“</strong></span> <span class='ocrx_word' id='word_1_477' title='bbox 3359 2446 3805 2503; x_wconf 88' lang='lat' dir='ltr'><strong>irrationabilium</strong></span> 
     </span>
    </p>
   </div>
   <div class='ocr_carea' id='block_1_65' title="bbox 2232 2538 3806 2616">
    <p class='ocr_par' dir='ltr' id='par_1_65' title="bbox 2232 2538 3806 2616">
     <span class='ocr_line' id='line_1_65' title="bbox 2232 2538 3806 2616; baseline -0.006 -17"><span class='ocrx_word' id='word_1_478' title='bbox 2232 2545 2584 2616; x_wconf 90' lang='lat' dir='ltr'><strong>cupiditatum</strong></span> <span class='ocrx_word' id='word_1_479' title='bbox 2630 2542 2936 2613; x_wconf 84' lang='lat' dir='ltr'><strong>aequissimi</strong></span> <span class='ocrx_word' id='word_1_480' title='bbox 2977 2541 3171 2610; x_wconf 78' lang='lat' dir='ltr'><strong>iudicis</strong></span> <span class='ocrx_word' id='word_1_481' title='bbox 3199 2539 3482 2597; x_wconf 87' lang='lat' dir='ltr'><strong>sententiis</strong></span> <span class='ocrx_word' id='word_1_482' title='bbox 3512 2538 3684 2592; x_wconf 83' lang='lat' dir='ltr'><strong>illatas</strong></span> <span class='ocrx_word' id='word_1_483' title='bbox 3710 2551 3806 2591; x_wconf 89' lang='lat' dir='ltr'><strong>scu</strong></span> 
     </span>
    </p>
   </div>
   <div class='ocr_carea' id='block_1_66' title="bbox 2235 2627 3804 2704">
    <p class='ocr_par' dir='ltr' id='par_1_66' title="bbox 2235 2627 3804 2704">
     <span class='ocr_line' id='line_1_66' title="bbox 2235 2627 3804 2704; baseline -0.007 -15"><span class='ocrx_word' id='word_1_484' title='bbox 2235 2635 2425 2691; x_wconf 89' lang='lat' dir='ltr'><strong>inferri</strong></span> <span class='ocrx_word' id='word_1_485' title='bbox 2446 2635 2736 2704; x_wconf 89' lang='lat' dir='ltr'><strong>permissas</strong></span> <span class='ocrx_word' id='word_1_486' title='bbox 2757 2634 3179 2701; x_wconf 86' lang='lat' dir='ltr'><strong>inconcusseque</strong></span> <span class='ocrx_word' id='word_1_487' title='bbox 3202 2630 3450 2686; x_wconf 85' lang='lat' dir='ltr'><strong>definitas</strong></span> <span class='ocrx_word' id='word_1_488' title='bbox 3476 2630 3613 2685; x_wconf 86' lang='lat' dir='ltr'><strong>intra</strong></span> <span class='ocrx_word' id='word_1_489' title='bbox 3639 2627 3804 2696; x_wconf 85' lang='lat' dir='ltr'><strong>ipsam</strong></span> 
     </span>
    </p>
   </div>
   <div class='ocr_carea' id='block_1_67' title="bbox 2236 2718 3805 2797">
    <p class='ocr_par' dir='ltr' id='par_1_67' title="bbox 2236 2718 3805 2797">
     <span class='ocr_line' id='line_1_67' title="bbox 2236 2718 3805 2797; baseline -0.008 -16"><span class='ocrx_word' id='word_1_490' title='bbox 2236 2727 2622 2797; x_wconf 90' lang='lat' dir='ltr'><strong>plenitudinem</strong></span> <span class='ocrx_word' id='word_1_491' title='bbox 2647 2735 2907 2796; x_wconf 88' lang='lat' dir='ltr'><strong>perpetuo</strong></span> <span class='ocrx_word' id='word_1_492' title='bbox 2952 2736 3351 2796; x_wconf 90' lang='lat' dir='ltr'><strong>permansuras,</strong></span> <span class='ocrx_word' id='word_1_493' title='bbox 3401 2718 3653 2790; x_wconf 85' lang='lat' dir='ltr'><strong>quoniam</strong></span> <span class='ocrx_word' id='word_1_494' title='bbox 3699 2731 3805 2779; x_wconf 85' lang='lat' dir='ltr'><strong>non</strong></span> 
     </span>
    </p>
   </div>
   <div class='ocr_carea' id='block_1_68' title="bbox 2238 2806 3805 2886">
    <p class='ocr_par' dir='ltr' id='par_1_68' title="bbox 2238 2806 3805 2886">
     <span class='ocr_line' id='line_1_68' title="bbox 2238 2806 3805 2886; baseline -0.01 -13"><span class='ocrx_word' id='word_1_495' title='bbox 2238 2818 2411 2873; x_wconf 86' lang='lat' dir='ltr'><strong>solum</strong></span> <span class='ocrx_word' id='word_1_496' title='bbox 2454 2819 2507 2872; x_wconf 90' lang='lat' dir='ltr'><strong>in</strong></span> <span class='ocrx_word' id='word_1_497' title='bbox 2551 2816 2731 2886; x_wconf 89' lang='lat' dir='ltr'><strong>aliquo</strong></span> <span class='ocrx_word' id='word_1_498' title='bbox 2763 2831 2866 2869; x_wconf 90' lang='lat' dir='ltr'><strong>non</strong></span> <span class='ocrx_word' id='word_1_499' title='bbox 2898 2813 3190 2879; x_wconf 86' lang='lat' dir='ltr'><strong>nocebunt,</strong></span> <span class='ocrx_word' id='word_1_500' title='bbox 3222 2827 3406 2867; x_wconf 90' lang='lat' dir='ltr'><strong>verum</strong></span> <span class='ocrx_word' id='word_1_501' title='bbox 3437 2810 3600 2865; x_wconf 89' lang='lat' dir='ltr'><strong>etiam</strong></span> <span class='ocrx_word' id='word_1_502' title='bbox 3638 2806 3805 2867; x_wconf 89' lang='lat' dir='ltr'><strong>laudis</strong></span> 
     </span>
    </p>
   </div>
   <div class='ocr_carea' id='block_1_69' title="bbox 2240 2897 3809 2977">
    <p class='ocr_par' dir='ltr' id='par_1_69' title="bbox 2240 2897 3809 2977">
     <span class='ocr_line' id='line_1_69' title="bbox 2240 2897 3809 2977; baseline -0.009 -14"><span class='ocrx_word' id='word_1_503' title='bbox 2240 2908 2404 2977; x_wconf 85' lang='lat' dir='ltr'><strong>ipsius</strong></span> <span class='ocrx_word' id='word_1_504' title='bbox 2431 2919 2486 2962; x_wconf 88' lang='lat' dir='ltr'><strong>et</strong></span> <span class='ocrx_word' id='word_1_505' title='bbox 2524 2905 2937 2977; x_wconf 90' lang='lat' dir='ltr'><strong>pulchritudinis</strong></span> <span class='ocrx_word' id='word_1_506' title='bbox 2972 2903 3268 2961; x_wconf 70' lang='lat' dir='ltr'><strong>ineffabiles</strong></span> <span class='ocrx_word' id='word_1_507' title='bbox 3290 2902 3332 2935; x_wconf 81' lang='lat'><strong>&quot;</strong></span> <span class='ocrx_word' id='word_1_508' title='bbox 3357 2897 3809 2956; x_wconf 88' lang='lat' dir='ltr'><strong>administrabunt</strong></span> 
     </span>
    </p>
   </div>
   <div class='ocr_carea' id='block_1_70' title="bbox 2238 2986 3805 3066">
    <p class='ocr_par' dir='ltr' id='par_1_70' title="bbox 2238 2986 3805 3066">
     <span class='ocr_line' id='line_1_70' title="bbox 2238 2986 3805 3066; baseline -0.01 -13"><span class='ocrx_word' id='word_1_509' title='bbox 2238 2998 2569 3055; x_wconf 87' lang='lat' dir='ltr'><strong>occasiones.</strong></span> <span class='ocrx_word' id='word_1_510' title='bbox 2621 2997 2697 3051; x_wconf 88' lang='lat' dir='ltr'><strong>Ac</strong></span> <span class='ocrx_word' id='word_1_511' title='bbox 2750 3012 2846 3066; x_wconf 88' lang='lat' dir='ltr'><strong>per</strong></span> <span class='ocrx_word' id='word_1_512' title='bbox 2891 2997 2992 3050; x_wconf 90' lang='lat' dir='ltr'><strong>hoc</strong></span> <span class='ocrx_word' id='word_1_513' title='bbox 3041 3010 3146 3050; x_wconf 91' lang='lat' dir='ltr'><strong>non</strong></span> <span class='ocrx_word' id='word_1_514' title='bbox 3198 3002 3398 3049; x_wconf 88' lang='lat' dir='ltr'><strong>temere</strong></span> <span class='ocrx_word' id='word_1_515' title='bbox 3436 2990 3559 3060; x_wconf 90' lang='lat' dir='ltr'><strong>quis</strong></span> <span class='ocrx_word' id='word_1_516' title='bbox 3593 2986 3805 3049; x_wconf 68' lang='lat' dir='ltr'><strong>dixerit,</strong></span> 
     </span>
    </p>
   </div>
   <div class='ocr_carea' id='block_1_71' title="bbox 2239 3073 3809 3158">
    <p class='ocr_par' dir='ltr' id='par_1_71' title="bbox 2239 3073 3809 3158">
     <span class='ocr_line' id='line_1_71' title="bbox 2239 3073 3809 3158; baseline -0.011 -15"><span class='ocrx_word' id='word_1_517' title='bbox 2239 3103 2440 3158; x_wconf 80' lang='lat' dir='ltr'><strong>poenas</strong></span> <span class='ocrx_word' id='word_1_518' title='bbox 2467 3102 2531 3141; x_wconf 91' lang='lat' dir='ltr'><strong>ac</strong></span> <span class='ocrx_word' id='word_1_519' title='bbox 2561 3084 2603 3118; x_wconf 80' lang='grc'>¹³</span> <span class='ocrx_word' id='word_1_520' title='bbox 2642 3085 2880 3155; x_wconf 90' lang='lat' dir='ltr'><strong>praemia</strong></span> <span class='ocrx_word' id='word_1_521' title='bbox 2910 3098 3016 3138; x_wconf 92' lang='lat' dir='ltr'><strong>non</strong></span> <span class='ocrx_word' id='word_1_522' title='bbox 3057 3081 3315 3137; x_wconf 89' lang='lat' dir='ltr'><strong>localibus</strong></span> <span class='ocrx_word' id='word_1_523' title='bbox 3359 3079 3568 3149; x_wconf 87' lang='lat' dir='ltr'><strong>spatiis,</strong></span> <span class='ocrx_word' id='word_1_524' title='bbox 3616 3075 3706 3130; x_wconf 89' lang='lat' dir='ltr'><strong>sed</strong></span> <span class='ocrx_word' id='word_1_525' title='bbox 3732 3073 3809 3127; x_wconf 92' lang='lat' dir='ltr'><strong>di-</strong></span> 
     </span>
    </p>
   </div>
   <div class='ocr_carea' id='block_1_72' title="bbox 2240 3167 3810 3248">
    <p class='ocr_par' dir='ltr' id='par_1_72' title="bbox 2240 3167 3810 3248">
     <span class='ocr_line' id='line_1_72' title="bbox 2240 3167 3810 3248; baseline -0.01 -13"><span class='ocrx_word' id='word_1_526' title='bbox 2240 3180 2585 3235; x_wconf 86' lang='lat' dir='ltr'><strong>versitatibus</strong></span> <span class='ocrx_word' id='word_1_527' title='bbox 2606 3176 2924 3248; x_wconf 88' lang='lat' dir='ltr'><strong>qualitatum</strong></span> <span class='ocrx_word' id='word_1_528' title='bbox 2955 3175 3270 3247; x_wconf 84' lang='lat' dir='ltr'><strong>disgregari,</strong></span> <span class='ocrx_word' id='word_1_529' title='bbox 3302 3174 3374 3228; x_wconf 82' lang='lat' dir='ltr'><strong>ita</strong></span> <span class='ocrx_word' id='word_1_530' title='bbox 3408 3181 3469 3227; x_wconf 91' lang='lat' dir='ltr'><strong>ut</strong></span> <span class='ocrx_word' id='word_1_531' title='bbox 3503 3180 3559 3226; x_wconf 91' lang='lat' dir='ltr'><strong>et</strong></span> <span class='ocrx_word' id='word_1_532' title='bbox 3587 3169 3629 3202; x_wconf 86' lang='grc'><strong>¹⁹</strong></span> <span class='ocrx_word' id='word_1_533' title='bbox 3656 3167 3810 3223; x_wconf 92' lang='lat' dir='ltr'><strong>simul</strong></span> 
     </span>
    </p>
   </div>
   <div class='ocr_carea' id='block_1_73' title="bbox 2244 3263 3808 3344">
    <p class='ocr_par' dir='ltr' id='par_1_73' title="bbox 2244 3263 3808 3344">
     <span class='ocr_line' id='line_1_73' title="bbox 2244 3263 3808 3344; baseline -0.01 -15"><span class='ocrx_word' id='word_1_534' title='bbox 2244 3274 2375 3338; x_wconf 91' lang='lat' dir='ltr'><strong>sint,</strong></span> <span class='ocrx_word' id='word_1_535' title='bbox 2427 3273 2682 3344; x_wconf 90' lang='lat' dir='ltr'><strong>quoniam</strong></span> <span class='ocrx_word' id='word_1_536' title='bbox 2729 3285 2795 3326; x_wconf 84' lang='lat' dir='ltr'><strong>ex</strong></span> <span class='ocrx_word' id='word_1_537' title='bbox 2857 3270 2988 3341; x_wconf 90' lang='lat' dir='ltr'><strong>ipsis</strong></span> <span class='ocrx_word' id='word_1_538' title='bbox 3041 3270 3248 3324; x_wconf 90' lang='lat' dir='ltr'><strong>duobus</strong></span> <span class='ocrx_word' id='word_1_539' title='bbox 3293 3265 3595 3337; x_wconf 89' lang='lat' dir='ltr'><strong>respublica</strong></span> <span class='ocrx_word' id='word_1_540' title='bbox 3652 3263 3808 3319; x_wconf 89' lang='lat' dir='ltr'><strong>totius</strong></span> 
     </span>
    </p>
   </div>
   <div class='ocr_carea' id='block_1_74' title="bbox 2244 3352 3810 3427">
    <p class='ocr_par' dir='ltr' id='par_1_74' title="bbox 2244 3352 3810 3427">
     <span class='ocr_line' id='line_1_74' title="bbox 2244 3352 3810 3427; baseline -0.008 -11"><span class='ocrx_word' id='word_1_541' title='bbox 2244 3370 2525 3417; x_wconf 90' lang='lat' dir='ltr'><strong>creaturae</strong></span> <span class='ocrx_word' id='word_1_542' title='bbox 2551 3362 2855 3427; x_wconf 91' lang='lat' dir='ltr'><strong>ordinatur,</strong></span> <span class='ocrx_word' id='word_1_543' title='bbox 2900 3367 2953 3415; x_wconf 91' lang='lat' dir='ltr'><strong>et</strong></span> <span class='ocrx_word' id='word_1_544' title='bbox 2994 3358 3153 3413; x_wconf 91' lang='lat' dir='ltr'><strong>simul</strong></span> <span class='ocrx_word' id='word_1_545' title='bbox 3192 3371 3297 3412; x_wconf 89' lang='lat' dir='ltr'><strong>non</strong></span> <span class='ocrx_word' id='word_1_546' title='bbox 3329 3357 3439 3412; x_wconf 91' lang='lat' dir='ltr'><strong>sint</strong></span> <span class='ocrx_word' id='word_1_547' title='bbox 3479 3365 3698 3427; x_wconf 89' lang='lat' dir='ltr'><strong>propter</strong></span> <span class='ocrx_word' id='word_1_548' title='bbox 3732 3352 3810 3404; x_wconf 86' lang='lat' dir='ltr'><strong>di-</strong></span> 
     </span>
    </p>
   </div>
   <div class='ocr_carea' id='block_1_75' title="bbox 2243 3442 3812 3525">
    <p class='ocr_par' dir='ltr' id='par_1_75' title="bbox 2243 3442 3812 3525">
     <span class='ocr_line' id='line_1_75' title="bbox 2243 3442 3812 3525; baseline -0.006 -20"><span class='ocrx_word' id='word_1_549' title='bbox 2243 3467 2431 3525; x_wconf 74' lang='lat' dir='ltr'><strong>versos</strong></span> <span class='ocrx_word' id='word_1_550' title='bbox 2465 3466 2650 3505; x_wconf 90' lang='lat' dir='ltr'><strong>eorum</strong></span> <span class='ocrx_word' id='word_1_551' title='bbox 2673 3448 2913 3505; x_wconf 79' lang='lat' dir='ltr'><strong>effectus.</strong></span> <span class='ocrx_word' id='word_1_552' title='bbox 2956 3447 3308 3505; x_wconf 87' lang='lat' dir='ltr'><strong>Peccatorum</strong></span> <span class='ocrx_word' id='word_1_553' title='bbox 3353 3447 3550 3516; x_wconf 89' lang='lat' dir='ltr'><strong>quippe</strong></span> <span class='ocrx_word' id='word_1_554' title='bbox 3591 3442 3812 3498; x_wconf 77' lang='lat' dir='ltr'><strong>effectus</strong></span> 
     </span>
    </p>
   </div>
   <div class='ocr_carea' id='block_1_76' title="bbox 2244 3532 3810 3613">
    <p class='ocr_par' dir='ltr' id='par_1_76' title="bbox 2244 3532 3810 3613">
     <span class='ocr_line' id='line_1_76' title="bbox 2244 3532 3810 3613; baseline -0.007 -16"><span class='ocrx_word' id='word_1_555' title='bbox 2244 3552 2370 3598; x_wconf 89' lang='lat' dir='ltr'><strong>sunt</strong></span> <span class='ocrx_word' id='word_1_556' title='bbox 2426 3542 2624 3607; x_wconf 91' lang='lat' dir='ltr'><strong>luctus,</strong></span> <span class='ocrx_word' id='word_1_557' title='bbox 2687 3541 2942 3613; x_wconf 86' lang='lat' dir='ltr'><strong>gemitus,</strong></span> <span class='ocrx_word' id='word_1_558' title='bbox 2997 3539 3234 3603; x_wconf 87' lang='lat' dir='ltr'><strong>tristitia,</strong></span> <span class='ocrx_word' id='word_1_559' title='bbox 3296 3553 3419 3593; x_wconf 89' lang='lat' dir='ltr'><strong>sera</strong></span> <span class='ocrx_word' id='word_1_560' title='bbox 3466 3532 3810 3606; x_wconf 91' lang='lat' dir='ltr'><strong>poenitentia,</strong></span> 
     </span>
    </p>
   </div>
   <div class='ocr_carea' id='block_1_77' title="bbox 2245 3622 3810 3700">
    <p class='ocr_par' dir='ltr' id='par_1_77' title="bbox 2245 3622 3810 3700">
     <span class='ocr_line' id='line_1_77' title="bbox 2245 3622 3810 3700; baseline -0.007 -14"><span class='ocrx_word' id='word_1_561' title='bbox 2245 3634 2407 3687; x_wconf 89' lang='lat' dir='ltr'><strong>ardor</strong></span> <span class='ocrx_word' id='word_1_562' title='bbox 2442 3631 2761 3687; x_wconf 89' lang='lat' dir='ltr'><strong>insatiabilis</strong></span> <span class='ocrx_word' id='word_1_563' title='bbox 2780 3629 3108 3700; x_wconf 86' lang='lat' dir='ltr'><strong>cupiditatis,</strong></span> <span class='ocrx_word' id='word_1_564' title='bbox 3150 3643 3290 3697; x_wconf 90' lang='lat' dir='ltr'><strong>quae</strong></span> <span class='ocrx_word' id='word_1_565' title='bbox 3319 3627 3374 3681; x_wconf 92' lang='lat' dir='ltr'><strong>in</strong></span> <span class='ocrx_word' id='word_1_566' title='bbox 3401 3626 3580 3698; x_wconf 89' lang='lat' dir='ltr'><strong>aliquo</strong></span> <span class='ocrx_word' id='word_1_567' title='bbox 3617 3622 3810 3679; x_wconf 88' lang='lat' dir='ltr'><strong>nullam</strong></span> 
     </span>
    </p>
   </div>
   <div class='ocr_carea' id='block_1_78' title="bbox 2245 3716 3812 3793">
    <p class='ocr_par' dir='ltr' id='par_1_78' title="bbox 2245 3716 3812 3793">
     <span class='ocr_line' id='line_1_78' title="bbox 2245 3716 3812 3793; baseline -0.008 -14"><span class='ocrx_word' id='word_1_568' title='bbox 2245 3725 2480 3779; x_wconf 87' lang='lat' dir='ltr'><strong>inveniet</strong></span> <span class='ocrx_word' id='word_1_569' title='bbox 2527 3723 2784 3793; x_wconf 89' lang='lat' dir='ltr'><strong>quietem,</strong></span> <span class='ocrx_word' id='word_1_570' title='bbox 2833 3731 3047 3777; x_wconf 88' lang='lat' dir='ltr'><strong>scatens</strong></span> <span class='ocrx_word' id='word_1_571' title='bbox 3097 3719 3410 3775; x_wconf 86' lang='lat' dir='ltr'><strong>delictorum</strong></span> <span class='ocrx_word' id='word_1_572' title='bbox 3471 3716 3695 3789; x_wconf 86' lang='lat' dir='ltr'><strong>putredo</strong></span> <span class='ocrx_word' id='word_1_573' title='bbox 3749 3728 3812 3767; x_wconf 90' lang='lat' dir='ltr'><strong>ae</strong></span> 
     </span>
    </p>
   </div>
   <div class='ocr_carea' id='block_1_79' title="bbox 2243 3803 3813 3885">
    <p class='ocr_par' dir='ltr' id='par_1_79' title="bbox 2243 3803 3813 3885">
     <span class='ocr_line' id='line_1_79' title="bbox 2243 3803 3813 3885; baseline -0.006 -20"><span class='ocrx_word' id='word_1_574' title='bbox 2243 3813 2653 3879; x_wconf 91' lang='lat' dir='ltr'><strong>vermiculatio,</strong></span> <span class='ocrx_word' id='word_1_575' title='bbox 2711 3809 3013 3883; x_wconf 86' lang='lat' dir='ltr'><strong>profundae</strong></span> <span class='ocrx_word' id='word_1_576' title='bbox 3084 3808 3423 3885; x_wconf 84' lang='lat' dir='ltr'><strong>ignorantiae</strong></span> <span class='ocrx_word' id='word_1_577' title='bbox 3497 3803 3813 3862; x_wconf 88' lang='lat' dir='ltr'><strong>densissima</strong></span> 
     </span>
    </p>
   </div>
   <div class='ocr_carea' id='block_1_80' title="bbox 2243 3891 3814 3973">
    <p class='ocr_par' dir='ltr' id='par_1_80' title="bbox 2243 3891 3814 3973">
     <span class='ocr_line' id='line_1_80' title="bbox 2243 3891 3814 3973; baseline -0.01 -12"><span class='ocrx_word' id='word_1_578' title='bbox 2243 3905 2562 3966; x_wconf 90' lang='lat' dir='ltr'><strong>obscuritas,</strong></span> <span class='ocrx_word' id='word_1_579' title='bbox 2589 3904 2642 3957; x_wconf 92' lang='lat' dir='ltr'><strong>in</strong></span> <span class='ocrx_word' id='word_1_580' title='bbox 2665 3918 2768 3973; x_wconf 91' lang='lat' dir='ltr'><strong>qua</strong></span> <span class='ocrx_word' id='word_1_581' title='bbox 2803 3901 2946 3957; x_wconf 90' lang='lat' dir='ltr'><strong>nulla</strong></span> <span class='ocrx_word' id='word_1_582' title='bbox 2985 3915 3236 3955; x_wconf 88' lang='lat' dir='ltr'><strong>verorum</strong></span> <span class='ocrx_word' id='word_1_583' title='bbox 3265 3898 3347 3952; x_wconf 89' lang='lat' dir='ltr'><strong>vel</strong></span> <span class='ocrx_word' id='word_1_584' title='bbox 3379 3896 3549 3967; x_wconf 90' lang='lat' dir='ltr'><strong>ipsius</strong></span> <span class='ocrx_word' id='word_1_585' title='bbox 3574 3891 3814 3948; x_wconf 88' lang='lat' dir='ltr'><strong>veritatis</strong></span> 
     </span>
    </p>
   </div>
   <div class='ocr_carea' id='block_1_81' title="bbox 2242 3982 3812 4066">
    <p class='ocr_par' dir='ltr' id='par_1_81' title="bbox 2242 3982 3812 4066">
     <span class='ocr_line' id='line_1_81' title="bbox 2242 3982 3812 4066; baseline -0.011 -15"><span class='ocrx_word' id='word_1_586' title='bbox 2242 3996 2501 4066; x_wconf 88' lang='lat' dir='ltr'><strong>cognitio,</strong></span> <span class='ocrx_word' id='word_1_587' title='bbox 2548 3995 2601 4048; x_wconf 93' lang='lat' dir='ltr'><strong>id</strong></span> <span class='ocrx_word' id='word_1_588' title='bbox 2639 4000 2741 4059; x_wconf 90' lang='lat' dir='ltr'><strong>est,</strong></span> <span class='ocrx_word' id='word_1_589' title='bbox 2773 4006 2835 4047; x_wconf 90' lang='lat' dir='ltr'><strong>ea</strong></span> <span class='ocrx_word' id='word_1_590' title='bbox 2879 3991 3107 4047; x_wconf 86' lang='lat' dir='ltr'><strong>veritate</strong></span> <span class='ocrx_word' id='word_1_591' title='bbox 3160 3988 3208 4021; x_wconf 78' lang='lat'><strong>&quot;</strong></span> <span class='ocrx_word' id='word_1_592' title='bbox 3235 3986 3474 4042; x_wconf 82' lang='lat' dir='ltr'><strong>&#39;fruendi</strong></span> <span class='ocrx_word' id='word_1_593' title='bbox 3518 3982 3812 4039; x_wconf 87' lang='lat' dir='ltr'><strong>beatitudo.</strong></span> 
     </span>
    </p>
   </div>
   <div class='ocr_carea' id='block_1_82' title="bbox 2242 4074 3816 4159">
    <p class='ocr_par' dir='ltr' id='par_1_82' title="bbox 2242 4074 3816 4159">
     <span class='ocr_line' id='line_1_82' title="bbox 2242 4074 3816 4159; baseline -0.01 -16"><span class='ocrx_word' id='word_1_594' title='bbox 2242 4088 2446 4159; x_wconf 87' lang='lat' dir='ltr'><strong>Ligatis</strong></span> <span class='ocrx_word' id='word_1_595' title='bbox 2475 4086 2670 4156; x_wconf 88' lang='lat' dir='ltr'><strong>quippe</strong></span> <span class='ocrx_word' id='word_1_596' title='bbox 2690 4085 2735 4120; x_wconf 71' lang='grc' dir='ltr'><strong>’ί</strong></span> <span class='ocrx_word' id='word_1_597' title='bbox 2774 4082 2998 4154; x_wconf 87' lang='lat' dir='ltr'><strong>pedibus</strong></span> <span class='ocrx_word' id='word_1_598' title='bbox 3042 4079 3326 4137; x_wconf 77' lang='lat' dir='ltr'><strong>diﬂicultas</strong></span> <span class='ocrx_word' id='word_1_599' title='bbox 3362 4079 3416 4134; x_wconf 87' lang='lat' dir='ltr'><strong>in</strong></span> <span class='ocrx_word' id='word_1_600' title='bbox 3454 4077 3652 4133; x_wconf 89' lang='lat' dir='ltr'><strong>divinis</strong></span> <span class='ocrx_word' id='word_1_601' title='bbox 3690 4074 3816 4144; x_wconf 85' lang='lat' dir='ltr'><strong>legi-</strong></span> 
     </span>
    </p>
   </div>
   <div class='ocr_carea' id='block_1_83' title="bbox 2241 4168 3814 4244">
    <p class='ocr_par' dir='ltr' id='par_1_83' title="bbox 2241 4168 3814 4244">
     <span class='ocr_line' id='line_1_83' title="bbox 2241 4168 3814 4244; baseline -0.012 -8"><span class='ocrx_word' id='word_1_602' title='bbox 2241 4180 2344 4236; x_wconf 89' lang='lat' dir='ltr'><strong>bus</strong></span> <span class='ocrx_word' id='word_1_603' title='bbox 2370 4176 2700 4240; x_wconf 89' lang='lat' dir='ltr'><strong>ambulandi,</strong></span> <span class='ocrx_word' id='word_1_604' title='bbox 2745 4174 2925 4244; x_wconf 84' lang='lat' dir='ltr'><strong>ligatis</strong></span> <span class='ocrx_word' id='word_1_605' title='bbox 2966 4171 3220 4226; x_wconf 89' lang='lat' dir='ltr'><strong>manibus</strong></span> <span class='ocrx_word' id='word_1_606' title='bbox 3246 4168 3531 4224; x_wconf 79' lang='lat' dir='ltr'><strong>difﬁcultas</strong></span> <span class='ocrx_word' id='word_1_607' title='bbox 3554 4168 3814 4221; x_wconf 87' lang='lat' dir='ltr'><strong>bonorum</strong></span> 
     </span>
    </p>
   </div>
   <div class='ocr_carea' id='block_1_84' title="bbox 2244 4255 3816 4336">
    <p class='ocr_par' dir='ltr' id='par_1_84' title="bbox 2244 4255 3816 4336">
     <span class='ocr_line' id='line_1_84' title="bbox 2244 4255 3816 4336; baseline -0.011 -13"><span class='ocrx_word' id='word_1_608' title='bbox 2244 4279 2481 4333; x_wconf 90' lang='lat' dir='ltr'><strong>actuum,</strong></span> <span class='ocrx_word' id='word_1_609' title='bbox 2518 4266 2609 4336; x_wconf 90' lang='lat' dir='ltr'><strong>qui</strong></span> <span class='ocrx_word' id='word_1_610' title='bbox 2648 4263 2939 4321; x_wconf 88' lang='lat' dir='ltr'><strong>secundum</strong></span> <span class='ocrx_word' id='word_1_611' title='bbox 2979 4262 3208 4316; x_wconf 89' lang='lat' dir='ltr'><strong>virtutes</strong></span> <span class='ocrx_word' id='word_1_612' title='bbox 3232 4265 3359 4315; x_wconf 88' lang='lat' dir='ltr'><strong>sunt</strong></span> <span class='ocrx_word' id='word_1_613' title='bbox 3383 4255 3693 4328; x_wconf 87' lang='lat' dir='ltr'><strong>peragendi,</strong></span> <span class='ocrx_word' id='word_1_614' title='bbox 3733 4262 3816 4323; x_wconf 80' lang='lat' dir='ltr'><strong>ty-</strong></span> 
     </span>
    </p>
   </div>
   <div class='ocr_carea' id='block_1_85' title="bbox 2243 4353 3818 4431">
    <p class='ocr_par' dir='ltr' id='par_1_85' title="bbox 2243 4353 3818 4431">
     <span class='ocr_line' id='line_1_85' title="bbox 2243 4353 3818 4431; baseline -0.01 -17"><span class='ocrx_word' id='word_1_615' title='bbox 2243 4362 2365 4431; x_wconf 90' lang='lat' dir='ltr'><strong>pice</strong></span> <span class='ocrx_word' id='word_1_616' title='bbox 2393 4361 2697 4414; x_wconf 85' lang='lat' dir='ltr'><strong>insinuatur</strong></span> <span class='ocrx_word' id='word_1_617' title='bbox 2719 4358 2766 4390; x_wconf 80' lang='grc'>¹¹</span> <span class='ocrx_word' id='word_1_618' title='bbox 2789 4398 2803 4421; x_wconf 91' lang='grc'><em>,</em></span> <span class='ocrx_word' id='word_1_619' title='bbox 2845 4356 3039 4425; x_wconf 88' lang='lat' dir='ltr'><strong>hisque</strong></span> <span class='ocrx_word' id='word_1_620' title='bbox 3077 4353 3298 4416; x_wconf 82' lang='lat' dir='ltr'><strong>similia,</strong></span> <span class='ocrx_word' id='word_1_621' title='bbox 3336 4365 3475 4422; x_wconf 90' lang='lat' dir='ltr'><strong>quae</strong></span> <span class='ocrx_word' id='word_1_622' title='bbox 3500 4358 3818 4404; x_wconf 88' lang='lat' dir='ltr'><strong>enumerare</strong></span> 
     </span>
    </p>
   </div>
   <div class='ocr_carea' id='block_1_86' title="bbox 2244 4436 3814 4521">
    <p class='ocr_par' dir='ltr' id='par_1_86' title="bbox 2244 4436 3814 4521">
     <span class='ocr_line' id='line_1_86' title="bbox 2244 4436 3814 4521; baseline -0.011 -14"><span class='ocrx_word' id='word_1_623' title='bbox 2244 4460 2298 4507; x_wconf 89' lang='lat' dir='ltr'><strong>et</strong></span> <span class='ocrx_word' id='word_1_624' title='bbox 2326 4452 2544 4521; x_wconf 89' lang='lat' dir='ltr'><strong>longum</strong></span> <span class='ocrx_word' id='word_1_625' title='bbox 2586 4458 2672 4505; x_wconf 91' lang='lat' dir='ltr'><strong>est</strong></span> <span class='ocrx_word' id='word_1_626' title='bbox 2717 4457 2769 4504; x_wconf 92' lang='lat' dir='ltr'><strong>et</strong></span> <span class='ocrx_word' id='word_1_627' title='bbox 2805 4446 3153 4517; x_wconf 85' lang='lat' dir='ltr'><strong>impossibile.</strong></span> <span class='ocrx_word' id='word_1_628' title='bbox 3186 4443 3495 4498; x_wconf 87' lang='lat' dir='ltr'><strong>Meritorum</strong></span> <span class='ocrx_word' id='word_1_629' title='bbox 3529 4454 3658 4495; x_wconf 91' lang='lat' dir='ltr'><strong>vero</strong></span> <span class='ocrx_word' id='word_1_630' title='bbox 3689 4436 3814 4491; x_wconf 74' lang='lat' dir='ltr'><strong>effe-</strong></span> 
     </span>
    </p>
   </div>
   <div class='ocr_carea' id='block_1_87' title="bbox 568 4529 3818 4626">
    <p class='ocr_par' dir='ltr' id='par_1_87' title="bbox 568 4529 3818 4626">
     <span class='ocr_line' id='line_1_87' title="bbox 568 4529 3818 4626; baseline -0.009 -28"><span class='ocrx_word' id='word_1_631' title='bbox 568 4547 728 4609; x_wconf 86' lang='lat' dir='ltr'><strong>bono,</strong></span> <span class='ocrx_word' id='word_1_632' title='bbox 760 4544 863 4597; x_wconf 93' lang='lat' dir='ltr'><strong>hoc</strong></span> <span class='ocrx_word' id='word_1_633' title='bbox 899 4552 982 4595; x_wconf 90' lang='lat' dir='ltr'><strong>est</strong></span> <span class='ocrx_word' id='word_1_634' title='bbox 1018 4542 1221 4594; x_wconf 86' lang='lat' dir='ltr'><strong>liberae</strong></span> <span class='ocrx_word' id='word_1_635' title='bbox 1260 4540 1552 4594; x_wconf 88' lang='lat' dir='ltr'><strong>voluntatis</strong></span> <span class='ocrx_word' id='word_1_636' title='bbox 1591 4536 1833 4601; x_wconf 88' lang='lat' dir='ltr'><strong>arbitrio,</strong></span> <span class='ocrx_word' id='word_1_637' title='bbox 1865 4535 2144 4605; x_wconf 89' lang='lat' dir='ltr'><strong>ipsamque</strong></span> <span class='ocrx_word' id='word_1_638' title='bbox 2169 4564 2223 4626; x_wconf 69' lang='grc' dir='ltr'><strong><em>Β</em></strong></span> <span class='ocrx_word' id='word_1_639' title='bbox 2249 4552 2368 4597; x_wconf 58' lang='lat' dir='ltr'><strong>crus</strong></span> <span class='ocrx_word' id='word_1_640' title='bbox 2396 4550 2521 4597; x_wconf 72' lang='lat' dir='ltr'><strong>sum,</strong></span> <span class='ocrx_word' id='word_1_641' title='bbox 2566 4540 2838 4611; x_wconf 56' lang='lat' dir='ltr'><strong>gaudium,</strong></span> <span class='ocrx_word' id='word_1_642' title='bbox 2867 4539 3096 4602; x_wconf 58' lang='lat' dir='ltr'><strong>meum,</strong></span> <span class='ocrx_word' id='word_1_643' title='bbox 3143 4551 3269 4607; x_wconf 58' lang='lat' dir='ltr'><strong>pax,</strong></span> <span class='ocrx_word' id='word_1_644' title='bbox 3302 4532 3603 4596; x_wconf 53' lang='lat' dir='ltr'><strong>beatitudo,</strong></span> <span class='ocrx_word' id='word_1_645' title='bbox 3652 4529 3818 4585; x_wconf 72' lang='lat' dir='ltr'><strong>felici-</strong></span> 
     </span>
    </p>
   </div>
   <div class='ocr_carea' id='block_1_88' title="bbox 570 4625 2144 4696">
    <p class='ocr_par' dir='ltr' id='par_1_88' title="bbox 570 4625 2144 4696">
     <span class='ocr_line' id='line_1_88' title="bbox 570 4625 2144 4696; baseline -0.004 -9"><span class='ocrx_word' id='word_1_646' title='bbox 570 4631 967 4687; x_wconf 85' lang='lat' dir='ltr'><strong>damnationem</strong></span> <span class='ocrx_word' id='word_1_647' title='bbox 1017 4631 1214 4685; x_wconf 87' lang='lat' dir='ltr'><strong>bonam</strong></span> <span class='ocrx_word' id='word_1_648' title='bbox 1262 4644 1405 4695; x_wconf 89' lang='lat' dir='ltr'><strong>esse,</strong></span> <span class='ocrx_word' id='word_1_649' title='bbox 1456 4643 1563 4683; x_wconf 90' lang='lat' dir='ltr'><strong>non</strong></span> <span class='ocrx_word' id='word_1_650' title='bbox 1614 4628 1784 4682; x_wconf 89' lang='lat' dir='ltr'><strong>solum</strong></span> <span class='ocrx_word' id='word_1_651' title='bbox 1834 4627 1958 4696; x_wconf 85' lang='lat' dir='ltr'><strong>quia</strong></span> <span class='ocrx_word' id='word_1_652' title='bbox 1999 4625 2144 4695; x_wconf 82' lang='lat' dir='ltr'><strong>justa</strong></span> 
     </span>
    </p>
   </div>
   <div class='ocr_carea' id='block_1_89' title="bbox 570 4714 2145 4787">
    <p class='ocr_par' dir='ltr' id='par_1_89' title="bbox 570 4714 2145 4787">
     <span class='ocr_line' id='line_1_89' title="bbox 570 4714 2145 4787; baseline -0.003 -13"><span class='ocrx_word' id='word_1_653' title='bbox 570 4732 679 4786; x_wconf 71' lang='lat' dir='ltr'><strong>est,</strong></span> <span class='ocrx_word' id='word_1_654' title='bbox 743 4730 903 4775; x_wconf 89' lang='lat' dir='ltr'><strong>omne</strong></span> <span class='ocrx_word' id='word_1_655' title='bbox 943 4717 1208 4787; x_wconf 87' lang='lat' dir='ltr'><strong>siquidem</strong></span> <span class='ocrx_word' id='word_1_656' title='bbox 1246 4718 1451 4787; x_wconf 85' lang='lat' dir='ltr'><strong>justum</strong></span> <span class='ocrx_word' id='word_1_657' title='bbox 1500 4718 1701 4773; x_wconf 90' lang='lat' dir='ltr'><strong>bonum</strong></span> <span class='ocrx_word' id='word_1_658' title='bbox 1725 4755 1740 4779; x_wconf 95' lang='lat'><strong>,</strong></span> <span class='ocrx_word' id='word_1_659' title='bbox 1768 4729 1953 4769; x_wconf 90' lang='lat' dir='ltr'><strong>verum</strong></span> <span class='ocrx_word' id='word_1_660' title='bbox 1981 4714 2145 4769; x_wconf 89' lang='lat' dir='ltr'><strong>etiam</strong></span> 
     </span>
    </p>
   </div>
   <div class='ocr_carea' id='block_1_90' title="bbox 570 4797 2147 4882">
    <p class='ocr_par' dir='ltr' id='par_1_90' title="bbox 570 4797 2147 4882">
     <span class='ocr_line' id='line_1_90' title="bbox 570 4797 2147 4882; baseline -0.006 -15"><span class='ocrx_word' id='word_1_661' title='bbox 570 4815 693 4882; x_wconf 82' lang='lat' dir='ltr'><strong>quia</strong></span> <span class='ocrx_word' id='word_1_662' title='bbox 730 4812 871 4867; x_wconf 88' lang='lat' dir='ltr'><strong>intra</strong></span> <span class='ocrx_word' id='word_1_663' title='bbox 904 4810 1112 4864; x_wconf 88' lang='lat' dir='ltr'><strong>divinas</strong></span> <span class='ocrx_word' id='word_1_664' title='bbox 1150 4797 1297 4878; x_wconf 82' lang='lat' dir='ltr'><strong>leges</strong></span> <span class='ocrx_word' id='word_1_665' title='bbox 1328 4816 1384 4863; x_wconf 90' lang='lat' dir='ltr'><strong>et</strong></span> <span class='ocrx_word' id='word_1_666' title='bbox 1419 4807 1894 4879; x_wconf 87' lang='lat' dir='ltr'><strong>comprehenditur</strong></span> <span class='ocrx_word' id='word_1_667' title='bbox 1921 4814 1977 4861; x_wconf 89' lang='lat' dir='ltr'><strong>et</strong></span> <span class='ocrx_word' id='word_1_668' title='bbox 2001 4805 2147 4860; x_wconf 88' lang='lat' dir='ltr'><strong>ordi-</strong></span> 
     </span>
    </p>
   </div>
   <div class='ocr_carea' id='block_1_91' title="bbox 574 4896 2144 4971">
    <p class='ocr_par' dir='ltr' id='par_1_91' title="bbox 574 4896 2144 4971">
     <span class='ocr_line' id='line_1_91' title="bbox 574 4896 2144 4971; baseline -0.008 -12"><span class='ocrx_word' id='word_1_669' title='bbox 574 4914 751 4969; x_wconf 89' lang='lat' dir='ltr'><strong>natur,</strong></span> <span class='ocrx_word' id='word_1_670' title='bbox 802 4902 941 4956; x_wconf 90' lang='lat' dir='ltr'><strong>intra</strong></span> <span class='ocrx_word' id='word_1_671' title='bbox 990 4912 1124 4971; x_wconf 91' lang='lat' dir='ltr'><strong>quas</strong></span> <span class='ocrx_word' id='word_1_672' title='bbox 1170 4898 1422 4970; x_wconf 84' lang='lat' dir='ltr'><strong>quicquid</strong></span> <span class='ocrx_word' id='word_1_673' title='bbox 1464 4906 1564 4964; x_wconf 90' lang='lat' dir='ltr'><strong>est,</strong></span> <span class='ocrx_word' id='word_1_674' title='bbox 1611 4897 1808 4951; x_wconf 90' lang='lat' dir='ltr'><strong>bonum</strong></span> <span class='ocrx_word' id='word_1_675' title='bbox 1855 4904 1911 4950; x_wconf 87' lang='lat' dir='ltr'><strong>et</strong></span> <span class='ocrx_word' id='word_1_676' title='bbox 1938 4896 2144 4965; x_wconf 87' lang='lat' dir='ltr'><strong>justum</strong></span> 
     </span>
    </p>
   </div>
   <div class='ocr_carea' id='block_1_92' title="bbox 571 4986 2148 5062">
    <p class='ocr_par' dir='ltr' id='par_1_92' title="bbox 571 4986 2148 5062">
     <span class='ocr_line' id='line_1_92' title="bbox 571 4986 2148 5062; baseline -0.006 -13"><span class='ocrx_word' id='word_1_677' title='bbox 571 5012 690 5050; x_wconf 83' lang='lat' dir='ltr'><strong>esse</strong></span> <span class='ocrx_word' id='word_1_678' title='bbox 710 5004 764 5050; x_wconf 89' lang='lat' dir='ltr'><strong>et</strong></span> <span class='ocrx_word' id='word_1_679' title='bbox 784 4994 1069 5049; x_wconf 86' lang='lat' dir='ltr'><strong>honestum</strong></span> <span class='ocrx_word' id='word_1_680' title='bbox 1089 5008 1314 5049; x_wconf 90' lang='lat' dir='ltr'><strong>necesse</strong></span> <span class='ocrx_word' id='word_1_681' title='bbox 1339 4999 1439 5048; x_wconf 91' lang='lat' dir='ltr'><strong>est.</strong></span> <span class='ocrx_word' id='word_1_682' title='bbox 1467 4991 1619 5062; x_wconf 88' lang='lat' dir='ltr'><strong>Ipsae</strong></span> <span class='ocrx_word' id='word_1_683' title='bbox 1645 4989 1805 5044; x_wconf 89' lang='lat' dir='ltr'><strong>etiam</strong></span> <span class='ocrx_word' id='word_1_684' title='bbox 1831 4986 2148 5060; x_wconf 90' lang='lat' dir='ltr'><strong>phantasiae</strong></span> 
     </span>
    </p>
   </div>
   <div class='ocr_carea' id='block_1_93' title="bbox 573 5080 2142 5155">
    <p class='ocr_par' dir='ltr' id='par_1_93' title="bbox 573 5080 2142 5155">
     <span class='ocr_line' id='line_1_93' title="bbox 573 5080 2142 5155; baseline -0.003 -16"><span class='ocrx_word' id='word_1_685' title='bbox 573 5085 624 5139; x_wconf 91' lang='lat' dir='ltr'><strong>in</strong></span> <span class='ocrx_word' id='word_1_686' title='bbox 647 5083 840 5155; x_wconf 89' lang='lat' dir='ltr'><strong>quibus</strong></span> <span class='ocrx_word' id='word_1_687' title='bbox 866 5084 988 5151; x_wconf 88' lang='lat' dir='ltr'><strong>erit,</strong></span> <span class='ocrx_word' id='word_1_688' title='bbox 1004 5085 1177 5141; x_wconf 90' lang='lat' dir='ltr'><strong>bonae</strong></span> <span class='ocrx_word' id='word_1_689' title='bbox 1203 5093 1348 5140; x_wconf 91' lang='lat' dir='ltr'><strong>sunt.</strong></span> <span class='ocrx_word' id='word_1_690' title='bbox 1367 5085 1502 5139; x_wconf 90' lang='lat' dir='ltr'><strong>Nam</strong></span> <span class='ocrx_word' id='word_1_691' title='bbox 1524 5092 1579 5138; x_wconf 90' lang='lat' dir='ltr'><strong>et</strong></span> <span class='ocrx_word' id='word_1_692' title='bbox 1601 5080 1817 5138; x_wconf 86' lang='lat' dir='ltr'><strong>umbras</strong></span> <span class='ocrx_word' id='word_1_693' title='bbox 1836 5096 2142 5150; x_wconf 90' lang='lat' dir='ltr'><strong>corporum,</strong></span> 
     </span>
    </p>
   </div>
   <div class='ocr_carea' id='block_1_94' title="bbox 571 5170 2146 5245">
    <p class='ocr_par' dir='ltr' id='par_1_94' title="bbox 571 5170 2146 5245">
     <span class='ocr_line' id='line_1_94' title="bbox 571 5170 2146 5245; baseline -0.004 -16"><span class='ocrx_word' id='word_1_694' title='bbox 571 5189 704 5245; x_wconf 91' lang='lat' dir='ltr'><strong>quas</strong></span> <span class='ocrx_word' id='word_1_695' title='bbox 742 5190 909 5231; x_wconf 89' lang='lat' dir='ltr'><strong>vanas</strong></span> <span class='ocrx_word' id='word_1_696' title='bbox 952 5189 1070 5231; x_wconf 88' lang='lat' dir='ltr'><strong>esse</strong></span> <span class='ocrx_word' id='word_1_697' title='bbox 1113 5190 1271 5231; x_wconf 90' lang='lat' dir='ltr'><strong>nemo</strong></span> <span class='ocrx_word' id='word_1_698' title='bbox 1308 5176 1562 5245; x_wconf 90' lang='lat' dir='ltr'><strong>ambigit,</strong></span> <span class='ocrx_word' id='word_1_699' title='bbox 1605 5173 1887 5244; x_wconf 89' lang='lat' dir='ltr'><strong>splendore</strong></span> <span class='ocrx_word' id='word_1_700' title='bbox 1929 5170 2146 5225; x_wconf 91' lang='lat' dir='ltr'><strong>luminis</strong></span> 
     </span>
    </p>
   </div>
   <div class='ocr_carea' id='block_1_95' title="bbox 573 5260 2147 5339">
    <p class='ocr_par' dir='ltr' id='par_1_95' title="bbox 573 5260 2147 5339">
     <span class='ocr_line' id='line_1_95' title="bbox 573 5260 2147 5339; baseline -0.006 -19"><span class='ocrx_word' id='word_1_701' title='bbox 573 5264 809 5338; x_wconf 89' lang='lat' dir='ltr'><strong>undique</strong></span> <span class='ocrx_word' id='word_1_702' title='bbox 848 5267 1080 5323; x_wconf 85' lang='lat' dir='ltr'><strong>coartari</strong></span> <span class='ocrx_word' id='word_1_703' title='bbox 1112 5275 1168 5323; x_wconf 89' lang='lat' dir='ltr'><strong>et</strong></span> <span class='ocrx_word' id='word_1_704' title='bbox 1212 5267 1347 5323; x_wconf 90' lang='lat' dir='ltr'><strong>oriri</strong></span> <span class='ocrx_word' id='word_1_705' title='bbox 1392 5267 1671 5331; x_wconf 89' lang='lat' dir='ltr'><strong>videmus,</strong></span> <span class='ocrx_word' id='word_1_706' title='bbox 1731 5264 1819 5339; x_wconf 42' lang='lat' dir='ltr'><strong>nil‘</strong></span> <span class='ocrx_word' id='word_1_707' title='bbox 1860 5260 2147 5331; x_wconf 87' lang='lat' dir='ltr'><strong>turpitudi-</strong></span> 
     </span>
    </p>
   </div>
   <div class='ocr_carea' id='block_1_96' title="bbox 2251 4622 3819 4704">
    <p class='ocr_par' dir='ltr' id='par_1_96' title="bbox 2251 4622 3819 4704">
     <span class='ocr_line' id='line_1_96' title="bbox 2251 4622 3819 4704; baseline -0.01 -17"><span class='ocrx_word' id='word_1_708' title='bbox 2251 4642 2352 4698; x_wconf 90' lang='lat' dir='ltr'><strong>tas,</strong></span> <span class='ocrx_word' id='word_1_709' title='bbox 2375 4631 2567 4704; x_wconf 90' lang='lat' dir='ltr'><strong>gloria,</strong></span> <span class='ocrx_word' id='word_1_710' title='bbox 2591 4630 2917 4685; x_wconf 89' lang='lat' dir='ltr'><strong>beatissimis</strong></span> <span class='ocrx_word' id='word_1_711' title='bbox 2936 4628 3142 4698; x_wconf 85' lang='lat' dir='ltr'><strong>angelis</strong></span> <span class='ocrx_word' id='word_1_712' title='bbox 3162 4627 3481 4698; x_wconf 88' lang='lat' dir='ltr'><strong>aequalitas,</strong></span> <span class='ocrx_word' id='word_1_713' title='bbox 3496 4640 3559 4678; x_wconf 89' lang='lat' dir='ltr'><strong>ac</strong></span> <span class='ocrx_word' id='word_1_714' title='bbox 3584 4622 3819 4679; x_wconf 90' lang='lat' dir='ltr'><strong>breviter</strong></span> 
     </span>
    </p>
   </div>
   <div class='ocr_carea' id='block_1_97' title="bbox 2249 4712 3816 4785">
    <p class='ocr_par' dir='ltr' id='par_1_97' title="bbox 2249 4712 3816 4785">
     <span class='ocr_line' id='line_1_97' title="bbox 2249 4712 3816 4785; baseline -0.011 -7"><span class='ocrx_word' id='word_1_715' title='bbox 2249 4723 2553 4785; x_wconf 89' lang='lat' dir='ltr'><strong>dicendum,</strong></span> <span class='ocrx_word' id='word_1_716' title='bbox 2589 4718 2811 4784; x_wconf 87' lang='lat' dir='ltr'><strong>theosis,</strong></span> <span class='ocrx_word' id='word_1_717' title='bbox 2859 4720 2910 4774; x_wconf 91' lang='lat' dir='ltr'><strong>id</strong></span> <span class='ocrx_word' id='word_1_718' title='bbox 2958 4726 3043 4773; x_wconf 92' lang='lat' dir='ltr'><strong>est</strong></span> <span class='ocrx_word' id='word_1_719' title='bbox 3091 4716 3380 4782; x_wconf 87' lang='lat' dir='ltr'><strong>deificatio,</strong></span> <span class='ocrx_word' id='word_1_720' title='bbox 3425 4716 3477 4769; x_wconf 94' lang='lat' dir='ltr'><strong>in</strong></span> <span class='ocrx_word' id='word_1_721' title='bbox 3527 4728 3628 4783; x_wconf 88' lang='lat' dir='ltr'><strong>qua</strong></span> <span class='ocrx_word' id='word_1_722' title='bbox 3676 4712 3816 4764; x_wconf 71' lang='lat' dir='ltr'><strong>Deus</strong></span> 
     </span>
    </p>
   </div>
   <div class='ocr_carea' id='block_1_98' title="bbox 2248 4801 3814 4883">
    <p class='ocr_par' dir='ltr' id='par_1_98' title="bbox 2248 4801 3814 4883">
     <span class='ocr_line' id='line_1_98' title="bbox 2248 4801 3814 4883; baseline -0.01 -16"><span class='ocrx_word' id='word_1_723' title='bbox 2248 4813 2583 4883; x_wconf 75' lang='lat' dir='ltr'><strong>diligentibus</strong></span> <span class='ocrx_word' id='word_1_724' title='bbox 2634 4828 2688 4865; x_wconf 79' lang='lat' dir='ltr'><strong>se</strong></span> <span class='ocrx_word' id='word_1_725' title='bbox 2722 4811 3076 4880; x_wconf 80' lang='lat' dir='ltr'><strong>praeparavit,</strong></span> <span class='ocrx_word' id='word_1_726' title='bbox 3132 4826 3263 4879; x_wconf 80' lang='lat' dir='ltr'><strong>quae</strong></span> <span class='ocrx_word' id='word_1_727' title='bbox 3310 4825 3399 4863; x_wconf 86' lang='lat' dir='ltr'><strong>nec</strong></span> <span class='ocrx_word' id='word_1_728' title='bbox 3444 4803 3622 4860; x_wconf 76' lang='lat' dir='ltr'><strong>oculus</strong></span> <span class='ocrx_word' id='word_1_729' title='bbox 3660 4801 3814 4865; x_wconf 79' lang='lat' dir='ltr'><strong>vidit,</strong></span> 
     </span>
    </p>
   </div>
   <div class='ocr_carea' id='block_1_99' title="bbox 2250 4889 3816 4966">
    <p class='ocr_par' dir='ltr' id='par_1_99' title="bbox 2250 4889 3816 4966">
     <span class='ocr_line' id='line_1_99' title="bbox 2250 4889 3816 4966; baseline -0.008 -9"><span class='ocrx_word' id='word_1_730' title='bbox 2250 4919 2340 4957; x_wconf 85' lang='lat' dir='ltr'><strong>nec</strong></span> <span class='ocrx_word' id='word_1_731' title='bbox 2378 4901 2521 4956; x_wconf 78' lang='lat' dir='ltr'><strong>auris</strong></span> <span class='ocrx_word' id='word_1_732' title='bbox 2548 4902 2766 4966; x_wconf 82' lang='lat' dir='ltr'><strong>audivit,</strong></span> <span class='ocrx_word' id='word_1_733' title='bbox 2813 4916 2905 4954; x_wconf 83' lang='lat' dir='ltr'><strong>nec</strong></span> <span class='ocrx_word' id='word_1_734' title='bbox 2947 4902 3002 4953; x_wconf 80' lang='lat' dir='ltr'><strong>in</strong></span> <span class='ocrx_word' id='word_1_735' title='bbox 3036 4915 3127 4954; x_wconf 87' lang='lat' dir='ltr'><strong>cor</strong></span> <span class='ocrx_word' id='word_1_736' title='bbox 3164 4899 3386 4953; x_wconf 78' lang='lat' dir='ltr'><strong>hominis</strong></span> <span class='ocrx_word' id='word_1_737' title='bbox 3430 4892 3681 4948; x_wconf 55' lang='lat' dir='ltr'><strong>atcendit.</strong></span> <span class='ocrx_word' id='word_1_738' title='bbox 3713 4889 3816 4945; x_wconf 85' lang='lat' dir='ltr'><strong>Ubi</strong></span> 
     </span>
    </p>
   </div>
   <div class='ocr_carea' id='block_1_100' title="bbox 2249 4981 3818 5048">
    <p class='ocr_par' dir='ltr' id='par_1_100' title="bbox 2249 4981 3818 5048">
     <span class='ocr_line' id='line_1_100' title="bbox 2249 4981 3818 5048; baseline -0.008 -1"><span class='ocrx_word' id='word_1_739' title='bbox 2249 5002 2429 5047; x_wconf 90' lang='lat' dir='ltr'><strong>autem</strong></span> <span class='ocrx_word' id='word_1_740' title='bbox 2454 5007 2743 5048; x_wconf 88' lang='lat' dir='ltr'><strong>causarum</strong></span> <span class='ocrx_word' id='word_1_741' title='bbox 2781 4990 3003 5047; x_wconf 80' lang='lat' dir='ltr'><strong>effectus</strong></span> <span class='ocrx_word' id='word_1_742' title='bbox 3043 4992 3184 5045; x_wconf 89' lang='lat' dir='ltr'><strong>inter</strong></span> <span class='ocrx_word' id='word_1_743' title='bbox 3211 5006 3270 5046; x_wconf 90' lang='lat' dir='ltr'><strong>se</strong></span> <span class='ocrx_word' id='word_1_744' title='bbox 3308 4987 3531 5043; x_wconf 87' lang='lat' dir='ltr'><strong>invicem</strong></span> <span class='ocrx_word' id='word_1_745' title='bbox 3558 4981 3818 5039; x_wconf 88' lang='lat' dir='ltr'><strong>contrarii</strong></span> 
     </span>
    </p>
   </div>
   <div class='ocr_carea' id='block_1_101' title="bbox 2208 5071 3820 5152">
    <p class='ocr_par' dir='ltr' id='par_1_101' title="bbox 2208 5071 3820 5152">
     <span class='ocr_line' id='line_1_101' title="bbox 2208 5071 3820 5152; baseline -0.008 -12"><span class='ocrx_word' id='word_1_746' title='bbox 2208 5114 2211 5115; x_wconf 53' lang='grc' dir='ltr'><em>ν</em></span> <span class='ocrx_word' id='word_1_747' title='bbox 2254 5091 2398 5147; x_wconf 90' lang='lat' dir='ltr'><strong>sunt,</strong></span> <span class='ocrx_word' id='word_1_748' title='bbox 2440 5082 2514 5137; x_wconf 89' lang='lat' dir='ltr'><strong>ibi</strong></span> <span class='ocrx_word' id='word_1_749' title='bbox 2541 5095 2764 5138; x_wconf 89' lang='lat' dir='ltr'><strong>necesse</strong></span> <span class='ocrx_word' id='word_1_750' title='bbox 2791 5092 2896 5149; x_wconf 89' lang='lat' dir='ltr'><strong>est,</strong></span> <span class='ocrx_word' id='word_1_751' title='bbox 2926 5091 2981 5137; x_wconf 89' lang='lat' dir='ltr'><strong>et</strong></span> <span class='ocrx_word' id='word_1_752' title='bbox 3019 5082 3164 5152; x_wconf 88' lang='lat' dir='ltr'><strong>ipsas</strong></span> <span class='ocrx_word' id='word_1_753' title='bbox 3203 5095 3394 5137; x_wconf 90' lang='lat' dir='ltr'><strong>causas</strong></span> <span class='ocrx_word' id='word_1_754' title='bbox 3438 5077 3723 5148; x_wconf 86' lang='lat' dir='ltr'><strong>disparari.</strong></span> <span class='ocrx_word' id='word_1_755' title='bbox 3755 5071 3820 5128; x_wconf 68' lang='grc' dir='ltr'><strong>[ὰ</strong></span> 
     </span>
    </p>
   </div>
   <div class='ocr_carea' id='block_1_102' title="bbox 2252 5164 3819 5247">
    <p class='ocr_par' dir='ltr' id='par_1_102' title="bbox 2252 5164 3819 5247">
     <span class='ocr_line' id='line_1_102' title="bbox 2252 5164 3819 5247; baseline -0.006 -19"><span class='ocrx_word' id='word_1_756' title='bbox 2252 5174 2297 5228; x_wconf 90' lang='lat' dir='ltr'><strong>si</strong></span> <span class='ocrx_word' id='word_1_757' title='bbox 2329 5173 2450 5244; x_wconf 88' lang='lat' dir='ltr'><strong>quis</strong></span> <span class='ocrx_word' id='word_1_758' title='bbox 2471 5173 2687 5240; x_wconf 78' lang='lat' dir='ltr'><strong>dixerit,</strong></span> <span class='ocrx_word' id='word_1_759' title='bbox 2732 5174 2999 5247; x_wconf 91' lang='lat' dir='ltr'><strong>quomodo</strong></span> <span class='ocrx_word' id='word_1_760' title='bbox 3027 5188 3057 5227; x_wconf 91' lang='lat' dir='ltr'><strong>a</strong></span> <span class='ocrx_word' id='word_1_761' title='bbox 3086 5188 3155 5247; x_wconf 84' lang='lat' dir='ltr'><strong>se</strong></span> <span class='ocrx_word' id='word_1_762' title='bbox 3185 5172 3418 5228; x_wconf 90' lang='lat' dir='ltr'><strong>invicem</strong></span> <span class='ocrx_word' id='word_1_763' title='bbox 3446 5164 3601 5240; x_wconf 83' lang='lat' dir='ltr'><strong>longe</strong></span> <span class='ocrx_word' id='word_1_764' title='bbox 3622 5166 3819 5221; x_wconf 87' lang='lat' dir='ltr'><strong>distan-</strong></span> 
     </span>
    </p>
   </div>
   <div class='ocr_carea' id='block_1_103' title="bbox 2253 5259 3819 5335">
    <p class='ocr_par' dir='ltr' id='par_1_103' title="bbox 2253 5259 3819 5335">
     <span class='ocr_line' id='line_1_103' title="bbox 2253 5259 3819 5335; baseline -0.004 -17"><span class='ocrx_word' id='word_1_765' title='bbox 2253 5264 2328 5319; x_wconf 86' lang='lat' dir='ltr'><strong>tia</strong></span> <span class='ocrx_word' id='word_1_766' title='bbox 2358 5265 2594 5321; x_wconf 90' lang='lat' dir='ltr'><strong>simulet</strong></span> <span class='ocrx_word' id='word_1_767' title='bbox 2622 5266 2677 5321; x_wconf 87' lang='lat' dir='ltr'><strong>in</strong></span> <span class='ocrx_word' id='word_1_768' title='bbox 2700 5279 2808 5321; x_wconf 90' lang='lat' dir='ltr'><strong>uno</strong></span> <span class='ocrx_word' id='word_1_769' title='bbox 2836 5264 3127 5321; x_wconf 89' lang='lat' dir='ltr'><strong>coadunari</strong></span> <span class='ocrx_word' id='word_1_770' title='bbox 3148 5271 3397 5335; x_wconf 90' lang='lat' dir='ltr'><strong>possunt,</strong></span> <span class='ocrx_word' id='word_1_771' title='bbox 3421 5262 3527 5317; x_wconf 90' lang='lat' dir='ltr'><strong>hoc</strong></span> <span class='ocrx_word' id='word_1_772' title='bbox 3546 5267 3649 5326; x_wconf 87' lang='lat' dir='ltr'><strong>est,</strong></span> <span class='ocrx_word' id='word_1_773' title='bbox 3681 5259 3819 5313; x_wconf 79' lang='lat' dir='ltr'><strong>intra</strong></span> 
     </span>
    </p>
   </div>
   <div class='ocr_carea' id='block_1_104' title="bbox 1884 5395 2582 5463">
    <p class='ocr_par' dir='ltr' id='par_1_104' title="bbox 1884 5395 2582 5463">
     <span class='ocr_line' id='line_1_104' title="bbox 1884 5395 2582 5463; baseline 0.004 -12"><span class='ocrx_word' id='word_1_774' title='bbox 1884 5395 2142 5453; x_wconf 78' lang='lat' dir='ltr'><strong>VARIAE</strong></span> <span class='ocrx_word' id='word_1_775' title='bbox 2178 5395 2582 5463; x_wconf 82' lang='lat' dir='ltr'><strong>LECTIONES.</strong></span> 
     </span>
    </p>
   </div>
   <div class='ocr_carea' id='block_1_105' title="bbox 643 5482 3823 5581">
    <p class='ocr_par' dir='ltr' id='par_1_105' title="bbox 643 5482 3823 5581">
     <span class='ocr_line' id='line_1_105' title="bbox 643 5482 3823 5581; baseline -0.002 -11"><span class='ocrx_word' id='word_1_776' title='bbox 643 5516 665 5550; x_wconf 75' lang='grc' dir='ltr'>ί</span> <span class='ocrx_word' id='word_1_777' title='bbox 698 5512 780 5570; x_wconf 72' lang='lat' dir='ltr'><strong>uel</strong></span> <span class='ocrx_word' id='word_1_778' title='bbox 833 5513 1027 5568; x_wconf 75' lang='lat' dir='ltr'><strong>alicubi</strong></span> <span class='ocrx_word' id='word_1_779' title='bbox 1067 5517 1209 5570; x_wconf 84' lang='lat' dir='ltr'><strong>circa</strong></span> <span class='ocrx_word' id='word_1_780' title='bbox 1249 5524 1442 5569; x_wconf 80' lang='lat' dir='ltr'><strong>terram</strong></span> <span class='ocrx_word' id='word_1_781' title='bbox 1469 5529 1578 5569; x_wconf 91' lang='lat' dir='ltr'><strong>om.</strong></span> <span class='ocrx_word' id='word_1_782' title='bbox 1610 5512 1676 5566; x_wconf 86' lang='lat' dir='ltr'><strong>A.</strong></span> <span class='ocrx_word' id='word_1_783' title='bbox 1754 5511 1776 5542; x_wconf 81' lang='lat'>&#39;</span> <span class='ocrx_word' id='word_1_784' title='bbox 1810 5510 2037 5581; x_wconf 66' lang='lat' dir='ltr'><strong>Aquod.</strong></span> <span class='ocrx_word' id='word_1_785' title='bbox 2071 5578 2079 5581; x_wconf 92' lang='lat'>_</span> <span class='ocrx_word' id='word_1_786' title='bbox 2116 5509 2137 5541; x_wconf 86' lang='grc'><strong><em>³</em></strong></span> <span class='ocrx_word' id='word_1_787' title='bbox 2165 5509 2254 5581; x_wconf 84' lang='lat' dir='ltr'><strong>Sic</strong></span> <span class='ocrx_word' id='word_1_788' title='bbox 2292 5510 2411 5580; x_wconf 82' lang='lat' dir='ltr'><strong>CF;</strong></span> <span class='ocrx_word' id='word_1_789' title='bbox 2444 5512 2488 5581; x_wconf 78' lang='grc' dir='ltr'><strong>ᾼ</strong></span> <span class='ocrx_word' id='word_1_790' title='bbox 2522 5519 2793 5581; x_wconf 74' lang='lat' dir='ltr'><strong>egestates.</strong></span> <span class='ocrx_word' id='word_1_791' title='bbox 2871 5511 2892 5543; x_wconf 73' lang='grc'><strong>⁸</strong></span> <span class='ocrx_word' id='word_1_792' title='bbox 2925 5511 2970 5566; x_wconf 84' lang='grc' dir='ltr'>Α</span> <span class='ocrx_word' id='word_1_793' title='bbox 3004 5514 3103 5567; x_wconf 84' lang='lat' dir='ltr'><strong>iste</strong></span> <span class='ocrx_word' id='word_1_794' title='bbox 3127 5511 3377 5581; x_wconf 74' lang='lat' dir='ltr'><strong>mundus.</strong></span> <span class='ocrx_word' id='word_1_795' title='bbox 3446 5482 3478 5541; x_wconf 11' lang='grc' dir='ltr'><em>γ’</em></span> <span class='ocrx_word' id='word_1_796' title='bbox 3500 5507 3603 5581; x_wconf 78' lang='lat' dir='ltr'><strong>Sic</strong></span> <span class='ocrx_word' id='word_1_797' title='bbox 3625 5506 3705 5581; x_wconf 74' lang='lat' dir='ltr'><strong>F_:_</strong></span> 
     </span>
    </p>
   </div>
   <div class='ocr_carea' id='block_1_106' title="bbox 940 5579 1892 5645">
    <p class='ocr_par' dir='ltr' id='par_1_106' title="bbox 940 5579 1892 5645">
     <span class='ocr_line' id='line_1_106' title="bbox 940 5579 1892 5645; baseline -0.004 -10"><span class='ocrx_word' id='word_1_798' title='bbox 940 5582 962 5613; x_wconf 78' lang='grc'><strong>⁸</strong></span> <span class='ocrx_word' id='word_1_799' title='bbox 994 5582 1040 5635; x_wconf 82' lang='grc' dir='ltr'><strong>Δ</strong></span> <span class='ocrx_word' id='word_1_800' title='bbox 1066 5593 1112 5636; x_wconf 85' lang='lat' dir='ltr'><strong>et</strong></span> <span class='ocrx_word' id='word_1_801' title='bbox 1138 5584 1389 5640; x_wconf 81' lang='lat' dir='ltr'><strong>omnium.</strong></span> <span class='ocrx_word' id='word_1_802' title='bbox 1485 5584 1647 5645; x_wconf 68' lang='grc' dir='ltr'><strong>’,εἰπε</strong></span> <span class='ocrx_word' id='word_1_803' title='bbox 1692 5595 1802 5635; x_wconf 91' lang='lat' dir='ltr'><strong>om.</strong></span> <span class='ocrx_word' id='word_1_804' title='bbox 1829 5579 1892 5632; x_wconf 84' lang='lat' dir='ltr'><strong>A.</strong></span> 
     </span>
    </p>
   </div>
   <div class='ocr_carea' id='block_1_107' title="bbox 570 5600 846 5657">
    <p class='ocr_par' dir='ltr' id='par_1_107' title="bbox 570 5600 846 5657">
     <span class='ocr_line' id='line_1_107' title="bbox 570 5600 846 5657; baseline -0.029 -16"><span class='ocrx_word' id='word_1_805' title='bbox 570 5600 846 5657; x_wconf 68' lang='lat' dir='ltr'><strong>granaque.</strong></span> 
     </span>
    </p>
   </div>
   <div class='ocr_carea' id='block_1_108' title="bbox 575 5717 1335 5787">
    <p class='ocr_par' dir='ltr' id='par_1_108' title="bbox 575 5717 1335 5787">
     <span class='ocr_line' id='line_1_108' title="bbox 575 5717 1335 5787; baseline 0.005 -17"><span class='ocrx_word' id='word_1_806' title='bbox 575 5734 682 5787; x_wconf 71' lang='lat' dir='ltr'><strong>om.</strong></span> <span class='ocrx_word' id='word_1_807' title='bbox 731 5717 803 5770; x_wconf 62' lang='grc' dir='ltr'><strong>Αἱ</strong></span> <span class='ocrx_word' id='word_1_808' title='bbox 894 5717 999 5771; x_wconf 75' lang='grc' dir='ltr'><strong>¹⁷Α</strong></span> <span class='ocrx_word' id='word_1_809' title='bbox 1033 5719 1335 5787; x_wconf 74' lang='lat' dir='ltr'><strong>ineffabilis.</strong></span> 
     </span>
    </p>
   </div>
   <div class='ocr_carea' id='block_1_109' title="bbox 577 5784 1129 5857">
    <p class='ocr_par' dir='ltr' id='par_1_109' title="bbox 577 5784 1129 5857">
     <span class='ocr_line' id='line_1_109' title="bbox 577 5784 1129 5857; baseline 0.004 -14"><span class='ocrx_word' id='word_1_810' title='bbox 577 5784 877 5843; x_wconf 68' lang='lat' dir='ltr'><strong>insinuatur</strong></span> <span class='ocrx_word' id='word_1_811' title='bbox 929 5800 1034 5843; x_wconf 81' lang='lat' dir='ltr'><strong>om.</strong></span> <span class='ocrx_word' id='word_1_812' title='bbox 1083 5788 1129 5857; x_wconf 60' lang='grc' dir='ltr'>Α</span> 
     </span>
    </p>
   </div>
   <div class='ocr_carea' id='block_1_110' title="bbox 1437 5719 1682 5778">
    <p class='ocr_par' dir='ltr' id='par_1_110' title="bbox 1437 5719 1682 5778">
     <span class='ocr_line' id='line_1_110' title="bbox 1437 5719 1682 5778; baseline -0.004 -2"><span class='ocrx_word' id='word_1_813' title='bbox 1437 5721 1480 5752; x_wconf 81' lang='grc'>¹⁸</span> <span class='ocrx_word' id='word_1_814' title='bbox 1509 5719 1593 5776; x_wconf 86' lang='lat' dir='ltr'><strong>CF</strong></span> <span class='ocrx_word' id='word_1_815' title='bbox 1613 5731 1682 5778; x_wconf 80' lang='lat' dir='ltr'><strong>ct.</strong></span> 
     </span>
    </p>
   </div>
   <div class='ocr_carea' id='block_1_111' title="bbox 2006 5570 2719 5636">
    <p class='ocr_par' dir='ltr' id='par_1_111' title="bbox 2006 5570 2719 5636">
     <span class='ocr_line' id='line_1_111' title="bbox 2006 5570 2719 5636; baseline 0.004 -4"><span class='ocrx_word' id='word_1_816' title='bbox 2006 5579 2030 5612; x_wconf 82' lang='grc'>⁸</span> <span class='ocrx_word' id='word_1_817' title='bbox 2056 5578 2097 5633; x_wconf 84' lang='lat' dir='ltr'><strong>A</strong></span> <span class='ocrx_word' id='word_1_818' title='bbox 2129 5570 2719 5636; x_wconf 47' lang='lat' dir='ltr'><strong>substantiafiterveum.</strong></span> 
     </span>
    </p>
   </div>
   <div class='ocr_carea' id='block_1_112' title="bbox 571 5647 2164 5719">
    <p class='ocr_par' dir='ltr' id='par_1_112' title="bbox 571 5647 2164 5719">
     <span class='ocr_line' id='line_1_112' title="bbox 571 5647 2164 5719; baseline -0.001 -13"><span class='ocrx_word' id='word_1_819' title='bbox 571 5647 765 5707; x_wconf 64' lang='lat' dir='ltr'><strong>iterari</strong></span> <span class='ocrx_word' id='word_1_820' title='bbox 789 5659 1056 5719; x_wconf 86' lang='lat' dir='ltr'><strong>posssent.</strong></span> <span class='ocrx_word' id='word_1_821' title='bbox 1136 5654 1176 5682; x_wconf 82' lang='lat'>&quot;</span> <span class='ocrx_word' id='word_1_822' title='bbox 1200 5651 1248 5705; x_wconf 80' lang='grc' dir='ltr'><strong>Α</strong></span> <span class='ocrx_word' id='word_1_823' title='bbox 1274 5652 1491 5714; x_wconf 76' lang='lat' dir='ltr'><strong>videtur.</strong></span> <span class='ocrx_word' id='word_1_824' title='bbox 1568 5651 1612 5683; x_wconf 82' lang='grc'><strong>¹⁸</strong></span> <span class='ocrx_word' id='word_1_825' title='bbox 1636 5649 1740 5719; x_wconf 60' lang='grc' dir='ltr'><strong>δίο,</strong></span> <span class='ocrx_word' id='word_1_826' title='bbox 1767 5647 1883 5715; x_wconf 88' lang='lat' dir='ltr'><strong>CF;</strong></span> <span class='ocrx_word' id='word_1_827' title='bbox 1923 5649 1969 5703; x_wconf 77' lang='grc' dir='ltr'>Α</span> <span class='ocrx_word' id='word_1_828' title='bbox 1999 5648 2164 5716; x_wconf 83' lang='lat' dir='ltr'><strong>Quae.</strong></span> 
     </span>
    </p>
   </div>
   <div class='ocr_carea' id='block_1_113' title="bbox 1784 5720 2171 5783">
    <p class='ocr_par' dir='ltr' id='par_1_113' title="bbox 1784 5720 2171 5783">
     <span class='ocr_line' id='line_1_113' title="bbox 1784 5720 2171 5783; baseline -0.01 -2"><span class='ocrx_word' id='word_1_829' title='bbox 1784 5720 1827 5755; x_wconf 85' lang='grc'><strong>¹⁹</strong></span> <span class='ocrx_word' id='word_1_830' title='bbox 1871 5727 1920 5781; x_wconf 76' lang='lat' dir='ltr'><strong>et</strong></span> <span class='ocrx_word' id='word_1_831' title='bbox 1968 5734 2078 5781; x_wconf 88' lang='lat' dir='ltr'><strong>om.</strong></span> <span class='ocrx_word' id='word_1_832' title='bbox 2108 5720 2171 5783; x_wconf 82' lang='grc' dir='ltr'><strong>Α.</strong></span> 
     </span>
    </p>
   </div>
   <div class='ocr_carea' id='block_1_114' title="bbox 2837 5573 3823 5636">
    <p class='ocr_par' dir='ltr' id='par_1_114' title="bbox 2837 5573 3823 5636">
     <span class='ocr_line' id='line_1_114' title="bbox 2837 5573 3823 5636; baseline -0.012 1"><span class='ocrx_word' id='word_1_833' title='bbox 2837 5581 2860 5615; x_wconf 83' lang='grc'><strong>⁹</strong></span> <span class='ocrx_word' id='word_1_834' title='bbox 2887 5583 2932 5636; x_wconf 79' lang='grc' dir='ltr'><strong>Α</strong></span> <span class='ocrx_word' id='word_1_835' title='bbox 2958 5594 3028 5636; x_wconf 88' lang='lat' dir='ltr'><strong>et.</strong></span> <span class='ocrx_word' id='word_1_836' title='bbox 3128 5579 3173 5612; x_wconf 85' lang='grc'><strong>¹⁰</strong></span> <span class='ocrx_word' id='word_1_837' title='bbox 3202 5582 3318 5633; x_wconf 79' lang='lat' dir='ltr'><strong>dico</strong></span> <span class='ocrx_word' id='word_1_838' title='bbox 3344 5594 3453 5633; x_wconf 90' lang='lat' dir='ltr'><strong>om.</strong></span> <span class='ocrx_word' id='word_1_839' title='bbox 3485 5577 3549 5630; x_wconf 86' lang='lat' dir='ltr'><strong>A.</strong></span> <span class='ocrx_word' id='word_1_840' title='bbox 3670 5576 3710 5605; x_wconf 82' lang='lat'>“</span> <span class='ocrx_word' id='word_1_841' title='bbox 3742 5573 3823 5626; x_wconf 75' lang='lat' dir='ltr'><strong>Cl&quot;</strong></span> 
     </span>
    </p>
   </div>
   <div class='ocr_carea' id='block_1_115' title="bbox 2261 5645 3823 5721">
    <p class='ocr_par' dir='ltr' id='par_1_115' title="bbox 2261 5645 3823 5721">
     <span class='ocr_line' id='line_1_115' title="bbox 2261 5645 3823 5721; baseline -0.008 -15"><span class='ocrx_word' id='word_1_842' title='bbox 2261 5648 2376 5721; x_wconf 46' lang='grc' dir='ltr'><strong>ΨΑ</strong></span> <span class='ocrx_word' id='word_1_843' title='bbox 2443 5650 2710 5721; x_wconf 77' lang='lat' dir='ltr'><strong>conspicor</strong></span> <span class='ocrx_word' id='word_1_844' title='bbox 2729 5649 2940 5721; x_wconf 78' lang='lat' dir='ltr'><strong>clarius.</strong></span> <span class='ocrx_word' id='word_1_845' title='bbox 3019 5650 3129 5703; x_wconf 76' lang='lat' dir='ltr'><strong>&quot;A</strong></span> <span class='ocrx_word' id='word_1_846' title='bbox 3177 5666 3468 5721; x_wconf 72' lang='lat' dir='ltr'><strong>reversuro.</strong></span> <span class='ocrx_word' id='word_1_847' title='bbox 3567 5645 3823 5721; x_wconf 46' lang='lat' dir='ltr'><strong>’ipoen-as</strong></span> 
     </span>
    </p>
   </div>
   <div class='ocr_carea' id='block_1_116' title="bbox 2270 5712 3825 5809">
    <p class='ocr_par' dir='ltr' id='par_1_116' title="bbox 2270 5712 3825 5809">
     <span class='ocr_line' id='line_1_116' title="bbox 2270 5712 3825 5809; baseline -0.01 -30"><span class='ocrx_word' id='word_1_848' title='bbox 2270 5719 2318 5754; x_wconf 84' lang='lat'><strong>&quot;</strong></span> <span class='ocrx_word' id='word_1_849' title='bbox 2370 5712 2587 5779; x_wconf 69' lang='lat' dir='ltr'><strong>veritate</strong></span> <span class='ocrx_word' id='word_1_850' title='bbox 2641 5734 2749 5797; x_wconf 68' lang='lat' dir='ltr'><strong>om.</strong></span> <span class='ocrx_word' id='word_1_851' title='bbox 2805 5720 2873 5778; x_wconf 75' lang='grc' dir='ltr'><strong>Α.</strong></span> <span class='ocrx_word' id='word_1_852' title='bbox 2967 5721 3220 5809; x_wconf 64' lang='grc' dir='ltr'><strong>ἰαιιὶρρε</strong></span> <span class='ocrx_word' id='word_1_853' title='bbox 3267 5716 3470 5779; x_wconf 58' lang='lat'><strong>0111.5.</strong></span> <span class='ocrx_word' id='word_1_854' title='bbox 3577 5716 3619 5746; x_wconf 81' lang='grc'>²²</span> <span class='ocrx_word' id='word_1_855' title='bbox 3660 5712 3825 5787; x_wconf 70' lang='lat' dir='ltr'><strong>lypice</strong></span> 
     </span>
    </p>
   </div>
  </div>
