4168 6284
420 342 523 399 975

1269 326 1354 381 DE
1394 322 1731 380 DIVISIONE
1772 322 2124 382 NATURAE.
2161 328 2473 384 —-'LlBER
2512 331 2834 397 QUINTUS.

3581 332 3682 388 974

425 452 688 510 terminos
712 455 938 509 naturae
976 449 1030 496 et
1053 442 1279 495 virtutes
1320 446 1375 493 et
1410 438 1562 505 vitia,
1591 439 1771 495 videat
1800 439 1854 493 in
1881 452 1997 494 mae
2020 439 2074 500 Α
2099 445 2223 515 quia
2250 447 2637 503 'xnaturalibus
2686 447 3060 505 aﬁ'ectionibus
3094 449 3427 507 reluctantur
3454 478 3525 489 --
3559 464 3681 519 pro-

423 559 527 616 gna
575 543 737 597 demo
789 540 805 570 ¹
866 544 1032 603 atque
1104 530 1270 601 regali
1329 529 1665 598 diversisque
1720 530 2002 587 ornatibus

423 636 731 689 constructa
748 640 935 683 sanum
957 630 1013 678 et
1037 618 1381 684 imbecillam,
1409 618 1605 675 orbum
1628 627 1683 676 et
1706 619 1998 683 videntem,

423 726 623 780 laetum
668 729 724 775 et
768 718 1005 782 tristem,
1052 727 1308 771 securum
1350 720 1407 768 ot
1442 712 1740 777 curiosum,
1779 711 2007 770 divitem

423 821 477 870 et
500 824 746 883 egenum,
776 804 1093 864 verberibus
1133 817 1374 868 caesum,
1425 808 1485 863 ut
1531 801 1744 866 servus,
1781 800 2003 857 honori-

420 904 520 958 bus
563 899 882 962 exaltatum,
918 904 979 951 ut
1022 895 1297 959 dominus,
1332 908 1555 949 carcere
1594 893 1887 959 inclusum,
1942 898 2003 947 ut

420 1007 583 1057 reus,
641 990 895 1053 omnibus
941 985 1172 1043 vinculis
1221 985 1566 1050 absolutum,
1622 994 1685 1039 ut
1739 984 2004 1039 innocuus

420 1082 674 1151 omnique
739 1079 970 1135 crimine
1031 1076 1328 1143 absolutus,
1382 1085 1699 1147 ceterosque
1753 1074 2002 1133 similiter

422 1189 531 1229 uno
556 1172 859 1240 eodemque
905 1170 1041 1224 loco
1071 1183 1141 1224 ae
1166 1176 1408 1238 tempore
1437 1166 1599 1225 simul
1644 1180 1804 1236 posse
1828 1164 2002 1221 couti-

424 1263 563 1319 neri.
610 1261 764 1328 Quod
805 1261 851 1316 si
888 1261 962 1316 ita
992 1267 1093 1324 est,
1134 1258 1497 1327 omnibusque
1547 1255 1663 1312 fere
1707 1253 2002 1324 aequaliter

424 1353 752 1422 patefactum
785 1368 798 1404 :
837 1350 967 1421 quid
1004 1349 1220 1415 mirum,
1250 1348 1297 1404 si
1329 1348 1689 1407 credamuset
1734 1344 2002 1415 intelliga-

426 1460 566 1510 mus,
629 1446 682 1499 in
735 1459 840 1498 una
902 1441 1188 1498 harmonia
1235 1441 1608 1497 universitatis
1666 1447 2007 1496 restauratac

426 1538 795 1608 inque,causas
823 1542 992 1589 suas!
1030 1546 1351 1589 reversurus
1379 1534 1401 1569 ⁸
1433 1542 1602 1590 totam
1622 1532 2002 1589 rationabilem

423 1634 725 1681 creaturam
755 1623 927 1694 gratia
966 1623 1346 1693 Redemptoris
1385 1624 1490 1688 sui,
1530 1624 1625 1694 qui
1662 1637 1782 1677 eam
1831 1631 2001 1678 totam

422 1718 649 1787 accepit,
676 1732 867 1772 sanam
898 1716 1136 1770 futuram
1180 1714 1227 1780 ‘,
1277 1714 1585 1784 languidam
1610 1729 1739 1769 vero
1776 1730 1995 1784 perver-

422 1825 515 1865 sae
552 1778 852 1865 voluntatis
893 1778 1343 1871 imbecillitatem,
1372 1778 1532 1876 'quae
1583 1807 1707 1877 ipsi,
1751 1778 2000 1861 videlicet
2027 1778 2076 1843 Β

424 1912 675 1967 naturae,
698 1900 1039 1956 extrinsecus
1061 1898 1404 1963 adhaeserat,
1426 1898 1543 1955 suis
1577 1898 1830 1968 coegi-tris
1850 1897 2002 1952 ordi-

422 1992 581 2046 nibus
635 1989 1047 2061 disponendam,
1113 1986 1518 2056 condignasque
1581 1987 1694 2043 suis
1749 1986 2004 2056 operibus

422 2074 808 2137 retributiones
852 2077 1172 2151 passuram!
1208 2077 1346 2143 Quid
1400 2077 1446 2132 si
1486 2077 1604 2146 ipsa
1649 2086 1844 2135 natura
1893 2092 2004 2135 non

420 2173 595 2229 solum
633 2181 843 2238 sanata,
893 2185 1083 2226 verum
1127 2170 1147 2202 '
1184 2169 1349 2223 etiam
1394 2167 1712 2232 illuminata,
1764 2169 2004 2226 caecitas

421 2267 684 2321 malarum
716 2265 1051 2319 voluntatum
1079 2262 1353 2333 perpetuis
1381 2261 1661 2317 absentiae
1684 2270 2003 2317 naturarum

424 2355 809 2412 restant-storis
860 2353 1184 2409 obstruetur
1208 2351 1486 2407 tenebris?
1518 2350 1661 2417 Quid
1713 2351 1759 2406 si
1807 2360 2040 2421 natura;

425 2451 493 2505 ad
523 2449 807 2518 imaginem
842 2446 935 2500 Dei
977 2439 1194 2501 condita
1231 2459 1340 2500 non
1371 2443 1542 2499 solum
1585 2453 1772 2504 sanata
1798 2451 1853 2499 et
1886 2443 2006 2499 illuq

427 2543 655 2607 minata,
692 2554 884 2595 verum
938 2537 1105 2593 etiam
1147 2537 1200 2591 in
1246 2536 1595 2607 paradisum,
1641 2550 1801 2606 quem
1848 2536 2004 2607 spiri—

428 2633 651 2688 tualium
678 2631 998 2687 deliciarum
1025 2630 1201 2689 locum
1241 2628 1516 2699 sapientes
1555 2630 2001 2700 interpretantur,

427 2725 671 2789 reducta,
725 2721 1031 2791 loprositas,
1076 2734 1216 2790 quae
1265 2720 1462 2776 merito
1507 2722 1709 2790 peccati
1753 2734 1873 2777 eam
1911 2721 2003 2776 de—

426 2814 775 2879 t‘ormaverat,
813 2812 1063 2868 omnibus
1088 2811 1299 2867 deliciis
1336 2812 1567 2882 privata,
1608 2812 1843 2867 aeternis
1873 2826 2000 2881 pru-

428 2905 623 2959 ritibus
648 2902 926 2968 exardeat,
954 2910 1012 2957 et
1047 2909 1248 2968 cetera,
1299 2902 1495 2972 quibus
1536 2901 1862 2958 discernitur
1905 2918 2000 2957 na.

431 3010 551 3051 tura
571 2996 593 3031 ⁸
617 3005 673 3051 et
692 2994 868 3066 culpa,
898 2994 1197 3065 praemium
1225 3001 1282 3048 et
1308 3007 1505 3064 poena,
1532 2993 1656 3050 dum
1684 2984 1917 3051 mirabili
1945 3002 2001 3050 et

2105 540 2329 606 ﬂuxere,
2378 548 2435 595 et
2460 541 2529 595 ab
2549 540 2797 609 originali
2835 548 3079 609 peccato,
3108 540 3162 595 in
3185 554 3294 609 quo
3337 539 3681 611 generaliter,

2104 641 2330 704 excepto
2383 633 2737 689 humanitatis
2775 632 3157 703 Redemptoro,
3201 644 3392 687 omnes
3435 630 3682 686 homines

2102 734 2466 796 peccaverunt
2492 767 2507 791 ,
2566 725 2710 795 quod
2787 725 2951 780 etiam
3024 730 3251 779 naturae
3326 721 3681 789 attribuitur,

2104 816 2327 886 ejusque
2358 824 2639 887 peccatum
2687 816 2979 881 vocitatur,
3031 829 3142 871 non
3172 814 3316 884 quod
3339 814 3457 884 ipsa
3486 822 3681 870 natura

2105 909 2171 963 ad
2198 909 2483 978 imaginem
2511 909 2605 963 Dei
2642 908 2782 964 facta
2829 909 2959 964 illud
3000 908 3354 973 commiserit,
3402 907 3498 963 sed
3538 905 3683 977 quod

2104 999 2306 1056 liberae
2348 999 2661 1064 voluntatis,
2690 1012 2827 1068 quae
2859 1014 2889 1052 a
2935 998 3044 1053 Deo
3082 999 3207 1053 data
3245 1004 3349 1065 est,
3374 993 3683 1052 rationabili

2102 1091 2246 1145 bono
2275 1089 2663 1145 irrationabilis
2688 1089 2896 1155 abusio,
2920 1098 2977 1144 et
3001 1088 3056 1143 in
3078 1102 3318 1144 amorem
3344 1088 3675 1153 sensibilium

2104 1181 2389 1237 conversio
2415 1180 2586 1250 ipsam
2614 1161 2842 1237 naturae
2865 1179 3341 1251 pulchritudinem,
3374 1179 3429 1233 in
3468 1161 3576 1248 qua
3609 1195 3676 1234 ex

2103 1271 2372 1343 principio
2423 1270 2749 1326 conditionis
2806 1285 2939 1326 suae
3003 1269 3294 1324 substitute
3356 1277 3441 1322 est
3469 1309 3484 1332 ,
3526 1270 3680 1325 dissi-

2105 1361 2368 1427 mulavit,
2412 1361 2798 1432 propriamque
2838 1359 3153 1432 dignitatem
3195 1358 3496 1415 abscondit.
3542 1358 3677 1413 Nam

2104 1453 2150 1508 si
2199 1452 2412 1521 culpam
2474 1449 2680 1506 referas
2737 1451 2791 1504 in
2839 1460 3128 1516 naturam,
3186 1450 3242 1505 in
3297 1450 3470 1519 ipsum
3523 1454 3679 1503 natu-

2102 1556 2201 1597 rae
2264 1538 2602 1597 conditorem
2681 1540 2909 1595 eandem
2976 1538 3183 1599 referre
3254 1536 3542 1594 videberis.
3617 1534 3674 1591 Si

2103 1636 2248 1690 enim
2314 1634 2506 1703 culpae
2570 1648 2735 1689 causa
2800 1633 3115 1690 attribuitur
3185 1639 3450 1697 naturae,
3516 1628 3684 1700 ipsius

2102 1733 2327 1781 naturae
2368 1738 2583 1790 causae,
2616 1738 2754 1794 quae
2784 1726 2922 1780 Deus
2947 1733 3031 1779 est
3061 1723 3107 1787 ο,
3138 1734 3414 1793 peccatum
3456 1727 3681 1777 naturae

2106 1817 2413 1874 necessario
2458 1816 2798 1871 attribuatur.
2830 1815 3030 1874 Natura
3070 1816 3335 1885 siquidem
3376 1815 3446 1870 ad
3483 1811 3677 1883 imagiw

2104 1925 2228 1965 nem
2258 1909 2354 1963 Dei
2384 1906 2525 1964 facta
2568 1923 2674 1964 non
2717 1910 2939 1965 omnino
2966 1908 3247 1980 principali
3291 1906 3539 1976 exemplo
3581 1920 3685 1965 suo

2104 1999 2298 2055 similis
2324 2008 2427 2065 est,
2475 1999 2521 2054 si
2555 2012 2772 2054 musam
2805 2000 3064 2069 peccandi
3107 1999 3160 2052 in
3204 1998 3431 2068 seipsam
3463 1998 3678 2067 recipit.

2106 2087 2179 2144 Ut
2221 2089 2367 2145 enim
2418 2089 2717 2159 principale
2758 2090 3063 2160 exemplum
3104 2088 3303 2145 nullius
3341 2088 3549 2158 peccati
3594 2086 3685 2147 vel

2104 2182 2345 2237 malitiae
2367 2196 2531 2237 causa
2560 2182 2824 2247 subsistit,
2866 2183 2939 2237 ita
2965 2191 3022 2239 et
3061 2190 3254 2237 natura
3291 2181 3357 2236 ad
3387 2181 3680 2251 imaginem

2103 2283 2159 2329 et
2179 2273 2586 2330 similitudinem
2614 2274 2732 2344 ejus
2758 2273 2920 2329 facta.
2944 2271 3465 2333 Ridiculosissimum
3484 2271 3683 2341 quippe

2103 2373 2186 2420 est
2210 2366 2254 2398 ιθ
2276 2365 2477 2431 dicere,
2509 2366 2797 2420 humanam
2828 2373 3076 2421 naturam
3117 2364 3407 2433 imaginem
3445 2371 3502 2416 et
3524 2360 3679 2420 simi-

2102 2457 2382 2512 litudinem
2413 2455 2687 2512 Creatoris
2723 2457 2806 2511 sui
2847 2458 2996 2525 prius
3036 2453 3352 2524 perdidisse,
3388 2467 3454 2508 ac
3487 2451 3683 2513 deinde

2102 2562 2299 2604 causas
2323 2548 2531 2619 peccati
2567 2549 2622 2603 in
2654 2562 2713 2603 se
2751 2548 3071 2616 suscepisse.
3107 2546 3363 2616 Quisquis
3398 2545 3541 2601 enim
3576 2544 3680 2601 hoc

2103 2643 2318 2707 dixerit,
2347 2649 2567 2712 cogetur
2592 2655 2876 2710 quaerere,
2908 2653 3015 2709 quo
3047 2648 3269 2708 peccato
3312 2645 3503 2697 natura
3543 2634 3679 2691 ima.

2102 2735 2281 2807 ginem
2336 2743 2391 2789 et
2443 2732 2845 2789 similitudinem
2892 2730 3170 2786 Creatoris
3224 2728 3308 2783 sui
3357 2725 3673 2797 perdiderit.

2102 2828 2368 2898 siquidem
2397 2842 2502 2882 non
2540 2841 2658 2882 eam
2697 2825 2971 2895 perderet,
3010 2823 3057 2879 si
3095 2823 3149 2877 in
3188 2820 3368 2891 aliquo
3408 2834 3515 2874 non
3551 2831 3680 2887 pec-

2101 2924 2270 2972 caret.
2307 2915 2497 2984 Porro,
2524 2917 2567 2971 si
2600 2917 2831 2971 humana
2869 2925 3058 2968 natura
3080 2925 3355 2980 nunquam
3382 2909 3676 2979 imaginem

2100 3017 2156 3064 et
2205 3006 2607 3063 similitudinem
2657 3004 2952 3061 conditoris
2983 3006 3026 3038 ¹¹
3055 3005 3136 3059 sui
3184 3000 3447 3072 perdidit;
3499 3002 3677 3072 imago

430 3082 687 3139 ineﬂabili
708 3083 866 3139 modo
886 3091 1079 3138 natura
1120 3082 1337 3138 omnino
1365 3082 1535 3138 libera
1561 3083 1878 3152 phantasias
1903 3099 1999 3139 su-

2105 3097 2301 3168 quippe
2337 3104 2393 3151 ot
2432 3097 2723 3156 similitudo
2766 3095 2905 3150 inter
2953 3093 3220 3149 naturalia
3266 3092 3407 3153 bona
3454 3099 3510 3146 et
3553 3091 3678 3149 data

428 3174 644 3240 stineat,
692 3175 747 3229 ia
796 3175 991 3245 quibus
1044 3172 1220 3244 culpa,
1271 3175 1417 3243 quod
1477 3173 1812 3244 deliquerat,
1864 3175 2000 3235 luat.

426 3265 564 3322 Mac.
589 3264 736 3322 Haec
767 3267 947 3322 omnia
972 3267 1303 3335 verisimilia,
1335 3266 1813 3339 probebilibusqne
1847 3282 2006 3338 argu-

426 3357 843 3413 mentationibus
882 3366 1196 3428 comparata
1236 3357 1505 3413 videntur.
1555 3357 1664 3414 Sed
1704 3369 1999 3420 occurrunt

426 3445 580 3502 nobis
604 3445 658 3501 in
689 3447 793 3502 hoc
821 3445 941 3503 loco
968 3447 1059 3517 qui
1084 3446 1379 3502 carnaliter
1413 3447 1715 3518 spiritualia
1744 3456 2004 3518 tractant,

427 3539 707 3595 dicentes:
738 3536 878 3604 Quid
924 3552 1053 3609 ergo
1099 3537 1277 3595 oberit
1316 3539 1543 3609 paganis
1590 3554 1689 3595 sua
1734 3540 2002 3611 impietas,

318 3644 323 3648 ‘
426 3648 531 3702 qua
595 3631 736 3687 idola
777 3631 979 3698 colunt,
1010 3645 1198 3692 verum
1246 3632 1414 3687 Deum
1466 3633 1817 3704 ignorantes!
1864 3634 2007 3703 Quid

426 3720 646 3776 Iudaeis
692 3736 788 3775 sua
829 3721 1073 3791 perﬁdia,
1113 3734 1219 3791 qua
1246 3721 1342 3777 Dei
1363 3721 1600 3778 Verbum
1639 3723 2002 3793 incenatum,

432 3815 721 3870 Dominum
747 3822 991 3870 nostrum
1029 3812 1212 3869 Iesum
1233 3814 1535 3883 Christum,
1565 3817 2000 3874 consubstantia-

432 3905 539 3961 lem
570 3914 625 3960 et
651 3913 991 3961 coaeternum
1036 3906 1173 3961 et-in
1215 3908 1465 3963 omnibus
1504 3907 1800 3964 secundum
1846 3924 2001 3965 suam

433 3996 771 4052 divinitatem
808 3995 955 4055 Patri
994 4012 1092 4053 suo
1119 3997 1397 4068 aequalem
1435 4011 1559 4055 esse
1594 3998 1836 4067 neganti
1864 3998 2002 4064 Quid

430 4092 630 4147 ceteris
655 4091 961 4148 nationibus
982 4091 1265 4154 veritatem
1289 4090 1669 4161 respuentibus
1688 4105 1786 4147 sua
1814 4104 2005 4160 super-

429 4183 639 4239 stitiosa
663 4182 685 4217 '
717 4180 1112 4252 falsissimaquc
1156 4181 1586 4261 machinamenta
1634 4182 1925 4247 nocebunt,
1955 4181 2002 4238 si

428 4277 487 4331 in
525 4263 709 4331 futura
729 4275 841 4330 vita
872 4282 985 4330 tcta
1024 4287 1212 4329 eorum
1248 4281 1443 4327 natura
1490 4271 1805 4337 salvabitur,
1825 4272 1913 4327 ita
1941 4282 2005 4328 ut

431 4378 607 4435 neque
635 4378 853 4434 corpus,
895 4378 1070 4434 neque
1100 4363 1301 4430 anima,
1344 4375 1520 4432 neque
1556 4359 1663 4416 ulla
1686 4375 1815 4431 pars
1850 4369 2004 4417 natu-

2105 3196 2499 3260 computantur,
2539 3187 2801 3242 naturalia
2842 3195 3021 3241 autem
3060 3186 3183 3240 data
3226 3191 3280 3238 et
3316 3182 3360 3219 "
3388 3182 3527 3238 bona
3568 3196 3675 3241 non

2104 3277 2275 3333 solum
2302 3277 2372 3332 ab
2403 3278 2636 3333 humana
2666 3284 2878 3339 natura,
2913 3290 3101 3335 verum
3123 3274 3291 3330 etiam
3313 3274 3381 3329 ab
3404 3273 3674 3338 omnibus,

2098 3381 2244 3437 quae
2292 3364 2546 3438 largitore
2599 3374 2654 3421 et
2719 3366 3071 3423 substitutore
3118 3366 3363 3422 omnium
3409 3367 3676 3425 bonorum

2104 3460 2247 3514 facta
2275 3466 2423 3526 sunt,
2448 3457 2594 3513 nullo
2615 3458 2776 3517 modo
2799 3458 3137 3522 animantur,
3165 3457 3222 3511 in
3248 3456 3393 3513 nunc
3424 3457 3679 3517 minutiu-

2107 3560 2194 3605 tur
2217 3549 2302 3605 vel
2330 3558 2595 3620 augentur
2624 3567 2637 3602 :
2670 3548 2791 3617 quis
2817 3548 2919 3602 nisi
2951 3561 3138 3603 amens
3157 3546 3377 3612 dixerit,
3412 3544 3679 3611 naturalia

2102 3644 2242 3699 bona
2267 3656 2551 3697 causarum
2577 3640 2838 3711 peccandi
2857 3640 3134 3709 aeoeptiva
3156 3653 3279 3695 esse
3302 3631 3483 3708 posse,
3506 3637 3593 3694 vel
3610 3636 3679 3697 ab

2102 3735 2183 3789 eis
2200 3740 2481 3803 peccatum
2494 3731 2628 3787 oriri
2639 3731 2664 3786 ν
2677 3730 2732 3787 Si
2749 3730 2892 3786 enim
2912 3729 3239 3800 acoeptiva“
3251 3727 3449 3801 sunt“,
3466 3718 3678 3787 naturav

2102 3824 2171 3880 lis
2187 3824 2242 3878 in
2264 3825 2345 3879 eis
2370 3822 2717 3893 pulchritudo
2732 3822 3119 3891 corrumpitur,
3142 3820 3375 3890 dignitas
3395 3819 3678 3885 minuitur,

2104 3912 2514 3969 immutabilitas
2535 3912 2769 3976 vacillat,
2811 3913 2945 3967 ordo
2968 3911 3183 3966 titubat.
3211 3910 3348 3966 Ilinc
3369 3911 3679 3975 conﬁcitur,
3800 3952 3809 3959 .

2102 4000 2306 4056 nullam
2370 4000 2747 4056 rationabilem
2814 4009 3063 4061 naturam
3134 4014 3422 4059 causarum
3491 3999 3678 4068 culpae

2102 4105 2355 4161 capacem
2393 4104 2536 4155 esse,
2570 4105 2640 4146 ne
2668 4089 2916 4149 Creatori
2946 4104 3045 4144 suo
3074 4087 3353 4145 dissimilis
3381 4087 3672 4158 redargua-

2102 4189 2207 4238 tur.
2263 4181 2371 4239 Sed
2416 4179 2611 4236 merito
2661 4178 2942 4249 quaeritur
2978 4192 2994 4231 :
3035 4177 3079 4233 si
3120 4185 3406 4249 propterea
3467 4176 3675 4247 peccati

2100 4290 2261 4334 causa
2289 4276 2349 4331 in
2377 4280 2631 4329 naturam
2658 4284 2768 4329 non
2803 4269 3068 4333 refertur,
3102 4283 3173 4326 ne
3196 4270 3393 4329 item
3429 4283 3527 4340 per
3557 4282 3676 4329 eam

2101 4370 2156 4425 in
2198 4368 2517 4426 Creatorem
2568 4364 2855 4429 referatur,
2901 4362 3155 4433 quoniam
3199 4377 3378 4428 omne,
3419 4364 3563 4432 quod
3606 4365 3676 4425 ab

433 4458 564 4515 ralis
611 4459 847 4514 aeternis
885 4458 1075 4526 poenis
1109 4456 1406 4526 torquenda
1452 4452 2000 4545 relinquatpriQui-
2026 4477 2079 4545 Ι)
2105 4462 2221 4535 ipso
2249 4469 2354 4525 est,
2394 4456 2595 4511 nullius
2624 4454 2832 4527 peccati
2866 4453 2949 4508 vel
2975 4454 3234 4525 peccandi
3285 4468 3482 4511 came
3526 4469 3677 4512 reccr

430 4550 530 4605 bus
559 4548 775 4605 suaderi
804 4556 896 4603 aut
917 4546 1285 4603 diﬁcillimum
1318 4554 1402 4600 est
1430 4553 1526 4600 aut
1562 4544 1905 4617 impossibile,
1928 4545 1997 4601 ad
2040 4544 2047 4545 “
2104 4551 2309 4626 privum
2326 4558 2432 4615 est,
2445 4564 2543 4605 cur
2563 4561 2667 4602 non
2688 4547 2813 4617 quis
2831 4545 3048 4610 dixerit,
3062 4547 3253 4602 eadem
3272 4545 3482 4602 ratione
3501 4560 3675 4615 neque

425 4631 693 4710 justitiam
717 4640 817 4696 Dei
855 4639 1003 4695 nullo
1028 4638 1188 4695 modo
1222 4639 1515 4710 pertinere,
1556 4639 1647 4694 sed
1685 4637 1906 4693 omnino
1930 4639 1999 4693 ab

431 4745 493 4787 ea
515 4733 749 4788 alienum
771 4746 913 4797 esse,
942 4733 1137 4801 punire
1156 4733 1212 4788 in
1233 4733 1506 4797 omnibus,
1524 4746 1663 4801 quae
1687 4730 1833 4796 fecit,
1855 4732 2003 4799 quod

433 4819 583 4886 fecit,
608 4836 767 4878 suum
785 4835 916 4878 vero
927 4836 1048 4879 esse
1068 4823 1262 4891 punire
1279 4824 1423 4893 quod
1445 4835 1549 4876 non
1575 4822 1718 4886 fecit,
1743 4821 2003 4892 quoniam

437 4911 636 4975 omnia,
661 4926 801 4981 quae
838 4912 892 4966 in
922 4911 1084 4967 malis
1103 4912 1354 4969 omnibus
1391 4912 1797 4980 redarguuntur,
1825 4920 2001 4970 aeter-

440 5003 628 5073 nisque
649 5006 927 5075 suppiiciis
971 5008 1135 5079 digna
1174 5008 1505 5076 iudicantur,
1542 5020 1649 5061 non
1692 5021 1760 5061 cx
1786 5017 1997 5075 natura,

441 5092 536 5147 sed
560 5106 626 5145 ex
667 5096 912 5163 propriae
945 5097 1238 5152 voluntatis
1287 5093 1704 5165 uniuscujusque
1737 5096 2001 5152 malorum

440 5181 776 5252 pravissimis
806 5185 1061 5252 motibus,
1096 5201 1233 5257 quos
1271 5182 1555 5241 discretlva
1595 5199 1774 5240 rerum
1815 5200 2003 5254 specu-

443 5273 572 5329 latio
609 5281 838 5329 naturae
871 5274 1004 5330 vitia
1045 5272 1688 5345 soletappellare~nec
1710 5274 2000 5341 immerito,

2104 4646 2160 4699 in
2210 4643 2438 4697 liberum
2485 4637 2767 4693 arbitrium
2822 4636 3078 4706 peeoamii
3127 4636 3345 4697 occasio
3390 4635 3672 4696 reserenda

2106 4740 2207 4798 est,
2244 4746 2313 4786 ne
2338 4732 2393 4786 in
2420 4744 2566 4797 eum,
2599 4728 2693 4799 qui
2737 4726 2869 4783 illud
2899 4735 3125 4783 naturae
3159 4727 3450 4794 concessit,
3485 4728 3671 4798 culpa,

2110 4837 2227 4876 rum
2256 4834 2419 4876 causa
2452 4818 2741 4874 referatur.
2778 4816 2880 4883 Qui
2905 4816 3050 4872 enim
3094 4824 3343 4879 naturam
3368 4816 3534 4883 dedit,
3562 4819 3676 4888 ipse

2108 4921 2165 4971 et
2194 4910 2421 4969 liberum
2461 4908 2744 4965 arbitrium
2768 4908 2827 4962 in
2864 4923 2929 4963 ea
2956 4909 3199 4974 creavit;
3230 4918 3286 4965 et
3320 4908 3672 4977 quoniade

2109 5003 2235 5058 dum
2274 5007 2466 5057 natura
2504 5001 2705 5055 bonum
2736 5005 2821 5054 est
2852 4999 2896 5031 "
2922 5007 2977 5050 et
3008 4994 3412 5066 incermpt'ibiie
3440 4998 3638 5057 bonum
3657 5039 3673 5065 ,
3760 5004 3764 5008 ‘

2110 5092 2185 5147 ita
2210 5100 2267 5147 et
2290 5090 2521 5146 liberum
2550 5087 2839 5151 voluntatis
2868 5085 3167 5145 arbitrium.
3202 5086 3283 5143 Ac
3306 5101 3403 5156 pa
3440 5090 3544 5145 hoc
3578 5105 3671 5147 ne-

2111 5184 2349 5238 cessario
2377 5181 2747 5252 soquitur,iut,
2780 5180 2922 5235 sicut
2946 5179 3224 5247 culparum
3250 5192 3445 5233 causae
3484 5181 3538 5235 in
3574 5197 3671 5235 na.

2114 5281 2234 5328 tura
2258 5287 2368 5330 non
2394 5272 2438 5310 "
2459 5271 2880 5335 constituuntur,
2909 5269 2983 5325 ita
3010 5282 3109 5331 nec
3134 5268 3190 5324 in
3225 5267 3397 5324 libero
3416 5271 3674 5338 arbitrio;

1749 5429 1996 5493 VARIAE
2030 5428 2430 5499 LECTIONES.

515 5577 534 5609 ⁸
562 5572 649 5630 CF
671 5573 850 5631 domm
927 5574 946 5605 ¹
978 5572 1177 5631 Amas
1203 5583 1410 5627 causas.
1482 5567 1505 5603 ³
1546 5566 1639 5633 Sic
1679 5566 1796 5635 CF;
1846 5530 1913 5626 Δ¹
1940 5584 2194 5627 reuersae.
2279 5567 2304 5599 ⁸
2332 5567 2426 5629 Sic
2450 5565 2568 5635 CF;
2616 5564 2657 5621 A
2705 5564 2919 5635 factum.
3014 5562 3037 5595 ⁸
3079 5562 3311 5635 Laeti.“
3358 5572 3399 5635 _'
3428 5563 3519 5625 Sit:
3559 5564 3678 5635 CF;

446 5646 491 5699 Α
514 5646 756 5701 meritam
788 5652 845 5698 et
884 5642 1009 5710 culp

1009 5657 1061 5698 a.
1160 5640 1181 5672 "
1232 5636 1677 5710 CFAsuperctt'tia.
1779 5640 1801 5672 ⁸
1832 5639 1873 5699 Δ
1900 5640 2168 5710 quoniam.

2274 5641 2296 5673 ⁸
2351 5637 2397 5692 Α
2427 5645 2502 5693 est
2527 5630 2715 5693 Παιδί
2759 5630 2807 5703 ¹⁶λ
2832 5644 2909 5688 est
2938 5647 3046 5693 om.
3070 5633 3176 5691 CF.
3274 5632 3315 5664 “
3342 5633 3385 5691 Δ
3407 5630 3674 5703 creatoris.

450 5715 495 5747 ι’
517 5723 706 5771 et-om.
736 5712 842 5770 CF.
896 5701 1124 5769 ’σίζει
1149 5701 1440 5779 acceptiva.
1492 5701 1560 5742 ἰι
1592 5718 1712 5764 sunt
1735 5724 1841 5766 om.
1867 5701 1930 5777 Αἰ
2007 5710 2052 5752 ⁸³
2072 5720 2145 5769 est
2176 5723 2285 5767 om.
2315 5708 2397 5783 Δγ
2456 5704 2500 5736 ¹⁶
2523 5722 2625 5763 non
2650 5719 2760 5773 om.
2782 5701 2848 5765 A-
