4168 6284
516 331 618 384 975

1891 321 2176 381 JOANNIS
2213 321 2410 380 SCOTI
2886 332 2893 338 ”
3678 331 3795 386 976

519 445 574 498 in
625 442 771 497 nullo
800 441 997 510 quippe
1033 439 1178 493 bono
1220 451 1384 493 causa
1406 436 1533 492 mali
1577 436 1950 493 constituenda
1991 447 2095 494 est.
2124 444 2177 504 Α
2205 437 2368 496 totius
2398 439 2666 496 sensibilis
2693 447 2976 496 creaturae
2993 438 3407 498 formositatem.
3439 442 3582 512 Quid
3609 445 3795 504 dicam

520 531 774 594 Proinde,
815 529 862 584 si
899 527 1106 581 nullum
1142 535 1424 596 peccatum
1449 543 1516 582 ex
1563 527 1900 582 naturalibus
1925 527 2101 582 oritur

521 622 720 686 causis,
766 617 1152 688 quaerendum,
1197 616 1338 671 unde
1381 617 1591 684 accepit
1625 619 1985 672 occasionem.
2033 616 2103 671 Et

522 717 566 771 si
612 715 733 784 quis
768 710 1126 782 reSponderit,
1169 711 1312 779 quod
1343 724 1528 764 verum
1565 717 1621 762 et
1660 709 1956 764 verisimile
1994 716 2099 774 est,

523 804 998 878 probabilibusque
1031 801 1591 874 argumentationibus
1617 803 1962 872 approbatur,
1993 816 2102 856 non

525 899 740 952 aliunde
780 897 1046 966 originem
1090 894 1292 951 ducere
1317 895 1335 926 ¹
1373 902 1678 964 peccatum,
1717 894 1822 950 nisi
1856 909 1922 948 ex
1964 895 2104 950 irra-

523 985 873 1042 tionabilibus
901 985 1136 1040 motibus
1168 983 1507 1039 rationabilis
1545 991 1791 1050 naturae,
1820 983 2106 1038 abusione-

523 1093 629 1149 que
674 1076 829 1131 liberi
879 1075 1087 1130 arbitrii
1132 1075 1296 1139 bono,
1345 1073 1602 1128 continuo
1640 1072 1912 1128 videbitur
1966 1073 2104 1126 irra-

523 1165 799 1224 tionabilis
837 1174 1016 1220 motus
1062 1164 1406 1220 occasionem
1461 1162 1514 1216 in
1560 1171 1754 1216 natura
1797 1160 2103 1217 rationabili

524 1260 855 1317 constituere
883 1259 924 1310 '.
946 1256 1192 1312 Relativo
1217 1255 1481 1325 siquidem
1508 1253 1668 1308 modo
1722 1253 1744 1284 ³
1796 1252 2104 1308 aestimabi-

527 1365 613 1409 tur
651 1351 1031 1424 pronunciare,
1071 1347 1500 1404 irrationabilem
1525 1355 1729 1400 motum
1771 1344 2108 1401 rationabilis

523 1455 750 1500 naturae
794 1457 935 1507 esse,
980 1442 1205 1510 ideoque
1246 1454 1314 1496 ex
1360 1439 1476 1508 ipsa
1509 1437 1851 1493 occasionem
1886 1437 2102 1494 ducere.

526 1536 679 1603 Quod
710 1535 754 1588 si
780 1535 853 1589 ita
889 1541 991 1598 est,
1021 1539 1242 1602 cogetur
1267 1531 1428 1586 etiam
1449 1529 1628 1594 fateri,
1658 1527 2106 1584 irrationabilium

533 1637 776 1682 motuum
840 1639 1031 1680 causas
1083 1625 1136 1678 in
1191 1625 1301 1680 Deo
1357 1623 1716 1694 praecessisse
1771 1623 1816 1678 ⁸.
1855 1623 1988 1678 Nam
2062 1624 2108 1678 si

526 1723 703 1777 omnis
737 1718 999 1775 naturalis
1035 1733 1197 1774 causa
1250 1717 1589 1774 rationabilis
1629 1725 1860 1773 naturae
1905 1717 1960 1772 in
1997 1715 2108 1772 Deo

2201 533 2270 589 de
2296 532 2554 588 extremis
2587 531 2745 586 bonis
2787 530 3167 587 sensibilibus?
3209 531 3398 589 Nonne
3437 534 3560 591 luce
3588 536 3798 594 clarius

2200 631 2322 688 est,
2379 621 2523 691 quod
2561 621 2640 676 eis
2691 620 2816 675 boni
2867 621 3046 686 bene,
3099 622 3225 678 mali
3275 637 3403 680 vero
3440 625 3582 682 male
3623 636 3795 683 utun-

2203 714 2330 769 tur?
2374 712 2504 767 Boni
2545 711 2760 782 quidem
2798 711 2865 766 ad
2907 712 3114 766 laudem
3162 722 3218 768 et
3261 715 3574 771 servitutem
3615 719 3795 774 bono-

2201 819 2324 859 rum
2373 802 2614 858 omnium
2655 801 2943 872 largitoris,
2977 803 3102 858 mali
3152 821 3279 861 vero
3323 807 3392 861 ad
3431 807 3798 878 perﬁciendae

2203 893 2434 964 impetus
2458 907 2589 948 suae
2607 906 2895 962 perversae
2917 894 3242 964 cupiditatis.
3259 895 3465 952 Causas
3487 907 3665 954 autem
3686 900 3794 955 illi-

2202 982 2342 1037 citae
2353 981 2628 1037 abusionis
2641 989 2800 1050 atque
2813 995 3102 1052 perversae
3115 985 3471 1055 cupiditatis“
3485 988 3528 1042 si
3543 989 3664 1057 quis
3676 989 3764 1044 vul
3773 997 3802 1045 ι

2204 1075 2466 1140 invenire,
2489 1073 2750 1131 sollicitus
2776 1085 3021 1144 quaerat.
3055 1076 3168 1148 Ego
3187 1086 3368 1133 autem
3397 1094 3623 1136 securus
3647 1097 3794 1148 sum,

2205 1166 2582 1223 incunctanter
2591 1166 2923 1239 perspiciens
2937 1166 3158 1238 “,‘quod
3174 1183 3335 1224 nemo
3348 1184 3441 1225 eas
3459 1179 3641 1239 potest
3654 1185 3797 1242 repe-

2205 1259 2334 1314 rire.
2349 1256 2575 1312 Utenim
2597 1257 2794 1313 malum
2817 1257 3092 1313 incausale
3104 1267 3208 1324 est,
3230 1267 3286 1314 et
3299 1259 3444 1315 nullo
3469 1260 3629 1316 modo
3646 1260 3798 1316 inve-

2204 1349 2372 1416 nitur,
2385 1350 2526 1405 unde
2543 1357 2649 1415 est,
2664 1349 2740 1404 ita
2751 1357 2807 1420 et
2821 1349 2866 1381 “
2880 1349 3220 1406 naturalibus
3235 1351 3390 1406 bonis
3405 1351 3450 1385 ¹⁹
3464 1351 3651 1407 illicita
3663 1353 3797 1407 abu-

2206 1439 2288 1494 sio
2315 1455 2380 1494 ex
2411 1439 2552 1494 nulla
2586 1439 2815 1495 naturali
2841 1441 3082 1496 nascitur
3107 1456 3288 1497 causa.
3306 1441 3423 1498 Hoc
3442 1452 3627 1499 autem
3653 1443 3792 1509 dico,

2205 1531 2423 1587 beatum
2465 1531 2778 1604 Dionysium
2819 1531 3198 1603 Areopagitam
3225 1533 3278 1588 in
3304 1533 3443 1588 libro
3486 1535 3554 1590 de
3601 1533 3796 1591 divinis

2206 1618 2544 1689 Nominibus,
2590 1631 2644 1678 et
2692 1623 2750 1677 S.
2797 1622 3075 1678 Aurelium
3124 1623 3479 1694 Augustinum
3543 1625 3597 1680 in
3644 1625 3794 1681 libris

2210 1711 2275 1766 de
2320 1711 2492 1768 libero
2541 1711 2785 1768 Arbitrio
2838 1728 3090 1783 sequens.
3159 1713 3396 1768 Stultum
3453 1714 3650 1786 quippe
3692 1724 3792 1779 est,

524 1811 811 1867 substitnta
825 1818 926 1874 est,
945 1807 1269 1873 necessario,
1287 1807 1622 1878 quicquid'ad
1650 1821 1768 1862 eam
1787 1805 2114 1871 refertur,ad
2142 1800 2190 1861 Β
2217 1814 2406 1856 eorum
2443 1816 2636 1857 causas
2688 1818 2972 1872 quaerere,
3027 1818 3165 1873 quae
3203 1803 3347 1860 nullo
3391 1819 3609 1875 genere.
3654 1805 3795 1860 nulla

525 1918 746 1957 causam
774 1900 888 1967 ejus
910 1898 1197 1953 referetur.
1227 1897 1322 1952 Sin
1363 1907 1541 1950 autem
1572 1910 1700 1950 vera
1728 1895 1868 1950 ratio
1895 1895 2109 1949 irratio-

523 1993 757 2048 nabilem
790 1999 994 2044 motum
1026 2004 1131 2042 non
1162 1988 1387 2044 relativo
1430 1987 1592 2041 modo
1625 1986 1692 2040 ad
1733 1986 2110 2042 rationabilem

525 2095 777 2142 naturam
799 2082 1013 2148 referri,
1041 2082 1134 2136 sed
1155 2080 1375 2134 omnino
1401 2095 1431 2134 e
1462 2079 1737 2134 contrario
1763 2080 1958 2150 opponi
1985 2095 2110 2150 pro-

525 2177 700 2231 tendit
729 2179 772 2240 ³,
803 2171 1255 2244 quemadmodum
1303 2169 1671 2223 irrationabile
1713 2170 1987 2234 rationali,
2027 2186 2113 2224 re-

527 2267 788 2336 linquitur
817 2264 882 2317 ad
924 2261 1347 2332 inquisitionem,
1390 2261 1534 2315 unde
1573 2261 1736 2331 igitur
1775 2259 1864 2314 ille
1899 2260 2116 2316 irratio-

531 2359 725 2414 nabilis
772 2366 970 2420 motus,
1023 2355 1076 2408 in
1125 2369 1233 2422 quo
1274 2367 1438 2407 causa
1486 2353 1695 2421 peccati
1742 2351 2112 2420 constituitur,

528 2449 793 2518 originem
835 2440 1019 2501 ducit?
1054 2445 1171 2510 Quo
1221 2445 1275 2498 in
1317 2442 1435 2498 loco
1482 2443 1615 2497 nihil
1657 2442 1799 2497 aliud
1840 2443 2112 2498 verisimi-

530 2539 634 2593 lius
660 2537 889 2601 occurit,
927 2537 982 2589 in
1016 2550 1123 2604 quo
1145 2549 1309 2589 causa
1343 2533 1730 2588 irrationabilis
1755 2543 1930 2588 motus
1954 2535 2113 2588 intel-

528 2629 758 2698 ligatur,
829 2636 1044 2697 praeter
1104 2625 1443 2680 naturalibus
1499 2625 1657 2679 bonis
1711 2624 1732 2654 ⁸
1795 2625 2114 2682 abusionem

531 2720 725 2776 divinis
759 2719 966 2790 legibus
999 2717 1351 2786 prohibitam,
1385 2716 1525 2785 quod
1555 2716 1835 2785 proprium
1865 2725 1949 2771 est
1989 2732 2116 2786 per-

529 2826 720 2866 versae
772 2818 830 2864 et
864 2808 1083 2863 illicitae
1129 2807 1438 2877 cupiditatis
1482 2805 1906 2875 uniuscujusque
1957 2805 2116 2861 liberi

533 2903 764 2967 arbitrii,
796 2902 938 2957 bono
970 2900 1111 2955 male
1155 2899 1374 2970 utentis.
1406 2898 1573 2969 Cujus
1608 2897 1886 2953 abusionis
1930 2913 2116 2953 exem-

531 2996 617 3065 pla
667 3004 777 3049 tam
820 2993 930 3049 late
979 3001 1183 3063 patent,
1222 3001 1280 3048 ut
1310 2991 1488 3047 nullus
1527 2990 1698 3047 ferme
1739 2991 1830 3056 sit,
1878 2991 1970 3061 qui
2008 3007 2117 3048 non

533 3087 649 3156 ipsa
687 3085 742 3139 in
773 3084 950 3154 seipso
976 3083 1247 3138 uberrime
1287 3083 1516 3152 probare
1557 3081 1745 3150 possit.
1780 3080 1888 3136 Sed
1919 3090 2116 3136 notan-

2214 1893 2386 1948 forma
2430 1895 2517 1950 vel
2545 1895 2743 1965 specie,
2784 1895 2930 1951 nullo
2976 1911 3202 1952 numero
3248 1897 3539 1963 bonorum,
3587 1913 3721 1969 quae
3765 1917 3796 1954 a

2212 2000 2424 2040 summo
2468 1985 2611 2041 bono
2639 1994 2694 2042 et
2713 1987 2991 2042 conditore
3036 1988 3276 2042 omnium
3301 1995 3356 2042 et
3391 1987 3533 2043 facta
3557 1998 3613 2044 et
3648 1989 3797 2043 ordi-

2213 2085 2342 2132 nata
2371 2086 2520 2144 sunt,
2558 2078 2927 2143 continentur,
2972 2078 3227 2148 quoniam
3263 2081 3475 2147 penitus
3520 2080 3797 2135 incausale

2213 2178 2267 2224 et
2297 2168 2711 2224 insubstantiale
2738 2178 2823 2222 est
2858 2183 3034 2232 omne,
3068 2169 3211 2239 quod
3249 2170 3318 2222 ab
3351 2183 3412 2223 eo
3447 2168 3640 2223 factum
3683 2184 3794 2223 non

2215 2267 2316 2314 est.
2350 2257 2488 2313 Hinc
2528 2257 2660 2312 mihi
2695 2258 2946 2312 videntur
2989 2258 3191 2313 rectius
3233 2272 3412 2313 rerum
3441 2258 3799 2326 proprietates

2215 2350 2582 2415 considerare,
2612 2351 2704 2420 qui
2739 2351 2944 2416 dicunt,
2974 2349 3317 2406 libidinosum
3352 2351 3661 2421 appetitum,
3687 2365 3800 2404 non

2217 2455 2396 2500 autem
2424 2444 2617 2498 malam
2646 2443 2974 2498 voluntatem
3006 2443 3389 2514 suppliciorum
3418 2458 3633 2498 causam
3660 2456 3799 2507 esse,

2218 2551 2286 2590 ne
2313 2536 2436 2605 quis
2455 2535 2732 2590 existimet
2761 2535 2897 2590 duas
2922 2534 3232 2590 voluntates
3273 2536 3327 2590 in
3363 2549 3468 2589 una
3508 2535 3803 2603 eademque

2217 2637 2411 2685 natura
2441 2628 2855 2698 comprehendi,
2889 2643 2996 2682 una
3021 2629 3240 2699 quidem
3275 2627 3442 2691 bona,
3473 2626 3645 2681 altera
3673 2641 3802 2681 vero

2218 2719 2394 2784 mala,
2427 2720 2554 2774 dum
2583 2733 2689 2773 una
2710 2717 2959 2774 voluntas
2987 2719 3310 2774 humanitati
3353 2719 3510 2780 inest,
3559 2716 3802 2787 quamvis

2220 2823 2382 2878 saepe
2437 2808 2491 2864 in
2542 2811 2704 2875 bono,
2753 2823 2915 2878 saepe
2957 2807 3012 2862 in
3058 2807 3200 2863 malo
3243 2807 3541 2877 accipiatur
3581 2821 3596 2861 :
3640 2805 3801 2860 libido

2220 2907 2401 2954 autem
2422 2915 2529 2955 non
2554 2899 2727 2954 solum
2756 2899 3094 2954 naturalibus
3123 2899 3278 2953 bonis
3316 2897 3539 2952 omnino
3564 2895 3800 2951 excludi-

2219 2997 2331 3055 tur,
2355 3004 2546 3044 verum
2585 2989 2750 3044 etiam
2784 2997 2877 3044 aut
2901 2988 2991 3044 vix
3017 2998 3111 3043 aut
3137 3004 3412 3059 nunquam
3446 2988 3500 3042 in
3536 2987 3803 3058 signiﬁca-

2222 3078 2368 3132 tione
2414 3077 2540 3133 boni
2592 3077 2647 3132 in
2681 3077 2861 3132 divina
2916 3075 3196 3146 Scriptura
3243 3077 3531 3146 reperitur.
3576 3075 3707 3128 Nam
3748 3083 3805 3129 et

533 3155 682 3242 dunt,
713 3176 984 3230 neminem
1023 3174 1246 3229 summis
1281 3181 1508 3228 naturae
1539 3181 1759 3227 nostrae
1792 3171 1948 3227 bonis
1974 3171 2116 3227 male
2143 3155 2190 3219 C
2219 3169 2429 3240 primus
2469 3165 2652 3234 hoino,
2683 3168 2739 3223 in
2783 3182 2891 3238 quo
2930 3183 3120 3224 omnes
3161 3176 3544 3238 peccaverunt,
3587 3166 3802 3222 libidine

531 3270 612 3324 uti
650 3269 848 3324 valere.
892 3267 1161 3322 Naturalis
1203 3266 1469 3335 siquidem
1511 3264 1686 3319 virtus
1719 3263 1977 3328 essentia,
2009 3263 2118 3318 vir-

533 3373 646 3420 tute
687 3373 743 3418 et
783 3361 1095 3432 Operatione
1141 3358 1342 3413 nullum
1388 3358 1517 3412 sinit
1563 3358 1730 3421 abuti,
1761 3357 1902 3410 sicut
1942 3370 2120 3425 neque

533 3453 798 3522 sapientia
823 3462 877 3506 et
896 3450 1168 3505 intellectu
1195 3456 1252 3503 et
1270 3447 1502 3511 ratione,
1527 3446 1782 3516 quoniam
1806 3447 1942 3500 haec
1970 3454 2114 3511 sunt,

534 3556 675 3610 quae
705 3538 1054 3608 principalem
1089 3546 1317 3592 naturae
1346 3546 1565 3591 nostrae
1598 3535 1878 3604 possident
1909 3537 2116 3592 sedem.

536 3631 728 3687 Mediis
753 3636 933 3684 autem
963 3635 1192 3682 naturae
1218 3627 1394 3691 bonis,
1419 3635 1480 3682 ut
1505 3635 1588 3682 est
1614 3627 1888 3696 ingenium
1916 3637 1972 3683 et
2001 3643 2121 3684 sen-

539 3737 632 3778 sus
661 3719 923 3789 corporis,
947 3726 1003 3774 et
1043 3718 1162 3786 ipso
1195 3730 1420 3786 corpore
1460 3715 1827 3787 extremisque
1856 3718 2032 3784 bonis,
2062 3726 2123 3775 ut

537 3819 664 3869 sunt
703 3825 788 3876 ea,
812 3825 952 3882 quae
979 3817 1133 3866 extra
1174 3823 1272 3864 nos
1300 3817 1425 3863 sunt
1468 3809 1522 3862 in
1571 3823 1752 3864 rerum
1782 3808 2120 3866 sensibilium

535 3902 822 3959 ordinibus
862 3902 1175 3967 constituta,
1226 3911 1280 3956 et
1307 3901 1444 3956 bene
1489 3901 1568 3957 uti
1610 3909 1666 3956 et
1703 3902 1843 3958 male
1880 3911 2122 3974 potestas

540 3993 718 4050 datur.
753 3992 1027 4064 Ingenium
1064 3991 1262 4063 quippe
1297 3991 1542 4048 naturale
1579 3993 1779 4048 bonum
1813 4002 1917 4059 est,
1947 3994 2123 4050 homi-

539 4087 806 4157 nibusque
831 4102 862 4142 a
901 4086 1012 4142 Deo
1034 4085 1216 4140 datum
1240 4086 1308 4141 ad
1353 4087 1635 4158 cogitanda
1660 4088 1682 4120 ⁷
1705 4095 1762 4142 ει
1799 4087 2121 4144 invenienda

537 4177 692 4232 utilia
718 4187 775 4234 et
801 4177 1049 4234 honesta.
1084 4177 1150 4231 Et
1175 4175 1198 4208 ⁸
1235 4185 1413 4232 tamen
1441 4193 1698 4248 perversa
1724 4178 1974 4234 voluntas
2003 4194 2067 4234 eo
2097 4178 2120 4211 '

535 4270 799 4335 abutitur,
819 4285 1086 4340 quaerens
1111 4269 1332 4326 nocivas
1355 4279 1409 4325 et
1432 4270 1766 4338 perniciosas
1785 4271 2120 4338 occasiones,

534 4360 730 4430 quibus
773 4359 1003 4430 decipiat
1043 4367 1098 4414 et
1125 4359 1312 4428 perdat
1349 4373 1485 4428 quos
1527 4360 1774 4430 decipere
1816 4368 1872 4416 et
1896 4360 2120 4430 perdere

535 4453 702 4522 cupit.
725 4449 1018 4508 Oculorum
1047 4465 1259 4514 sensus,
1283 4457 1343 4503 ut
1369 4451 1436 4504 de
1462 4449 1658 4505 ceteris
1697 4458 1927 4516 taceam,
1959 4459 2118 4505 natu-

534 4542 650 4598 rale
687 4542 888 4596 bonum
913 4549 1020 4604 est,
1041 4547 1098 4594 et
1126 4555 1158 4593 a
1195 4540 1305 4594 Deo
1334 4539 1518 4594 datum
1551 4540 1618 4595 ad
1642 4540 1938 4612 corporalis
1980 4541 2118 4598 lucis
2143 4529 2196 4591 D

535 4631 923 4700 receptionem,
966 4637 1027 4684 ut
1054 4644 1152 4700 per
1177 4643 1300 4684 eam
1331 4638 1387 4685 et
1428 4630 1483 4684 in
1525 4647 1588 4689 ea
1619 4633 1898 4690 rationalis
1935 4633 2116 4689 anima

535 4722 743 4777 formas
780 4728 836 4774 et
887 4721 1096 4790 species
1145 4736 1504 4792 numerosque
1551 4725 1882 4780 sensibilium
1934 4740 2115 4780 rerum

535 4813 890 4876 discerneret,
907 4811 1066 4880 inque
1088 4811 1263 4869 licitos
1289 4830 1415 4871 suos
1438 4831 1568 4872 usus
1595 4831 1662 4872 ex
1688 4818 1768 4873 eis
1788 4819 2056 4888 acciperet
2072 4817 2116 4850 ίο

533 4918 727 4962 verum
753 4911 848 4958 :et
873 4903 988 4973 ipso
1016 4903 1156 4960 male
1182 4893 1494 4975 abutuntur,
1527 4909 1618 4980 qui
1640 4909 1923 4964 libidinoso
1959 4923 2118 4978 appe-

538 4997 641 5050 titu
689 4994 982 5050 visibilium
1019 4993 1315 5053 formarum
1342 4999 1796 5069 pulchritudinem
1827 5007 2110 5070 appetunt,

536 5088 681 5144 sicut
709 5088 784 5144 ait
811 5087 1069 5147 Dominus
1100 5091 1155 5145 in
1198 5091 1487 5162 Evangelio
1520 5110 1534 5146 :
1577 5091 1680 5158 Qui
1717 5093 1902 5147 viderit
1923 5091 2115 5146 mulie-

536 5193 644 5233 rem
679 5179 748 5232 ad
777 5180 1244 5251 concupiscendum
1287 5198 1425 5246 eam,
1459 5181 1579 5251 jam
1618 5183 1920 5237 moechatus
1958 5192 2033 5238 est
2061 5182 2116 5237 in

536 5269 692 5325 corde
730 5286 850 5338 suo,
894 5272 1177 5328 mulierem
1203 5270 1454 5328 videlicet
1493 5271 1765 5344 appellans
1792 5274 2117 5346 generaliter

2223 3261 2534 3317 dominandi
2561 3269 2616 3317 et
2630 3260 2676 3292 “
2700 3275 2865 3330 super
2905 3261 3086 3315 omnia
3116 3259 3390 3316 exaltandi
3419 3261 3669 3330 deceptus
3694 3267 3795 3325 est,

2223 3365 2384 3423 atque
2407 3352 2652 3424 peccavit
2672 3355 2934 3407 suadente
2954 3351 3166 3408 diabolo
3201 3368 3266 3408 ac
3290 3353 3502 3410 dicente
3531 3370 3544 3406 :
3582 3351 3648 3406 In
3672 3367 3799 3422 quo-

2223 3463 2421 3516 cunque
2468 3447 2554 3500 die
2597 3446 2924 3501 comederitis
2984 3463 3048 3500 ex
3091 3463 3150 3501 eo
3176 3487 3192 3512 ,
3235 3446 3509 3516 prohibito
3555 3445 3802 3502 videlicet

2221 3539 2388 3609 ligno,
2416 3537 2719 3608 aperientur
2751 3537 2890 3592 oculi
2914 3538 3090 3604 vestri,
3121 3548 3168 3592 et
3195 3540 3338 3592 eritis
3366 3538 3496 3591 sicut
3519 3537 3614 3602 dii,
3637 3539 3798 3592 sciens

2223 3639 2297 3684 tes
2323 3630 2514 3684 bonum
2550 3638 2598 3684 et
2642 3627 2860 3683 malum.
2903 3627 2948 3683 Ο
2991 3639 3193 3699 quanta
3222 3629 3389 3684 libido
3427 3626 3709 3698 superbiae
3745 3627 3798 3680 in

2224 3723 2316 3778 illo
2349 3731 2489 3789 erat,
2529 3722 2620 3792 qui
2651 3737 2747 3777 sua
2789 3722 2990 3778 virtute
3034 3723 3175 3777 Deus
3213 3736 3332 3777 esse
3373 3720 3648 3790 cupiebat!
3684 3717 3794 3771 Non

2224 3829 2351 3884 ergo
2392 3827 2722 3884 paganorum
2766 3812 3036 3884 impietas,
3065 3811 3149 3868 vel
3190 3811 3513 3867 Iudaeorum
3552 3809 3794 3880 perﬁdia,

2222 3907 2308 3962 vel
2333 3906 2559 3961 aliarum
2588 3905 2864 3961 nationum
2895 3904 3135 3961 fabulosa
3169 3904 3520 3960 deliramenta
3544 3917 3613 3956 ex
3644 3909 3796 3956 natu-

2223 4002 2427 4060 ralibus
2451 4003 2655 4066 causis,
2683 4000 2776 4057 sed
2803 4015 2871 4056 ex
2900 3999 3199 4054 libidinosis
3219 3997 3605 4070 cupiditatibus
3631 4010 3795 4050 vana-

2226 4112 2344 4150 rum
2405 4094 2789 4166 cogitationum
2854 4090 3196 4162 proﬂuxere,
3248 4092 3478 4161 ideoque
3540 4091 3594 4145 in
3652 4087 3798 4143 nullo

2223 4202 2412 4244 eorum
2457 4195 2649 4242 natura
2693 4183 2971 4256 punietur,
3004 4183 3097 4239 sed
3141 4182 3325 4238 libido.
3371 4180 3565 4237 Omnia
3603 4181 3799 4250 quippe

2223 4278 2382 4344 vitia,‘
2419 4293 2558 4348 quae
2592 4276 2884 4332 virtutibus
2923 4275 3194 4332 contraria
3242 4283 3391 4339 sunt,
3439 4282 3798 4342 naturamque

2221 4381 2568 4437 corrumpere
2611 4374 2886 4437 appetunt,
2909 4365 3148 4437 generali
3181 4365 3222 4395 "
3257 4363 3496 4418 libidinis
3533 4361 3797 4417 vocabulo

2223 4457 2400 4513 solent
2430 4456 2710 4527 appellari.
2737 4456 3070 4527 Turpissima
3099 4455 3280 4525 itaque
3309 4453 3798 4524 llbido‘impiorum

2221 4549 2276 4604 in
2329 4545 2585 4602 falsorum
2639 4546 2874 4602 Deorum
2936 4545 3118 4609 cultu,
3159 4542 3595 4614 perhdorumque
3633 4542 3678 4572 ¹⁸
3699 4539 3793 4594 Ju-

2223 4639 2479 4694 daeorum
2509 4635 2553 4668 "
2585 4637 2639 4692 in
2687 4637 2969 4706 negatione
2990 4636 3256 4701 veritatis,
3293 4635 3627 4703 aliarumque
3663 4648 3795 4704 gen-

2223 4730 2357 4787 tium
2411 4730 2466 4785 in
2519 4727 2821 4786 fabularum
2869 4728 3230 4783 ludibrium"
3283 4725 3678 4790 deliramentis,
3737 4725 3791 4776 in

2222 4821 2530 4876 vanissimis
2571 4819 2870 4890 phantasiis
2914 4835 3121 4884 eorum,
3153 4834 3292 4890 quae
3339 4820 3440 4874 sibi
3474 4819 3647 4872 futura
3682 4816 3789 4871 fin-

2223 4921 2378 4982 gunt,
2405 4912 2532 4966 dum
2569 4910 2702 4968 nihil
2728 4911 2780 4966 in
2819 4911 2896 4966 eis
2926 4911 3201 4967 invenient
3233 4918 3442 4981 praeter
3480 4908 3792 4977 incompre—

2224 5002 2513 5058 bensibiles
2539 5003 2773 5066 umbras,
2800 5002 3076 5072 suppliciis
3114 5001 3433 5072 relinquitur
3469 5002 3788 5068 torquenda,

2223 5092 2577 5149 universitate
2595 5102 2908 5149 naturarum
2925 5095 2968 5127 ’ί
2985 5094 3248 5149 bonorum
3274 5091 3543 5162 totiusque
3566 5097 3794 5143 naturae

2222 5200 2252 5240 a
2276 5184 2389 5241 Deo
2415 5193 2630 5241 creatae
2659 5185 2892 5255 integra,
2916 5184 3248 5253 plenissima,
3277 5183 3648 5253 impunitaque
3674 5192 3793 5249 per-

2221 5284 2492 5331 manente.
2563 5275 2816 5332 Ceterum
2873 5274 3135 5346 generalis
3203 5274 3447 5329 omnium
3509 5269 3798 5340 impiorum

1835 5365 2092 5421 VARIAE
2129 5364 2534 5421 LECTIONES.

609 5453 628 5483 ¹
651 5450 741 5524 Sic
772 5449 958 5524 CFng
987 5470 1207 5509 sumere.
1283 5455 1306 5484 ‘
1334 5452 1425 5509 Sic
1452 5454 1567 5520 CF;
1597 5456 1643 5524 Α,
1674 5463 1988 5524 construere.
2066 5455 2088 5486 ³
2109 5453 2199 5510 Sic
2227 5455 2333 5523 CF;
2365 5457 2410 5510 Α
2443 5454 2675 5509 Relative
2703 5455 2981 5524 siquidem.
3054 5453 3078 5486 ⁸
3113 5453 3203 5509 Sic
3221 5453 3340 5518 CF;
3365 5453 3408 5507 Α
3453 5470 3486 5524 a
3500 5451 3626 5524 _Deo
3665 5467 3792 5524 pro-

533 5522 766 5594 cessisse.
845 5521 866 5552 '
895 5520 985 5576 Sic
1032 5524 1114 5578 CF
1135 5528 1152 5590 ;’
1192 5524 1236 5578 A
1269 5519 1559 5580 contendit.
1609 5523 1650 5594 θ’
1680 5522 1768 5578 Sic
1808 5523 1926 5590 CF;
1973 5526 2014 5578 A
2057 5519 2328 5580 naturalis"
2358 5527 2496 5580 boni.
2572 5525 2596 5558 ⁷
2631 5524 2721 5578 Sic
2765 5519 2882 5587 CF;
2925 5527 2966 5576 Α
2995 5533 3043 5577 et
3065 5525 3369 5594 cogitanda.
3446 5521 3559 5594 {Et
3585 5535 3693 5574 om.

533 5594 558 5626 ⁸
583 5592 629 5644 Α
653 5608 712 5644 eo
741 5599 919 5643 tamen

537 5659 698 5712 ciens.

539 5739 648 5780 om.
679 5728 723 5781 Α

967 5607 1022 5658 p.
1073 5608 1124 5646 v.
1175 5595 1433 5648 abutitur.
1511 5595 1554 5628 1°
1597 5593 1686 5649 Sic
1714 5594 1830 5660 CF;
1859 5595 1903 5648 Α
1940 5597 2175 5661 accipiet.
2254 5596 2294 5627 ¹¹
2325 5597 2370 5650 Α
2415 5596 2470 5650 in
2515 5595 2610 5649 eis.
2690 5595 2732 5625 ¹⁸
2763 5596 3062 5661 cupiditatis
3108 5591 3217 5648 om.
3259 5594 3364 5649 CF.
3443 5593 3487 5625 ¹³
3514 5593 3554 5643 Α
3586 5591 3790 5658 prospi-

798 5658 1180 5738 ίξΑεξ-,οηλμΑη
1239 5664 1354 5738 δ”-Α
1385 5658 1824 5738 ηαιατᾳιὶξγὸοηίέ
1885 5658 2158 5738 ffCF‘ac.
2230 5665 2279 5738 ξ’
2312 5665 2358 5720 Α
2411 5663 2741 5737 generaliter.
2819 5658 2862 5700 ίθ
2901 5665 3304 5735 Aper/ictorum.
3383 5667 3424 5703 ¹⁹
3463 5661 3790 5716 Iudaeorum

831 5727 875 5757 ὀ
898 5728 988 5782 Sic
1007 5728 1122 5796 CF;
1155 5731 1196 5784 Δ
1231 5732 1486 5798 falsarum
1515 5736 1807 5791 libidinum.
1881 5736 1924 5768 ³¹
1955 5734 2002 5792 Α
2025 5735 2368 5792 naturalium.
2412 5727 2433 5737 ⁷
2814 5747 2826 5752 “
