4168 6284
386 350 491 408 977

1244 354 1333 410 DE
1373 354 1712 415 DIVISIONE
1750 357 2101 419 NATURAE.
2140 394 2204 407 —
2247 366 2453 424 LIBER
2491 369 2813 438 QUINTUS.

3541 385 3643 441 978

385 477 560 536 poena
589 462 718 530 erit,
746 470 809 519 ut
836 477 999 535 saepe
1032 463 1288 533 diximus,
1329 465 1505 525 luctus
1540 475 1597 522 et
1631 469 1850 525 tristitia
1898 471 1965 527 de
1988 478 2045 540 Α
2067 476 2174 533 niis
2195 477 2501 533 divinarum
2521 480 2783 537 virtutum
2807 482 3009 542 laboris
3033 488 3116 543 sui
3143 492 3465 561 mercedem,
3496 496 3648 553 insu-

390 556 658 616 absentia.
683 565 737 612 et
781 555 1082 626 perditione
1126 571 1331 623 rerum,
1373 558 1570 628 quibus
1606 559 1660 614 in
1710 561 1814 618 hac
1858 562 1969 617 vita

393 645 829 710 delectabantur,
894 660 1123 716 quarum
1172 648 1487 717 phantasias
1536 663 1749 719 semper
1803 651 1970 707 veluti

392 747 521 801 prae
563 732 734 788 oculis
771 733 1079 802 habebunt,
1116 737 1745 806 quas~comprebendere
1777 741 1974 794 arden-

393 835 476 879 ter
501 822 775 891 cupientes
790 823 1109 892 nequibunt,
1136 826 1391 895 quoniam
1416 824 1548 880 nihil
1577 833 1723 889 sunt,
1750 827 1971 897 cupien-

395 922 475 968 tes
504 911 925 967 consolationem
968 914 1169 969 ltabere
1200 915 1256 970 in
1289 916 1306 946 ¹
1338 915 1444 981 his,
1469 929 1610 985 quae
1642 916 1976 986 desperatio—

390 1015 512 1056 nem
558 1002 810 1071 ingerunt
852 1009 910 1057 et
951 1002 1395 1072 inquietudinem.
1449 1002 1589 1058 Hinc
1629 1003 1802 1058 oritur
1849 1019 1972 1060 sera

388 1092 718 1162 poenitentia
744 1130 763 1160 ,
828 1092 1141 1162 inutilisque
1200 1093 1586 1149 consolationis
1637 1094 1928 1165 postulatio
1953 1135 1971 1161 ,

390 1185 536 1255 quod
564 1198 660 1255 per
695 1183 933 1256 linguam
963 1184 1145 1242 divitis
1170 1186 1433 1257 guttulam
1462 1201 1637 1257 aquae
1662 1188 1727 1243 de
1761 1202 1973 1243 summo

393 1275 562 1345 digito
608 1277 861 1346 pauperis
910 1275 1102 1332 Lazari
1142 1277 1376 1347 petentis
1418 1284 1474 1332 et
1528 1278 1786 1342 dicentis,
1846 1278 1973 1349 quia

394 1368 601 1422 crucior
624 1367 681 1422 in
718 1367 818 1422 hac
844 1368 1080 1437 ﬂamma,
1126 1368 1484 1439 significatur.
1527 1367 1734 1439 Lingua
1776 1368 1974 1439 quippe

393 1459 768 1530 postulationis
796 1459 982 1516 auxilii
1021 1459 1237 1514 flamma
1288 1460 1474 1515 tardae
1511 1459 1577 1515 de
1606 1459 1817 1514 delictis
1847 1474 1976 1528 poe-

396 1554 697 1620 nitentiae,
756 1569 896 1623 aqua
950 1555 1262 1624 refrigerii,
1317 1555 1537 1625 digitus,
1577 1555 1974 1612 distributionis

398 1648 739 1711 meritorum,
770 1662 877 1716 qua
916 1649 1211 1703 creduntur
1259 1649 1436 1704 sancti
1477 1655 1600 1718 post
1629 1649 1770 1703 hanc
1807 1648 1974 1703 vitam

392 1746 554 1801 posse
599 1743 878 1802 praestare
928 1733 1184 1788 auxilium
1233 1734 1338 1799 bis,
1369 1733 1461 1805 qui
1500 1734 1554 1788 in
1591 1732 1778 1804 poenis
1824 1742 1971 1799 sunt,

2069 581 2168 637 per
2188 568 2354 623 etiam
2381 569 2740 627 deificationis
2763 574 2992 643 gratiam
3029 580 3315 650 accipient.
3364 582 3524 641 Aliud
3561 596 3646 643 est

2068 661 2214 715 enim
2231 661 2369 716 intra
2385 672 2611 718 naturae
2623 663 2765 719 bona
2775 680 3015 731 manere,
3032 670 3173 739 quod
3194 675 3520 744 generaliter
3529 692 3642 732 om-

2070 752 2231 806 nibus
2254 753 2435 809 divina
2457 753 2705 825 largitate
2725 758 3106 828 praestabitur,
3127 761 3301 819 aliud’
3315 781 3529 824 omnem
3551 784 3643 825 na—

2071 846 2247 897 turam
2263 841 2488 915 ejusque
2499 846 2643 902 bona
2663 861 2941 917 superare,
2957 858 3012 905 et
3037 852 3105 908 ad
3142 852 3316 922 ipsum
3338 858 3505 914 Deum
3529 876 3646 931 per-

2071 934 2435 1004 venire,quod
2456 938 2733 1007 proprium
2758 948 2844 995 est
2869 941 3087 998 divinae
3115 947 3336 1016 gratiae.
3374 948 3473 1006 Ubi
3499 953 3642 1009 enim

2072 1021 2232 1091 fuerit
2280 1040 2489 1095 corpus,
2531 1026 2636 1083 hoc
2670 1036 2754 1083 est
2779 1030 3000 1096 veritas,
3041 1032 3169 1089 illuc
3198 1041 3646 1109 congregabantur

2071 1110 2304 1182 aquilae,
2333 1113 2437 1169 hoc
2457 1123 2543 1169 est
2566 1117 2753 1184 animi,
2785 1120 2877 1188 qui
2906 1135 3028 1176 eam
3057 1128 3469 1196 contemplaturi
3496 1142 3642 1189 sunt.

2072 1202 2140 1258 Et
2168 1204 2361 1258 iterum
2387 1218 2594 1269 eorum,
2625 1208 2717 1276 qui
2740 1210 2999 1266 terminos
3029 1215 3353 1273 naturalium
3379 1221 3645 1278 bonorum

2073 1311 2181 1350 non
2201 1296 2477 1351 excessuri
2498 1307 2644 1363 sunt,
2661 1298 2713 1352 in
2735 1297 2924 1356 formis
2944 1301 2986 1334 ιθ
3010 1302 3384 1374 imaginalibus
3405 1311 3445 1342 “
3465 1327 3651 1381 specu-

2074 1385 2205 1441 latio
2231 1393 2333 1441 est.
2365 1387 2539 1442 Aliter
2566 1387 2713 1442 enim
2753 1389 3164 1448 considerantur
3196 1394 3252 1448 in
3282 1395 3390 1461 his,
3421 1399 3513 1467 qui
3544 1412 3650 1456 me-

2075 1480 2180 1533 rito
2228 1476 2402 1534 bonae
2439 1480 2864 1537 conversationis
2905 1483 3268 1556 simplicisque
3308 1488 3649 1548 innocentiae

2074 1583 2181 1623 non
2204 1568 2377 1624 solum
2398 1583 2586 1626 omnes
2602 1585 2805 1640 poenas
2828 1575 3061 1638 evasuri,
3089 1592 3276 1634 verum
3301 1580 3460 1635 etiam
3485 1598 3646 1653 prac-

2074 1659 2183 1713 mia
2213 1659 2316 1714 sibi
2337 1660 2602 1731 condigna
2635 1677 2701 1717 ac
2734 1663 2834 1717 soli
2865 1664 2975 1720 Deo
3001 1668 3215 1739 cognita
3257 1673 3545 1741 recepturi,
3572 1675 3646 1730 ita

2074 1762 2136 1806 ut
2154 1760 2211 1806 et
2235 1752 2279 1783 ¹¹
2308 1752 2571 1807 naturalia
2599 1754 2739 1810 bona
2767 1757 3094 1825 possideant,
3123 1769 3176 1815 et
3220 1762 3647 1833 superaftluentis

396 1833 584 1893 typum
611 1824 768 1894 gerit.
802 1824 882 1877 Ex
918 1824 1021 1879 hoc
1058 1824 1203 1879 enim
1245 1825 1362 1880 loco
1390 1824 1549 1879 datur
1584 1826 1828 1897 intelligi,
1862 1841 1969 1881 non

2072 1843 2288 1898 divinae
2315 1842 2582 1914 largitatis
2608 1820 3003 1912 quodammodo
3023 1820 3311 1921 participes
3348 1852 3496 1918 ﬁant,
3538 1820 3644 1909 non

390 1914 563 1970 solum
588 1916 829 1971 viventes
855 1917 1031 1971 adhuc
1059 1917 1112 1971 in
1135 1932 1297 1973 carne
1310 1917 1353 1981 ³,
1370 1932 1555 1972 verum
1576 1918 1740 1973 etiam
1771 1916 1969 1988 spolia-

395 2010 477 2058 tas
505 2017 669 2058 carne
704 2005 914 2060 animas
937 2005 1196 2060 auxilium
1229 2018 1536 2061 sanctorum
1570 2016 1755 2076 petere
1792 2021 1969 2078 posse,

388 2093 505 2148 sive
531 2100 589 2146 ut
615 2094 828 2163 penitus
857 2095 1152 2150 liberentur
1179 2111 1208 2150 a
1245 2096 1449 2164 poenis,
1493 2098 1607 2151 sive
1636 2106 1695 2151 ut
1739 2098 1922 2152 minus
1949 2098 1972 2131 ³

388 2183 701 2238 crucientur
732 2184 787 2237 in
818 2185 930 2250 eis;
979 2185 1247 2240 incassum
1279 2193 1456 2240 tamen
1484 2194 1691 2255 petere,
1719 2186 1842 2241 siin
1872 2186 1974 2243 hac

294 2328 299 2333 ,
387 2274 503 2328 vita
522 2274 575 2327 in
598 2273 923 2343 profundum
948 2274 1187 2331 malitiae
1214 2276 1483 2342 cecidere,
1516 2277 1618 2331 ltoc
1640 2285 1746 2343 est,
1768 2277 1813 2332 si
1844 2277 1959 2331 nul-

391 2379 502 2418 tum
529 2366 726 2421 bonum
750 2367 804 2421 in
849 2368 952 2422 hac
999 2369 1109 2422 vita
1143 2378 1484 2438 peregerunt,
1527 2386 1633 2440 quo
1664 2380 1975 2425 mereantur

393 2454 818 2509 misericordiam
847 2455 901 2508 in
930 2454 1134 2510 futura.
1165 2458 1259 2511 Est
1297 2458 1457 2511 etiam
1487 2458 1591 2512 alia
1620 2459 1796 2513 forma
1849 2473 1974 2527 poe-

392 2558 587 2598 narum
610 2544 860 2600 omnibus
886 2545 1065 2615 impiis
1099 2547 1433 2614 communis,
1460 2563 1599 2617 quae
1631 2550 1812 2603 omnia
1846 2550 1973 2603 vitia

394 2635 449 2690 in
492 2636 594 2690 hac
621 2635 728 2689 vita
773 2644 1102 2706 perpetrata,
1136 2648 1192 2692 et
1218 2639 1270 2691 in
1302 2639 1498 2706 quibus
1521 2653 1696 2709 usque
1725 2640 1791 2694 ad
1819 2654 1973 2709 sepa-

394 2726 659 2780 rationem
688 2726 931 2795 corporis
973 2736 1030 2782 et
1076 2727 1291 2782 animae
1340 2730 1544 2798 absque
1567 2729 1672 2783 ulla
1697 2730 1974 2798 poeniten-

330 2845 334 2849 -
395 2817 468 2871 tia
517 2825 611 2872 aut
662 2816 842 2887 aliqua
892 2817 1179 2873 occasione
1242 2821 1572 2890 purgationis
1619 2828 1741 2889 post
1777 2834 1973 2889 corpus

393 2917 791 2977 perseveratur,
815 2909 873 2964 in
904 2909 1141 2965 trucibus
1168 2910 1622 2980 horribilibusque
1641 2911 1807 2966 veluti
1829 2912 1973 2966 fero-

397 3000 538 3053 cium
576 3000 872 3057 bestiarum
897 3002 1180 3072 speciebus
1232 3002 1299 3058 ad
1347 3003 1621 3058 cumulum
1670 3012 1968 3062 tormento-

396 3108 513 3146 rum
553 3093 911 3160 administrat,
934 3103 1012 3159 ut,
1034 3110 1173 3165 quae
1201 3096 1289 3150 hic
1314 3095 1703 3150 delectabiliter
1732 3094 1757 3126 ⁸
1804 3096 1970 3166 impie

396 3183 705 3239 viventibus
724 3184 1109 3250 arrident,illic
1126 3187 1446 3242 terribiliter
1472 3188 1969 3258 appareantjustis-
1996 3182 2041 3245 C

395 3274 535 3330 simo
561 3273 817 3344 puniendi
846 3276 1024 3329 modo.
1046 3273 1187 3342 Quid
1230 3276 1374 3331 enim
1425 3278 1652 3348 aequius
1694 3288 1779 3334 est
1827 3280 1965 3335 divi-

393 3380 602 3434 uaeque
639 3366 961 3422 ordinationi
995 3369 1393 3437 congruentius,
1415 3386 1575 3438 quam
1602 3380 1661 3424 ιιι
1698 3386 1794 3438 ea,
1828 3387 1968 3441 quae

394 3453 448 3509 in
479 3454 580 3509 hac
607 3454 717 3508 vita
745 3454 932 3510 illicito
952 3470 1136 3511 amore
1164 3458 1415 3514 ardentes
1436 3467 1735 3529 sequuntur
1761 3459 1966 3530 injusti,

393 3545 449 3600 in
478 3545 582 3599 alia
608 3545 740 3613 vita,
767 3562 906 3618 quae
934 3549 1137 3603 rectius
1172 3557 1427 3605 aeternae
1467 3551 1658 3607 mortis
1705 3552 1969 3610 vocabulo

393 3637 626 3710 signiﬁca
636 3647 741 3704 tur,
764 3640 965 3710 ingenti
987 3656 1190 3711 pavore
1211 3643 1384 3698 territi
1410 3642 1621 3714 fugiant
1642 3646 1839 3715 puniti,
1864 3662 1968 3703 nec

393 3737 571 3786 tamen
585 3731 816 3787 evadere
842 3732 1103 3788 valitnri?
1136 3733 1278 3790 Haec
1306 3744 1488 3791 autem
1512 3750 1702 3792 omnes
1725 3747 1966 3795 ceterae-

393 3834 499 3889 que
534 3820 829 3878 ineﬂ‘abiles
854 3830 908 3878 et
934 3823 1355 3880 innumerabiles
1387 3841 1682 3895 poenarum
1721 3835 1744 3867 ⁸
1789 3829 1969 3886 varie-

396 3916 534 3962 tates
553 3909 608 3962 in
636 3910 936 3978 phantasiis
967 3927 1146 3968 rerum
1185 3916 1519 3971 sensibilium
1554 3916 1768 3972 futurae
1816 3926 1961 3974 sunt.

396 3998 720 4055 Phantasiae
763 4009 942 4057 autem
972 4003 1025 4058 in
1077 4003 1353 4060 latissimis
1382 4007 1677 4061 memoriae
1710 4008 1918 4077 campis
1945 4006 1967 4039 °

393 4090 509 4146 sive
551 4091 637 4148 hic
668 4093 782 4148 sive
809 4094 920 4150 illic
947 4094 1346 4152 ordinatissime
1374 4103 1396 4135 ⁷
1418 4098 1795 4166 disponuntur.
1824 4098 1967 4165 Quo-

390 4199 509 4239 rum
562 4186 770 4256 primus
814 4195 897 4243 est
950 4202 1157 4254 earum,
1180 4205 1319 4260 quae
1355 4205 1452 4260 per
1476 4190 1673 4256 visum,
1700 4192 1968 4247 secundus

391 4290 599 4343 earum,
619 4291 758 4348 quae
785 4293 882 4348 per
902 4279 1164 4346 auditum,
1198 4281 1391 4335 tertius
1438 4294 1659 4347 earum,
1685 4295 1827 4351 quae
1870 4295 1970 4352 per

392 4362 671 4433 olfactum,
692 4376 916 4437 quartus
947 4385 1155 4437 earum,
1180 4386 1321 4441 quae
1342 4385 1441 4442 per
1477 4382 1717 4442 gustum,
1747 4371 1968 4442 quintus

2072 1943 2252 1989 tamen
2280 1933 2514 1989 deiﬁcati
2547 1953 2558 1987 :
2591 1935 2746 1992 aliter
2771 1938 2825 1992 in
2859 1939 2965 2004 bis,
2999 1940 3054 1995 in
3091 1943 3286 2011 quibus
3315 1944 3648 2001 solummodo

2072 2035 2300 2081 naturae
2324 2025 2608 2096 integritas
2635 2030 3048 2097 restaurabitur,
3077 2032 3318 2089 maleﬁca
3352 2033 3399 2067 ¹⁸
3437 2050 3566 2090 vero
3591 2044 3648 2090 et

2073 2116 2360 2172 libidinosa
2382 2117 2617 2173 carnalis
2637 2133 2826 2174 eorum
2855 2121 3003 2178 vitae
3031 2123 3443 2194 intemperantia
3474 2135 3647 2182 aeter-

2071 2205 2158 2260 nis
2180 2207 2434 2275 punietur
2453 2207 2749 2277 suppliciis.
2797 2208 2947 2275 Quae
2989 2212 3239 2269 videlicet
3280 2215 3537 2285 supplicia
3567 2217 3647 2272 di-

2071 2297 2213 2352 vinis
2241 2297 2449 2368 legibus
2477 2299 2748 2365 ordinata,
2776 2310 3017 2366 naturae,
3047 2304 3189 2360 intra
3214 2303 3369 2373 cujus
3391 2307 3645 2363 virtutem

2072 2398 2127 2445 et
2153 2390 2491 2447 sustinentur
2541 2400 2598 2447 et
2639 2394 3188 2464 comprehenduntur,
3219 2414 3484 2469 nusquam
3511 2417 3646 2456 nun-

2072 2497 2234 2551 quam
2279 2491 2405 2536 sunt
2448 2483 2715 2550 nocitura,
2743 2485 2929 2555 ejusve
2959 2489 3413 2558 pulchritudinem
3438 2494 3551 2547 nec
3590 2493 3645 2547 in

2075 2582 2206 2638 toto,
2233 2588 2334 2628 nec
2371 2575 2424 2628 in
2447 2585 2603 2645 parte
2644 2577 2926 2633 infectura.
2960 2579 3333 2652 Unusquisque
3374 2583 3554 2653 itaque
3594 2583 3644 2636 in

2072 2684 2166 2725 sua
2199 2669 2529 2725 conscientia
2560 2670 2700 2724 intra
2730 2670 3074 2740 semetipsum
3116 2682 3206 2727 aut
3246 2673 3484 2742 praemia
3517 2674 3650 2728 reci-

2072 2761 2204 2830 piet,
2237 2769 2329 2817 aut
2357 2777 2557 2831 poenas
2584 2761 2724 2826 luet;
2750 2761 2864 2830 ipsa
2883 2776 3011 2818 vero
3040 2762 3080 2794 ¹¹¹
3108 2770 3299 2817 natura
3324 2764 3379 2819 in
3399 2763 3647 2820 omnibus

2071 2850 2241 2905 libera
2275 2850 2632 2920 permanebit.
2660 2850 2928 2907 Hactenus
2954 2851 3020 2907 de
3043 2851 3128 2907 his
3158 2867 3173 2906 :
3211 2868 3351 2908 nunc
3391 2855 3457 2908 ad
3499 2854 3646 2909 redi-

2073 2949 2186 2994 tum
2212 2948 2497 2997 creaturae
2520 2942 2573 2996 in
2607 2941 2893 3011 pristinum
2920 2950 3146 3009 statum,
3170 2943 3236 2999 de
3255 2958 3362 3013 quo
3380 2943 3650 3014 principa-

2073 3030 2200 3086 liter
2238 3030 2622 3086 sermocinatio
2668 3031 3164 3096 est,'redeundum.
3211 3033 3356 3088 Dtsc.
3398 3032 3648 3088 Redeun-

2072 3126 2197 3175 tlum
2226 3136 2375 3189 sane,
2401 3137 2467 3177 ac
2496 3130 2705 3192 tempus
2726 3123 2894 3192 exigit
2922 3123 3308 3193 prolixitasque
3330 3125 3649 3196 disputatio-

2072 3212 2172 3265 nis.
2204 3210 2274 3265 Et
2305 3203 2516 3277 vereor,
2538 3228 2606 3267 ne
2644 3211 2783 3267 forte
2811 3213 2915 3278 bis,
2947 3214 3038 3283 qui
3074 3215 3263 3270 lecturi
3290 3222 3434 3279 sunt,
3469 3216 3649 3270 multi-

2069 3302 2193 3372 plex
2221 3303 2585 3372 perplexaque
2629 3304 2925 3359 earundem
2972 3319 3153 3360 rerum
3203 3307 3452 3375 repetitio
3491 3307 3645 3362 fasti-

2020 3431 2047 3465 ,
2069 3388 2215 3443 dium
2245 3387 2449 3459 gignat.
2475 3387 2614 3445 MAG.
2651 3388 2912 3460 Perplexa
2939 3392 3164 3446 materia
3192 3391 3649 3448 dimcillimarum-

2068 3492 2174 3547 que
2202 3491 2381 3531 rerum
2413 3476 2688 3533 anfractus
2713 3477 3060 3547 multiplicem
3094 3480 3515 3551 perplexamque
3554 3497 3645 3536 ra-

2066 3567 2468 3622 tiocinationem
2498 3566 2738 3637 exigunt,
2772 3577 2829 3622 et
2853 3568 3099 3624 fortassis
3121 3584 3228 3624 non
3253 3569 3500 3635 deerunt,
3526 3570 3645 3640 qui-

2066 3659 2170 3717 bus
2189 3660 2362 3731 magis
2385 3659 2619 3729 placebit
2655 3658 2909 3730 frequens
2952 3662 3245 3719 earundem
3274 3678 3454 3720 rerum
3490 3678 3643 3735 repe-

2068 3748 2205 3814 titio,
2258 3764 2420 3819 quam
2466 3749 2648 3805 brevis
2692 3751 3000 3821 cursimque
3060 3752 3367 3824 ingrediens
3419 3755 3486 3811 de
3536 3756 3641 3821 his,

2066 3856 2207 3910 quae
2247 3856 2407 3912 saepe
2450 3842 2649 3897 mentis
2685 3843 2857 3897 aciem
2906 3843 3134 3914 fugiunt,
3180 3845 3467 3913 iutimatio,
3505 3861 3644 3917 quae

2065 3931 2203 3987 solet
2223 3930 2434 3985 facilius
2460 3932 2677 3988 cludere
2709 3934 3104 4003 obtrusaquam
3145 3937 3378 4003 aperire,
3427 3945 3482 3991 et
3523 3952 3641 3992 am-

2066 4019 2359 4091 phiboliam
2390 4018 2590 4076 inferre
2613 4034 2775 4090 quam
2815 4021 3103 4090 expellere.
3151 4023 3297 4077 Drsc.
3340 4024 3641 4093 ingredere,

2066 4122 2173 4178 quo
2197 4116 2251 4162 et
2279 4105 2423 4177 quali
2455 4109 2613 4163 modo
2642 4107 2756 4173 vis;
2789 4116 2997 4163 tantum
3025 4117 3084 4161 ut
3106 4110 3459 4180 principalem
3483 4127 3645 4180 quae-

2066 4197 2319 4262 stionem,
2349 4211 2490 4267 quae
2515 4197 2583 4251 de
2621 4196 2798 4251 reditu
2821 4205 2925 4264 est,
2963 4197 3164 4267 absque
3201 4198 3323 4255 ullis
3358 4200 3644 4256 incidenti-

2063 4289 2165 4344 bus
2190 4285 2594 4357 quaestionibus
2618 4285 2897 4342 discutias.
2924 4273 3226 4344 lncidentes
3250 4288 3445 4359 quippe
3473 4303 3651 4359 quae:

2066 4381 2271 4437 stiones
2289 4378 2451 4434 ﬁnem
2476 4375 2822 4447 disputationi
2852 4376 3151 4448 impediunt
3176 4378 3472 4449 imponere.
3501 4378 3640 4435 MAG.

390 4468 596 4520 carum,
617 4470 755 4525 quae
781 4471 878 4527 per
897 4469 1118 4527 tactum,
1151 4460 1316 4517 veluti
1354 4475 1453 4532 per
1497 4463 1735 4533 quinque
1778 4472 1965 4533 portas
1993 4530 2036 4542 __
2068 4472 2145 4527 De
2166 4469 2400 4542 generali
2429 4468 2591 4524 totius
2616 4467 2886 4523 sensibilis
2905 4475 3185 4523 creaturae
3205 4467 3262 4523 in
3293 4482 3488 4524 causas
3513 4483 3643 4525 suas

388 4543 660 4599 civitatem
706 4546 918 4604 animae
976 4549 1197 4605 intrant.
1257 4530 1495 4617 Quarum
1514 4530 1533 4533 ⁷
1554 4530 1963 4622 phantasiarum
1993 4530 2043 4591 θ
2069 4530 2244 4622 νεάζει,
2258 4564 2412 4621 anno
2432 4565 2631 4618 mundo
2643 4563 3380 4631 (ιοοιιῑωυε,θιηυηοίιοωιη
3397 4565 3646 4636 speciali-

386 4632 524 4689 duae
558 4632 768 4690 formae
792 4643 939 4692 sunt.
967 4636 1085 4693 Una
1108 4653 1317 4717 earum,
1348 4639 1401 4693 in
1426 4639 1622 4709 quibus
1649 4638 1755 4705 bis,
1787 4640 1880 4710 qui
1906 4641 1959 4696 in

383 4727 486 4782 hac
514 4730 624 4785 vita
652 4730 809 4796 bene,
831 4733 926 4788 sed
949 4748 1055 4789 non
1078 4749 1285 4793 summe
1310 4739 1582 4805 vixerunt,
1629 4754 1961 4810 praeparan-

384 4828 470 4872 tur
497 4821 771 4889 praemia;
805 4822 932 4887 alia,
954 4823 1014 4878 in
1040 4826 1234 4895 quibus
1263 4828 1366 4895 his,
1414 4830 1508 4899 qui
1561 4829 1702 4885 male
1746 4831 1956 4897 vivunt,

386 4908 765 4974 dispensantur
784 4913 1062 4984 supplicia.
1104 4916 1380 4987 Siquidem
1419 4920 1621 4984 sancti,
1650 4921 1744 4989 qui
1780 4922 1958 4978 adhuc

388 4995 442 5049 in
474 5011 634 5056 carne
651 5005 950 5073 constituti,
966 5008 1168 5066 virtute
1189 5009 1417 5065 actionis
1438 5019 1493 5064 et
1531 5009 1788 5068 scientiae
1837 5028 1959 5069 car-

386 5101 512 5140 nem
539 5098 595 5143 et
615 5096 870 5151 mundum
899 5098 922 5131 ⁸
949 5114 1116 5170 seque
1162 5101 1308 5171 ipsos
1344 5108 1659 5170 superantes
1683 5118 1853 5173 usque
1893 5104 1963 5160 ad

387 5176 562 5245 ipsum
585 5178 754 5235 Deum
779 5185 1063 5244 altitudine
1085 5190 1553 5260 contemplationis
1578 5195 1960 5261 ascenderunt,

387 5280 494 5322 non
515 5267 569 5323 in
592 5268 891 5341 phantasiis
915 5293 1099 5337 rerum
1126 5280 1483 5348 sensibilium,
1498 5281 1593 5337 sed
1622 5281 1679 5336 in
1702 5282 1964 5354 theopha-

2068 4665 2149 4712 ter
2162 4658 2229 4712 de
2248 4656 2421 4712 reditu
2442 4656 2710 4710 humanae
2733 4664 2958 4711 naturae
2984 4657 3180 4711 docere
3198 4657 3472 4713 debemus.
3505 4657 3642 4715 Tota

2067 4747 2249 4816 itaque
2267 4745 2576 4802 humanitas
2601 4746 2655 4801 in
2672 4745 2809 4816 ipso,
2833 4747 2925 4818 qui
2940 4762 3059 4803 eam
3077 4756 3241 4803 totam
3263 4750 3571 4820 assumpsit,
3587 4752 3640 4806 in

2066 4837 2353 4907 pristinum
2380 4850 2667 4891 reversura
2692 4844 2776 4893 est
2814 4845 3036 4904 statum,
3065 4836 3119 4893 in
3160 4838 3340 4895 Verbo
3364 4839 3460 4895 Dei
3488 4840 3640 4895 vide-

2066 4927 2191 4983 licet
2219 4927 2520 4983 inearnato.
2552 4925 2654 4994 Qui
2682 4927 2888 4984 reditus
2929 4928 3137 4983 duobus
3174 4929 3351 4985 modis
3395 4929 3643 4985 conside-

2064 5029 2238 5084 ratur,
2271 5033 2501 5088 quorum
2535 5032 2675 5074 unus
2694 5028 2796 5083 est,
2826 5018 2918 5088 qui
2943 5012 3105 5072 totius
3129 5017 3395 5076 humanae
3414 5028 3641 5074 natttrae

2069 5111 2226 5166 docet
2271 5111 2329 5164 in
2361 5108 2600 5175 Christo
2672 5108 3143 5173 restaurationem,
3183 5109 3321 5163 alter
3366 5126 3516 5175 vero,
3547 5112 3638 5180 qui

2072 5215 2177 5255 non
2201 5198 2371 5254 solam
2400 5198 2572 5268 ipsam
2596 5198 3042 5253 restaurationem
3074 5196 3396 5265 generaliter
3430 5199 3641 5267 perspi-

2072 5291 2166 5357 cit,
2194 5305 2381 5346 verum
2409 5290 2569 5347 etiam
2594 5303 2808 5371 eorum,
2837 5289 2930 5361 qui
2956 5288 3013 5344 in
3044 5286 3221 5359 ipsum
3247 5289 3417 5345 Deum
3450 5303 3634 5346 ascen~

1662 5411 1918 5474 VARIAE
1953 5416 2355 5477 LECTIONES.

457 5541 475 5637 ξ
505 5541 637 5637 AAea:
660 5543 866 5637 hiszm'
885 5548 1019 5637 gain
1054 5566 1211 5637 carne
1239 5550 1430 5637 att/tuti.
1447 5550 1527 5637 Μ’
1553 5548 1750 5637 δέξω
1770 5550 1869 5637 .CF
1890 5555 2069 5637 mitius
2097 5558 2427 5637 crucientur.
2504 5557 2526 5589 ⁸
2551 5554 2642 5610 Sic
2663 5553 2782 5620 CF;
2811 5552 3255 5637 Aﬁelectabt'lia.‘
3308 5558 3639 5637 "poenarum

383 5626 494 5666 om.
535 5613 603 5667 Α.
696 5616 718 5649 ⁸
744 5616 839 5674 Sic
883 5618 1010 5686 CF;
1066 5622 1109 5675 A
1140 5622 1299 5675 cavis.

384 5696 936 5762 manenthnaturam.
995 5690 1039 5722 ¹⁰
1076 5692 1122 5746 Α
1149 5692 1385 5762 biformis
1413 5692 1728 5762 speculatio.

389 5749 434 5783 ιι
471 5751 563 5810 Sic
589 5752 714 5825 CF;
738 5760 786 5815 A
831 5760 1112 5833 maleﬁcia.
1190 5749 1235 5794 ει
1271 5776 1388 5817 vero
1412 5749 1521 5820 o'm.
1547 5762 1652 5818 CF.

1393 5622 1414 5654 '
1447 5620 1538 5677 Sic
1686 5637 1700 5685 ;
1756 5622 1802 5677 Α
1834 5624 2236 5710 πνίξῃαιξξσίηιὶ.
2304 5628 2363 5708 ,⁸
2464 5640 2682 5681 carnem
2700 5626 3084 5710 ‘murt‘tdumqae:

1834 5696 1876 5727 “
1916 5693 2008 5752 Sic
2045 5696 2123 5765 F;
2155 5695 2525 5768 imaginalibus
2548 5710 2656 5751 om.
2686 5694 2733 5749 A
2758 5711 2775 5762 ;
2800 5694 2842 5751 C
2870 5694 3201 5765 imaginibus.
3279 5695 3321 5726 η
3359 5705 3406 5750 et
3434 5709 3543 5751 oni.
3571 5696 3637 5749 Α.

2341 5628 2363 5658 ⁸
2386 5627 2433 5680 Α
2464 5640 2682 5681 carnem
2721 5626 3091 5692 mundumque.
3177 5626 3198 5658 ⁹
3226 5625 3272 5680 Α
3302 5624 3448 5679 aliud
3466 5635 3639 5678 autem
