4168 6284
563 321 664 376 979

1944 275 2228 377 Joannis
2263 322 2453 380 scori

3719 336 3825 390 980

560 431 670 486 suri
698 439 840 495 sunt,
877 429 1258 486 beatitudinem
1285 439 1340 484 et
1365 429 1775 486 deiﬁcationem.
1800 429 1960 486 Aliud
1986 431 2127 486 enim
2155 436 2208 496 Α
2234 435 2329 492 sed
2378 449 2484 492 non
2523 450 2709 493 omnes
2759 437 3178 494 immutabimur.
3231 436 3365 492 Nam
3410 439 3501 508 qui
3549 440 3618 493 ab
3670 441 3824 496 initio

562 529 645 575 cst
669 521 720 574 in
752 519 1057 589 paradisum
1087 519 1281 585 redire,
1323 521 1464 576 aliud
1495 522 1562 576 de
1609 521 1753 592 ligno
1785 521 1924 576 vitae
1965 536 2146 578 come-

561 611 706 666 dere.
730 609 976 679 Legimus
997 610 1212 679 quippe,
1228 612 1461 680 primum
1484 612 1757 668 hominem
1771 613 1838 668 ad
1859 613 2144 684 imaginem

559 710 612 755 ei
655 699 1056 762 similitudinem
1100 700 1193 756 Dei
1242 700 1462 767 factum,
1509 701 1564 756 in
1611 703 1863 774 paradiso
1913 706 2143 773 positum

561 789 743 853 fuisse,
760 789 854 846 sed
876 806 982 846 non
1005 790 1250 860 legimus,
1275 807 1396 848 eum
1414 791 1480 848 de
1507 792 1649 861 ligno
1668 793 1808 848 vitae
1826 797 2140 850 comedisse.

563 881 696 934 Estis
719 880 987 949 siquidem
1020 882 1272 950 prohibiti
1315 882 1442 951 ligni
1469 885 1482 913 ¹
1511 896 1938 956 praeoccupatus
1964 888 2147 944 dulce-

559 970 682 1024 dine
707 970 833 1040 ligni
863 971 1005 1026 vitae
1032 975 1051 1004 ²
1083 982 1165 1027 est
1193 975 1447 1044 expulsus
1475 993 1486 1028 :
1517 974 1762 1034 futurum
1795 980 1992 1050 quippe
2028 991 2147 1038 erat

559 1063 608 1117 ei
641 1065 704 1119 de
740 1064 880 1135 ligno
913 1066 1055 1122 vitae
1084 1067 1268 1131 edere,
1293 1067 1336 1121 si
1368 1067 1565 1123 divinis
1605 1073 1908 1140 praeceptis
1944 1073 2145 1127 voluis-

558 1165 640 1210 set
666 1171 890 1223 parere;
922 1155 1152 1212 feliciter
1176 1165 1352 1212 tamen
1383 1159 1624 1224 vixisset,
1646 1161 1808 1215 etiam
1831 1163 2142 1232 priusquam

559 1246 622 1300 de
673 1247 815 1318 ligno
855 1248 996 1303 vitae
1039 1250 1344 1304 comederet
1375 1250 1417 1314 ³,
1447 1250 1493 1305 si
1551 1252 1754 1320 absque
1800 1267 1974 1317 mora,
2001 1265 2145 1322 post-

557 1352 720 1405 quam
753 1348 967 1394 creatns
994 1350 1094 1404 est,
1129 1355 1234 1394 non
1279 1349 1545 1408 peccaret.
1581 1339 1682 1395 Ubi
1715 1342 1871 1396 datur
1900 1343 2142 1414 intelligi,

561 1429 700 1495 quod
736 1438 842 1484 tota
890 1440 1073 1484 nostra
1107 1440 1318 1494 natura,
1354 1446 1492 1500 quae
1533 1433 1857 1498 generaliter
1881 1433 2144 1488 vocabulo

559 1519 789 1574 hominis
812 1521 876 1575 ad
915 1523 1200 1592 imaginem
1235 1531 1289 1576 et
1318 1523 1723 1577 similitudinem
1757 1525 1850 1579 Dei
1894 1525 2020 1580 facti
2065 1527 2140 1581 si-

559 1610 859 1678 gnificatur,
887 1612 936 1665 in
962 1613 1289 1680 paradisum,
1323 1614 1423 1668 hoc
1447 1624 1546 1679 est,
1576 1616 1626 1668 in
1650 1616 1932 1684 pristinam
1959 1618 2146 1672 condi-

562 1705 719 1756 tionis
756 1719 884 1758 suae
926 1705 1240 1774 dignitatem
1282 1720 1561 1760 reversura
1614 1709 1704 1772 sit,
1748 1709 1800 1762 in
1847 1709 1930 1762 his
1966 1719 2142 1762 autem

2244 525 2426 580 mundi
2457 541 2629 596 usque
2673 527 2741 582 ad
2793 527 3084 583 secundum
3124 529 3334 584 Domini
3377 528 3688 596 adventum,
3723 533 3825 588 hoc

2243 622 2346 678 est,
2369 628 2540 683 usque
2567 616 2637 669 ad
2663 614 2822 671 ﬁnem
2847 615 3013 672 seculi
3038 619 3234 672 mortui
3252 625 3395 683 sunt,
3418 627 3474 673 et
3499 621 3822 690 moriuntur,

2243 716 2298 762 et
2324 709 2570 764 morituri
2615 719 2742 764 sunt
2763 711 2840 776 ⁸⁸,
2870 725 2976 767 non
3001 713 3258 767 continuo
3282 711 3484 782 absque
3512 712 3618 768 ulla
3647 729 3822 784 mora,

2245 813 2430 854 verum
2465 801 2796 872 interpositis
2837 802 3222 872 temporalibus
3250 805 3442 872 spatiis
3470 807 3824 863 resurrectio-

2243 904 2366 944 nem
2394 905 2681 961 corporum
2710 890 2754 922 ¹⁸
2773 905 3107 946 communem
3135 902 3442 961 expectant,
3469 904 3682 964 praeter
3706 912 3822 964 eos,

2244 979 2333 1048 qui
2380 995 2501 1034 cum
2547 979 2765 1036 Christo
2800 993 3208 1037 resurrexerunt
3241 1001 3253 1035 :
3296 981 3369 1038 illi
3399 998 3559 1051 vero,
3605 1001 3734 1055 quos
3767 988 3823 1043 in

2245 1085 2407 1124 carne
2429 1071 2670 1127 viventes
2699 1071 2821 1127 ﬂnls
2851 1073 3033 1126 mundi
3063 1082 3117 1127 et
3144 1075 3407 1128 adventus
3438 1075 3645 1131 Domini
3679 1078 3825 1134 inve-

2244 1164 2372 1227 niet,
2404 1180 2508 1219 non
2536 1164 2706 1219 solum
2733 1165 3021 1232 dormient,
3055 1181 3239 1221 verum
3268 1167 3432 1222 etiam
3463 1168 3823 1224 immutabun-

2247 1260 2366 1316 tur;
2403 1252 2548 1307 nullo
2576 1255 2772 1325 quippe
2803 1257 3082 1327 temporali
3111 1258 3288 1327 spatio
3319 1259 3638 1328 interposito
3665 1261 3822 1315 simul

2246 1342 2511 1397 dormient
2533 1352 2588 1397 et
2613 1345 2958 1414 evigilabunt,
2990 1348 3092 1401 hoc
3113 1357 3214 1412 est,
3241 1349 3540 1402 morientur
3565 1360 3615 1404 et
3648 1367 3824 1405 resur-

2245 1441 2390 1497 gent,
2419 1433 2558 1487 sicut
2585 1434 2697 1502 ipse
2723 1435 2994 1504 apostolus
3023 1436 3170 1502 dicit,
3212 1437 3265 1491 in
3307 1448 3599 1501 momento,
3633 1441 3682 1493 in
3716 1442 3822 1495 ictu

2245 1520 2407 1586 oculi,
2437 1523 2510 1576 ita
2537 1531 2594 1577 ut
2619 1524 2737 1594 plus
2762 1525 3061 1580 immutatio
3089 1527 3141 1580 in
3172 1527 3270 1591 eis,
3302 1542 3462 1597 quam
3497 1545 3640 1583 mors
3667 1533 3825 1600 perti-

2245 1615 2438 1669 ciatur.
2471 1614 2748 1682 Quomodo
2776 1619 2920 1672 enim
2949 1634 3097 1674 mors
3123 1618 3458 1690 intelligitur,
3500 1623 3588 1674 ubi
3621 1623 3821 1676 nullum

2245 1707 2474 1773 spatium
2507 1707 2646 1760 inter
2672 1707 2873 1760 exitum
2908 1707 2974 1762 de
3016 1709 3118 1762 hac
3141 1709 3251 1762 vita
3280 1749 3294 1774 ,
3346 1718 3400 1763 et
3451 1712 3731 1764 transitum
3763 1713 3818 1765 in

556 1795 910 1862 snhnnmodo,
951 1797 1042 1866 qui
1084 1800 1103 1828 ⁵
1146 1799 1482 1855 deificatione
1523 1802 1666 1870 digni
1714 1811 1858 1866 sunt,
1891 1803 2017 1872 ligni
2063 1805 2139 1857 vi-

2246 1797 2469 1852 alteram
2526 1799 2935 1870 interponetur?
3001 1799 3103 1865 Qui
3158 1809 3338 1855 autem
3409 1803 3822 1870 transtulerunt,

558 1893 641 1938 tae
668 1886 895 1941 fructum
946 1889 1305 1958 participabit.
1356 1891 1509 1958 Ligni
1560 1904 1741 1947 autem
1783 1894 1946 1958 vitae,
1997 1895 2140 1964 quod

556 1988 638 2032 est
668 1978 936 2045 Christus,
969 1980 1176 2038 fruetus
1205 1993 1286 2038 est
1337 1986 1494 2040 beata
1542 1987 1670 2051 vita,
1703 2003 1806 2058 pax
1835 1997 2052 2044 aeterna
2085 1992 2139 2045 in

556 2071 1006 2140 contemplatione
1046 2074 1313 2139 veritatis,
1345 2091 1483 2145 quae
1511 2079 1731 2146 proprie
1758 2077 1956 2132 dicitur
1982 2079 2105 2134 deiti
2125 2111 2137 2120 -

560 2163 720 2216 catio.
756 2162 850 2216 Est
877 2166 1018 2217 enim
1058 2164 1205 2218 beata
1249 2166 1376 2230 vita,
1407 2177 1465 2220 ut
1509 2168 1585 2222 ait
1622 2170 1972 2238 Augustinus,
2011 2187 2141 2239 gau-

557 2253 703 2306 diunt
732 2254 795 2307 de
819 2256 1048 2318 veritate,
1080 2273 1212 2324 quae
1238 2267 1309 2312 est
1349 2257 1604 2313 Christus.
1650 2260 1716 2314 Et
1756 2260 2003 2316 fortassis
2040 2264 2141 2317 hoc

558 2353 639 2396 est
667 2342 808 2411 quod
850 2344 927 2398 ait
964 2344 1288 2414 Apostolus:
1323 2345 1514 2403 Omnes
1541 2351 1748 2420 quidem
1780 2369 2104 2422 resurgentus
2125 2392 2138 2418 ,

555 2431 644 2485 sed
669 2449 770 2485 non
792 2450 968 2489 omnes
989 2435 1398 2491 immutabimur.
1420 2437 1512 2494 Sic
1539 2441 1684 2494 enim
1710 2441 1861 2496 multi
1887 2458 1949 2496 ac
1969 2443 2140 2512 'pene

555 2535 743 2576 omnes
768 2523 910 2577 hunc
956 2523 1130 2579 locum
1172 2526 1409 2595 Apostoli
1457 2527 1524 2582 de
1551 2526 1758 2584 Graeco
1787 2531 1840 2584 in
1889 2530 2138 2586 Latinum

559 2610 966 2666 transtulerunt.
999 2614 1077 2668 Ac
1107 2614 1149 2667 si
1180 2623 1363 2684 aperte
1394 2615 1598 2674 diceret
1629 2636 1640 2672 :
1675 2618 1874 2677 Omnes
1902 2636 2022 2686 nos,
2046 2623 2138 2692 qui

556 2700 799 2757 homines
852 2719 1059 2771 sumus,
1107 2707 1320 2762 nemine
1367 2717 1614 2778 excepto,
1668 2710 1723 2765 in
1769 2711 2140 2780 spiritualibus

556 2796 869 2864 corporibus
904 2807 960 2852 et
1003 2797 1314 2868 integritate
1367 2802 1690 2858 naturalium
1739 2802 2002 2858 bonorum
2055 2821 2140 2860 re-

555 2901 856 2956 surgcmus,
882 2897 938 2943 et
965 2889 1018 2942 in
1047 2890 1420 2960 antiquitatem
1449 2893 1659 2960 primae
1688 2894 2016 2949 conditionis
2044 2912 2138 2950 no-

556 2985 703 3032 strae
740 2987 1094 3046 revertemur,
1141 2983 1235 3037 sed
1280 2998 1386 3040 non
1417 2999 1606 3040 omnes
1649 2985 2056 3041 immutabimur
2086 2990 2137 3042 in

562 3065 919 3123 tleiticationis
950 3069 1197 3140 gloriam,
1228 3087 1368 3141 quae
1405 3083 1624 3143 superat
1648 3088 1865 3131 omnem
1893 3086 2140 3132 naturam

2245 1904 2421 1943 omnes
2459 1889 2665 1960 quidem
2697 1890 3106 1955 immutabimur,
3137 1891 3227 1946 sed
3261 1909 3362 1946 non
3399 1909 3578 1947 omnes
3599 1894 3825 1948 dormie-

2242 1996 2376 2042 mus,
2401 1980 2534 2034 nihil
2559 1981 2701 2034 aliud
2724 1981 2976 2036 videntur
3007 1981 3161 2044 velle,
3196 1982 3294 2037 nisi
3330 1983 3472 2050 quod
3507 1999 3691 2039 omnes
3729 1985 3824 2038 ho-

2243 2067 2415 2121 mines
2464 2069 2518 2121 in
2552 2070 2947 2124 resurrectione
2991 2069 3167 2124 futura
3218 2071 3284 2125 de
3318 2073 3582 2140 praesenti
3629 2075 3732 2128 vita
3767 2075 3822 2128 in

2242 2160 2510 2226 futuram,
2551 2163 2640 2217 alii
2691 2173 2861 2218 morte
2900 2165 3140 2234 corporis
3186 2165 3522 2235 interposita,
3570 2169 3658 2222 alii
3705 2186 3820 2224 non

2243 2251 2556 2320 interposita
2579 2293 2592 2317 ,
2644 2253 3090 2320 immutabuntur,
3119 2257 3331 2324 quando
3355 2298 3368 2321 ,
3405 2267 3458 2311 ut
3496 2258 3631 2312 idem
3665 2260 3815 2327 Apo-

2241 2344 2410 2397 stolus
2441 2346 2532 2407 ait,
2563 2345 2894 2414 corruptibile
2915 2347 3033 2412 hoc,
3064 2363 3256 2416 corpus
3274 2347 3518 2402 videlicet
3536 2347 3603 2413 “,
3634 2349 3822 2403 indue-

2240 2441 2327 2484 tur
2353 2433 2396 2464 ¹⁸
2417 2433 2873 2501 incorruptionem,
2909 2443 2958 2486 et
2995 2433 3214 2488 mortale
3240 2435 3336 2488 hoc
3365 2435 3614 2488 induetur
3639 2436 3682 2467 ¹⁶
3724 2439 3822 2489 im-

2238 2520 2612 2574 mortalitatem
2638 2561 2652 2584 ,
2692 2530 2740 2574 et
2775 2522 3130 2575 absorbebitur
3161 2539 3302 2576 mors
3345 2523 3399 2576 in
3442 2524 3730 2588 victoriam,
3769 2536 3816 2580 et

2239 2611 2547 2664 novissimus
2569 2611 2858 2665 inimicus"
2881 2613 3178 2665 destruetur
3203 2630 3361 2676 mors,
3387 2616 3480 2668 sed
3507 2630 3612 2668 non
3638 2629 3820 2670 omnes

2240 2699 2590 2765 dormiemus,
2633 2702 2735 2755 hoc
2760 2711 2865 2766 est,
2904 2716 3008 2756 non
3038 2716 3226 2756 omnes
3261 2712 3490 2758 mortem
3520 2705 3697 2759 carnis
3725 2722 3818 2775 pa-

2241 2792 2457 2855 tientur,
2483 2793 2793 2861 priusquam
2817 2793 2883 2848 de
2908 2793 3017 2847 vita
3047 2795 3323 2862 temporali
3352 2795 3403 2848 in
3429 2797 3594 2850 vitam
3621 2797 3816 2852 immit-

2239 2891 2420 2936 tentur
2450 2891 2742 2937 aeternam.
2793 2883 2926 2938 Nam
2968 2900 3103 2953 quos
3145 2885 3406 2941 adventus
3436 2886 3555 2941 Filii
3588 2889 3817 2943 hominis

2237 2976 2388 3030 vivos
2420 2974 2536 3045 jam
2577 2976 2630 3029 in
2656 2990 2819 3030 carne
2852 2977 3105 3045 reperiet,
3137 2992 3286 3033 mors
3315 2980 3556 3049 corporis
3584 2995 3688 3033 non
3714 2979 3820 3035 dis-

2241 3065 2430 3128 solvet,
2463 3079 2562 3118 nec
2587 3065 2978 3133 separationem
3018 3067 3262 3136 corporis
3285 3077 3342 3122 et
3375 3069 3588 3123 animae
3615 3071 3818 3140 patien-

554 3166 609 3212 et
638 3159 965 3226 paradisum.
1005 3161 1186 3231 Itaque
1227 3163 1366 3220 sicut
1391 3142 1534 3220 aliud
1575 3174 1659 3220 est
1691 3167 2015 3236 generaliter
2052 3182 2138 3222 re-

2247 3163 2354 3219 tur,
2386 3155 2480 3210 sed
2514 3155 2848 3211 solummodo
2877 3156 2928 3209 in
2957 3166 3261 3222 momento,
3310 3159 3363 3212 in
3402 3158 3509 3213 ictu
3547 3161 3690 3215 oculi
3723 3162 3819 3215 im-

556 3261 800 3318 surgere,
831 3249 973 3305 aliud
1009 3250 1029 3281 ⁸
1057 3253 1363 3320 specialiter
1401 3255 1674 3312 immutari
1711 3275 1723 3310 :
1779 3258 1850 3312 ita
1879 3258 2022 3312 aliud
2061 3268 2142 3313 est

555 3335 607 3389 in
638 3338 944 3406 paradisum
974 3342 1173 3406 redire,
1206 3342 1350 3398 aliud
1396 3343 1464 3397 de
1499 3343 1645 3414 ligno
1666 3346 1809 3399 vitae
1831 3349 2135 3402 comedere.

555 3427 611 3480 In
651 3443 758 3482 uno
785 3430 1050 3498 siquidem
1079 3435 1098 3465 ⁷
1133 3442 1358 3486 naturae
1410 3435 1749 3501 significatur
1798 3437 2137 3504 restauratio,

557 3515 612 3569 in
665 3517 835 3570 altero
877 3519 1170 3574 electorum
1205 3522 1662 3575 commendatur"
1694 3523 1980 3577 tleificatio.
2028 3525 2141 3581 Hoc

554 3615 736 3661 autem
765 3608 906 3688 dico,
936 3623 1044 3664 non
1072 3610 1326 3679 ignorans
1371 3611 1515 3666 hunc
1563 3613 1734 3667 locum
1779 3615 2131 3683 apostolicum

556 3699 713 3752 aliter
740 3699 809 3755 ab
832 3700 954 3758 aliis
989 3714 1111 3756 esse
1155 3701 1495 3756 translatum.
1532 3702 1760 3770 Quidam
1805 3705 1947 3760 enim
1977 3707 2141 3761 inter-

554 3790 748 3858 pretati
776 3800 1110 3856 sunt,omnes
1123 3793 1334 3862 quidem
1357 3794 1698 3860 dormiemus,
1724 3797 1812 3850 sed
1836 3813 1940 3850 non
1963 3814 2139 3853 omnes

554 3879 966 3947 immutabimur,
980 3883 1221 3951 quidam,
1245 3900 1313 3940 ex
1335 3885 1530 3954 quibus
1549 3895 1630 3940 est
1650 3886 1884 3942 Joannes
1903 3873 2140 3958 Chryso-

555 3981 782 4038 stemus,
813 3989 989 4028 omnes
1017 3975 1226 4044 quidem
1259 3976 1674 4042 immutabimur,
1707 3978 1796 4032 sed
1819 3995 1922 4031 non
1963 3996 2139 4033 omnes

555 4063 890 4119 dormiemus.
939 4064 1178 4132 Quorum
1227 4066 1702 4136 interpretationes
1731 4068 1796 4120 ad
1839 4070 2140 4138 praesentis

554 4157 732 4225 operis
767 4158 1038 4228 negotium
1072 4173 1176 4212 non
1206 4160 1499 4229 pertinent,
1529 4168 1586 4214 ut
1608 4160 1817 4230 opinor.
1864 4160 2007 4216 Disc.
2032 4163 2141 4217 Cur

557 4263 660 4303 non
684 4252 1072 4317 pertinuerint“
1091 4253 1296 4321 ignem.
1323 4251 1421 4318 Qui
1448 4253 1592 4306 enim
1621 4253 1688 4307 de
1709 4262 1990 4309 creaturae
2012 4269 2137 4308 sen-

557 4339 727 4392 sibilis
762 4341 935 4396 reditu
970 4342 1228 4411 disputat,
1255 4342 1496 4412 nunquid
1519 4357 1622 4396 non
1655 4343 1720 4397 de
1745 4344 2139 4399 resurrectione

556 4443 840 4498 corporum
871 4434 1108 4486 tractat?
1147 4433 1416 4488 Profecto.
1445 4431 1560 4488 Non
1589 4433 1732 4486 enim
1768 4431 1911 4487 aliud
1945 4443 2032 4488 est
2057 4449 2139 4488 re-

556 4535 797 4587 surgere,
833 4521 973 4574 aliud
1021 4522 1214 4574 redirc.
1262 4522 1395 4577 Nam
1431 4538 1496 4576 ex
1544 4523 1772 4577 mortuis
1814 4525 2136 4578 resurrectio

557 4608 682 4674 quid
712 4608 856 4660 aliud
886 4617 990 4670 est,
1022 4624 1183 4675 quam
1214 4610 1264 4661 in
1306 4619 1504 4666 statum
1534 4611 1832 4664 naturalem
1860 4612 2136 4667 recursio?

563 4695 782 4762 Expone
842 4697 1022 4762 itaque
1075 4697 1312 4751 breviter
1359 4701 1704 4769 cursimque,
1735 4704 1888 4769 ‘quid
1951 4703 2137 4758 volunt

557 4786 863 4856 praedictae
914 4787 1406 4856 interpretationes,
1463 4808 1598 4859 quas
1641 4794 1854 4860 penitus
1904 4796 2134 4852 intactas

556 4877 850 4946 praeterire
920 4877 1157 4934 voluisti.
1220 4879 1358 4935 Mne.
1421 4879 1521 4946 Qui
1579 4882 1917 4950 interpretati
1970 4897 2129 4952 sunt,

557 4985 732 5021 omnes
759 4969 968 5038 quidem
997 4971 1334 5037 dormiemus,
1385 4974 1476 5027 sed
1519 4991 1622 5029 non
1671 4992 1845 5031 omnes
1891 4979 2138 5033 immuta-

557 5057 750 5123 bimur,
821 5059 1065 5116 videntur
1129 5062 1258 5116 mihi
1311 5063 1550 5133 Apostoli
1608 5067 1770 5121 verba
1843 5068 1916 5121 ita
1980 5068 2136 5123 intel-

555 5146 768 5215 lexisse,
800 5165 864 5204 ac
888 5151 931 5206 si
963 5153 1162 5209 diceret
1193 5169 1206 5207 :
1253 5153 1453 5210 Omnes
1479 5155 1694 5225 quidem
1727 5157 1770 5188 ¹⁰
1799 5160 2130 5223 moriemur;

555 5239 674 5308 quis
701 5242 844 5295 enim
865 5250 950 5302 est
974 5244 1034 5307 υ,
1072 5245 1165 5312 qui
1216 5245 1367 5311 vivit,
1399 5256 1454 5302 et
1483 5263 1590 5302 non
1620 5248 1820 5303 videbit
1848 5257 2076 5303 iiiortem
2106 5266 2122 5303 :

2243 3245 2598 3300 mutationem
2645 3247 2952 3310 habebunt,
2998 3246 3224 3316 ideoque
3261 3264 3366 3302 non
3406 3249 3692 3314 dormient,
3723 3252 3815 3305 scd

2241 3352 2473 3406 semper,
2507 3339 2648 3392 nulla
2681 3349 2855 3395 morte
2885 3341 3066 3394 carnis
3105 3341 3443 3410 interposita,
3471 3343 3672 3396 vivent.
3718 3342 3813 3396 Cui

2240 3432 2420 3486 sensui
2450 3432 2668 3484 omnino
2712 3432 2855 3486 favet
2884 3442 3103 3488 sanctus
3147 3433 3473 3502 Augustinus
3501 3442 3553 3487 et
3585 3431 3816 3488 Joannes

2239 3518 2677 3588 Chrysostomus.
2728 3520 2887 3574 Fides
2932 3522 3092 3576 etiam
3145 3521 3406 3576 catholica
3455 3521 3666 3576 videtur
3718 3523 3817 3576 hoc

2241 3611 2562 3679 approbare,
2586 3625 2724 3679 quae
2762 3611 3140 3668 incunctanter
3171 3613 3365 3678 credit,
3401 3613 3682 3668 Dominum
3718 3629 3815 3668 no-

2241 3708 2412 3752 strum
2459 3698 2641 3753 Jesum
2689 3700 2964 3755 Christum
3007 3702 3252 3771 judicare
3297 3701 3446 3757 vivos
3492 3710 3546 3756 et
3580 3711 3816 3756 mortuos

2240 3797 2548 3853 venturum,
2581 3790 2734 3844 vivos
2760 3792 2998 3860 quidem.
3031 3808 3165 3862 quos
3197 3794 3460 3848 adventus
3483 3792 3678 3862 iudicis
3704 3808 3815 3847 ma-

2243 3887 2430 3932 nentes
2463 3880 2640 3934 adhuc
2664 3881 2715 3933 in
2749 3896 2911 3935 carne
2947 3883 3199 3951 reperiet,
3236 3890 3477 3938 mortuos
3505 3897 3634 3938 vero
3657 3924 3670 3948 ,
3723 3883 3815 3952 qui

2235 3967 2347 4036 jam
2399 3969 2718 4024 solutionem
2768 3973 3010 4039 corporis
3054 3981 3108 4026 et
3157 3973 3368 4027 animae
3403 3975 3640 4042 perpessi
3671 3983 3812 4028 sunt.

2243 4058 2384 4114 lhsc.
2419 4059 2532 4113 Non
2565 4061 2607 4092 ‘°
2635 4075 2763 4130 ergo
2794 4076 3012 4125 omnes,
3047 4063 3138 4131 qui
3165 4063 3218 4116 in
3254 4064 3560 4131 paradisum
3593 4065 3812 4119 redituri

2240 4157 2384 4213 sunt,
2429 4149 2529 4203 hoc
2558 4158 2639 4203 est
2687 4150 2738 4202 in
2773 4151 3052 4220 pristinam
3085 4162 3310 4206 naturae
3341 4153 3607 4207 humanae
3630 4155 3815 4207 condi-

2243 4241 2462 4305 tionem,
2489 4241 2613 4309 ligni
2641 4243 2780 4296 vitae
2811 4243 3042 4298 fructum
3069 4245 3506 4315 participabunti
3534 4245 3670 4304 lac.
3699 4245 3814 4300 Non

2240 4347 2429 4387 omnes
2454 4333 2628 4401 plane,
2663 4335 2754 4390 sed
2787 4334 2906 4399 seli,
2943 4336 3033 4405 qui
3065 4337 3319 4391 mundum
3347 4345 3402 4390 et
3428 4351 3646 4392 carnem
3676 4339 3816 4391 vice-

2243 4421 2368 4487 rint,
2384 4422 2524 4476 sicut
2553 4423 2603 4476 in
2635 4424 2950 4494 Apocalypsi
2976 4427 3234 4494 scriptum
3257 4434 3342 4480 est
3370 4441 3384 4479 :
3424 4425 3660 4483 Vincenti
3683 4428 3815 4480 dabo

2242 4512 2391 4566 edere
2429 4513 2494 4566 de
2537 4512 2676 4581 ligno
2705 4515 2834 4567 vitae
2857 4555 2872 4580 ,
2921 4517 3059 4584 quod
3092 4526 3167 4569 est
3203 4518 3257 4570 in
3283 4518 3528 4586 paradiso
3567 4517 3664 4570 Dei
3692 4519 3809 4570 mei.

2244 4603 2318 4656 Ex
2348 4602 2390 4633 ¹⁰
2415 4603 2585 4672 gratia
2638 4604 2899 4671 siquidem
2926 4614 2982 4658 et
3009 4617 3221 4670 natura,
3261 4616 3321 4661 ut
3347 4608 3400 4660 in
3447 4607 3812 4676 superioribus

2243 4703 2531 4749 tractatum
2591 4704 2714 4756 cst,
2774 4698 3024 4752 omnibus
3090 4699 3395 4754 hominibus
3456 4700 3813 4754 communiter

2240 4793 2546 4853 praestatur
2575 4785 2626 4838 in
2658 4787 2962 4854 paradisum
2995 4790 3190 4853 redire,
3216 4790 3327 4844 sola
3353 4805 3482 4844 vero
3515 4788 3683 4857 gratia
3711 4801 3804 4841 so-

2239 4877 2303 4930 lis
2330 4875 2591 4930 deitieatis
2617 4876 2683 4929 de
2729 4875 2869 4944 ligno
2898 4876 3037 4932 vitae
3077 4880 3257 4934 edere.
3300 4879 3441 4934 Disc.
3486 4877 3594 4932 Cur
3621 4877 3811 4946 itaque

2241 4967 2294 5020 in
2327 4964 2500 5019 medio
2529 4965 2766 5032 paradisi
2799 4965 2998 5036 lignum
3031 4968 3171 5023 vitae
3195 4984 3314 5024 esse
3342 4967 3618 5036 Scriptura
3643 4975 3812 5020 testa-

2240 5067 2342 5121 tur,
2371 5058 2419 5112 si
2449 5073 2554 5113 non
2581 5059 2852 5124 omnibus,
2874 5060 2965 5128 qui
2995 5060 3046 5114 in
3079 5062 3387 5128 paradisum
3416 5059 3640 5115 redituri
3665 5067 3808 5120 sunt,

2235 5151 2301 5206 de
2328 5150 2505 5204 fructu
2533 5151 2648 5220 ejus
2670 5151 2830 5206 cdere
2852 5151 3180 5219 permittitur
3202 5160 3257 5206 et
3279 5149 3640 5220 perdonatur‘l
3671 5147 3806 5204 Mus.

2235 5241 2488 5305 Attende,
2521 5241 2662 5309 quod
2713 5241 2892 5296 divina
2939 5239 3221 5310 Scriptura
3263 5257 3370 5297 non
3405 5241 3722 5310 simpliciter
3750 5239 3811 5293 li-

1839 5358 2095 5414 VARIAE
2133 5352 2531 5411 LECTIONES.

627 5443 642 5514 ξ
682 5439 771 5493 Sic
800 5440 884 5514 CF
901 5459 915 5508 ;
947 5443 992 5495 A
1021 5444 1148 5514 ligni
1172 5447 1306 5500 uitae
1337 5447 1605 5514 prohibiti.

551 5509 898 5565 solummodo;
978 5513 998 5544 ⁸
1035 5509 1080 5567 Ᾱ
1103 5527 1170 5568 et.
1248 5515 1268 5545 °
1304 5509 1348 5569 Ᾰ
1375 5516 1516 5570 aliud
1543 5527 1638 5570 est.
1723 5516 1744 5546 ⁷

553 5595 670 5652 runt
699 5580 983 5638 deitieatio.
1060 5583 1080 5652 Ῡ
1111 5584 1193 5638 CF
1216 5587 1543 5652 pertinuerit.

551 5645 734 5762 ε’έν
761 5651 874 5768 uti
906 5652 967 5773 ’λ
1270 5671 1526 5781 θετνχδλς,

1828 5515 2087 5580 ieCF;A

1683 5448 1704 5476 ²
1744 5446 1871 5500 liani
1905 5449 2037 5500 vitae
2071 5461 2180 5499 om.
2213 5445 2279 5497 A.

2106 5515 2336 5584 quidem.
2411 5515 2435 5548 ⁸
2473 5513 2564 5567 Sic
2583 5511 2701 5576 CF;
2729 5513 2773 5566 A
2798 5514 2850 5567 in
2873 5514 3043 5569 altero
3069 5530 3187 5584 vero
3211 5515 3600 5584 continendam
3622 5511 3810 5565 electo-

1639 5585 1680 5618 ¹⁰
1703 5586 1910 5654 quidem
1940 5602 2047 5639 0m.
2079 5586 2143 5638 A.

1593 5657 1636 5692 "’
1677 5655 1768 5712 Sic
1800 5655 1916 5722 CF;
1962 5657 2007 5710 A
2046 5655 2243 5715 induet.

2357 5444 2379 5474 ³
2417 5445 2556 5514 Esus
2605 5444 2864 5514 siquidem
2891 5473 2962 5485 —
2989 5443 3274 5497 comederet
3309 5457 3417 5498 om.
3455 5442 3514 5498 C.
3589 5441 3610 5471 ⁸
3647 5441 3686 5514 ᾼ
3719 5443 3809 5514 qui

2239 5586 2276 5615 “
2315 5595 2524 5664 catelli.
2560 5584 2656 5664 Ai.“
2702 5585 2756 5664 “‘
2781 5593 2898 5664 sunt
2923 5600 3031 5638 om.
3206 5654 3220 5664 Δ
3261 5583 3304 5615 ¹³
3343 5582 3588 5664 SioCF;
3695 5597 3811 5663 ςυν-

2358 5655 2402 5686 ¹⁶
2438 5654 2529 5710 Sic
2573 5651 2688 5720 CF;
2729 5653 2771 5710 Δ
2803 5655 3002 5710 induet.
3116 5655 3157 5687 ¹⁷
3194 5654 3239 5708 A
3265 5654 3546 5710 twvissinta
3570 5651 3802 5708 inimica.
