4168 6284
412 374 508 429 981

1258 366 1347 420 DE
1387 363 1722 420 DIVISIONE
1761 358 2109 417 NATURAE.
2152 391 2220 405 —
2259 362 2462 418 LIBER
2500 364 2820 432 QUINTUS.

411 506 571 563 gnum
594 490 737 545 vitae
766 488 818 542 in
846 484 1097 558 paradiso
1125 498 1243 540 esse
1272 490 1521 548 testatur,
1552 482 1646 537 sed
1675 479 1983 552 expressius
2010 480 2061 540 Α
2086 478 2355 537 Christum
2382 481 2793 546 describuntur,
2820 482 2943 551 quia
2978 484 3215 554 angelica
3253 491 3444 541 natura
3477 488 3649 544 sensi-

410 584 464 635 in
492 579 659 635 medio
685 575 937 649 paradisi,
967 584 1026 630 ut
1052 573 1312 630 vocabulo
1333 571 1567 644 paradisi
1594 579 1762 626 totam
1788 572 1978 625 huma-

407 685 531 723 nam
565 675 830 731 naturam,
868 677 1028 735 quam
1076 677 1268 719 omnes
1313 663 1558 718 homines
1589 663 1608 695 ί
1652 671 1709 717 et
1751 661 1881 716 boni
1923 667 1981 716 et

408 761 533 816 mali
562 759 906 831 participant,
948 756 1232 831 intelligas,
1279 756 1441 812 medii
1473 770 1602 811 vero
1624 752 1742 823 ejus
1779 753 1980 825 signin-

405 851 614 906 catione
658 848 1050 905 secretissimos
1098 846 1422 916 intimasque
1468 845 1704 915 ejusdem
1752 850 1978 898 naturae

403 941 552 997 sinus
578 982 592 1007 ,
638 940 691 996 in
743 937 938 1010 quibus
975 938 1154 1008 imago
1183 946 1238 993 et
1276 935 1567 991 similitudo
1597 934 1691 989 Dei
1720 946 1975 1003 expressa

400 1040 503 1094 est,
531 1031 623 1087 ubi
651 1031 854 1102 lignum
883 1029 1049 1094 vitae,
1077 1028 1182 1082 hoc
1206 1034 1289 1081 est
1313 1026 1574 1080 Dominus
1611 1031 1797 1079 noster
1820 1020 1977 1077 Iesus

400 1122 670 1188 Christus,
697 1121 1020 1194 plantatum,
1048 1119 1201 1190 cujus
1222 1117 1670 1186 contemplatione
1692 1128 1851 1169 nemo
1872 1111 1975 1168 nisi

401 1215 817 1286 purgatissimus
864 1212 967 1266 iide
1009 1218 1062 1265 et
1106 1213 1351 1273 actione,
1402 1217 1458 1263 et
1489 1204 1976 1262 illuminatissimus

404 1304 631 1361 scientia
659 1345 673 1369 ,
726 1311 779 1358 et
806 1301 1232 1371 perfectissimus
1276 1300 1538 1371 sapientia
1580 1305 1636 1353 et
1672 1298 1974 1352 divinorum

401 1394 782 1466 mysteriorum
827 1388 1324 1462 intelligentiafrui
1376 1390 1588 1445 sinitur.
1640 1388 1706 1442 Et
1749 1389 1871 1453 hoc,
1916 1394 1975 1440 ut

403 1488 659 1551 arbitror,
686 1487 739 1540 in
778 1486 1007 1557 mystica
1044 1482 1348 1539 Salomonis
1382 1481 1564 1553 templi
1603 1480 1977 1537 aediﬁcatione

398 1577 820 1646 praeﬂguratum
863 1583 966 1629 est.
1018 1574 1220 1629 Omnes
1265 1573 1570 1643 siquidem,
1617 1574 1831 1627 nemine
1876 1587 1974 1628 ex-

396 1668 545 1722 cluso
572 1669 614 1732 ¹,
650 1675 705 1721 et
730 1666 852 1721 boni
885 1673 941 1721 et
968 1665 1115 1730 mali,
1143 1665 1450 1721 circumcisi
1490 1673 1545 1720 et
1586 1663 1974 1731 incircumcisi,

396 1758 619 1814 masculi
663 1766 719 1812 et
765 1756 1022 1823 feminae,
1054 1771 1352 1826 omnesque
1396 1756 1559 1811 totius
1584 1756 1767 1810 mundi
1795 1755 1972 1810 natio—

395 1866 513 1915 nes,
545 1851 658 1906 sive
687 1848 949 1905 orationis
982 1850 1096 1904 sive
1123 1849 1326 1919 negotii
1372 1862 1535 1903 causa
1583 1847 1818 1917 undique
1849 1847 1973 1903 illuc

396 1940 727 1998 conﬂuerent
749 1983 764 2007 ,
813 1941 866 1995 in
891 1949 1164 1996 extremas
1193 1939 1433 2009 porticus
1462 1939 1754 2005 intrabant,
1791 1940 1974 2011 ibique

396 2033 608 2103 negotia
636 2047 731 2087 sua
758 2047 1021 2103 peragere
1050 2030 1365 2087 sinebantur
1395 2049 1409 2085 :
1436 2030 1535 2086 soli
1567 2046 1695 2087 vero
1721 2032 1971 2086 sacerdo-

394 2130 475 2178 tes
500 2130 555 2178 et
579 2122 601 2155 ⁸
626 2121 846 2177 Levitae
876 2123 928 2179 in
960 2123 1223 2191 porticum
1255 2119 1613 2177 Sacerdotum
1640 2128 1695 2176 et
1722 2121 1775 2175 in
1803 2122 1970 2192 porti-

392 2228 515 2269 cum
546 2212 850 2267 Salomonis
896 2211 1358 2283 ingrediebantur.
1409 2211 1613 2268 Deinde
1657 2213 1970 2269 sacerdotes

394 2303 490 2357 loti
520 2312 572 2358 et
597 2302 809 2373 purgati
841 2300 895 2356 in
942 2300 1079 2356 mari
1125 2315 1314 2367 aeneo,
1343 2302 1486 2371 quod
1529 2310 1647 2355 erat
1676 2302 1730 2356 in
1758 2302 1969 2371 porticu

396 2390 716 2454 Salomonis,
748 2390 803 2443 in
841 2398 1085 2445 sanctum
1114 2390 1371 2460 templum
1409 2390 1669 2456 exterius,
1699 2391 1789 2446 ubi
1815 2402 1973 2448 erant

394 2492 561 2553 panes
589 2481 972 2552 propositionis
1018 2488 1072 2535 et
1114 2482 1459 2548 candelabra,
1490 2483 1803 2548 introibant,
1840 2484 1969 2539 nulli

394 2588 522 2628 vero
549 2573 691 2627 ultra
716 2572 893 2628 velum
924 2573 975 2627 in
999 2570 1196 2628 Sancta
1216 2573 1561 2639 Sanctorum,
1590 2574 1678 2629 ubi
1699 2585 1817 2630 erat
1845 2592 1970 2631 arca

392 2675 446 2719 et
476 2664 648 2719 altare
695 2665 1061 2739 thymiamatis
1088 2704 1104 2730 ,
1151 2673 1208 2720 et
1252 2666 1683 2736 propitiatorium
1707 2708 1722 2730 ,
1773 2677 1829 2721 et
1867 2668 1970 2725 duo

389 2757 699 2823 Cherubim,
731 2757 830 2812 nisi
861 2772 1074 2812 summo
1102 2759 1367 2814 sacerdoti
1401 2760 1626 2814 introire
1650 2760 1673 2790 ⁵
1699 2759 1893 2815 licebat
1923 2763 1964 2814 ⁵.

390 2849 469 2902 Ex
497 2849 601 2903 hoc
637 2849 796 2904 datur
824 2849 1068 2921 intelligi,
1097 2866 1286 2907 omnes
1316 2852 1563 2907 homines
1581 2852 1761 2908 “intra
1784 2853 1969 2908 termi-

392 2954 488 2994 nos
532 2939 791 2996 naturalis
834 2942 1103 3010 paradisi,
1146 2944 1310 2999 veluti
1355 2945 1497 3000 intra
1527 2945 1793 3014 quoddam
1834 2954 1970 3002 tem-

389 3028 556 3098 plum,
587 3044 1018 3100 unumquemque
1042 3032 1066 3065 "
1113 3034 1166 3086 in
1202 3048 1296 3088 suo
1335 3034 1525 3089 ordine
1551 3034 1838 3100 contineri,
1867 3036 1966 3092 soli

390 3136 518 3214 vero
566 3121 621 3214 in
671 3121 886 3214 Christo
919 3125 1246 3214 sanctificati
1278 3126 1536 3181 interiora
1574 3128 1874 3194 intrabunt,
1910 3136 1965 3184 et
1992 3151 2037 3214 ρ

388 3213 580 3267 iterum
610 3212 662 3265 in
694 3211 889 3268 Sancta
909 3212 1250 3282 Sanctorum,
1276 3217 1439 3272 veluti
1473 3219 1522 3273 in
1600 3219 1855 3275 interiora
1884 3220 1965 3274 in-

384 3304 663 3367 teriorum,
690 3304 919 3374 ipsi,qui
950 3306 1003 3359 in
1034 3320 1244 3362 summo
1272 3308 1546 3377 pontiiice,
1570 3308 1789 3365 Christo
1815 3309 1967 3365 vide-

384 3394 528 3459 licet,
555 3404 700 3460 sunt,
730 3404 784 3450 et
813 3411 980 3450 unum
1007 3413 1131 3452 cum
1161 3397 1297 3467 ipso,
1325 3407 1380 3453 et
1416 3401 1468 3454 in
1509 3401 1625 3469 ipso
1656 3398 1783 3456 facti
1814 3411 1961 3467 sunt,

384 3484 820 3552 introducantur;
855 3487 944 3542 ubi
972 3486 1221 3545 Christus
1250 3498 1354 3555 est,
1386 3491 1477 3560 qui
1509 3492 1844 3561 signiﬁcatur
1868 3510 1965 3564 per

381 3573 572 3641 altare,
603 3577 857 3644 quoniam
904 3593 1000 3633 sua
1024 3582 1048 3615 ⁸
1095 3580 1369 3636 soliditate
1416 3583 1648 3637 sustinet
1674 3585 1874 3649 omnia,
1908 3593 1964 3640 et

383 3678 488 3719 non
539 3666 711 3721 solum
763 3668 967 3736 altare,
1011 3671 1104 3725 sed
1154 3672 1510 3744 thymiamitis
1559 3675 1772 3743 altare;
1830 3675 1965 3732 odor

382 3758 647 3826 siquidem
701 3760 843 3816 illius
869 3802 885 3827 ,
934 3762 1040 3817 hoc
1088 3773 1171 3819 est
1239 3764 1357 3821 laus
1410 3774 1466 3821 et
1520 3767 1687 3838 gloria
1712 3809 1726 3833 ,
1780 3769 1964 3839 implet

384 3846 584 3900 omnia.
636 3848 754 3917 Ipse
804 3858 887 3905 est
928 3866 1053 3907 arca
1080 3893 1095 3917 ,
1144 3854 1194 3907 in
1227 3869 1331 3924 qua
1380 3871 1568 3912 omnes
1605 3858 1842 3914 thesauri
1877 3876 1965 3914 sa-

384 3938 618 4007 pientiae
636 3948 691 3993 et
714 3942 972 3997 scientiae
990 3951 1112 3997 sunt
1132 3944 1450 4001 absconditi.
1475 3947 1590 4016 ipse
1609 3957 1693 4002 est
1714 3948 1759 3980 ¹⁶
1784 3951 1956 4018 virga,

380 4028 505 4097 quia
536 4029 580 4063 “
605 4029 744 4099 regit
788 4038 844 4085 et
888 4043 1162 4089 mensurat
1201 4036 1415 4102 omnia,
1462 4045 1518 4091 et
1553 4051 1784 4103 manna,
1833 4038 1960 4106 quia

376 4118 550 4185 pascit
593 4121 791 4174 omnia.
835 4120 951 4190 Ipse
973 4123 1428 4192 propitiatorium,
1451 4125 1575 4194 quia
1626 4141 1839 4197 semper
1863 4142 1960 4195 pro

380 4208 533 4263 nobis
598 4210 882 4267 intercedit
930 4213 996 4267 ad
1042 4212 1258 4268 Patrem
1281 4252 1298 4279 ,
1349 4215 1641 4271 ostendens
1693 4216 1745 4269 ei
1800 4231 1962 4287 gene-

379 4298 492 4353 rale
538 4301 859 4357 sacriﬁcium
888 4344 903 4370 ,
949 4313 1002 4358 et
1050 4306 1236 4361 mundi
1265 4307 1531 4374 pretium,
1563 4309 1958 4365 humanitatem

376 4390 626 4445 videlicet
654 4406 828 4459 suam,
855 4408 1017 4463 quam
1047 4396 1376 4452 sacriﬁcavit
1402 4406 1459 4453 et
1486 4399 1709 4454 tradidit
1735 4415 1833 4470 pro
1855 4415 1957 4468 pu-

2079 569 2242 625 hilem
2274 579 2326 625 et
2356 570 2751 641 intelligibiiem
2777 574 3034 628 mundum
3060 575 3430 642 administrat;
3463 591 3653 647 quam-

2080 659 2161 715 vis
2182 674 2289 714 non
2318 660 2928 718 irrationabiliten’unus
2965 663 3255 720 Cherubim
3284 668 3337 723 in
3370 666 3539 738 ﬁgura
3567 669 3650 724 in-

2077 749 2395 806 tellectualis
2438 752 2491 806 in
2541 753 2773 824 angelis,
2806 755 2943 810 alter
2969 769 3098 812 vero
3134 758 3188 812 in
3221 768 3346 830 typo
3374 760 3654 819 rationalis

2076 848 2301 897 naturae
2322 842 2375 897 in
2398 843 2706 901 hominibus
2734 846 3048 916 accipiatur.
3068 848 3433 920 intelligibiles
3457 852 3655 922 quippe

2076 931 2528 1003 rationabilesque
2553 936 2880 992 substantias
2902 939 3179 1007 proximas
3206 940 3422 997 Christo
3461 957 3580 999 esse
3609 943 3655 983 “

2075 1037 2234 1079 nemo
2262 1026 2566 1095 sapientum
2598 1028 2824 1083 dubitat.
2852 1028 3086 1085 Videsne
3114 1046 3265 1103 ergo,
3293 1049 3454 1103 quam
3486 1035 3650 1091 altum

2076 1126 2130 1171 et
2156 1119 2569 1186 supernaturale
2592 1126 2696 1184 est,
2725 1118 2832 1174 tale
2854 1119 3056 1189 lignum
3084 1122 3138 1175 in
3168 1123 3344 1178 medio
3375 1127 3610 1194 paradisi
3634 1167 3650 1192 ,

2076 1208 2342 1263 humanae
2362 1207 2612 1264 videlicet
2637 1216 2883 1275 naturae,
2908 1209 3205 1279 plantatum
3227 1212 3375 1267 adire
3399 1213 3464 1279 “,
3481 1229 3655 1284 eoque

2077 1298 2202 1354 frui.
2232 1300 2312 1353 Ad
2342 1300 2444 1354 hoc
2469 1309 2734 1356 remotum
2778 1302 2848 1357 ab
2893 1302 3144 1358 omnibus
3164 1303 3385 1373 lignum,
3421 1307 3655 1376 solisque

2077 1390 2339 1445 deiilcatis
2380 1405 2696 1446 concessum
2736 1390 2936 1447 Paulus
2988 1402 3179 1462 raptus
3218 1402 3304 1450 est
3341 1394 3393 1448 in
3438 1398 3654 1451 tertium

2075 1490 2299 1537 naturae
2328 1490 2547 1538 nostrae
2577 1482 2804 1548 caelum,
2835 1483 2938 1540 hoc
2962 1493 3046 1540 est
3079 1499 3243 1555 super
3274 1501 3435 1543 omne
3462 1502 3657 1557 corpus

2074 1586 2130 1629 et.
2152 1576 2399 1645 spiritum
2452 1575 2672 1631 vitalem
2719 1576 2774 1631 in
2824 1576 3002 1645 ipsum
3055 1576 3403 1642 intellectum,
3448 1578 3505 1633 in
3549 1593 3657 1647 quo

2075 1666 2171 1722 Dei
2201 1667 2456 1732 Verbum,
2484 1667 2627 1736 quod
2656 1677 2735 1722 est
2765 1666 2968 1739 lignum
2997 1667 3164 1733 vitae,
3198 1665 3452 1723 ineffabili
3497 1668 3656 1723 modo

2077 1771 2239 1826 super
2259 1771 2475 1812 omnem
2499 1756 2792 1813 essentiam
2821 1768 2877 1811 et
2906 1757 3166 1812 virtutem
3204 1764 3259 1812 et
3285 1756 3653 1826 operationem

2001 1818 2051 1879 Β
2076 1818 2285 1903 ἤκι-Ιιιοθ
2313 1846 2524 1902 habitat
2551 1846 2934 1913 inaccessibili,
2973 1845 3116 1903 ultra
3147 1856 3204 1904 et
3230 1818 3370 1903 intra
3403 1857 3655 1903 naturam

2076 1941 2144 1994 ad
2171 1939 2459 2009 imaginem
2484 1938 2576 1993 Dei
2604 1936 2820 1994 factam.
2852 1939 2909 1993 In
2930 1939 3105 2011 ipsum
3129 1938 3651 2009 itaqueparadisun,

2073 2030 2238 2085 veluti
2264 2030 2317 2084 in
2341 2028 2730 2098 amplissimum
2764 2029 3294 2098 secretissimumque
3323 2030 3365 2068 ⁸⁸
3394 2028 3653 2096 templum

2072 2135 2260 2176 omnes
2285 2119 2553 2185 homines,
2579 2121 2949 2189 unusquisque
2968 2120 3259 2175 secundum
3291 2133 3444 2174 suam
3471 2118 3656 2174 analo-

2072 2213 2213 2283 giam
2254 2211 2505 2276 intrabit;
2544 2220 2601 2266 et
2640 2210 2904 2266 habitabit
2949 2210 3004 2266 in
3051 2210 3134 2265 eis
3159 2211 3295 2280 ipse,
3329 2209 3422 2278 qui
3472 2208 3652 2264 dixit:

2057 2293 2186 2375 'Ego
2214 2322 2302 2359 ero
2325 2306 2381 2359 in
2404 2305 2575 2359 medio
2603 2321 2805 2359 eorum.
2849 2305 2986 2360 Hinc
3014 2304 3281 2376 Pr0pheta
3311 2320 3325 2357 :
3369 2302 3504 2358 Vota
3536 2318 3654 2361 mea

2072 2396 2265 2463 inquit,
2286 2394 2501 2449 reddam
2526 2396 2581 2449 in
2594 2405 2868 2464 conspectu
2888 2396 3057 2449 omnis
3080 2393 3256 2464 populi
3279 2393 3414 2463 ejus,
3434 2393 3488 2447 in
3499 2392 3653 2445 atriis

2071 2484 2255 2538 domus
2281 2483 2509 2566 Domipi,
2531 2484 2585 2538 in
2629 2484 2798 2538 medio
2825 2485 2921 2548 tui,
2945 2483 3237 2538 Jerusalem
3263 2482 3328 2536 “.
3356 2481 3653 2538 Jerusalem

2071 2575 2334 2644 siquidem
2360 2576 2490 2630 visio
2508 2576 2672 2645 pacis,
2688 2591 2781 2630 seu
2806 2576 3053 2645 templum
3075 2576 3220 2645 pacis
3246 2577 3652 2644 interpretatur,

2070 2674 2125 2722 et
2153 2667 2265 2736 ipsa
2288 2675 2372 2722 est
2392 2666 2582 2722 domus
2605 2666 2814 2721 Domini
2843 2668 2893 2721 in
2921 2676 3102 2723 monte
3123 2680 3392 2735 supernae
3412 2676 3652 2723 contem.

2070 2756 2324 2831 piationis
2383 2756 2694 2823 aedificata,
2752 2757 2818 2812 ad
2875 2772 3035 2827 quam
3095 2757 3352 2828 propheta
3404 2758 3653 2812 hortatur

2068 2862 2258 2906 omnes
2280 2850 2522 2905 homines
2539 2863 2636 2919 per
2655 2849 2911 2903 virtutum
2936 2848 3136 2917 gradus
3153 2856 3210 2903 et
3229 2846 3651 2918 speculationum

2070 2939 2380 2997 altitudines
2425 2940 2742 3005 ascendere,
2788 2939 3014 2994 dicens:
3054 2937 3257 3004 Venite,
3306 2937 3649 2992 ascsndamus

2068 3031 2136 3083 ad
2157 3041 2382 3084 montem
2404 3029 2614 3085 Domini
2635 3041 2681 3084 et
2707 3029 2775 3083 ad
2801 3030 3015 3083 domum
3043 3028 3137 3083 Dei
3157 3027 3345 3083 Iacob.
3369 3027 3484 3082 Non
3506 3027 3649 3081 enim

2068 3123 2191 3178 alibi
2218 3122 2426 3178 habitat
2453 3122 2614 3185 Deus,
2639 3121 2741 3175 nisi
2764 3121 2817 3175 in
2846 3122 3079 3175 humana
3099 3129 3154 3175 et
3173 3119 3414 3191 angelica
3437 3128 3648 3182 nattn'a,

2070 3216 2263 3286 quibus
2304 3213 2432 3271 solis
2477 3214 2708 3269 donatur
2746 3213 3129 3284 contemplatio
3157 3213 3422 3267 veritatis.
3468 3209 3651 3279 Neque

2067 3309 2166 3363 has
2200 3308 2330 3363 duas
2374 3316 2595 3362 naturas
2633 3307 2797 3363 veluti
2825 3306 2959 3362 duas
2998 3308 3190 3360 domus
3221 3305 3480 3360 debemus
3509 3303 3651 3358 acci-

2067 3411 2215 3467 pere,
2251 3397 2345 3452 sed
2370 3411 2531 3451 unam
2558 3400 2893 3466 eandemque
2918 3396 3137 3455 domum
3163 3409 3232 3449 ex
3257 3393 3466 3450 duabus
3489 3392 3649 3449 intel-

2066 3487 2354 3556 ligibilibus
2380 3488 2622 3542 materiis
2641 3497 3025 3543 constructam.
3050 3486 3245 3541 Deliae
3256 3486 3470 3541 domo"
3500 3484 3650 3539 vide-

2067 3589 2153 3634 tur
2181 3578 2441 3635 Dominus
2465 3578 2684 3643 dixisse,
2711 3578 2768 3632 in
2799 3578 2954 3632 domo
2988 3576 3168 3631 Patris
3210 3576 3313 3630 mei
3353 3575 3649 3630 mansiones

2064 3670 2259 3725 multae
2283 3680 2425 3725 sunt.
2458 3670 2517 3724 In
2545 3670 2702 3725 atriis
2740 3671 2930 3725 domus
2974 3669 3135 3739 hujus
3174 3681 3367 3724 omnes
3400 3668 3649 3724 homines

2064 3763 2370 3819 mansiones
2393 3762 2438 3795 ¹⁸
2468 3763 2838 3832 possidebunt,
2868 3761 2994 3817 dum
3029 3761 3082 3814 in
3119 3775 3310 3816 causas
3354 3774 3480 3815 suas
3508 3759 3648 3815 redi.

2064 3855 2169 3908 turi
2193 3862 2337 3918 sunt,
2351 3853 2465 3908 sive
2482 3853 2617 3907 bene
2630 3854 2681 3906 in
2696 3866 2861 3907 carne
2883 3852 2996 3906 sive
3024 3851 3163 3905 male
3185 3852 3440 3907 vixerint.
3459 3850 3645 3908 Nullus

2062 3943 2205 3996 enim
2226 3941 2677 4010 pulchritudinem
2702 3941 2820 4009 ejus
2854 3946 3034 4007 potest
3068 3952 3440 4007 corrumpere,
3468 3955 3646 4007 neque

2061 4030 2399 4085 honestatem
2427 4030 2754 4098 turpificare,
2782 4042 2955 4096 neque
2975 4028 3381 4096 amplitudinem
3404 4030 3647 4091 minuere

2061 4122 2143 4175 vel
2165 4132 2382 4188 augere.
2408 4119 2571 4173 Extra
2601 4133 2762 4187 quam
2785 4118 2914 4186 quid
2939 4131 3060 4173 esse
3087 4126 3286 4186 posset,
3316 4118 3456 4175 intra
3479 4133 3641 4186 quam

2060 4213 2190 4282 quid
2216 4227 2339 4267 esse
2361 4225 2469 4266 non
2488 4209 2712 4276 valeret,
2752 4210 2806 4264 in
2825 4223 2932 4279 qua
2951 4209 3148 4265 nullius
3174 4210 3449 4279 turpitudo
3471 4212 3644 4278 turpis

2059 4315 2162 4370 est,
2184 4319 2285 4361 nec
2307 4302 2507 4358 malitia
2531 4310 2705 4365 nocet,
2722 4314 2829 4356 nec
2848 4315 3005 4357 error
3024 4307 3197 4364 errat,
3220 4298 3373 4366 cujus
3408 4298 3643 4368 pulchri-

2062 4400 2301 4453 tudinem
2333 4396 2730 4450 immundorum
2752 4393 3037 4462 spirituum
3059 4392 3322 4461 nequitia,
3345 4407 3442 4449 seu
3464 4394 3640 4447 homi-

377 4477 679 4534 riticatione
722 4489 778 4535 et
831 4483 1197 4554 redemptione
1245 4487 1407 4542 totius
1454 4488 1667 4559 generis
1713 4491 1951 4555 humani,
1986 4504 2189 4566 unum
2222 4488 2506 4557 impiorum
2542 4483 2938 4541 irrationabiles
2965 4491 3143 4541 motus
3169 4497 3277 4539 non
3315 4482 3487 4537 solum
3533 4496 3637 4539 non

373 4570 587 4624 nemine
615 4582 862 4642 excepto.
895 4573 1031 4629 Nam
1060 4580 1509 4646 quemadmodum
1547 4582 1605 4636 in
1634 4582 1778 4637 nullo
1808 4583 1956 4638 inve.

369 4663 468 4724 nit,
495 4664 698 4732 absque
723 4675 969 4733 peccato,
998 4670 1142 4737 quod
1170 4686 1273 4725 non
1307 4675 1595 4744 acceperit,
1625 4675 1697 4730 ita
1728 4676 1782 4729 in
1809 4674 1954 4731 nullo

2059 4580 2447 4643 contaminant,
2495 4590 2684 4631 verum
2738 4576 2903 4630 etiam
2948 4571 3258 4644 adaugent?
3289 4572 3442 4627 Nulla
3490 4573 3635 4627 enim

2058 4670 2399 4743 pulchritudo
2444 4666 2691 4729 efﬁcitur,
2732 4666 2835 4721 nisi
2883 4680 2951 4720 ex
2991 4663 3455 4734 compaginatione
3492 4663 3639 4718 simi-

367 4752 609 4821 reliquit,
639 4757 780 4823 quod
810 4770 915 4811 non
944 4760 1254 4824 redemerit,
1296 4770 1355 4817 et
1387 4766 1698 4821 redimendo
1723 4766 1954 4821 salvavit
2054 4763 2187 4817 lium
2225 4769 2280 4814 et
2308 4758 2671 4822 dissimilium,
2706 4755 3101 4811 contrariorum
3127 4761 3180 4808 et
3222 4755 3631 4823 oppositorum;

368 4852 424 4895 et
453 4847 834 4911 sanctiticavit,
863 4850 1117 4917 quoniam
1139 4853 1255 4922 ipse
1275 4861 1359 4907 est
1382 4857 1678 4925 redemptio
1704 4866 1759 4911 et
1779 4857 1947 4926 salus,

368 4936 639 5000 purgatio,
674 4947 728 4991 et
756 4939 1097 5009 illuminatio,
1142 4951 1199 4997 et
1248 4943 1510 5013 perfectio
1542 4947 1824 5004 universae
1852 4950 1950 5004 hu-

373 5021 650 5077 manitatis
676 5026 729 5078 in
758 5030 1010 5085 omnibus
1040 5041 1095 5086 et
1120 5031 1365 5102 singulis,
1386 5033 1530 5087 circa
1560 5049 1719 5102 quem
1743 5038 1947 5093 Cheru-

2055 4866 2231 4922 neque
2259 4858 2441 4904 tantae
2475 4847 2648 4902 laudis
2676 4854 2820 4903 esset
2848 4846 3066 4908 bonum,
3103 4845 3148 4899 si
3172 4860 3279 4900 non
3318 4853 3462 4900 esset
3483 4860 3634 4900 com-

2052 4942 2264 5013 paratio
2289 4956 2354 4997 ex
2378 4937 2773 5019 vituperatione
2811 4936 2956 4990 mali.
2995 4935 3229 5002 ideoque
3264 4936 3404 5005 quod
3429 4935 3627 4990 malum

2052 5034 2268 5098 dicitur,
2296 5032 2421 5087 dum
2450 5046 2547 5100 per
2574 5046 2635 5085 se
2665 5030 3068 5092 consideratur,
3100 5028 3462 5096 vituperatur;
3500 5029 3628 5084 dum

368 5109 504 5174 bim,
554 5112 772 5169 ordines
812 5118 1068 5174 videlicet
1114 5122 1427 5190 angelorum
1473 5122 1801 5189 discurrunt,
1853 5141 1950 5195 per
2049 5141 2181 5182 vero
2229 5140 2295 5180 ex
2344 5123 2461 5193 ejus
2512 5121 2913 5191 comparatione
2946 5119 3144 5175 bonum
3180 5118 3458 5183 laudatur,
3517 5134 3624 5173 non

368 5216 505 5270 quos
538 5201 770 5259 visibilis
791 5215 846 5260 et
870 5211 1153 5266 invisibilia
1179 5212 1395 5266 ordinat
1425 5219 1589 5280 atque
1615 5213 1851 5284 disponit
1876 5217 1943 5271 ¹².

2049 5217 2270 5272 omnino
2301 5213 2654 5283 vituperabile
2669 5211 2896 5266 videtur.
2922 5209 3074 5276 Quod
3099 5208 3240 5261 enim
3260 5207 3384 5261 boni
3412 5206 3620 5260 laudem

364 5293 431 5347 Et
461 5292 711 5350 fortassis
743 5297 866 5353 ideo
889 5300 1000 5355 bini
1025 5300 1317 5357 Cherubim
1348 5302 1493 5356 circa
1522 5317 1725 5369 arcam,
1769 5306 1822 5359 id
1863 5315 1947 5363 cst
2049 5307 2303 5372 cumulat,
2327 5321 2435 5361 non
2448 5303 2666 5359 omnino
2680 5304 2719 5335 ¹⁹
2736 5302 2889 5377 laude
2907 5307 3075 5355 caret.
3106 5297 3354 5368 Nunquid
3377 5297 3616 5353 omnium

1657 5444 1913 5506 unus
1947 5448 2349 5525 LECTIONES.

1096 5561 1118 5590 '
1164 5557 1248 5615 CF
1297 5562 1509 5618 nemine
1555 5562 1773 5619 recluso.

836 5629 856 5659 '
877 5628 983 5702 _CF
1013 5631 1381 5702 unttsquisque.

431 5554 449 5585 ί
488 5554 723 5611 homines
754 5571 863 5611 om.
895 5559 1001 5614 CF.

358 5623 523 5676 mines
549 5640 659 5677 om.
692 5626 756 5679 A.

1880 5567 1901 5599 ’
1914 5639 1919 5640 ί
1934 5567 2019 5624 CF
2027 5604 2045 5639 ι
2083 5579 2254 5640 atque.

1478 5633 1502 5667 ⁸
1535 5634 1588 5688 in
1621 5651 1732 5690 om.
1767 5637 1832 5690 A.
1906 5639 1928 5672 '
1961 5633 2181 5695 A'suae'.

3057 5563 3079 5595 ⁸
3115 5555 3159 5611 Α
3184 5553 3373 5608 licebit.
3464 5551 3485 5582 ⁸
3521 5550 3616 5605 ho-

3046 5628 3084 5659 “
3125 5625 3214 5680 Sic
3238 5622 3323 5679 CF
3339 5640 3353 5688 ;
3387 5622 3432 5675 A
3461 5637 3617 5688 quae.

2347 5563 2621 5618 ‘introire
2667 5573 2776 5613 om.
2844 5555 2950 5612 CF.

2277 5634 2321 5667 ¹⁰
2358 5634 2449 5689 Sic
2474 5630 2597 5695 AG;
2631 5638 2706 5683 est
2742 5642 2849 5683 om.
2880 5626 2940 5681 F.

361 5693 404 5724 ι’
434 5693 537 5775 βία
566 5692 653 5747 CF
678 5697 763 5775 ;,Α
789 5700 1046 5775 ordinata
1070 5692 1315 5775 disponi}.
1372 5703 1435 5775 f'
1469 5703 1514 5757 A
1543 5721 1653 5760 esse
1675 5703 1903 5775 Christo.
1927 5763 1939 5775 ,
1970 5692 2331 5764 ivssus".
2411 5692 2786 5775 {LSiegrLA
2805 5698 3307 5775 sergmissimumque.
3384 5692 3428 5727 ιε
3455 5692 3623 5749 Jeru-

364 5760 529 5819 salem
549 5779 657 5822 om.
683 5766 749 5822 Α.
779 5834 790 5849 ο
828 5770 870 5806 ¹⁷
896 5770 981 5828 CF
1012 5760 1203 5838 doma;
1233 5771 1310 5828 sic
1337 5772 1549 5849 ubique.
1629 5776 1672 5809 ⁸⁸
1694 5760 2244 5839 homiass'man—siones
2264 5788 2374 5833 om.
2398 5771 2503 5830 CF.
2580 5769 2623 5804 ¹⁸
2650 5760 2737 5829 CF
2758 5770 2919 5826 omni.
