4168 6284
548 349 652 404 983

1918 340 2202 402 JOANNIS
2238 340 2433 401 SCOTl

3717 353 3833 410 984

542 467 806 518 bonorum
831 458 1099 524 conditor,
1134 456 1397 512 malorum
1424 459 1723 526 ordinator,
1756 458 1812 514 in
1850 456 2116 513 universi-
2144 458 2200 517 Α
2224 470 2419 513 avarus
2468 456 2711 513 vendidit
2752 456 3028 513 hominem
3071 458 3240 514 Deum
3266 498 3282 526 ,
3329 450 3468 516 alter
3510 448 3830 534 Theologus

544 560 674 616 tate,
698 565 862 622 quam
888 547 1149 614 condidit,
1180 547 1380 603 malum
1402 549 1621 615 sineret,
1643 550 1690 605 si
1720 548 1855 604 nihil
1874 549 2122 605 utilitatis

541 642 845 700 conferret?
884 641 1037 708 Quod
1072 642 1234 697 etiam
1265 656 1332 697 ex
1372 642 1749 698 collationibus
1786 657 1967 695 rerum
1998 656 2124 696 sen-

543 733 798 795 sibilium,
821 739 991 785 autex
1006 731 1257 786 humanis
1284 731 1522 786 moribus
1546 730 1797 785 facillime
1817 729 2118 798 conjicitur.

545 824 623 878 Ex
653 821 986 878 infructuose
1010 823 1207 891 quippe
1236 821 1379 890 ligno
1401 822 1419 852 ¹
1450 819 1713 876 fructiferi
1735 820 1854 875 laus
1896 820 2123 889 amplifi-

541 920 716 978 catur,
740 927 807 967 ex
829 912 1113 967 libidinoso
1146 910 1361 967 homine
1384 910 1540 966 casti.
1576 911 1633 965 In
1662 911 1913 979 paradiso
1941 911 2123 981 itaque

544 1005 810 1060 humanae
829 1011 1055 1058 naturae
1076 1002 1631 1072 unusquisquelocum
1645 1017 1801 1058 suum
1828 1006 2121 1060 secundum

539 1094 942 1164 preportionem
961 1093 1388 1150 conversationis
1407 1107 1538 1148 suae
1560 1092 1614 1147 in
1636 1092 1739 1148 hac
1755 1093 1866 1148 vita
1881 1094 2126 1164 posside-

541 1186 641 1251 bit,
686 1185 776 1240 alii
815 1186 1055 1241 exterius
1090 1184 1252 1241 veluti
1301 1185 1355 1239 in
1396 1184 1654 1240 extremis
1676 1185 1991 1255 porticibus,
2030 1186 2121 1241 alii

543 1279 772 1336 interius
812 1288 1064 1349 tanquam
1106 1279 1161 1335 in
1196 1277 1668 1349 propinquioribus
1712 1278 1867 1333 atriis
1909 1278 2124 1336 divinae

543 1371 1007 1441 contemplationis
1054 1374 1098 1436 ',
1148 1370 1239 1426 alii
1307 1370 1361 1425 in
1414 1370 1762 1439 amplissimis
1816 1370 2122 1427 divinorum

543 1461 922 1531 mysteriorum
948 1459 1184 1529 templis,
1232 1458 1321 1515 alii
1360 1460 1414 1514 in
1452 1460 1657 1516 intimis
1708 1476 1870 1531 super
1906 1477 2122 1518 omnem

544 1559 793 1606 naturam
841 1552 894 1605 in
946 1551 1063 1620 ipso
1094 1559 1148 1605 et
1184 1567 1305 1606 cum
1345 1552 1479 1621 ipso,
1515 1551 1606 1621 qui
1657 1553 2122 1622 superessentialis

544 1648 597 1693 et
632 1639 1057 1709 supematuralis
1086 1648 1189 1703 est,
1228 1640 1585 1711 theophaniis.
1639 1640 1790 1695 Beati
1842 1650 1989 1707 sunt,
2027 1644 2121 1713 qui

542 1731 699 1800 adyta
727 1731 747 1762 ³
778 1730 984 1784 intrant
1033 1731 1358 1801 sapientiae,
1425 1746 1564 1801 quae
1592 1739 1679 1787 est
1704 1731 1981 1797 Christus;
2027 1733 2118 1803 qui

2223 546 2474 617 cognovit
2529 548 2697 603 Deum
2749 548 3025 603 hominem
3080 566 3093 602 :
3149 563 3291 604 unus
3338 550 3527 607 osculo
3573 557 3831 624 corporis

2223 652 2418 707 corpus
2449 638 2683 703 tradidit,
2711 639 2848 693 alter
2874 638 3058 694 osculo
3081 640 3277 696 mentis
3306 640 3544 697 divinam
3578 656 3826 703 mentem

2222 727 2425 782 dilexit.
2483 725 2596 782 Hoc
2654 736 2836 783 autem
2880 728 3019 793 dico,
3068 736 3129 784 ut
3173 745 3490 800 cognoscas,
3520 739 3666 805 quod
3712 756 3825 797 non

2220 816 2460 874 locorum
2492 817 2795 885 intervalla,
2827 818 2921 874 sed
2949 820 3270 875 meritorum
3302 823 3589 891 qualitates
3610 826 3827 886 faciunt

2221 911 2495 966 hominem
2527 912 2959 981 appropinquare
2980 910 3220 977 Christo,
3242 920 3337 968 aut
3363 916 3433 968 ab
3452 929 3521 970 eo
3551 917 3821 990 elongari.

2223 998 2361 1055 Hinc
2380 1000 2537 1055 datur
2567 999 2815 1070 intelligi,
2851 1015 3041 1055 omnes
3066 1000 3312 1057 homines
3348 1004 3511 1060 unius
3555 1008 3822 1077 ejusdem-

2223 1105 2328 1160 que
2353 1100 2602 1157 naturae,
2632 1106 2772 1162 quae
2794 1091 2849 1145 in
2881 1090 3099 1147 Christo
3122 1090 3398 1162 redempta
3426 1104 3530 1160 est,
3559 1098 3822 1168 omnique

2223 1181 2506 1246 servitute,
2539 1181 2640 1237 sub
2682 1197 2786 1251 qua
2821 1180 2999 1236 adhuc
3034 1181 3387 1251 congemiscit
3410 1192 3466 1238 et
3494 1183 3657 1252 dolet,
3681 1185 3817 1244 libe-

2222 1278 2362 1335 rata,
2386 1270 2675 1341 participes
2692 1284 2836 1335 esse,
2857 1279 2912 1325 et
2933 1271 2986 1325 in
3008 1284 3071 1325 ea
3093 1286 3260 1326 unum
3280 1287 3468 1330 omnes
3488 1274 3815 1334 subsistere:

2224 1362 2539 1417 meritorum
2588 1375 2717 1417 vero
2751 1360 3037 1432 qualitates
3084 1369 3140 1416 et
3185 1364 3535 1431 quantitates,
3581 1366 3684 1423 hoc
3733 1379 3824 1426 est

2220 1455 2485 1510 honorum
2533 1461 2752 1510 actuum
2803 1455 3172 1526 malorumque
3216 1456 3577 1526 differentias,
3624 1463 3819 1530 quibus

2222 1546 2592 1616 unusquisque
2635 1546 2689 1601 in
2729 1546 2831 1602 hac
2858 1547 2964 1601 vita
2990 1548 3127 1603 bene
3153 1548 3307 1613 vixit,
3338 1550 3553 1618 adjutus
3584 1552 3694 1609 Deo
3718 1572 3817 1625 per

2222 1639 2471 1710 gratiam,
2500 1653 2594 1695 seu
2618 1639 2777 1703 male,
2801 1640 3051 1695 desertus
3071 1643 3183 1697 Deo
3217 1657 3314 1712 per
3329 1641 3620 1712 justitiam,
3658 1647 3818 1723 longe

2224 1744 2256 1783 a
2276 1744 2334 1783 se
2359 1728 2588 1784 invicem
2608 1738 2663 1784 et
2681 1728 3047 1800 multipliciter
3068 1741 3123 1786 et
3145 1731 3199 1785 in
3222 1731 3490 1788 inﬁnitum
3512 1736 3770 1805 disparari
3794 1758 3812 1793 :

540 1823 803 1878 accedunt
838 1825 859 1854 ⁸
895 1824 950 1878 in
996 1824 1412 1879 obscurissimas
1482 1825 1736 1879 tenebras
1784 1824 2124 1880 excellentis—
2151 1803 2199 1863 Β
2225 1821 2404 1877 omnia
2453 1832 2631 1875 autem
2678 1822 2811 1877 haec
2857 1822 2908 1876 in
2952 1822 3041 1877 illa
3064 1839 3168 1878 una
3202 1835 3257 1879 et
3300 1826 3632 1896 amplissima
3656 1832 3817 1887 domo

540 1912 711 1967 simae
732 1912 959 1978 lucis,iu
983 1928 1088 1982 qua
1117 1914 1276 1969 simul
1306 1914 1358 1968 in
1386 1913 1562 1971 causis
1584 1914 1695 1968 suis
1708 1914 2119 1980 videntomnia;

540 2004 630 2058 ubi
663 2019 768 2057 non
798 2003 1037 2058 locorum
1090 2004 1175 2059 vel
1226 2013 1527 2074 temporum
1577 2005 1853 2060 intervalla
1898 2006 2121 2062 bonosa

539 2095 718 2159 malis,
751 2098 846 2151 sed
880 2097 1195 2152 meritorum
1224 2098 1477 2153 distantia
1506 2108 1783 2169 segregat;
1818 2113 1923 2153 non
1952 2113 2121 2169 quan-

545 2188 669 2242 titas
695 2197 750 2243 et
778 2189 1123 2259 pulchritudo
1155 2204 1465 2259 corporum,
1501 2190 1594 2245 sed
1632 2191 1890 2246 honestas
1918 2200 1972 2245 et
2000 2207 2118 2247 ma-

540 2276 765 2347 gnitudo
809 2277 1070 2333 virtutum
1112 2278 1393 2345 laudatur;
1442 2294 1546 2334 non
1597 2294 1969 2348 personarum,
2026 2282 2120 2336 sed

538 2378 751 2419 morum
772 2366 1010 2437 dignitas
1030 2377 1086 2423 et
1108 2368 1363 2424 nobilitas
1391 2370 1698 2437 quaeritur;
1733 2385 1838 2423 una
1869 2371 2119 2427 omnibus

539 2457 841 2513 communis
866 2468 1082 2525 natura,
1114 2460 1327 2514 diversa
1358 2469 1538 2514 autem
1565 2460 1768 2530 gratia;
1805 2460 1895 2515 ubi
1931 2476 2120 2516 omnes

537 2544 694 2601 simul
727 2556 872 2612 sunt,
906 2555 962 2602 et
998 2548 1158 2603 simul
1190 2564 1296 2603 non
1329 2557 1491 2615 sunt,
1519 2548 1679 2604 simul
1710 2557 1836 2604 sunt
1868 2550 2119 2605 similitu-

538 2634 663 2690 dine
688 2637 1134 2705 substantiarum,
1170 2639 1331 2695 simul
1374 2655 1481 2696 non
1517 2649 1645 2696 sunt
1680 2641 2118 2697 dissimilitudine

538 2726 847 2785 aﬂectuum.
879 2729 1053 2786 Simul
1080 2739 1238 2786 erant
1266 2732 1418 2787 dives
1455 2741 1509 2787 et
1545 2730 1817 2789 Abraham
1855 2735 1911 2789 in
1956 2735 2116 2805 spiri-

541 2822 770 2879 tualibus
815 2823 1155 2891 substantiis,
1203 2840 1337 2895 quas
1387 2841 1491 2881 una
1541 2828 1838 2897 eademque
1880 2828 2117 2883 humana

536 2917 740 2988 colligit
780 2926 835 2973 et
883 2919 1315 2988 inseparabiliter
1345 2918 1527 2991 jungit
1574 2920 1841 2986 essentia;
1874 2920 1967 2975 sed
2008 2935 2117 2976 non

535 3007 697 3062 simul
716 3017 873 3064 erant
891 3024 988 3079 per
1014 3008 1373 3065 differentiam
1391 3010 1752 3080 spiritualium
1774 3010 2114 3081 qualitatum.

534 3097 768 3154 Chasma
841 3115 1093 3172 magnum
1165 3102 1306 3156 inter
1371 3116 1465 3156 eos
1536 3110 1654 3156 erat
1709 3100 1773 3167 ’ς
1810 3100 2115 3183 ,Αὺι-ειιιειω

534 3285 931 3356 inextinguibili
982 3286 1224 3356 lugebat;
1272 3293 1559 3355 propterea
1612 3286 1747 3342 vidit
1793 3285 1943 3341 dives
1987 3286 2012 3318 ⁵
2050 3285 2119 3343 de
2158 3276 2161 3279 ’

534 3376 692 3448 longe
715 3377 1009 3432 Abraham.
1042 3377 1174 3444 Quis
1199 3376 1380 3432 verbis
1402 3386 1580 3447 potest
1598 3379 1923 3449 exprimere,
1951 3365 2139 3447 quan-~

535 3475 645 3521 tum
689 3468 967 3522 interstitii
1013 3475 1098 3522 est
1127 3466 1148 3497 ⁷
1185 3466 1325 3521 inter
1376 3467 1637 3522 laetitiam
1682 3477 1739 3522 et
1772 3468 2049 3522 tristitiam
2092 3476 2115 3507 ⁸

532 3557 701 3611 etiam
740 3558 792 3610 in
840 3557 941 3611 hac
985 3557 1119 3621 vita,
1151 3568 1355 3625 quanto
1395 3559 1566 3629 magis
1600 3560 1655 3613 in
1693 3559 1894 3624 altera,
1922 3560 1977 3615 in
2007 3576 2116 3630 qua

533 3645 677 3703 nulla
740 3645 960 3700 tristitia
1012 3654 1269 3716 sequetur
1322 3648 1594 3717 justorum
1668 3650 1961 3716 laetitiam,
2020 3666 2115 3706 ne-

530 3753 637 3809 que
708 3738 814 3792 ulla
871 3739 1074 3796 laetitia
1136 3749 1390 3811 sequetur
1446 3742 1734 3812 impiorum
1795 3744 2069 3798 tristitiam
2095 3784 2111 3810 ,

531 3829 712 3884 divina
769 3832 1033 3887 sententia
1091 3833 1278 3900 dignas
1334 3834 1560 3907 singulis
1594 3835 2114 3892 incommutabiliter

530 3920 858 3978 attribuente
906 3924 1322 3982 retributiones!
1356 3926 1420 3981 Et
1462 3926 1565 3982 hoc
1616 3937 1701 3983 est
1740 3929 1960 3986 chasma
1998 3947 2113 3986 ma-

528 4030 692 4086 gnum
735 4024 791 4071 et
818 4016 1235 4087 impermeabilis
1256 4018 1453 4085 hiatus,
1502 4020 1748 4076 dividens
1784 4024 1928 4077 inter
1955 4039 2111 4094 prae-

527 4108 638 4162 mia
696 4117 753 4162 et
799 4109 1078 4180 supplicia.
1145 4110 1305 4167 Dives
1357 4121 1535 4167 tamen
1575 4113 1597 4145 ⁹
1644 4128 1749 4169 non
1812 4114 1880 4169 de
1922 4115 2108 4188 longe,

526 4196 620 4251 sed
652 4197 806 4267 juxta
840 4200 906 4254 ad
941 4200 1213 4257 Abraham
1259 4201 1304 4234 ¹⁶
1350 4203 1688 4275 loquebatur,
1721 4212 1781 4260 ut
1821 4205 2107 4278 intelligas,

528 4304 650 4343 eum
674 4305 777 4345 non
808 4298 1001 4348 natura
1026 4303 1365 4366 segregatum
1395 4294 1562 4352 fuisse
1598 4296 1667 4352 ab
1687 4295 1982 4363 Abraham,
2014 4301 2110 4355 sed

527 4384 703 4453 culpa.
745 4383 863 4440 Una
900 4387 1165 4457 siquidem
1206 4389 1441 4445 essentia
1464 4387 1662 4457 jungit,
1689 4403 1826 4458 quos
1854 4392 2106 4446 meritum

526 4474 782 4530 dissimile
801 4477 1010 4532 dividit.
1049 4478 1217 4533 Paulo
1244 4480 1553 4550 priusquam
1582 4480 1842 4536 Dominus
1884 4479 1926 4514 “
1963 4491 2110 4552 pate-
2136 4508 2186 4567 ι)

525 4574 693 4628 retur,
725 4566 885 4619 simul
928 4567 982 4620 in
1029 4582 1137 4622 uno
1176 4569 1466 4624 coenaculo
1515 4570 1681 4626 Judas
1726 4571 2008 4629 lscarioles
2052 4584 2110 4631 et

526 4655 713 4711 Simon
760 4656 953 4712 Petrus
1003 4671 1127 4712 cum
1176 4657 1392 4714 Christo
1438 4662 1736 4717 coenabant
1767 4704 1783 4729 ,
1838 4666 1931 4722 sed
1966 4680 2107 4721 unus

517 4740 674 4813 juxta
709 4743 1003 4811 Christum,
1058 4746 1195 4801 alter
1236 4746 1392 4819 longe
1441 4757 1558 4804 erat
1594 4766 1626 4805 a
1671 4751 1903 4810 Christo.
1958 4753 2108 4810 Unus

526 4833 614 4903 qui
644 4849 765 4888 cum
795 4832 1014 4890 Christo
1047 4835 1343 4907 intingebat
1376 4852 1592 4895 manum
1638 4841 1691 4896 in
1739 4844 2101 4914 paropsidem,

526 4925 877 4980 humanitatis
928 4925 1127 4983 Christi
1171 4938 1289 4984 erat
1336 4929 1563 4985 traditor
1593 4973 1609 4996 ,
1661 4933 1799 4989 alter
1853 4936 1944 5005 qui
1998 4950 2103 4988 non

526 5016 719 5085 legitur
746 5018 1030 5075 intiuxisse
1055 5035 1273 5076 manum
1302 5037 1425 5077 cum
1446 5021 1663 5080 Christo
1696 5027 1738 5058 "
1770 5027 1824 5080 in
1854 5024 2101 5095 paropsi-

526 5109 670 5177 dem,
722 5110 1019 5171 divinitatis
1070 5113 1271 5171 Christi
1320 5124 1440 5171 erat
1490 5117 1920 5188 contemplator:
1962 5131 2102 5172 unus

2143 3154 2188 3218 C

532 3194 731 3265 quippe
754 3194 807 3248 in
839 3204 1061 3250 aeterna
1090 3195 1274 3265 quiete
1301 3193 1590 3264 gaudebat,
1622 3195 1772 3250 dives
1812 3193 1866 3248 in
1899 3193 2115 3248 ﬂamma
2143 3193 2167 3262 ἦ

2221 1911 2460 1967 ordinari
2488 1920 2543 1966 et
2573 1913 2951 1982 comprehendi
2969 1953 2984 1977 ,
3014 1914 3069 1968 in
3096 1929 3201 1983 qua
3228 1917 3531 1985 respublica
3555 1921 3816 1978 universi-

2223 2002 2348 2057 tatis
2372 2016 2402 2055 a
2429 2001 2539 2057 Deo
2573 2011 2627 2057 et
2669 2001 2724 2056 in
2753 2002 2863 2058 Deo
2893 2004 3141 2060 conditae
3181 2004 3225 2036 ¹⁹
3274 2021 3371 2076 per
3410 2009 3608 2065 multas
3640 2013 3818 2069 diver-

2221 2109 2414 2164 sasque
2448 2095 2792 2164 dispensatur
2829 2094 2874 2127 “
2898 2098 3237 2164 mansiones,
3267 2099 3373 2155 hoc
3394 2110 3474 2156 est
3495 2106 3815 2162 meritorum

2219 2194 2275 2240 et
2327 2186 2623 2256 gratiarum
2678 2186 3064 2243 ordinationes.
3141 2180 3342 2244 Domus
3401 2204 3573 2248 autem
3621 2196 3664 2229 ¹⁶
3712 2197 3815 2252 illa

2219 2276 2464 2332 Christus
2493 2285 2595 2343 est,
2631 2278 2721 2347 qui
2769 2279 2950 2333 omnia
2982 2288 3037 2334 et
3060 2281 3105 2312 ¹⁶
3126 2283 3295 2338 ambit
3320 2283 3533 2351 virtute,
3573 2287 3817 2357 disponit

2219 2366 2964 2439 providentia,‘regitjustitia,
2985 2379 3142 2425 emat
3159 2374 3356 2443 gratia,
3373 2377 3610 2430 continet
3637 2388 3812 2433 aeter-

2220 2460 2405 2522 nitate,
2432 2460 2617 2530 implet
2636 2461 2896 2531 sapientia
2915 2503 2932 2527 ,
2960 2464 3171 2533 perlicit
3190 2466 3552 2533 deificatione,
3567 2470 3813 2538 quoniam

2219 2551 2429 2620 exipso,
2445 2561 2493 2603 et
2523 2552 2811 2622 peripsum,
2836 2563 2883 2607 et
2906 2555 2960 2608 in
2988 2556 3120 2624 ipso,
3150 2566 3197 2610 et
3213 2558 3282 2611 ad
3295 2559 3598 2628 ipsumsunt
3612 2563 3808 2616 omnia.

2289 2640 2378 2695 37.
2419 2640 2563 2698 Disc.
2606 2644 2755 2709 Quae
2780 2660 2809 2698 a
2841 2653 2893 2699 te
2920 2646 3060 2702 dicta
3089 2659 3247 2716 sunt,
3277 2658 3424 2706 recta
3459 2652 3564 2707 (ide
3591 2656 3813 2710 creden-

2220 2731 2384 2798 tibus,
2419 2741 2675 2802 rectoque
2699 2734 2890 2787 intuitu
2924 2750 3103 2791 rerum
3140 2746 3388 2794 naturam
3413 2741 3457 2773 ²⁷
3488 2745 3810 2813 perspicien-

2220 2824 2363 2878 tibus
2400 2839 2505 2878 non
2547 2823 2720 2878 solum
2772 2826 3135 2893 rationabilia,
3176 2845 3365 2885 verum
3409 2832 3571 2887 etiam
3622 2837 3809 2890 verisi-

2220 2912 2442 2970 millima
2491 2915 2534 2947 ¹⁸
2575 2916 2872 2985 probantur
2908 2934 3068 2974 esse:
3104 2922 3349 2990 quamvis
3394 2924 3497 2987 his,
3542 2926 3634 2994 qui
3679 2928 3809 2983 nihil

2219 3022 2339 3062 esse
2372 3016 2525 3063 extra
2570 3006 2613 3038 ¹⁹
2653 3023 2739 3075 ea,
2761 3025 2900 3080 quae
2927 3011 3167 3068 localiter
3193 3022 3248 3068 et
3278 3017 3645 3085 temporaliter
3670 3022 3807 3077 intra

2220 3101 2361 3155 hunc
2404 3102 2662 3158 mundum
2700 3104 3011 3160 sensibilem
3042 3109 3403 3178 continentur,
3440 3114 3699 3184 cogitant,
3726 3117 3806 3169 in-

2221 3192 2498 3248 credibilia
2550 3209 2613 3250 ac
2669 3194 2833 3251 veluti
2893 3212 3031 3251 vana
3081 3200 3431 3257 deliramenta
3484 3205 3803 3271 videantur;

2221 3282 2571 3354 afﬁrmantes,
2604 3290 2749 3345 hunc
2773 3294 3031 3346 mundum
3056 3295 3365 3351 sensibilem
3390 3297 3444 3352 in
3466 3314 3593 3354 suas
3618 3316 3804 3355 causas

2219 3392 2325 3432 non
2367 3379 2689 3446 rediturum,
2722 3396 2896 3452 neque
2933 3384 3148 3454 penitus
3193 3389 3516 3455 periturum,
3564 3394 3655 3447 sed
3695 3394 3804 3448 suis

2218 3469 2569 3540 qualitatibus
2612 3472 2948 3531 solummodo
2991 3480 3314 3545 permutatis
3351 3480 3404 3534 in
3436 3481 3647 3549 melius,
3685 3499 3803 3553 per-

2219 3578 2557 3629 mansurum,
2587 3565 2700 3619 suis
2730 3569 3048 3636 corporibus
3085 3573 3463 3641 compositutn,
3514 3576 3626 3630 suis
3671 3576 3804 3633 locis

2216 3652 2527 3718 discretum,
2556 3653 2668 3709 suis
2698 3657 3027 3726 temporibus
3053 3658 3393 3727 distinctum,
3430 3664 3541 3718 suis
3567 3666 3801 3721 numeris

2216 3742 2648 3812 multiplicatum,
2701 3747 2815 3801 suis
2869 3750 3299 3807 extremitatibus
3350 3756 3607 3810 ambitum
3649 3755 3695 3788 '°
3741 3756 3800 3813 in

2214 3842 2368 3902 parte
2429 3836 2513 3890 sui
2564 3835 2727 3890 veluti
2767 3837 3011 3894 inferiori
3058 3843 3375 3910 corporibus
3417 3847 3800 3917 animabusque

2214 3924 2502 3993 impiorum
2554 3927 2758 3982 aeterni
2814 3928 2951 3999 ignis
3003 3930 3196 3986 ardore
3261 3936 3575 4003 torquendis
3626 3937 3799 3993 locum

2212 4020 2552 4088 praebentes.
2596 4021 2673 4075 De
2711 4034 2819 4089 quo
2855 4029 2912 4076 et
2946 4022 3000 4076 in
3039 4025 3407 4093 superioribus
3431 4026 3582 4084 libris
3609 4039 3800 4085 tracta.

2211 4111 2408 4177 vimus,
2458 4121 2515 4167 et
2564 4127 2706 4168 nunc
2752 4112 2948 4167 iterum
3003 4114 3057 4168 in
3115 4118 3433 4173 memoriam
3489 4130 3799 4177 revocantes

2211 4202 2449 4259 breviter
2501 4204 2813 4273 repetimus.
2872 4202 3100 4271 Quidam
3160 4208 3302 4262 enim
3353 4210 3604 4279 spatium,
3660 4211 3800 4280 quod

2208 4296 2390 4351 lunam
2412 4295 2458 4329 “
2481 4304 2728 4367 segregat
2761 4312 2791 4351 a
2825 4304 3000 4364 terra,
3029 4306 3420 4356 tormentorum
3463 4301 3582 4357 loco
3622 4302 3800 4358 distri-

2208 4384 2381 4440 buunt
2409 4404 2423 4441 :
2452 4386 2670 4456 quidam
2706 4386 3019 4443 inferiorem
3043 4389 3629 4463 corpulentioremque,
3680 4408 3798 4447 um-

2210 4477 2431 4533 brarum
2493 4493 2747 4549 capacem
2781 4520 2797 4544 ,
2852 4480 3121 4552 terrisque
3171 4483 3475 4552 proximam
3506 4525 3521 4550 ,
3570 4485 3799 4555 praefati

2212 4569 2391 4639 spatii,
2443 4570 2587 4639 quod
2641 4571 2785 4627 aéris
2839 4571 3102 4628 vocabulo
3147 4584 3506 4645 nuncupatur,
3552 4585 3755 4644 partem
3776 4560 3809 4641 ς’

2211 4662 2431 4733 quidam
2454 4662 2671 4718 intimos
2714 4661 2920 4720 telluris
2962 4664 3136 4729 sinus,
3178 4665 3340 4721 veluti
3381 4666 3794 4736 profundissima

2211 4764 2265 4812 et
2310 4754 2641 4825 amplissima
2692 4761 2889 4820 antra,
2940 4756 3488 4828 densissimarumque
3532 4765 3788 4826 perpetuo

2210 4846 2496 4916 caliginum
2519 4844 2696 4913 plena,
2723 4860 2786 4899 ac
2805 4845 2968 4900 veluti
2990 4846 3113 4902 ﬁliis
3137 4849 3473 4904 tenebrarum
3498 4847 3780 4917 condigna.

2209 4936 2327 5005 Ipsa
2359 4943 2537 4991 autem
2562 4937 2848 5007 impiorum
2873 4952 3102 5009 corpora
3131 4939 3186 4995 in
3210 4955 3275 4995 ea
3314 4938 3633 5010 quantitate,
3660 4938 3718 4992 in
3741 4939 3790 4971 ³⁸

2208 5043 2315 5097 qua
2354 5027 2707 5092 ceciderunt,
2756 5029 2918 5099 inque
2963 5043 3151 5085 eorum
3198 5046 3330 5087 sexu
3383 5045 3447 5085 ac
3492 5029 3541 5061 “
3582 5028 3790 5095 forma,

2209 5131 2543 5187 numeroque
2596 5117 2963 5174 membrorum
3012 5130 3388 5177 resurrectura
3419 5158 3436 5187 ,
3498 5118 3793 5177 eodemque

1810 5276 2072 5334 VARIAE
2105 5274 2510 5334 LECTIONES.

606 5394 624 5428 ¹
643 5394 727 5451 CF
752 5396 901 5466 ligni.
974 5398 996 5469 ξ
1034 5396 1119 5454 CF
1145 5397 1591 5469 contemplationi.
1668 5399 1690 5430 ³
1726 5396 1817 5453 Sic
1844 5396 1962 5469 CF;
1990 5398 2049 5469 AA
2064 5399 2128 5469 in
2159 5397 2358 5469 abdita.
2436 5398 2459 5428 δ
2498 5396 2588 5453 Sic
2618 5397 2704 5469 CF
2727 5397 2990 5454 occidunt.
3066 5398 3090 5431 '
3118 5398 3211 5456 Sic
3231 5399 3347 5463 CF;
3378 5400 3422 5454 Α
3453 5399 3624 5455 Chaos
3652 5402 3789 5455 enim

521 5481 777 5537 magnum
832 5476 942 5520 erat
965 5468 1098 5522 inter
1122 5486 1229 5524 eos.
1307 5469 1328 5500 '
1352 5468 1505 5523 dives
1542 5483 1652 5522 om.
1682 5468 1747 5522 A.

522 5537 606 5594 CF
632 5555 646 5602 ;
681 5537 723 5590 A
750 5547 943 5591 autem.
1039 5538 1084 5569 “’
1110 5540 1175 5591 ad
1200 5539 1464 5593 Abraham
1492 5552 1600 5592 om.
1631 5538 1698 5592 A.

524 5607 570 5679 ᾼ
608 5608 842 5679 condita.
918 5608 961 5639 "
979 5608 1209 5679 SicLCF;
1242 5610 1285 5662 Α
1309 5609 1625 5679 dispensata.
1704 5609 1945 5679 "rautem
1964 5624 2077 5679 om.
2112 5610 2172 5663 A.

1837 5468 1859 5500 "
1896 5468 1987 5522 Sic
2014 5466 2097 5522 CF
2122 5485 2137 5533 ;
2169 5467 2214 5522 Α
2243 5468 2531 5521 interstitit.

1793 5540 1833 5569 “
1889 5537 2141 5593 Dominus
2170 5554 2278 5593 om.
2320 5537 2424 5593 CF.

2635 5468 2657 5501 ⁸
2696 5468 2739 5521 Α
2763 5468 2903 5522 inter
2924 5469 3194 5524 tristitiam
3220 5481 3267 5524 et
3294 5470 3574 5524 laetitiam.
3650 5469 3671 5500 ’
3699 5470 3790 5525 Sic

2501 5540 2543 5570 “
2584 5536 2669 5592 CF
2700 5554 2821 5591 cum
2844 5539 3062 5595 Christo
3092 5557 3303 5593 manum
3338 5541 3390 5593 in
3492 5539 3535 5571 ¹³
3560 5539 3649 5594 Sic
3671 5539 3784 5606 CF;

2253 5608 2297 5640 ¹⁸
2328 5617 2375 5661 et
2405 5623 2513 5663 om.
2541 5609 2606 5661 A.
2682 5607 2723 5638 ¹⁷
2754 5606 2844 5663 Sic
2888 5609 3004 5673 CF;
3055 5610 3096 5663 Α
3150 5619 3386 5663 naturas.
3476 5608 3519 5641 "‘
3547 5609 3637 5663 Sic
3669 5609 3782 5675 CF;

524 5676 580 5750 _A_
595 5676 918 5750 verisimilia.
979 5676 1021 5708 "
1054 5675 1280 5750 SicCF;
1305 5679 1349 5731 Α
1370 5675 1505 5750 inter
1528 5697 1607 5750 ea.
1669 5678 1713 5710 ’°
1739 5678 1829 5735 Sic
1852 5680 1894 5735 A
1914 5696 1929 5747 ;
1946 5678 2030 5735 CF
2050 5680 2363 5750 compositus
2377 5679 2714 5734 —discretus
2732 5708 2803 5720 —
2824 5678 3648 5743 distinctus—multiplicatus—
3668 5696 3784 5735 am-

529 5743 686 5797 bitus.
761 5746 803 5775 “
830 5745 876 5796 Α
898 5745 1045 5800 luna.
1118 5749 1165 5780 “
1189 5750 1242 5801 in
1265 5762 1373 5803 om.
1401 5749 1469 5804 A.
1546 5749 1591 5784 ³⁸
1615 5751 1659 5805 Δ
1680 5760 1750 5806 α.
