4168 6284
355 423 460 478 985

1232 413 1322 468 DE
1359 412 1696 470 DIVISIONE
1731 408 2080 468 NATUBAE.
2120 439 2188 452 —
2222 410 2425 468 LIBER
2461 414 2782 483 QUINTUS.

3505 421 3612 481 986

350 536 576 594 omnino
606 533 784 598 modo,
812 545 919 601 quo
947 529 1004 584 in
1037 528 1140 584 hac
1174 527 1282 582 vita
1313 529 1518 593 vixere,
1555 530 1736 584 futura
1771 542 1928 600 prae-
1959 530 2006 588 Α
2035 526 2174 582 sicut
2198 530 2494 598 aequaliter
2510 531 2925 587 deditomnibus
2945 531 3250 590 hominibus
3267 549 3406 602 esse,
3421 536 3493 592 ita
3513 553 3608 595 ae-

351 628 556 690 dicant,
580 641 646 680 eo
664 629 902 690 excepto,
928 619 1070 689 quod
1092 619 1159 673 de
1183 618 1500 674 mortalibus
1527 619 1940 689 temporalibus-

351 733 458 788 que
479 719 540 772 in
568 712 888 770 immortalia
914 708 1264 764 mutabuntur
1290 717 1345 763 et
1370 717 1614 774 aeterna,
1640 709 1706 763 de
1730 708 1940 761 anima-

354 807 493 862 libus
519 807 570 859 in
601 799 895 874 spiritualia
923 815 938 854 :
969 812 1144 868 neque
1181 799 1283 853 hoc
1313 798 1380 852 ad
1417 797 1669 852 virtutem
1713 805 1940 850 naturae

355 898 674 964 divinaeque
694 890 952 947 bonitatis
979 888 1213 944 refertur
1230 889 1555 960 largitatem,
1581 888 1674 944 sed
1705 888 1770 942 ad
1795 895 1936 941 stre-

352 988 448 1041 nui
465 984 664 1056 judicis
689 981 1034 1036 durissimam
1079 991 1134 1035 et
1172 980 1664 1036 incommutabilem
1711 978 1943 1034 austeri-

354 1086 536 1142 tatem,
569 1077 691 1130 data
725 1083 952 1129 naturae
973 1081 1028 1126 et
1050 1071 1190 1126 dona
1219 1071 1425 1141 gr‘atiae
1469 1072 1521 1126 in
1569 1070 1938 1126 crudelitatem

351 1167 625 1220 vindictae
692 1159 1151 1216 transfundentes.
1209 1159 1377 1213 Aiunt
1443 1161 1610 1225 enim,
1654 1159 1939 1228 impiorum

351 1270 578 1323 corpora
608 1267 714 1306 non
740 1251 901 1304 aliam
943 1250 1012 1305 ob
1050 1264 1266 1304 causam
1309 1250 1651 1315 immortalia,
1701 1259 1937 1314 aeterna,

353 1345 762 1415 spiritualiaque
796 1350 1184 1404 resurrectura,
1229 1340 1333 1395 nisi
1377 1349 1436 1394 ut
1482 1348 1736 1410 perpetua
1782 1341 1940 1394 susti-

355 1447 519 1494 neant
563 1437 839 1507 supplicia.
900 1435 1078 1506 Ignem
1134 1447 1366 1502 quoque,
1401 1433 1455 1486 in
1510 1449 1618 1502 quo
1657 1431 1935 1495 ardebunt,

355 1545 670 1600 corporeum
691 1526 1103 1594 sensibilemque
1124 1539 1242 1578 esse
1264 1539 1371 1578 non
1393 1523 1660 1578 dubitant.
1685 1523 1942 1578 Similiter

355 1623 420 1677 de
448 1619 718 1674 vermibus
753 1633 856 1672 non
884 1615 1179 1681 morituris,
1220 1616 1392 1684 deque
1419 1626 1610 1684 stagno
1650 1614 1940 1682 sulphureo

351 1711 535 1766 nescio
557 1708 683 1778 quid
705 1707 992 1762 somniant.
1031 1704 1345 1774 Corporalia
1367 1712 1546 1757 tamen
1569 1712 1731 1772 atque
1753 1701 1939 1756 localia

351 1802 484 1855 haec
515 1801 694 1854 omnia
728 1812 847 1853 esse
889 1798 1265 1852 incunctanter
1307 1795 1574 1849 aﬂirmant
1611 1813 1623 1848 :
1671 1793 1938 1848 masculos

2040 616 2270 688 qualiter
2295 619 2516 676 daturus
2548 632 2630 677 est
2660 637 2964 694 resurgere,
2999 634 3053 680 et
3080 627 3352 698 angelicae
3386 637 3610 685 naturae

2038 707 2440 764 similitudinem
2473 712 2768 780 possidere.
2798 713 3087 783 Superiora
3118 731 3247 771 vero
3275 717 3458 773 mundi
3483 732 3608 773 sen-

2037 799 2208 854 sibilis
2239 801 2433 870 spatia,
2455 817 2594 872 quae
2617 803 2869 860 dicuntur
2894 807 3146 862 aetherea
3163 847 3180 873 ,
3207 824 3238 862 a
3271 809 3396 864 luna
3427 811 3613 864 videli-

2037 897 2126 942 cet
2165 903 2382 944 sursum
2422 905 2613 948 versus
2648 908 2818 964 usque
2857 894 2923 949 ad
2967 907 3268 952 extremum
3311 898 3614 970 stelligerae

2037 978 2301 1048 sphaerae
2335 981 2616 1048 ambitum,
2649 985 2965 1054 corporibus
2989 995 3296 1042 sanctorum
3322 989 3376 1042 in
3404 1005 3614 1059 posses-

2037 1068 2246 1123 sionem
2285 1083 2592 1142 segregant,
2628 1073 2956 1140 rationabili,
2985 1084 3041 1129 ut
3063 1077 3143 1132 eis
3167 1078 3398 1145 videtur,
3429 1081 3610 1137 distri-

2035 1158 2274 1233 butione,
2301 1159 2514 1215 intimas
2542 1161 2758 1230 quidem
2783 1163 3210 1233 caliginosasque
3229 1168 3410 1222 mundi
3435 1180 3614 1238 partes

2037 1248 2213 1320 dignis
2254 1249 2547 1320 supplicio,
2586 1267 2825 1308 summas
2859 1268 2990 1308 vero
3031 1254 3339 1325 lucidasque
3377 1263 3613 1328 praemio

2039 1337 2464 1393 bonoriﬁcandis
2488 1339 2758 1394 ordinare.
2793 1341 2909 1411 Ipsa
2945 1343 3108 1396 etiam
3147 1354 3454 1400 sanctorum
3492 1365 3611 1403 cor-

2037 1441 2167 1498 pora
2185 1428 2398 1492 localia,
2415 1429 2632 1498 suisque
2653 1430 3039 1499 quantitatibus
3060 1434 3416 1502 corporalium
3446 1452 3618 1491 mem-

2038 1518 2289 1584 brorum,
2335 1521 2674 1590 propriisque
2717 1521 2938 1575 staturis
2984 1523 3427 1594 circumscripta,
3479 1542 3612 1581 sexu

2040 1626 2254 1680 quoque
2283 1611 2422 1664 virili
2449 1611 2789 1682 femineoque
2816 1613 3048 1668 discreta
3097 1614 3272 1670 futura
3315 1631 3436 1672 esse
3459 1632 3616 1686 prac-

2040 1702 2223 1756 dicare
2257 1718 2362 1756 non
2402 1703 2699 1771 trepidant;
2738 1713 2941 1758 mutata
2978 1713 3156 1760 tamen
3201 1707 3255 1760 in
3303 1709 3614 1776 spirituales

2041 1795 2328 1863 qualitates
2357 1796 2842 1866 subtilissimasth
2868 1798 3213 1862 substantias,
3238 1801 3611 1854 acthereorum

351 1895 404 1948 in
459 1908 590 1948 sexu
645 1891 938 1947 masculino
969 1931 984 1957 ,
1039 1889 1268 1944 feminas
1314 1888 1368 1942 in
1433 1902 1562 1942 sexu
1606 1886 1838 1941 femineo
1886 1887 1901 1916 ί
1921 1905 1936 1932 ι
1969 1877 2016 1935 Β
2043 1902 2329 1956 corporum
2360 1888 2553 1952 instar,
2579 1889 2651 1942 ita
2678 1897 2758 1954 ut,
2781 1905 2920 1958 quae
2949 1891 3036 1944 hic
3066 1901 3278 1947 terrena
3306 1902 3362 1947 et
3387 1895 3612 1958 caduca,

351 1991 700 2059 propriosque
721 1985 1049 2057 singulorum
1073 1984 1285 2038 habitus
1308 1988 1706 2036 resurrecturos
1724 1979 1934 2049 publice

352 2082 604 2144 clamant,
637 2093 736 2132 nec
770 2091 874 2128 non
904 2085 958 2128 et
987 2071 1315 2141 singulorum
1349 2069 1712 2124 membrorum
1736 2067 1931 2132 oﬂicia,

349 2171 440 2224 sed
478 2184 580 2220 non
617 2162 942 2226 necessaria,
992 2177 1098 2215 non
1153 2160 1425 2222 defutura,
1477 2169 1764 2227 ceteraque
1808 2157 1937 2211 deli-

351 2267 588 2312 ramenta
633 2257 691 2321 ‘,
739 2269 875 2323 quae
939 2267 1065 2306 vera
1114 2251 1233 2321 plus
1281 2250 1484 2305 deridet
1530 2265 1693 2319 quam
1741 2247 1936 2302 astruit

350 2352 506 2404 ratio.
572 2349 788 2402 Duobus
853 2347 995 2400 enim
1069 2343 1428 2397 commatibus
1497 2341 1771 2396 concludit
1841 2355 1934 2394 eos

349 2441 638 2511 Apostolus
671 2480 686 2504 ,
729 2439 792 2491 de
829 2434 1064 2506 generali
1109 2434 1348 2488 omnium
1389 2433 1758 2506 humanorum
1812 2445 1933 2484 cor-

351 2546 542 2600 porum
617 2525 1008 2582 resurrectione
1081 2521 1400 2591 praedicans
1456 2539 1470 2574 :
1519 2518 1821 2574 Seminamr
1880 2520 1936 2572 in

351 2619 684 2682 contumelia,
713 2625 881 2685 surget
910 2615 962 2666 in
990 2613 1156 2682 gloria
1185 2627 1204 2666 :
1227 2613 1516 2666 seminatur
1537 2614 1591 2664 in
1611 2611 1932 2679 inﬁmitate,

349 2721 522 2781 surget
566 2710 616 2763 in
655 2710 862 2762 vii-tute.
908 2704 963 2758 Si
995 2718 1125 2770 ergo
1151 2703 1332 2757 omnia
1362 2717 1586 2771 corpora
1615 2709 1835 2771 surgent
1882 2700 1936 2754 in

349 2801 517 2870 gloria
541 2809 595 2854 et
620 2798 818 2852 virtute
842 2836 856 2860 ,
889 2793 1065 2847 ablata
1093 2793 1238 2847 omni
1267 2791 1591 2847 contumelia
1623 2798 1678 2844 et
1717 2789 1936 2844 infirmi-

353 2903 492 2946 tate:
520 2889 692 2960 qualis
713 2887 881 2959 gloria
903 2886 1006 2940 erit
1030 2885 1138 2949 his,
1165 2885 1253 2953 qui
1279 2885 1515 2938 aeternis
1535 2883 1934 2936 damnabuntur

353 2985 642 3055 suppliciis,
674 2981 757 3035 vel
797 2978 968 3050 qualis
1014 2976 1227 3031 virtus?
1262 2975 1368 3028 Nec
1407 2974 1584 3028 obstat
1619 2973 1759 3042 quod
1807 2972 1932 3026 alibi

352 3076 494 3128 idem
523 3071 807 3142 Apostolus
835 3071 912 3123 ait
945 3087 957 3121 :
999 3069 1080 3121 An
1107 3084 1209 3121 non
1235 3064 1384 3119 habet
1412 3073 1712 3134 potestatem
1739 3061 1931 3132 figulus

351 3166 467 3231 luti,
509 3165 653 3218 aliud
689 3180 778 3217 vas
817 3161 986 3230 facere
1018 3161 1075 3213 in
1113 3161 1398 3222 honorem,
1446 3157 1592 3209 aliud
1643 3157 1700 3209 in
1747 3166 1928 3209 contu-

350 3257 556 3308 meliam
582 3256 607 3307 ἲ
661 3251 774 3306 Non
817 3253 959 3306 enim
995 3251 1058 3305 de
1103 3247 1500 3303 resurrectione
1538 3261 1822 3316 corporum
1862 3261 1926 3300 eo
1955 3225 2001 3289 (ἶ

348 3346 447 3399 1οοί
486 3345 506 3376 ⁸
542 3345 823 3413 disputat,
865 3340 957 3395 sed
1016 3340 1272 3394 adversus
1322 3353 1417 3391 eos
1467 3337 1585 3400 ait,
1628 3337 1720 3405 qui
1760 3335 1929 3390 Deum

347 3444 610 3490 conantur
643 3432 1036 3502 reprehendere
1092 3433 1255 3486 veluti
1318 3431 1560 3499 iniquum
1585 3470 1602 3496 ,
1643 3429 1775 3484 alios
1812 3428 1933 3500 qui-

347 3527 464 3580 dem
489 3525 792 3595 eligentem,
821 3523 954 3578 alios
976 3537 1103 3577 vero
1137 3522 1504 3591 repellentem,
1554 3529 1608 3574 et
1651 3521 1772 3574 illos
1812 3520 1929 3589 qui-

346 3617 464 3671 dem
490 3632 616 3670 vasa
654 3614 1056 3669 misericordiae
1090 3611 1399 3676 facientem,
1440 3609 1560 3665 illos
1599 3618 1776 3664 autem
1803 3625 1927 3664 vasa

345 3706 457 3760 irae
477 3707 810 3762 deserentem
841 3703 884 3757 ⁸.
909 3703 964 3756 Si
993 3711 1174 3756 autem
1202 3701 1324 3771 quis
1363 3700 1581 3764 dixerit,
1609 3699 1927 3771 Apostolum

344 3815 450 3854 non
478 3799 498 3830 '
544 3799 610 3852 de
647 3796 885 3868 generali
929 3797 1168 3851 omnium
1212 3796 1568 3850 humanorum
1606 3810 1923 3864 corporum,

346 3889 441 3942 sed
489 3888 555 3941 de
597 3887 813 3956 speciali
846 3886 1115 3956 iustorum
1154 3886 1238 3940 bis
1291 3886 1467 3942 verbis
1504 3886 1844 3954 praedicasse
1883 3886 1922 3950 ‘,

345 3981 544 4045 videat,
578 3980 708 4050 quid
741 3979 855 4048 ipse
878 3978 1159 4044 Dominus,
1184 3980 1310 4033 dum
1333 3976 1601 4032 Lazarum
1630 3975 1923 4031 resuscita-

344 4080 517 4137 verat,
548 4072 615 4127 de
651 4072 828 4141 seipso
856 4071 1071 4126 dicebat
1121 4087 1134 4123 :
1179 4067 1293 4140 Ego
1323 4085 1474 4133 sum,
1515 4066 1712 4135 inquit,
1750 4081 1924 4119 resur-

343 4165 520 4218 rectio.
567 4161 685 4218 Non
735 4162 873 4216 dixit
919 4159 1259 4232 specialiter,
1295 4175 1396 4230 ego
1430 4175 1548 4215 sum
1596 4157 1925 4212 resurrectio

335 4253 605 4323 justorum
625 4295 640 4320 ,
670 4253 765 4309 sed
797 4250 1202 4317 universaliter,
1232 4267 1324 4320 ego
1355 4267 1469 4304 sum
1501 4248 1830 4302 resurrectio.
1866 4246 1924 4300 Si

341 4363 468 4418 ergo
502 4350 617 4418 ipse
653 4357 737 4403 est
775 4347 1102 4403 resurrectio
1122 4387 1137 4412 ,
1168 4344 1412 4415 profecto
1441 4340 1787 4396 uniformiter
1815 4340 1920 4405 his,

341 4453 478 4507 quos
514 4438 828 4503 resuscitat,
875 4438 1110 4508 seipsum
1150 4441 1430 4504 praestat,
1470 4429 1923 4501 quemadmodum

263 4563 266 4566 ~
342 4528 476 4598 ipse,
509 4537 569 4583 ut
595 4527 756 4582 Pater
784 4543 944 4594 suus,
972 4529 1130 4583 solem
1182 4542 1336 4581 suum
1369 4529 1390 4561 '
1433 4523 1563 4578 oriri
1602 4523 1729 4593 facit
1769 4539 1924 4592 super

341 4619 497 4674 bonos
535 4630 582 4673 et
628 4620 824 4686 malos,
867 4632 914 4675 et
946 4620 1076 4692 pluit
1115 4635 1271 4687 super
1294 4617 1472 4688 justas
1495 4625 1544 4669 et
1576 4616 1819 4684 injustas.
1856 4616 1920 4668 Et

337 4709 585 4794 fortassis
625 4715 738 4784 ipse
773 4723 859 4770 est
889 4713 1001 4778 sol,
1037 4713 1129 4782 qui
1160 4711 1408 4768 omnibus
1446 4710 1694 4767 similiter
1723 4711 1918 4775 oritur,

337 4811 391 4855 et
416 4804 615 4872 pluvia,
647 4821 786 4874 quae
811 4805 1059 4861 similiter
1084 4821 1244 4873 super
1269 4821 1460 4859 omnes
1489 4802 1656 4871 pluit;
1691 4817 1916 4872 genera-

339 4891 462 4947 liter
480 4897 698 4964 quidem
725 4897 977 4951 omnibus
999 4898 1414 4951 resurrectionis
1439 4903 1496 4949 et
1517 4897 1659 4948 vitae
1687 4900 1916 4966 gratiam

340 4998 651 5056 praestans,
702 4991 1011 5061 specialiter
1049 5007 1179 5048 vero
1226 4993 1280 5044 in
1325 5006 1384 5047 se
1427 4989 1768 5046 credentibus
1808 5009 1915 5046 non

339 5082 514 5137 solum
542 5096 768 5140 mortem
793 5090 995 5155 carnis,
1019 5092 1114 5145 sed
1135 5090 1295 5145 etiam
1321 5096 1547 5142 mortem
1571 5085 1787 5149 mentis,
1809 5101 1913 5154 qua

339 5171 484 5228 Deus
533 5174 810 5245 ignoratur
854 5189 911 5234 et
953 5196 1093 5250 quae
1134 5181 1371 5236 maxima
1414 5177 1697 5245 impiorum
1743 5193 1914 5246 poena

339 5273 488 5338 cst,-;
514 5265 681 5322 veluti
717 5270 989 5339 quandam
1025 5273 1271 5328 umbram
1306 5269 1330 5303 ⁸
1371 5264 1642 5324 auferens.
1674 5265 1857 5336 Ιιαίιιιθ
1893 5271 1914 5303 ⁸

1946 4569 1999 4628 D

2038 1978 2148 2032 illic
2179 1978 2429 2032 caelestia
2459 1986 2512 2032 et
2539 1987 2756 2032 aeterna
2781 2020 2794 2044 ,
2828 1995 2963 2049 quae
2999 1982 3087 2034 hic
3122 1983 3304 2051 gravia
3342 1993 3395 2038 et
3424 2000 3614 2038 corru-

2035 2071 2279 2141 ptibilia,
2321 2070 2428 2124 illic
2468 2071 2612 2124 omni
2654 2073 2891 2139 pondere
2931 2073 3201 2138 carentia,
3243 2074 3388 2128 omni
3429 2091 3616 2129 corru-

2035 2163 2218 2231 ptione
2247 2160 2434 2226 libera,
2465 2173 2524 2215 ut
2559 2162 2789 2216 mirabili
2815 2162 3111 2229 celeritate,
3141 2178 3614 2235 quorsumcunque

2035 2251 2222 2318 velint,
2249 2259 2452 2306 motum
2479 2267 2634 2306 suum
2659 2252 2933 2307 oculorum
2965 2253 3131 2308 radiis
3158 2253 3429 2308 simillima
3459 2269 3614 2309 exer-

2037 2352 2223 2408 ceant;
2254 2344 2433 2397 omnia
2466 2352 2643 2397 tamen
2680 2344 2979 2413 corporalia
3017 2360 3240 2416 organa,
3274 2345 3325 2399 id
3355 2355 3457 2410 est,
3488 2362 3612 2401 cor-

2035 2434 2239 2503 poralia
2271 2435 2507 2489 membra
2546 2436 2657 2490 suis
2685 2436 2913 2491 discreta
2954 2436 3086 2490 locis
3117 2436 3362 2490 habitura
3392 2433 3457 2500 ‘°,
3486 2451 3615 2490 ocu-

2036 2523 2116 2578 los
2143 2523 2368 2588 scilicet,
2401 2533 2686 2595 ceteraque
2725 2541 2979 2580 sensuum
3021 2525 3411 2593 instrumenta,
3453 2536 3613 2596 caput

2037 2617 2380 2671 humerorum
2403 2625 2577 2678 tenus,
2603 2615 2844 2681 brachia,
2873 2617 3171 2680 thoracem,
3195 2617 3379 2686 pedes,
3408 2625 3614 2672 cetera-

2035 2721 2140 2776 que
2167 2707 2403 2762 membra
2434 2708 2545 2762 suis
2565 2706 2782 2761 sedibus
2809 2707 3086 2775 disposita.
3112 2705 3218 2760 Sed
3246 2707 3371 2761 dum
3397 2707 3523 2761 talia
3557 2708 3610 2761 in

2034 2797 2186 2853 libris
2223 2808 2532 2852 sanctorum
2573 2798 2792 2852 Patrum
2821 2797 2970 2865 lego.
3003 2795 3332 2867 stupefactus
3373 2798 3609 2862 haesito,

2033 2887 2376 2957 maximoque
2416 2888 2640 2942 horrore
2673 2902 2967 2942 concussus
2996 2887 3185 2952 titubo,
3211 2897 3280 2950 et,
3315 2887 3440 2942 dum
3470 2888 3606 2941 intra

2033 2994 2120 3032 me
2149 2979 2320 3047 ipsum
2349 2979 2545 3047 cogito,
2569 2993 2665 3032 cur
2691 2977 3106 3047 spiritualissimi
3129 2979 3170 3009 ιι
3196 2977 3296 3030 viri
3327 2977 3467 3031 ultra
3491 2993 3608 3034 om-

2032 3084 2130 3123 nes
2163 3068 2502 3136 operationes
2545 3067 2793 3122 localium
2827 3065 3306 3137 temporaliumque
3331 3067 3612 3137 cogitatio-

2033 3177 2160 3216 num
2214 3163 2604 3224 ascendentes,
2660 3169 2938 3229 totumque
2992 3159 3298 3214 sensibilem
3352 3161 3608 3213 mundum

2031 3254 2230 3308 virtute
2247 3252 2712 3320 contemplationis
2730 3263 3063 3322 superantes,
3083 3249 3380 3319 huiusmodi
3406 3251 3546 3305 dicta
3569 3251 3610 3281 ¹¹

2033 3343 2144 3398 suis
2167 3343 2384 3412 scriptis
2403 3343 2918 3397 commendaverunt
2940 3343 3344 3412 posteritatique
3373 3342 3608 3395 tradide-

2032 3443 2178 3498 runt,
2205 3433 2417 3489 facilius
2438 3434 2604 3488 ducor
2629 3433 2965 3498 existimare,
2990 3447 3094 3486 non
3117 3433 3275 3488 aliam
3303 3433 3372 3487 ob
3391 3447 3608 3487 causam

2030 3528 2098 3582 ad
2139 3527 2273 3581 haec
2305 3526 2656 3597 excogitanda
2700 3535 2755 3580 et
2791 3525 3073 3581 scribenda
3115 3532 3372 3579 attractos
3420 3523 3608 3588 fuisse,

2029 3617 2131 3672 nisi
2157 3626 2214 3671 ut
2253 3618 2444 3671 saltem
2480 3615 2564 3670 vel
2595 3615 2672 3670 sic
2703 3615 2935 3670 terrenis
2965 3613 3380 3682 carnalibusque
3407 3613 3612 3684 cogita-

2027 3710 2263 3766 tionibus
2293 3709 2520 3775 deditos,
2551 3707 2915 3777 simplicisque
2946 3707 3068 3761 fidei
3097 3705 3415 3761 rudimentis
3441 3705 3611 3760 nutri-

2027 3811 2112 3857 tos
2152 3801 2220 3856 ad
2256 3801 2553 3870 spiritualia
2599 3799 2885 3868 cogitanda
2929 3797 3296 3853 sublevarent.
3339 3795 3472 3850 Nam
3518 3795 3610 3864 qui

2026 3894 2168 3945 ultra
2209 3893 2353 3945 hunc
2398 3892 2655 3945 mundum
2698 3887 3005 3944 sensibilem
3055 3886 3189 3940 nihil
3225 3900 3346 3940 esse
3391 3884 3608 3951 excogi-

2027 3991 2164 4045 tant,
2193 3980 2554 4050 promptiores
2591 3986 2715 4032 sunt
2737 3977 2804 4031 ad
2839 3975 3134 4045 negandam
3159 3989 3320 4042 quam
3349 3973 3414 4025 ad
3443 3972 3611 4027 conti-

2025 4072 2243 4125 tendam
2289 4069 2581 4124 veridicam
2627 4074 2941 4120 naturarum
2995 4062 3439 4133 speculationem.
3500 4061 3610 4113 Au-

2024 4161 2235 4216 dientes
2263 4157 2549 4228 siquidem,
2577 4167 2750 4223 neque
2775 4153 2916 4216 loca,
2937 4165 3115 4220 neque
3145 4160 3404 4218 tempora,
3435 4162 3610 4216 neque

2023 4266 2284 4322 corpora,
2318 4265 2492 4320 neque
2531 4245 2829 4316 corporalia
2866 4253 2988 4316 post
3029 4244 3190 4298 tinem
3227 4241 3386 4309 hujus
3421 4241 3607 4296 mundi

2023 4358 2144 4398 esse
2171 4341 2347 4396 futura
2367 4379 2382 4405 ,
2414 4337 2699 4394 confestim
2725 4333 3042 4390 inflammati
3075 4340 3366 4402 erumpunt
3392 4341 3449 4386 et
3475 4345 3604 4400 pro-

2022 4435 2278 4497 clamant,
2307 4432 2548 4486 dicentes
2578 4444 2593 4482 :
2621 4425 2762 4482 Nihil
2803 4427 2966 4498 igitur
2993 4425 3133 4489 erit,
3170 4424 3214 4478 si
3258 4422 3391 4476 nihil
3420 4421 3603 4476 talium

2023 4527 2380 4592 remanserit;
2435 4533 2493 4579 et
2540 4522 2800 4578 insultant
2845 4518 2949 4583 bis,
3001 4516 3092 4585 qui
3146 4514 3258 4569 sola
3306 4513 3604 4584 spiritualia

2021 4623 2369 4696 promittunt,
2412 4629 2702 4685 rerumque
2753 4609 3086 4668 sensibilium
3137 4607 3416 4677 Opiniones
3459 4605 3604 4660 aufe-

2020 4722 2166 4769 runt.
2229 4712 2373 4766 Haec
2446 4710 2663 4776 itaque,
2709 4713 2770 4759 ut
2819 4701 3039 4772 opinor,
3091 4699 3270 4770 magni
3331 4697 3605 4766 divinique

2022 4805 2426 4862 considerantes
2453 4799 2518 4865 ¹⁸,
2553 4797 2859 4864 timidisque
2902 4791 3134 4846 fidelium
3165 4788 3485 4858 simplicium
3517 4804 3606 4842 co-

2023 4895 2373 4971 gitationibus
2417 4889 2761 4948 consulentes
2787 4888 2852 4951 1‘,
2884 4885 3069 4939 utilius
3113 4883 3288 4937 visum
3322 4889 3406 4935 est
3440 4880 3516 4934 eis
3561 4881 3604 4918 ¹⁸

2023 4990 2337 5060 praedicare
2410 4995 2745 5038 terrenorum
2813 4975 3256 5043 sensibiliumque
3317 4987 3603 5042 corporum

2023 5077 2530 5138 transmutationem
2563 5073 2616 5127 in
2647 5069 2897 5126 caelestia
2926 5064 3331 5134 spiritualiaque
3375 5078 3602 5131 corpora

2024 5168 2384 5248 [praedicare]
2405 5169 2472 5235 ιθ,
2495 5180 2654 5236 quam
2680 5161 2893 5234 penitus
2912 5170 3135 5226 corpora
3158 5161 3213 5209 et
3231 5153 3527 5221 corporalia
3550 5160 3606 5204 et

2022 5242 2299 5323 sensibilia
2325 5260 2511 5318 omnia
2547 5267 2821 5326 nunquam
2855 5263 2976 5306 esse
3008 5247 3207 5302 futura.
3251 5242 3602 5298 Tolerabilior

1617 5431 1870 5489 VARIAE
1907 5426 2313 5489 LECTIONES.

409 5551 429 5622 ἴ
466 5549 557 5608 Sic
583 5551 705 5618 CF;
734 5551 777 5607 A
805 5549 1110 5622 foeminino.

334 5621 941 5690 —faciens—deserens.

335 5693 459 5745 dam
488 5696 727 5748 umbram
756 5710 866 5749 om.
897 5693 965 5747 Α.
1065 5695 1086 5726 ⁹
1114 5691 1160 5748 Α
1194 5690 1299 5744 Ita.

341 5833 382 5862 ³⁸
417 5835 720 5901 praedicare
755 5833 860 5890 om.
897 5833 961 5886 Α.

1037 5623 1058 5655 ⁵
1077 5622 1278 5690 Aquod
1309 5637 1409 5676 non
1439 5619 1763 5691 (Apostolum
1791 5634 1898 5672 om.
1918 5619 2008 5690 A.)
2102 5617 2124 5648 ⁸
2143 5608 2597 5686 Ᾱρναεάὲεαυενίε.

1065 5695 1086 5720 Ι
1124 5691 1149 5720 Α
1204 5690 1279 5720 i...
1401 5689 1445 5720 is
1481 5690 1566 5720 an.
1602 5688 1716 5720 (in.
1768 5688 1795 5720 Α
1848 5690 2143 5720 inuam“..-
2242 5685 2284 5716 it
2316 5681 2405 5720 Qin
2433 5679 2544 5720 ΠΡ·
2580 5678 2597 5720 Δ

339 5688 459 5745 dam
488 5696 727 5748 umbram
756 5710 866 5749 om.
897 5693 965 5747 Α.
1065 5695 1086 5726 ⁹
1114 5688 1161 5748 Α
1194 5690 1299 5744 Ita.
1401 5688 1457 5720 ¹⁰’
1478 5690 1567 5744 Sic
1602 5688 1718 5754 CF;
1759 5688 1805 5742 A
1845 5688 2164 5742 habitatura.
2242 5688 2284 5716 "
2316 5688 2406 5736 Sic
2433 5688 2547 5743 Cl";
2575 5688 2621 5730 Α
2650 5688 3027 5752 spectatissimi.

339 5762 382 5834 ’ἒ
405 5762 446 5814 Λ
477 5766 723 5832 auferunt
761 5764 1048 5834 opiniones.
1131 5762 1172 5794 ιθ
1205 5763 1294 5816 Sic
1318 5759 1432 5825 CF;
1462 5760 1505 5814 A
1537 5761 1736 5829 magnis
1781 5758 2073 5829 divinisque
2113 5750 2564 5811 considerantibus
2586 5756 2691 5804 cet.
2717 5739 3118 5798 consulentibus.

1195 5550 1214 5580 ²
1246 5549 1584 5604 deliramenta
1612 5564 1719 5603 om.
1747 5548 1808 5602 Α.
1888 5548 1909 5580 ³
1939 5548 2029 5604 Sic
2064 5547 2182 5610 CF;
2209 5546 2252 5598 Α
2284 5560 2342 5598 εο
2369 5543 2504 5596 l06'0-
2549 5535 2600 5610 ,⁸
2627 5534 2719 5590 Sic
2761 5533 2803 5586 Α
2835 5547 2849 5595 ἶ
2901 5527 2986 5585 CF
3051 5525 3242 5610 “ﬁge”!
3264 5553 3332 5610 ’Τ
3353 5519 3600 5610 te???”

3207 5595 3232 5628 ⁸
3251 5593 3404 5648 veluti
3431 5607 3599 5660 quais-

3124 5668 3166 5697 "
3199 5666 3335 5719 dicta
3359 5658 3468 5717 Oili.
3493 5658 3597 5714 CF.

3216 5736 3260 5767 "
3283 5735 3358 5789 eis
3395 5748 3505 5789 om.
3532 5730 3596 5784 A.

2704 5612 2727 5645 τ
2747 5617 2899 5656 suum
2915 5614 3024 5653 om.
3053 5598 3092 5651 Α
3106 5636 3118 5651 .

2242 5685 2284 5716 ¹¹
2316 5681 2406 5736 Sic
2433 5679 2547 5743 CF;
2575 5678 2621 5730 A
2650 5669 3027 5743 specialissimi',
