4168 6284
603 369 706 427 087

2017 351 2298 412 JOANNIS
2335 354 2528 412 SCOTI

3756 352 3861 408 088

601 478 798 547 quippe
826 472 1118 530 carnaliter
1150 469 1508 541 cogitantibus
1523 469 1736 524 videtur
1755 467 1822 521 ad
1847 465 2173 521 credendum
2202 466 2252 525 A
2279 466 2651 536 infinitamque
2677 462 3107 528 retributionem,
3134 461 3426 517 secundum
3477 478 3640 534 quam
3665 463 3859 532 justis-

607 579 941 623 terrenorum'
974 578 1258 632 corporum
1311 561 1364 615 in
1415 560 1666 616 caelestia
1714 557 1979 621 transitio,
2016 569 2176 624 quam

606 659 763 712 totius
789 653 1181 722 corporalitatis
1212 651 1442 721 negatio.
1475 650 1673 705 Eodem
1711 643 2178 704 condescensiouis

604 749 760 801 modo
791 746 996 800 loeutus
1025 754 1108 797 est
1134 743 1455 811 Apostolus,
1496 750 1553 794 ut
1580 741 1862 805 existimo,
1894 739 1960 793 de
1998 751 2178 792 resur-

603 839 836 891 rectione
865 836 1059 890 terreni
1085 835 1328 903 corporis
1365 834 1645 902 disputans
1679 848 1693 885 :
1738 831 2058 895 Seminatur,
2097 829 2178 882 in-

600 929 732 998 quit,
758 943 944 997 corpus
975 924 1233 989 animale,
1271 933 1443 994 surget
1488 940 1674 992 corpus
1705 920 1992 991 spirituale.
2023 920 2100 974 Ac
2131 918 2177 974 si

601 1020 823 1073 dixisset
857 1036 869 1070 :
900 1017 1108 1086 Corpus
1140 1024 1411 1071 terrenum
1463 1023 1518 1068 et
1554 1013 1805 1078 animale,
1837 1013 1978 1081 quod
2016 1011 2177 1067 semi-

601 1117 760 1163 natur
786 1109 837 1162 in
865 1107 1053 1162 mortis
1075 1114 1131 1160 et
1159 1105 1519 1174 corruptionis
1542 1103 1830 1165 solutione,
1857 1110 2042 1169 surget
2061 1115 2178 1154 cor-

600 1214 698 1269 pus
728 1197 1005 1266 spirituale
1027 1205 1082 1252 et
1102 1195 1353 1260 caeleste,
1381 1205 1591 1250 terrena
1607 1193 1854 1248 videlicet
1877 1192 2178 1261 quantitate

600 1301 652 1344 ct
678 1289 936 1358 qualitate
976 1289 1026 1342 iu
1061 1287 1343 1342 caelestem
1379 1287 1691 1356 Qualitatetn
1723 1293 1778 1340 et
1821 1285 2174 1353 quantitatem

601 1385 988 1440 transmutata;
1028 1384 1102 1441 et,
1138 1383 1196 1428 ut
1230 1375 1464 1430 breviter
1494 1375 1689 1437 dicam,
1714 1372 2074 1427 sicuti‘multi
2113 1387 2178 1429 ac

599 1486 736 1541 pene
774 1484 960 1524 omnes
998 1469 1131 1523 haec
1157 1469 1317 1523 verba
1362 1467 1600 1536 Apostoli
1633 1466 1818 1520 volunt
1855 1464 2173 1536 intelligere,

599 1560 666 1614 de
697 1568 909 1613 terreno
935 1559 1040 1613 erit
1075 1558 1340 1622 caeleste,
1373 1561 1438 1612 do
1463 1556 1728 1626 corporali
1759 1556 2173 1625 eritspirituale,

598 1663 808 1717 seraper
843 1658 1020 1703 tamen
1053 1663 1250 1717 corpus
1289 1649 1420 1714 erit;
1454 1649 1520 1704 de
1551 1647 1853 1717 ponderoso
1895 1647 1950 1701 in
1984 1646 2178 1702 subtile

596 1739 920 1804 mutabitur;
942 1754 1214 1807 nunquam
1246 1747 1424 1793 tamen
1463 1739 1714 1793 aetherea
1741 1752 1966 1806 corpora
2004 1746 2179 1793 trans-

2280 556 2450 611 simus
2476 555 2642 624 iudex
2681 554 2868 610 reddet
2915 553 3206 621 unicuique
3255 553 3549 608 secundum
3601 552 3644 584 ι’
3695 569 3861 624 Opera

2277 661 2397 712 sua,
2453 647 2701 718 egregius
2727 645 2923 700 Doctor
2953 644 3251 699 insinuans.
3289 641 3407 698 Non
3434 643 3576 698 enim
3607 642 3859 699 audiendi

2279 744 2426 802 sunt,
2459 738 2551 806 qui
2586 743 2890 799 autumant,
2939 733 3171 789 humana
3211 748 3439 803 corpora
3465 742 3589 803 post
3622 732 3857 788 futuram

2280 826 2726 882 resurrectionem
2759 826 2799 856 “
2831 825 2904 878 ita
2937 823 2990 877 in
3033 823 3299 878 actbereis
3328 824 3514 892 spatiis
3544 821 3777 890 fulsura,
3806 837 3864 879 nt

2278 917 2697 986 unumquodque
2752 922 2958 969 tantum
2991 911 3251 968 claritatis
3304 913 3555 983 accipiat,
3599 923 3861 984 quantum

2279 1009 2332 1063 in
2378 1008 2481 1062 hac
2502 1007 2614 1062 vita
2645 1005 3074 1063 conversationis
3114 1003 3308 1060 merito
3350 1005 3535 1075 gessit,
3573 1005 3687 1060 sive
3724 1006 3862 1061 bene

2278 1099 2393 1152 sive
2413 1097 2580 1162 male;
2607 1105 2663 1151 et
2683 1105 2742 1151 ut
2756 1096 3073 1166 “justorum
3096 1095 3390 1164 corporalis
3410 1096 3631 1150 claritas
3659 1096 3753 1152 soli
3780 1098 3859 1153 lu-

2279 1203 2490 1259 naeque
2526 1188 2956 1260 fulgentibusque
2983 1188 3171 1254 Stellis,
3209 1188 3493 1256 impiorum
3523 1205 3652 1244 vero
3670 1191 3861 1246 obscu-

2278 1280 2412 1335 ritas
2438 1279 2617 1335 minus
2661 1277 3067 1350 splendentibus
3091 1287 3466 1348 comparetur;
3502 1289 3690 1335 contra
3725 1297 3858 1350 quos

2278 1385 2407 1427 vera
2444 1370 2586 1427 ratio
2633 1370 2730 1435 ait,
2771 1369 2966 1425 divinis
3001 1369 3536 1440 adjuta-Scripturis,
3579 1375 3858 1428 manifeste

2280 1459 2480 1516 docens
2528 1453 2770 1516 omnium
2810 1458 3166 1514 humanorum
3203 1474 3489 1529 corporum
3519 1475 3855 1516 communem

2279 1553 2616 1623 eandemque
2644 1551 2872 1622 gloriam
2906 1559 2960 1609 et
2981 1552 3236 1607 virtutem
3269 1554 3322 1607 in
3354 1555 3544 1608 eadem
3572 1555 3860 1624 spirituali-

2281 1653 2413 1710 tate,
2437 1643 2862 1710 immortalitate,
2899 1642 3223 1698 aeternitate
3254 1642 3518 1698 futuram.
3544 1644 3686 1700 llaec
3714 1644 3856 1700 enim

2279 1733 2461 1790 omnia
2483 1733 2810 1805 generaliter
2837 1733 3086 1788 omnibus
3112 1741 3166 1788 et
3191 1731 3562 1789 indifferenter
3581 1750 3645 1789 ex
3671 1744 3857 1788 natura

597 1842 902 1893 censurum,
945 1844 1119 1896 neque
1147 1844 1434 1898 corporeas
1465 1831 1484 1859 ²
1513 1829 1802 1899 qualitates
1822 1829 2171 1895 amissurum,
2201 1811 2250 1872 Β
2278 1823 2698 1893 praestabuntur
2748 1833 2803 1879 et
2853 1822 3047 1896 gratia.
3096 1822 3162 1876 Et
3205 1823 3332 1892 quid
3383 1823 3517 1877 lucri
3577 1825 3621 1855 ¹³
3657 1826 3863 1878 confert

595 1917 688 1970 sed
718 1917 782 1969 a'
808 1918 1034 1972 terrenis
1056 1917 1404 1986 qualitatibus
1428 1918 1479 1971 in
1508 1918 1769 1974 caelestes
1799 1917 2171 1985 transiturum,
2268 1919 2418 1989 justo
2459 1914 2731 1969 radiosum
2773 1927 2968 1983 corpus
2994 1913 3166 1968 instar
3190 1911 3348 1978 solis;
3383 1921 3477 1967 aut
3524 1914 3650 1983 quid
3675 1913 3859 1968 damni

594 2005 735 2061 sicut
781 2006 957 2060 fumus
1002 2006 1228 2060 vertitur
1264 2006 1317 2059 in
1369 2006 1660 2059 llammam.
1707 2006 1960 2077 Quisquis
1993 2017 2173 2062 autem

593 2093 767 2148 sancti
794 2094 1061 2148 Ambrosii
1089 2093 1440 2164 Gregoriique
1471 2095 1751 2165 Theologi,
1779 2111 1878 2152 nec
1929 2112 2036 2152 non
2070 2106 2126 2153 et
2153 2095 2176 2127 ⁸

592 2184 915 2254 expositoris
950 2184 1099 2254 ejus,
1134 2183 1352 2238 Maximi
1382 2184 1536 2250 dico,
1563 2186 1870 2256 diligentius
1910 2187 2052 2242 dicta
2094 2187 2175 2243 in-

591 2275 857 2343 spexerit,
883 2275 1119 2330 inveniet
1143 2273 1405 2345 profecto,
1431 2291 1536 2330 non
1561 2276 1908 2331 mutationem
1933 2279 2176 2348 corporis

593 2365 790 2422 terreni
812 2358 862 2421 in
893 2367 1122 2422 caeleste
1136 2382 1350 2437 corpus,
1368 2369 1459 2423 sed
1475 2369 2002 2436 omnino;transitum
2019 2369 2073 2424 in
2095 2371 2175 2440 ip-

591 2479 710 2519 sum
725 2478 917 2532 purum
941 2469 961 2499 ⁸
989 2463 1257 2532 spiritum,
1281 2478 1387 2518 non
1406 2463 1458 2517 in
1484 2462 1506 2494 ⁸
1543 2462 1719 2530 illum,
1740 2463 1832 2534 qui
1851 2464 2056 2529 aether,
2080 2463 2174 2521 sed

591 2554 645 2608 in
679 2553 844 2618 illum,
871 2554 963 2622 qui
997 2553 1298 2608 intellectus
1335 2554 1621 2610 vocitatur.
1653 2554 1974 2610 Ambrosius
2006 2554 2174 2625 siqui-

589 2645 710 2700 dem
735 2659 947 2700 omnem
977 2645 1422 2715 compositionem
1451 2645 1648 2710 aufert,
1676 2646 1748 2700 ita
1772 2656 1831 2701 ut
1850 2654 1974 2716 post
1994 2661 2173 2704 resur-

590 2737 882 2789 rectionem
908 2749 1104 2804 corpus
1134 2743 1188 2790 et
1221 2735 1402 2799 anima
1425 2743 1480 2792 et
1509 2734 1811 2792 intellectus
1844 2751 2010 2792 unum
2037 2736 2168 2804 sint,

585 2831 642 2877 et
669 2839 831 2878 tlllltm
869 2824 1117 2893 simplex,
1159 2839 1332 2894 neque
1361 2840 1426 2880 ex
1465 2826 1640 2882 tribus
1665 2827 2032 2897 conjunctum,
2073 2826 2172 2882 sed

590 2913 642 2967 in
699 2929 858 2968 unam
913 2912 1237 2970 ineffabilem
1293 2916 1630 2972 harmoniam
1683 2925 2020 2987 compactum
2046 2957 2062 2984 ,
2114 2925 2172 2974 et

589 3019 729 3073 quae
759 3007 848 3061 hic
885 3006 988 3061 tria
1019 3006 1303 3074 videntur,
1332 3008 1441 3066 illic
1473 3025 1612 3066 unus
1640 3010 1943 3068 intellectus
1969 3011 2169 3068 elﬁcie-

588 3100 676 3146 tur
716 3093 756 3146 ".
802 3093 1089 3163 Gregorius
1140 3097 1388 3154 similiter
1430 3108 1486 3154 et
1533 3099 1906 3156 incunctanter
1971 3101 2168 3157 astruit

2276 2005 2440 2078 impio
2463 2003 2837 2075 caliginosum,
2859 2002 3026 2060 veluti
3046 1999 3329 2074 quaepiam
3351 2002 3861 2059 obscurissimarum

2274 2097 2568 2162 stellarum,
2601 2094 2803 2152 habere
2824 2137 2840 2162 ,
2869 2112 2991 2152 cum
3044 2111 3220 2165 neque
3248 2095 3379 2165 justi
3406 2094 3568 2164 gloria
3613 2094 3664 2149 in
3698 2096 3864 2150 clari-

2276 2196 2386 2244 tate
2413 2189 2676 2259 corporis,
2720 2187 2818 2243 sed
2847 2187 2904 2243 in
2942 2187 3177 2258 puritate
3215 2183 3708 2256 contemplationis,
3739 2201 3858 2255 qua

2273 2279 2418 2335 Deus
2464 2279 2606 2334 facie
2634 2281 2702 2335 ad
2728 2279 2920 2336 faciem
2954 2277 3246 2344 videbitur,
3272 2293 3440 2348 neque
3471 2277 3616 2347 impii
3663 2287 3867 2331 contu-

2273 2357 2437 2425 melia
2474 2369 2531 2424 in
2577 2371 2942 2426 membrorum
2991 2367 3344 2438 turpitudine,
3403 2366 3496 2423 sed
3547 2368 3601 2420 in
3645 2367 3864 2421 divinae

2274 2458 2657 2530 speculationis
2714 2459 3015 2530 privatione
3065 2456 3243 2512 futura
3298 2457 3402 2511 sit?
3432 2455 3740 2512 Praesentia
3787 2457 3864 2509 si-

2275 2551 2489 2621 quidem
2509 2549 2759 2606 veritatis
2783 2548 2949 2606 faciet
2971 2549 3016 2581 “
3041 2549 3281 2616 beatum,
3311 2547 3557 2603 absentia
3584 2549 3858 2602 miserum.

2274 2642 2519 2715 Exempli
2547 2644 2756 2715 gratia;
2809 2643 2944 2699 duos
2980 2643 3226 2699 homines
3268 2657 3552 2711 ponamus,
3579 2649 3778 2696 statura
3805 2649 3862 2694 et

2272 2742 2470 2802 aetate,
2493 2733 2666 2790 forma
2687 2742 2739 2791 et
2761 2732 3182 2805 pulchritudine,
3212 2733 3443 2790 sanitate
3474 2748 3638 2790 etiam
3671 2748 3859 2805 corpo-

2273 2827 2370 2893 ris,
2401 2827 2685 2884 nobilitate
2730 2828 2963 2899 generis,
3003 2843 3258 2884 sensuum
3288 2829 3619 2899 integritate,
3664 2829 3856 2882 virium

2273 2915 2601 2983 valetudine,
2630 2920 2994 2974 membrorum
3023 2918 3283 2990 agilitate,
3327 2919 3630 2989 ceterisque
3669 2918 3710 2949 ¹⁸
3742 2936 3859 2974 cor-

2270 3009 2550 3076 poralibus
2601 3010 2759 3067 bonis
2796 3009 3014 3068 sibimet
3061 3015 3264 3083 absque
3311 3012 3415 3067 ulla
3449 3011 3752 3068 diﬂ‘erentia
3780 3013 3856 3066 si-

2276 3104 2559 3169 millimos;
2590 3118 2818 3174 quorum
2846 3113 3022 3159 tamen
3051 3121 3189 3160 unus
3220 3106 3458 3176 sapiens,
3494 3107 3733 3162 moribus
3760 3109 3852 3162 ho-

910 3153 940 3163 -
1343 3153 1348 3154 ν
1443 3153 1480 3154 μ
1603 3153 1636 3155 ν
1973 3153 2076 3157 ην-
2098 3153 2165 3156 μη
2277 3153 2559 3169 -μ---ηι
2595 3153 2818 3174 ι-ν-ν-
2847 3153 3022 3159 νπηη
3053 3153 3188 3160 —-—-
3220 3153 3458 3176 --ιμ-ν---ι
3760 3153 3823 3162 -ν

586 3183 938 3238 mutationem
978 3168 1222 3254 cel'poris
1261 3198 1502 3258 tempore
1527 3189 1942 3245 resurrectionis
1975 3189 2026 3244 in
2054 3190 2170 3244 ani-
2193 3153 2243 3219 C
2274 3206 2480 3262 nestus,
2511 3197 2760 3253 omnibus
2789 3197 3100 3263 virtutibus,
3128 3198 3324 3268 quibus
3341 3199 3520 3254 anima
3545 3201 3853 3263 decoratur,

587 3287 766 3338 mam,
797 3275 1008 3330 animae
1048 3275 1101 3329 in
1145 3277 1506 3344 intellectum,
1547 3279 1848 3338 intellectus
1885 3281 1938 3336 in
1967 3282 2166 3347 Deum;

585 3375 650 3415 ac
679 3361 759 3416 sic
779 3363 959 3418 omnia
998 3363 1050 3417 in
1078 3366 1326 3420 omnibus
1355 3367 1494 3420 Deus
1531 3369 1667 3434 erit,
1707 3371 1851 3425 sicut
1881 3385 1976 3425 aer
2003 3371 2171 3426 verti-

585 3458 673 3504 tur
717 3453 769 3514 in
814 3451 1008 3507 lucem.
1055 3454 1120 3508 Et
1166 3455 1265 3509 hoc
1315 3456 1707 3524 Apostolus,si
1735 3459 1856 3528 quis
1903 3459 2171 3517 subtiliter

585 3541 751 3592 verba
775 3539 942 3608 ipsius
961 3548 986 3582 ³
1017 3541 1368 3608 intimaverit,
1393 3559 1498 3599 non
1521 3545 1672 3612 silet;
1697 3547 1774 3602 ait
1791 3549 1934 3603 enim
1962 3567 1974 3602 :
1999 3547 2170 3606 Senti-

584 3639 743 3683 natur
765 3644 949 3698 corpus
980 3629 1226 3697 animale,
1278 3642 1454 3703 surget
1478 3650 1666 3704 corpus
1713 3637 2001 3707 spirituale,
2065 3641 2168 3696 hoc

586 3725 688 3782 est,
713 3734 929 3787 corpus,
963 3719 1104 3788 quod
1134 3721 1364 3777 animale
1391 3717 1712 3792 seminatur,
1744 3726 1795 3782 id
1845 3727 2018 3797 ipsum
2046 3745 2166 3785 cor-

582 3827 683 3882 pus
708 3811 1008 3880 spirituale,
1031 3813 1131 3868 hoc
1161 3824 1243 3869 est
1287 3825 1578 3884 mutatum,
1602 3829 1784 3890 surget
1808 3819 1862 3875 in
1893 3821 2164 3891 spiritum,

583 3911 660 3964 et,
692 3911 750 3956 ut
779 3903 1015 3971 apertius
1041 3905 1240 3971 dicam,
1268 3906 1334 3962 de
1360 3923 1588 3978 corpore
1618 3912 1721 3965 erit
1741 3913 1981 3982 spiritus.
2013 3915 2168 3983 Quod

581 3994 744 4048 etiam
775 4002 959 4063 aperte
980 3995 1238 4061 declarat,
1283 3997 1470 4054 dicens
1499 4017 1511 4052 :
1543 4000 1849 4058 Seminatur
1875 4006 1930 4058 in
1981 4017 2168 4061 contu-

582 4084 758 4149 melia,
817 4095 989 4155 surget
1042 4087 1098 4141 in
1144 4088 1346 4157 gloria;
1405 4092 1693 4146 seminatur
1728 4094 1784 4148 in
1835 4095 2162 4163 inﬁrmitate,

581 4186 756 4245 surget
806 4178 863 4230 in
912 4178 1115 4232 virtute.
1140 4179 1291 4245 Quae
1335 4183 1481 4236 enim
1509 4182 1680 4252 gloria
1710 4193 1792 4240 est
1837 4201 1930 4240 seu
1968 4187 2164 4254 virtus,

583 4275 853 4322 terrenum
897 4283 1092 4337 corpus
1121 4270 1175 4323 in
1205 4271 1465 4338 qualitate
1507 4273 1746 4328 siderum
1771 4285 1827 4328 et
1863 4276 2166 4332 subtilitate

581 4357 830 4412 actherea
860 4373 1100 4428 surgere,
1131 4375 1228 4413 seu
1255 4362 1532 4416 celeritate
1563 4364 1813 4418 moveri?
1842 4363 1956 4420 Nec
1985 4368 2165 4423 obstat

579 4447 719 4512 quod
771 4446 908 4499 idem
960 4447 1249 4515 Apostolus
1290 4450 1364 4503 ait
1393 4468 1406 4505 :
1433 4450 1549 4505 Alia
1600 4452 1813 4508 claritas
1849 4455 1997 4522 solis,
2052 4457 2161 4511 alia

581 4534 794 4587 claritas
853 4534 1028 4599 lunae,
1077 4535 1183 4588 alia
1213 4538 1427 4594 claritas
1471 4541 1775 4610 stellarum;
1805 4545 1957 4601 stella
1987 4558 2162 4604 autem

579 4641 611 4674 a
636 4623 784 4675 stella
815 4624 988 4691 differt
1018 4625 1068 4678 in
1095 4626 1362 4693 claritate;
1405 4633 1479 4684 ita
1511 4643 1555 4685 et
1582 4639 1890 4691 resurrectio
1930 4651 2162 4695 mortuo-

581 4726 718 4764 rum.
753 4711 1167 4768 Similitudinem
1195 4717 1388 4788 quippe
1431 4722 1816 4781 introduxitex
1845 4731 2161 4799 corporibus

578 4799 962 4857 excelsissimis
1027 4802 1449 4877 clarissimisque
1517 4813 1786 4871 sensibilis
1841 4822 2048 4888 mundi,
2101 4831 2161 4876 ut

581 4893 833 4948 suaderet
861 4897 1270 4954 resurrectionis
1311 4902 1562 4970 gratiam,
1587 4913 1639 4959 et
1662 4907 1960 4964 divinarum
1990 4929 2155 4982 appa-

580 4985 836 5040 ritionum
862 5002 959 5057 per
991 4990 1231 5062 singulos
1262 4997 1686 5065 regenerationis
1732 5004 2020 5072 participes
2056 5005 2156 5060 dif-

579 5074 883 5146 ferentiam,
926 5079 1029 5136 hoc
1067 5083 1209 5137 enim
1239 5092 1321 5141 est
1349 5087 1501 5141 stella
1550 5100 1723 5144 autem
1749 5110 1782 5145 a
1805 5085 1954 5145 stella
1979 5094 2156 5164 di/I’ert

575 5167 629 5222 in
658 5168 915 5236 claritate,
951 5172 1173 5244 pulchre
1214 5184 1268 5230 et
1322 5179 1708 5236 convenienter
1759 5197 1823 5235 ex
1878 5198 2159 5253 compara-

579 5259 722 5314 tione
751 5262 1067 5318 caelestium
1113 5264 1375 5321 luminum
1395 5269 1417 5300 '
1445 5269 1723 5324 varietatis
1771 5269 2156 5333 multiformem

2271 3295 2550 3358 comptus;
2583 3287 2720 3346 alter
2738 3302 2868 3344 vero
2902 3287 3186 3359 insipiens,
3210 3289 3449 3345 moribus
3473 3291 3659 3361 turpis,
3685 3293 3859 3345 eruni-

2271 3377 2374 3439 bus
2407 3377 2568 3440 vitiis,
2599 3376 2796 3448 quibus
2829 3377 3011 3432 anima
3058 3378 3316 3436 deformis
3363 3379 3623 3447 elIicitur,
3666 3398 3857 3437 corru-

2270 3476 2397 3538 ptus
2424 3486 2438 3522 :
2466 3467 2596 3536 quid
2623 3469 2873 3538 utrisque
2895 3467 2940 3499 ¹⁶
2966 3478 3196 3539 prosunt
3213 3469 3352 3524 bona
3381 3471 3676 3542 corporalia
3709 3471 3860 3525 simi-

2271 3559 2397 3615 liter
2423 3573 2693 3630 possessa,
2723 3561 2851 3616 dum
2879 3576 3020 3616 unus
3065 3561 3198 3618 nihil
3227 3562 3372 3617 aliud
3402 3564 3724 3630 considerat,
3754 3564 3859 3619 nisi

2273 3655 2336 3702 ut
2381 3647 2449 3702 ad
2503 3661 2771 3703 summum
2801 3649 3021 3716 bonum,
3072 3649 3140 3703 ad
3171 3649 3312 3718 quod
3341 3651 3525 3713 tendit,
3554 3652 3854 3719 perveniat,

2272 3753 2603 3808 cognoscens
2630 3754 2736 3794 non
2768 3739 2910 3795 aliud
2940 3755 3060 3795 esse
3086 3755 3240 3794 suum
3265 3741 3308 3780 ίτ
3334 3741 3553 3806 bonum,
3578 3739 3676 3794 nisi
3700 3756 3854 3793 sum-

2271 3846 2360 3886 mo
2373 3833 2514 3887 bono
2535 3831 2850 3897 adhaerere,
2880 3833 2932 3885 in
2960 3846 3130 3901 eoque
3154 3833 3455 3901 quiescere,
3486 3833 3853 3888 aelernalitero

2271 3938 2377 3992 que
2416 3923 2683 3994 gaudere;
2716 3925 2803 3978 hic
2833 3923 3121 3992 incipiens,
3149 3923 3256 3980 illic.
3280 3925 3590 3994 perlicieus,
3626 3924 3854 3977 beatitu-

2272 4015 2451 4068 dinem
2500 4029 2684 4078 suam;
2718 4028 2929 4084 seraper
2958 4027 3224 4085 quaerens
3257 4021 3426 4068 totum
3455 4028 3635 4079 suum,
3663 4028 3852 4082 corpus

2272 4106 2394 4160 dico
2413 4114 2468 4161 et
2493 4107 2727 4160 animam
2761 4114 2814 4160 et
2844 4113 3106 4173 mentem,
3135 4121 3295 4175 supra
3326 4106 3368 4137 ¹⁸
3398 4121 3612 4160 omnem
3641 4115 3851 4160 creatu—

2272 4210 2388 4249 ram
2417 4195 2483 4249 ad
2505 4208 2651 4262 eum,
2698 4195 2788 4265 qui
2820 4210 2982 4266 super
3007 4196 3186 4251 omnia
3209 4197 3501 4264 exaltatur,
3533 4195 3809 4250 sublevare
3835 4212 3847 4246 :

2273 4284 2409 4339 alter
2432 4300 2562 4340 vero
2596 4285 2771 4341 adhuc
2809 4286 2863 4340 in
2905 4301 3070 4341 carne
3119 4285 3333 4342 mortali
3382 4287 3726 4351 ccustitutus,
3757 4283 3853 4338 ini-

2273 4375 2408 4429 tium
2439 4384 2824 4430 tormentorum
2875 4391 3096 4432 suorum
3123 4377 3176 4431 in
3205 4386 3423 4433 aeterna
3465 4379 3702 4445 tristitia,
3728 4377 3852 4433 insi-

2188 4509 2242 4570 Β
2265 4468 2505 4536 pientiae
2529 4483 2661 4524 suae
2687 4469 2915 4539 caligine
2945 4470 3272 4526 obcaecatus
3312 4487 3418 4526 non
3463 4472 3646 4536 sentit,
3683 4485 3852 4540 neque

2268 4559 2540 4628 cogitans,
2589 4561 2730 4628 quod
2759 4560 2920 4615 simul
2979 4568 3035 4616 et
3061 4561 3492 4632 inseparabiliter
3525 4563 3682 4631 hujus
3708 4563 3852 4617 vitae

2271 4652 2496 4708 deliciae
2543 4652 2816 4722 futurique
2848 4653 3060 4709 dolores
3089 4666 3402 4718 nascuntur,
3445 4658 3569 4710 dum
3593 4656 3766 4710 adhuc
3793 4656 3851 4708 in

2269 4761 2432 4802 carne
2465 4752 2712 4800 versatur
2758 4745 2824 4812 ιο,
2875 4760 3064 4801 verum
3110 4747 3234 4801 dum
3276 4747 3328 4801 in
3371 4747 3637 4818 praesenti
3671 4746 3850 4800 stadio

2268 4843 2619 4899 concurrunt,
2656 4835 2805 4890 solae
2834 4835 3059 4891 deliciae
3097 4836 3436 4906 diligentibus
3462 4851 3551 4890 eas
3583 4835 3847 4903 arrident,

2268 4934 2325 4980 et
2347 4925 2486 4980 intra
2501 4925 2650 4981 "eas
2677 4927 2856 4980 futura
2881 4927 3101 4982 tristitia
3123 4929 3349 5000 scipsam
3377 4928 3580 4996 latitat;
3611 4928 3736 4982 dum
3753 4944 3847 4981 ve-

2270 5028 2332 5068 ro
2353 5015 2419 5067 ad
2451 5015 2608 5070 linem
2631 5018 2874 5072 mortalis
2901 5033 3091 5074 cursus
3117 5021 3442 5089 pervenitur,
3475 5018 3848 5075 deficientibus

2269 5107 2478 5162 deliciis
2498 5109 2610 5166 sola
2644 5110 2730 5164 illa
2762 5110 3004 5178 tristitia,
3033 5127 3172 5182 quae
3202 5111 3520 5182 jamdudum
3552 5111 3758 5168 occulta
3787 5130 3846 5169 ac

2268 5197 2432 5252 veluti
2456 5200 2693 5256 extincta
2741 5202 3052 5270 putabatur,
3080 5202 3473 5275 inextinguibili
3501 5204 3717 5268 ardore,
3751 5203 3850 5257 hoc

2267 5295 2353 5340 est
2389 5289 2679 5356 cupiditate
2724 5283 3028 5359 libidinum,
3077 5307 3212 5362 quas
3263 5291 3593 5364 perdiderat,
3626 5283 3846 5367 lugebit.

1858 5431 2110 5496 VARIAE
2149 5437 2558 5502 LECTIONES.

648 5545 663 5616 ξ
696 5542 1043 5616 ΛμεξεΑπηῂιιί,
1111 5544 1264 5616 ξβίθ
1437 5551 1482 5600 Α
1510 5549 1826 5616 corporales.
1902 5547 1922 5583 ⁸
1948 5571 1979 5607 a
2006 5571 2117 5610 om.
2148 5551 2216 5614 Α.

2313 5560 2336 5590 ⁴
2357 5569 2404 5614 et
2430 5575 2540 5615 om.
2570 5561 2638 5616 A.
2740 5567 2764 5600 ⁸
2790 5579 2982 5630 purum
3009 5579 3116 5620 om.
3143 5567 3208 5621 A.
3309 5565 3404 5624 ‘in
3433 5584 3540 5624 om.
3569 5568 3632 5622 Λ.
3711 5571 3731 5602 ⁷
3763 5570 3852 5630 Sic

575 5612 1031 5710 Eiiﬁfﬁifilﬂ-
1109 5612 1394 5710 “‘SIing“;
1424 5615 1466 5710 AA
1497 5612 1639 5710 ciui;
1673 5616 1980 5710 aggravet}
2035 5612 3208 5710 Α,(νηὶεηανίωὴῖηιῖζξίςεεῗξ”Ᾰ’ᾖὶἐέία’.”
3249 5639 3289 5669 τι
3315 5612 3404 5692 rit5
3435 5612 3850 5710 ἦὶίέιἺυιιιτΞῖἱῆ

578 5682 1035 5745 regenerationem.
1148 5683 1189 5711 ¹³
1219 5694 1271 5735 ut
1301 5701 1408 5739 om.
1437 5686 1498 5737 A.

583 5749 621 5776 "
657 5748 746 5798 Sic
770 5748 885 5807 (2F;
922 5750 958 5799 A
983 5764 1259 5802 summum.

1457 5687 1498 5766 ξ.
1537 5688 1639 5767 ﬂ_"
1672 5687 1761 5767 Sic
1787 5690 1909 5757 CF;
1941 5694 1983 5747 A
2005 5697 2404 5767 quidulucrum.

1340 5756 1380 5783 ¹⁸
1415 5757 1501 5807 Sic.
1531 5757 1613 5810 CF
1641 5777 1653 5822 ;
1709 5761 1750 5813 A
1781 5756 1951 5818 super.
2021 5756 2077 5798 ἠ
2105 5760 2190 5822 CF
2214 5781 2576 5827 conversatur.

2511 5695 2558 5731 ει

2705 5703 2853 5782 facit.
2942 5703 3059 5760 "'A
3087 5710 3358 5779 certisque.
3437 5703 3575 5764 "Cb
3622 5712 3847 5782 utrique.

2655 5772 2702 5805 ²⁰
2725 5774 2771 5827 Α
2811 5775 2966 5830 inter.
