4168 6284
350 469 454 528 989

1201 461 1291 517 DE
1330 459 1673 518 DlVlSlONE
1708 451 2059 517 NATURAE.
2100 486 2171 503 --
2206 452 2411 513 LIBER
2449 455 2777 523 QUINTUS.

3519 452 3627 507 990

350 585 492 640 lliuc
533 577 876 651 apertissime
929 568 1216 631 coniicitur
1239 577 1284 641 ι,
1322 565 1457 630 nihil
1499 576 1643 631 aliud
1672 583 1934 647 appeten-
1959 579 2007 638 Α
2036 574 2223 636 voluit,
2252 574 2440 629 dicens
2475 589 2488 625 :
2527 570 2744 625 Caelum
2770 576 2820 622 et
2842 574 2985 622 terra
3013 566 3326 630 transibunt,
3352 571 3507 621 verba
3534 583 3627 623 au-

350 674 502 737 dum,
530 669 635 725 nisi
684 666 938 739 gaudium
959 665 1027 720 de
1070 664 1317 728 veritate,
1348 678 1489 733 quae
1533 672 1620 721 est
1645 665 1921 730 Christus;

349 771 406 818 et
429 759 570 815 nihil
607 756 751 812 aliud
790 755 1128 826 fugiendum,
1158 753 1264 808 nisi
1294 754 1412 823 ejus
1436 753 1762 817 absentiam,
1796 766 1937 822 quae

349 861 434 909 est
479 864 586 905 una
637 862 702 902 ac
740 846 854 903 sola
891 859 1056 901 causa
1103 844 1268 900 totius
1302 844 1323 874 ²
1372 851 1626 899 aeternae
1664 843 1936 898 tristitiae.

350 942 501 999 Tolle
522 958 553 997 a
575 954 662 996 me
679 938 981 1003 Christum,
1002 935 1208 992 nullum
1232 937 1434 992 bonum
1454 937 1587 992 mihi
1611 937 1935 1003 remanebit,

353 1035 559 1091 nullum
592 1039 920 1089 tormentum
964 1041 1051 1086 me
1095 1037 1291 1095 terret;
1325 1030 1441 1100 ejus
1465 1030 1730 1100 siquidem
1760 1029 1935 1100 priva-

350 1127 426 1182 tio
456 1133 515 1181 et
540 1122 787 1179 absentia
810 1121 983 1175 totius
1022 1119 1359 1174 rationabilis
1390 1127 1674 1174 creaturae
1701 1129 1940 1174 tormen-

352 1225 468 1270 tum
515 1221 619 1277 est,
648 1220 703 1269 et
728 1209 935 1264 nullum
967 1208 1137 1273 aliud,
1163 1207 1374 1277 opinor.
1413 1207 1521 1263 Sed
1561 1208 1628 1262 de
1656 1207 1741 1262 his
1769 1208 1940 1262 multa

355 1290 462 1356 dici
511 1307 777 1369 possunt:
805 1297 1092 1353 redeamus
1118 1296 1188 1350 ad
1232 1310 1323 1362 ea,
1347 1309 1491 1367 quae
1530 1304 1759 1351 restant.
1796 1296 1937 1351 Msa.

354 1393 675 1461 Priumuam
720 1389 792 1445 ad
849 1388 1008 1443 tinem
1057 1388 1361 1457 praesentis
1387 1384 1512 1443 libri
1540 1388 1938 1458 perveniamus,

355 1498 553 1555 pauca,
579 1490 640 1536 ut
681 1476 958 1544 existimo,
988 1477 1218 1534 dicenda
1253 1487 1381 1532 sunt
1415 1477 1678 1533 adversus
1703 1490 1818 1553 eos,
1847 1478 1941 1548 qui

356 1552 515 1629 nobis
535 1569 797 1638 objiciunt
834 1566 1101 1637 quasdam
1123 1567 1345 1623 divinae
1378 1566 1696 1637 Scripturae
1721 1552 1943 1624 senten-

358 1664 483 1728 tias,
512 1660 706 1731 quibi
754 1664 1023 1714 conantur
1063 1665 1334 1722 astruere,
1371 1656 1645 1711 sensibilis
1690 1657 1792 1712 ista
1831 1656 1944 1712 ele-

355 1760 561 1816 menta,
589 1757 862 1821 totamque
875 1748 1184 1804 mundanae
1196 1747 1356 1804 molis
1377 1746 1785 1817 amplitudinem
1801 1760 1945 1803 seu»

353 1858 453 1916 per
474 1858 810 1910 mansuram.
838 1842 985 1898 intra
1007 1856 1170 1912 quam
1187 1841 1547 1897 humanorum
1578 1854 1792 1911 quoque
1820 1854 1941 1895 cor-

2042 676 2144 723 tem
2180 680 2297 721 mea
2332 680 2437 719 non
2464 662 2759 717 transibunt
2784 661 2826 713 ⁵.
2867 660 3051 715 Potest
3080 660 3243 713 etiam
3271 661 3293 694 ⁸
3321 659 3629 728 specialiter

2042 757 2286 828 intelligi,
2317 757 2413 810 erit
2449 753 2651 809 caelum
2681 766 2870 807 novum
2897 762 2944 805 et
2981 760 3123 804 terra
3160 765 3313 816 nova,
3345 749 3412 804 de
3439 750 3627 806 huma-

2042 862 2147 904 nae
2175 856 2403 901 naturae
2433 844 2780 901 innovatione
2812 850 2868 898 et
2898 841 2952 895 in
2997 842 3230 911 seipsam
3278 841 3623 898 adunatione.

2042 938 2240 994 Nostra
2261 934 2529 1006 siquidem
2557 942 2751 989 natura
2780 932 2956 987 adhuc
2982 931 3036 985 in
3062 931 3164 987 hac
3185 931 3295 985 vita
3324 945 3394 986 ex
3424 932 3629 988 duabus

2043 1039 2359 1095 substantiis
2387 1038 2685 1108 composita
2713 1042 2816 1100 est,
2853 1040 3066 1091 constat
3113 1034 3257 1089 enim
3290 1049 3357 1089 ex
3403 1046 3630 1104 corpore

2043 1139 2099 1187 et
2126 1131 2337 1197 anima;
2366 1138 2421 1184 et
2448 1129 2704 1199 quoniam
2732 1126 2869 1181 haec
2893 1132 3041 1179 tanta
3073 1123 3452 1179 dissimilitudo
3478 1130 3500 1162 ι
3528 1138 3627 1179 no-

2043 1229 2279 1278 strarum
2322 1218 2747 1274 substantlarum
2776 1255 2790 1280 ,
2832 1229 2899 1269 ex
2929 1212 3125 1284 quibus
3173 1226 3315 1268 nunc
3350 1215 3631 1269 constitui-

2046 1324 2187 1375 mur,
2225 1320 2292 1364 ex
2330 1306 2799 1379 praevaricatione
2830 1302 3190 1358 humanitatis
3214 1302 3270 1357 in
3296 1304 3470 1373 prima
3498 1319 3630 1359 con.

2045 1401 2250 1458 ditione
2279 1404 2653 1470 processerat,
2699 1396 2767 1451 ad
2790 1403 3029 1451 veterem
3059 1392 3332 1449 hominem
3357 1397 3630 1464 pertinere

2046 1498 2275 1548 testatur
2317 1489 2627 1562 Apostolus,
2666 1488 2933 1558 docetque
2977 1498 3078 1542 nos
3123 1486 3341 1557 spoliari
3392 1493 3627 1540 veterem

2045 1581 2340 1645 hominem,
2369 1587 2425 1634 et
2467 1572 2620 1632 indui
2663 1588 2897 1642 novum,
2943 1574 3221 1631 Christum
3270 1572 3544 1640 videlicet,
3575 1576 3629 1629 in

2044 1686 2152 1743 quo
2178 1676 2362 1726 nostra
2392 1676 2607 1734 natura,
2634 1681 2833 1737 corpus
2865 1665 2988 1721 dico
3036 1673 3094 1721 et
3147 1664 3385 1719 animam
3440 1673 3495 1719 ct
3542 1663 3627 1719 in-

2046 1762 2339 1827 tellectum,
2370 1767 2627 1814 renovata
2662 1764 2768 1824 est,
2797 1765 2851 1812 et
2880 1757 2934 1811 in
2972 1770 3138 1811 unum
3183 1754 3543 1825 simpliilcata,
3574 1766 3625 1809 et

2044 1853 2112 1909 de
2139 1852 2439 1922 composita
2482 1849 2840 1918 incomposita
2880 1847 3050 1914 iacta;
3104 1854 3160 1902 et
3190 1847 3333 1917 quod
3363 1848 3416 1901 in
3452 1848 3629 1917 capite

353 1950 546 2007 porum
572 1942 696 2006 post
739 1932 1205 2004 regenerationem
1230 1930 1495 1986 stationes
1539 1935 1848 2001 motusque,
1879 1936 1939 1983 ut

2051 1947 2212 2003 totius
2256 1945 2526 2000 humanae
2569 1951 2834 2009 naturae,
2869 1942 2924 1997 in
2969 1941 3085 2011 ipso
3121 1940 3372 1995 videlicet
3402 1939 3627 1995 Domino

356 2027 564 2092 dicunt,
610 2025 1041 2088 ordinabuntur;
1122 2018 1267 2076 nulla
1313 2034 1545 2091 corpora
1600 2019 1740 2074 ultra
1792 2020 1940 2074 hunc

353 2115 612 2172 mundum
646 2127 936 2173 ascensura
960 2113 1269 2179 credentes,
1285 2111 1371 2166 vel
1394 2111 1452 2166 in
1477 2110 1728 2181 spiritum
1757 2119 1938 2166 trans-

353 2206 516 2264 itura.
553 2206 719 2263 Aiunt
753 2205 965 2275 itaque:
986 2203 1046 2260 Si
1067 2202 1278 2259 caelum
1301 2210 1360 2258 et
1401 2209 1547 2257 terra
1565 2199 1841 2272 peribunt,
1865 2201 1940 2256 ita

353 2305 416 2354 ut
438 2297 577 2355 nihil
604 2299 672 2353 de
698 2294 1104 2366 corporalitate,
1127 2292 1212 2350 vel
1236 2292 1531 2359 localitate,
1557 2290 1644 2347 vel
1671 2292 1738 2347 de
1763 2305 1938 2361 quan-

357 2389 534 2453 titate,
585 2386 673 2443 vel
714 2388 782 2443 de
806 2386 1044 2443 motibus
1078 2384 1486 2455 temporalibus,
1532 2382 1619 2439 vel
1654 2381 1939 2448 localibus,

355 2481 443 2537 vel
496 2479 567 2536 de
638 2479 830 2550 spatiis
892 2477 1323 2548 magnitudinum
1350 2514 1369 2542 ,
1409 2473 1494 2529 vel
1557 2474 1624 2529 de
1673 2472 1939 2528 interval-

356 2569 425 2626 lis
468 2568 797 2639 positionum
825 2568 878 2621 in
910 2567 989 2623 eis
1035 2566 1359 2621 remanserit
1418 2581 1433 2618 ι
1480 2563 1611 2635 quid
1655 2572 1773 2630 est,
1798 2563 1941 2632 quod

357 2663 435 2717 ait
463 2661 793 2731 Scriptura:
841 2658 959 2713 Erit
991 2657 1198 2712 caelum
1249 2671 1440 2711 novum
1491 2665 1541 2709 ct
1591 2664 1734 2709 terra
1773 2654 1944 2709 noua?

356 2757 567 2824 Quibus
600 2755 782 2810 verbis
821 2768 929 2809 non
968 2752 1144 2808 solum
1185 2749 1320 2806 caeli
1364 2759 1419 2805 et
1458 2759 1639 2804 terrae
1681 2762 1790 2804 non
1821 2761 1943 2816 pro-

358 2848 596 2903 mittitur
618 2846 941 2911 destructio,
966 2833 1159 2899 verum
1185 2843 1349 2898 etiam
1370 2842 1424 2895 in
1448 2841 1743 2897 novitatem
1767 2853 1945 2909 quan-

360 2939 485 2996 dam
522 2946 669 2995 certa
690 2937 1008 3007 perhibetur
1027 2934 1372 2990 restauratio.
1416 2932 1625 3001 Quibus
1651 2932 1941 3001 responde.

364 3042 506 3093 mus,
528 3028 673 3097 quod
693 3026 1082 3083 usitatissimus
1105 3025 1159 3079 in
1182 3024 1362 3080 divina
1386 3022 1665 3092 Scriptura
1686 3021 1940 3092 loquendi

362 3119 557 3176 modus
602 3127 709 3185 est,
736 3126 909 3174 totum
939 3132 970 3172 a
1000 3124 1156 3187 parte
1182 3114 1498 3184 signiﬁcari,
1529 3113 1613 3169 vel
1662 3111 1941 3182 partibus,

365 3213 451 3270 vel
473 3227 541 3267 ex
569 3212 806 3268 maxima
848 3210 1111 3267 divisione
1137 3222 1418 3264 universae
1453 3214 1735 3263 creaturae
1766 3204 1941 3275 ipsam

2044 2044 2230 2094 nostro
2256 2034 2383 2091 Jesu
2426 2030 2665 2101 Christo,
2701 2024 2816 2105 jam
2855 2040 3136 2103 peractum
3163 2037 3271 2094 est,
3300 2029 3353 2083 in
3384 2035 3497 2083 tota
3527 2042 3627 2083 na-

2046 2138 2166 2184 tura
2210 2126 2544 2198 periicietur,
2593 2126 2723 2178 dum
2763 2130 2907 2178 terra
2936 2132 3071 2177 nova
3100 2117 3346 2189 corporis
3370 2117 3539 2172 nostri
3571 2115 3627 2170 in

2042 2217 2253 2275 caelum
2275 2228 2497 2281 novum,
2522 2215 2626 2271 hoc
2643 2221 2751 2279 est,
2766 2213 2820 2269 in
2843 2210 3139 2268 novitatem
3164 2208 3377 2264 animae
3401 2205 3631 2261 mutabi-

2045 2319 2166 2376 tur;
2221 2322 2285 2363 ac
2319 2306 2522 2361 ‘deiude
2566 2304 2835 2375 superiori
2880 2314 3110 2358 ascensu
3149 2312 3344 2369 corpus
3387 2296 3548 2353 simul
3577 2305 3631 2352 et

2044 2402 2251 2467 anima,
2281 2401 2335 2454 in
2367 2398 2639 2469 spiritum,
2667 2394 2970 2466 spiritus-in
2997 2394 3173 2463 ipsum
3204 2391 3371 2445 Deum
3403 2402 3419 2444 t
3447 2397 3502 2443 et
3528 2389 3631 2444 hoc

2044 2495 2219 2549 totum
2248 2489 2303 2544 in
2331 2488 2550 2544 Christo
2598 2495 2655 2541 et
2699 2499 2798 2554 per
2834 2483 3112 2539 Christum
3163 2478 3493 2549 perﬁcietur,
3538 2478 3629 2546 qui

2046 2583 2172 2638 linis
2200 2586 2285 2635 est
2309 2586 2525 2634 nostrae
2552 2582 2779 2630 naturae
2808 2583 2865 2629 et
2887 2572 3303 2629 consummatio.
3333 2568 3402 2624 Et
3435 2569 3629 2623 iterum

2046 2683 2252 2749 dicunt,
2281 2680 2444 2736 veluti
2483 2676 2792 2734 fortissimis
2824 2672 3259 2742 acutissimisque
3290 2686 3353 2725 ac
3381 2682 3630 2725 necessa-

2045 2772 2143 2829 riis
2165 2766 2722 2843 argumentationibus
2751 2778 2849 2820 nos
2876 2760 3199 2820 convincere
3228 2772 3387 2831 posse
3410 2759 3630 2814 sibimet

2044 2864 2420 2936 promittentes
2450 2876 2462 2914 :
2495 2859 2538 2913 si
2569 2866 2712 2913 terra
2759 2856 2863 2911 ista
2903 2853 3143 2910 omnium
3187 2858 3473 2919 corporum
3503 2862 3627 2918 gra~

2044 2962 2287 3029 vissima,
2322 2960 2558 3018 medium
2594 2958 2870 3026 imumque
2898 2954 2952 3009 in
2983 2950 3250 3009 creaturis
3275 2948 3526 3004 obtinens
3552 2945 3629 3001 lo-

2047 3072 2193 3121 cum,
2218 3053 2457 3124 peritura
2499 3051 2595 3116 sit,
2625 3040 2934 3103 necessario
2960 3041 3192 3100 conllnis
3219 3040 3269 3095 ei
3293 3038 3420 3093 luna
3447 3034 3632 3108 proxi-b

2047 3161 2243 3218 maque
2264 3145 2513 3200 siderum
2530 3140 2687 3198 terris
2711 3135 2910 3209 peribit
2936 3152 2950 3189 :
2981 3142 3037 3189 et
3062 3132 3107 3187 si
3134 3131 3403 3187 luminare
3429 3127 3629 3193 minus,

2047 3235 2292 3310 profecto
2343 3234 2506 3289 etiam
2553 3239 2608 3287 et
2649 3224 2916 3285 luminare
2960 3223 3165 3295 majus;
3219 3234 3344 3276 nam
3384 3219 3434 3276 si
3462 3225 3631 3274 totum

364 3303 774 3360 universitatem
794 3301 1112 3372 simpliciter
1130 3297 1509 3369 comprehendi
1536 3297 1577 3350 ³.
1600 3296 1790 3367 Itaque
1811 3308 1943 3364 quo-

2051 3296 2306 3404 pericrit,
2350 3324 2492 3383 nulla
2536 3340 2664 3398 pars
2703 3320 3025 3379 remanebit.
3068 3317 3138 3375 Et
3173 3316 3217 3372 si
3260 3316 3334 3371 ita
3368 3313 3630 3379 evenerit,

361 3395 508 3451 niam
557 3394 721 3449 totius
761 3391 946 3447 mundi
990 3390 1263 3447 sensibilis
1288 3388 1602 3444 constitutio
1637 3388 1780 3442 inter
1808 3386 1945 3441 duas

363 3494 635 3543 extremas
671 3484 754 3541 sui
780 3492 965 3553 partes
993 3482 1096 3539 sibi
1125 3482 1355 3539 invicem
1379 3479 1658 3551 oppositas
1687 3493 1753 3533 ac
1779 3475 1945 3531 veluti

363 3576 687 3640 contrarias,
734 3574 942 3630 caelum
994 3572 1114 3628 dico
1157 3579 1211 3627 et
1259 3578 1481 3635 terram,
1522 3568 1786 3639 disposita
1839 3573 1941 3630 est,

366 3668 962 3741 pulchrehopbeticus
989 3666 1213 3737 spiritus
1240 3666 1406 3720 totius
1428 3662 1657 3719 visibilis
1684 3660 1947 3718 conditio-

368 3760 452 3814 nis
479 3758 903 3824 innovationem,
933 3758 1037 3812 hoc
1063 3765 1149 3812 est
1190 3757 1246 3811 in
1277 3754 1585 3827 spirituales
1612 3752 1948 3810 substantias

369 3847 895 3912 transmutationem,
928 3846 1060 3902 caeli
1110 3847 1235 3902 novi
1276 3855 1560 3915 terraeque
1600 3859 1775 3900 novae
1825 3854 1950 3913 typo

370 3938 716 4010 signiﬁcavit,
748 3947 807 3992 ut
848 3937 981 3993 caeli
1022 3937 1281 3994 vocabulo
1304 3938 1557 3993 aetherea
1585 3935 1949 4003 caelestiaque

373 4016 556 4087 omnia
580 4043 805 4099 corpora
825 4035 1088 4093 extrema,
1118 4036 1293 4084 terrae
1311 4041 1441 4082 vero
1464 4024 1725 4081 inferiora
1746 4023 1955 4078 mediao-

371 4106 493 4191 que'
520 4120 827 4192 intelligas;
882 4135 948 4176 ac
987 4133 1086 4189 per
1138 4119 1240 4173 hoc
1283 4116 1443 4172 simul
1480 4124 1651 4171 totum
1686 4112 1952 4168 visibilem

371 4212 633 4269 mundum
677 4211 733 4268 in
780 4226 907 4269 suas
934 4210 1242 4281 spirituales
1262 4222 1457 4265 causas
1488 4205 1864 4262 transiturum.
1895 4202 1953 4259 Si

369 4313 551 4361 autem
578 4306 703 4376 quis
730 4303 965 4369 dixerit,
1003 4302 1108 4356 hac
1147 4299 1411 4356 divisione
1435 4295 1574 4354 caeli
1598 4295 1722 4351 novi
1752 4302 1957 4349 terrae-

368 4412 479 4468 que
509 4411 680 4453 aovae
704 4396 1109 4454 universitatem
1156 4391 1384 4449 visibilis
1409 4401 1465 4445 et
1490 4386 1775 4444 invisibilis
1800 4401 1956 4441 crea-

377 4497 531 4542 turae
558 4485 913 4556 signiﬁcatam
940 4500 1060 4542 esse
1078 4524 1093 4550 ,
1141 4498 1248 4539 non
1286 4479 1626 4553 elongabitur
1652 4494 1684 4533 a
1710 4477 1956 4540 veritate,

375 4584 433 4631 ut
457 4577 671 4647 opinor.
724 4575 1141 4632 Rationabiliter
1182 4573 1382 4645 quippe
1423 4585 1521 4642 per
1558 4569 1958 4625 innovationem

373 4671 507 4728 caeli
540 4670 839 4741 spiritualis
866 4679 1096 4726 naturae
1117 4708 1133 4736 ,
1172 4678 1350 4724 terrae
1387 4675 1584 4749 autem.
1614 4662 1959 4719 innovatione
1983 4683 2038 4743 ι)

372 4763 737 4833 corporalium
760 4776 942 4818 rerum
965 4760 1238 4816 restitutio
1260 4758 1677 4831 praeﬁguratur.
1704 4753 1960 4809 Testatur

375 4853 641 4921 siquidem
668 4851 980 4921 Apostolus,
1008 4850 1203 4914 omnia,
1226 4866 1360 4915 quae
1400 4850 1459 4903 ist
1482 4858 1625 4902 terra
1665 4853 1785 4900 sunt
1828 4852 1877 4897 et
1905 4843 1962 4896 its

379 4940 546 5005 caele,
565 4942 623 4996 in
641 4940 851 4996 Christo
878 4950 924 4995 et
944 4956 1040 5012 per
1060 4937 1329 4995 Christum
1350 4937 1658 4993 restaurari.
1680 4935 1794 4990 Non
1815 4934 1961 4989 enim

381 5028 664 5084 sensibiles
713 5032 1052 5088 solummodo
1080 5071 1096 5096 ,
1139 5044 1327 5086 verum
1378 5028 1543 5083 etiam
1603 5023 1964 5096 intelligibiles

381 5130 667 5179 creaturae
708 5126 969 5181 ineil'abili
1014 5124 1177 5181 modo
1227 5122 1446 5191 Deoque
1494 5116 1597 5174 soli
1650 5116 1869 5187 cognito
1909 5115 1965 5169 in

384 5230 513 5271 suas
540 5230 732 5273 causa
776 5218 1115 5283 transibunt,
1164 5218 1270 5272 hoc
1296 5222 1400 5280 est,
1438 5213 1492 5266 in
1521 5223 1742 5265 suarum
1780 5221 1968 5262 causa-

380 5321 503 5361 rum
532 5307 878 5376 purissimam
915 5308 1300 5379 cognitionem,
1331 5316 1429 5374 per
1468 5308 1629 5370 quam
1659 5296 1739 5352 eis
1767 5298 1971 5352 adulta-

381 5397 584 5452 buntur
629 5413 693 5454 ea
740 5398 977 5464 ratione,
1028 5412 1135 5467 qua
1164 5396 1238 5461 id,
1278 5392 1419 5464 quod
1456 5402 1590 5461 pure
1617 5387 1888 5459 intelligit,
1914 5392 1971 5440 et

382 5487 458 5552 id,
500 5488 643 5557 quod
687 5504 825 5558 pure
867 5486 1209 5562 intelligitur,
1248 5499 1413 5541 unum
1443 5480 1767 5538 eﬂiciuntur.
1814 5470 1970 5543 Quod

378 5582 569 5649 etiam,
602 5590 663 5638 ut
696 5582 955 5652 arbitror,
982 5578 1241 5638 Dominus
1268 5579 1322 5635 in
1352 5573 1640 5646 Evangelio
1664 5567 1973 5642 signiﬁcare

2047 3431 2175 3505 quid
2206 3439 2312 3497 est,
2340 3427 2481 3502 quod
2506 3442 2603 3499 per
2631 3420 2953 3497 prophetam
2980 3418 3317 3495 promittitur
3345 3434 3359 3471 :
3393 3414 3509 3471 Erit
3540 3412 3635 3471 tua:

2048 3527 2205 3585 lunae
2240 3511 2373 3581 sicut
2404 3521 2499 3576 tua:
2526 3514 2674 3586 solis,
2705 3529 2752 3572 et
2784 3516 2877 3572 tua:
2901 3514 3026 3570 solis
3052 3508 3469 3585 septempliciter,
3502 3508 3634 3560 sicut

2048 3618 2141 3674 lux
2186 3625 2378 3686 septem
2425 3613 2648 3667 dierum.
2703 3606 2822 3663 Non
2866 3606 3018 3661 enim
3047 3602 3136 3659 hic
3180 3599 3524 3670 quaerimus,
3559 3595 3636 3650 in-

2049 3684 2260 3782 quiunt,
2289 3705 2601 3776 allegoriam
2634 3696 2792 3755 lunae
2838 3694 3074 3782 intelligi
3108 3691 3174 3748 de
3204 3684 3469 3782 Ecclesia,
3498 3698 3638 3782 quae

2050 3777 2105 3858 in
2136 3800 2373 3864 Christo,
2405 3795 2497 3866 qui
2526 3801 2609 3849 est
2648 3786 2739 3847 Sol
2761 3786 3023 3861 iustitiae,
3058 3777 3300 3856 fulgebit,
3334 3790 3388 3837 et
3418 3778 3484 3834 de
3519 3777 3637 3847 ipso

2051 3892 2302 3955 Christo,
2347 3890 2400 3945 in
2430 3902 2536 3956 quo
2566 3892 2769 3954 septem
2820 3881 2961 3936 dona
3001 3876 3236 3947 Spiritus
3266 3871 3439 3930 sancti
3465 3870 3641 3926 mani-

2054 3982 2343 4038 festissime
2368 3978 2638 4041 omnibus,
2667 3974 2757 4043 qui
2785 3987 2907 4026 eum
2933 3965 3343 4036 contemplaturi
3369 3966 3514 4027 sunt,
3545 3977 3639 4031 ap-

2054 4084 2325 4157 parebunt
2350 4120 2367 4145 ,
2415 4078 2510 4135 sed
2546 4074 2745 4131 nudam
2779 4070 3061 4127 historiam
3108 4068 3199 4157 de‘
3226 4061 3641 4135 ampliﬁcatione

2056 4148 2324 4233 claritatis
2347 4172 2578 4227 duorum
2603 4165 2961 4222 maximorum
2985 4148 3298 4216 caelestium
3328 4167 3635 4224 corporum.

2060 4270 2117 4326 Si
2158 4274 2335 4335 autem
2380 4265 2515 4319 haec
2545 4259 2651 4314 duo
2683 4254 2972 4319 luminaria
3014 4266 3120 4307 non
3158 4248 3331 4306 solum
3360 4260 3467 4303 non
3501 4242 3643 4313 peri-

2058 4362 2216 4423 bunt,
2243 4371 2428 4412 verum
2470 4353 2635 4408 etiam
2681 4345 3023 4405 manentibus
3062 4343 3278 4398 illorum
3321 4336 3641 4409 corporibus

2064 4652 2205 4702 mus,
2245 4635 2314 4692 de
2341 4627 2777 4688 extremitatibus
2824 4634 3038 4692 quoque
3067 4616 3310 4687 ejusdem
3340 4611 3645 4702 credamus,

2064 4697 2385 4801 praesertim
2419 4738 2542 4781 cum
2565 4720 2758 4775 beatus
2789 4712 3119 4785 Augustinus
3146 4707 3200 4762 in
3233 4702 3434 4763 ultimis
3463 4702 3530 4757 de
3556 4697 3649 4752 Ci-

2066 4832 2235 4887 vitate
2264 4826 2359 4881 Dei
2384 4822 2537 4879 libris
2568 4835 2675 4876 non
2704 4817 2820 4888 ipsa
2849 4813 3036 4869 mundi
3063 4820 3296 4879 corpora
3328 4802 3649 4863 transitura,

2069 4924 2162 4982 sed
2193 4934 2380 4977 eorum
2413 4914 2706 4987 qualitates
2749 4911 2802 4963 in
2854 4906 3047 4963 melius
3079 4898 3365 4958 mutandas
3408 4896 3652 4951 videatur

2071 5017 2303 5077 docere;
2354 5001 2811 5077 quemadmodum
2861 5005 2918 5052 et
2973 4996 3332 5050 humanorum
3365 4993 3653 5055 corporum

2071 5116 2249 5175 neque
2293 5099 2542 5163 formae,
2589 5106 2767 5162 neque
2809 5085 3140 5158 quantitates
3162 5081 3225 5175 °_,
3270 5091 3447 5175 neque
3494 5086 3655 5130 sexus

2077 5167 2415 5260 transibunt,
2456 5191 2552 5247 sed
2587 5182 2926 5245 solummodo
2953 5171 3261 5248 spirituales
3287 5167 3578 5260 qualitates
3602 5171 3658 5218 et

2077 5254 2411 5346 immortales
2444 5281 2734 5338 induentur
2764 5291 2779 5330 :
2810 5280 2865 5327 et
2892 5271 2963 5324 “in
2998 5261 3225 5337 epistola
3255 5258 3322 5314 ad
3349 5254 3655 5311 Dardanum

2078 5382 2457 5436 incunctanter
2503 5367 2737 5426 astruit,
2784 5374 2983 5430 corpus
3023 5351 3232 5410 Domini
3260 5355 3383 5419 post
3412 5358 3657 5401 resurre-

1661 5661 1917 5720 VARIAB
1956 5646 2362 5715 LECTIONES.

458 5783 472 5813 ¹
510 5779 745 5855 8ἰςβῆ
814 5784 1031 5855 cﬂicitur
1062 5821 1073 5834 .
1176 5778 1209 5855 κ’
1311 5779 1679 5855 totius‘causu.

389 5853 406 5877 ⁶
444 5852 532 5907 Sic
560 5854 679 5917 CF;
712 5846 755 5911 Α
780 5846 1086 5909 similitudo.
1163 5854 1184 5887 ⁷
1226 5848 1316 5904 Sic
1341 5846 1423 5905 CF
1451 5848 1513 5916 ;A
1542 5846 1719 5902 medii.

1807 5770 1827 5801 ³
1859 5768 1951 5824 Sic
1981 5766 2089 5829 AC;
2133 5763 2175 5818 F‘
2225 5754 2695 5829 comprehendere.
2763 5754 2932 5829 lit"
2974 5754 3233 5829 -τῇιπῖιξιιςζιξὲ

1795 5841 1817 5872 ⁸
2197 5812 2501 5902 qualitates.
2579 5825 2600 5858 ’
2639 5819 2731 5877 Sic.
2757 5817 2835 5873 Cl’
2860 5831 2876 5879 ς
2904 5816 2942 5868 Α
2980 5812 3320 5865 ευιιπιαηηαθ.

2773 5746 2791 5779 ⁸
2832 5744 2907 5801 Cb
2974 5737 3241 5793 wmient.
3333 5731 3358 5765 '
3396 5730 3440 5784 A
3466 5737 3659 5784 autem.
