4168 6284
490 392 588 450 991
1878 370 2159 431 JOANNIS
2197 367 2393 427 SCOTI
3656 354 3771 411 992

487 505 636 578 jecta
680 501 1016 561 solummodo
1044 497 1475 562 immortalitate,
1505 508 1614 550 non
1645 492 1823 549 ablata
1854 501 2070 555 natura,
2102 492 2154 552 Α
2177 486 2331 578 vixit.
2359 477 2900 578 Itaque'credibilius
2943 473 3426 578 arbitrandum-est
3450 473 3520 578 de

496 562 562 651 ac
611 610 708 665 per
734 594 836 648 hoc
866 607 972 646 non
1002 590 1202 659 ubique
1246 602 1398 654 esse,
1435 588 1577 642 sicut
1607 584 1781 649 Deus,
1824 598 1999 653 neque
2022 580 2079 636 in
2182 574 2486 631 divinarum
2537 570 3004 665 humanarumque
3053 580 3260 665 rerum
3292 572 3348 618 et
3406 562 3774 665 solertissime

498 655 834 738 divinitatem
863 655 1184 735 conversum
1212 678 1352 732 ultra
1380 676 1565 731 omnia
1589 674 1708 730 loca
1733 682 1790 729 et
1813 681 2077 742 tempora,
2182 666 2497 736 inquisitore
2545 673 2603 719 et
2649 660 3019 731 copiosissimo
3075 657 3382 728 expositore
3406 696 3422 722 ,
3466 655 3770 712 secundum

499 775 639 830 ultra
659 788 818 828 omne
839 772 985 843 quod
1006 771 1204 826 dicitur
1226 778 1278 824 et
1305 768 1653 837 intelligitur;
1688 766 1783 821 sed
1805 765 1873 821 de
1900 765 2081 834 aliquo

2215 755 2535 826 apacitatem
2571 751 2925 823 singulorum,
2956 748 3152 819 quibus
3179 746 3418 817 scripsit,
3456 746 3773 815 scripsisse,

499 864 619 921 loco
642 863 925 920 visibiliter
947 870 1003 918 et
1028 860 1381 931 corporaliter
1405 857 1715 923 descendet,
1731 856 1976 927 judicare
2002 856 2084 909 vi-

500 973 600 1015 vos
617 966 676 1014 et
694 965 955 1014 mortuos.
982 953 1090 1011 Sed
1116 953 1242 1008 huic
1264 949 1717 1023 argumentationi
1744 963 1849 1003 non
1878 955 2084 1001 tantum

503 1053 773 1112 laboriose
800 1088 818 1117 ,
879 1054 1140 1118 quantum
1211 1043 1286 1098 illi
1359 1041 1682 1098 existimant
1709 1078 1726 1104 ,
1801 1049 2087 1108 possumus

505 1154 812 1201 occurrere.
834 1137 1075 1193 Dicimus
1085 1133 1251 1199 enim,
1273 1132 1582 1187 universam
1604 1126 1913 1184 sensibilem
1938 1140 2090 1181 crea-

509 1248 689 1293 turam
708 1232 867 1287 lunae
888 1238 1041 1299 tropo
1064 1224 1361 1289 insinuari;
1396 1238 1497 1278 nec
1526 1220 1829 1284 immerito;
1863 1227 1918 1273 ut
1946 1218 2089 1272 enim

510 1326 638 1380 luna
660 1318 1012 1378 incrementis
1033 1315 1498 1383 decrementisque
1526 1313 1544 1344 ⁸
1563 1309 1797 1366 obnoxia
1819 1317 1921 1373 est,
1940 1309 2018 1364 sic
2037 1318 2093 1364 et

517 1423 663 1472 tetus
688 1412 919 1469 mundus
941 1410 1043 1465 iste
1068 1405 1401 1477 generationi
1422 1412 1479 1461 et
1500 1401 1830 1473 corruptioni
1857 1401 2091 1471 partium

513 1508 631 1575 sui;
683 1504 818 1560 nihil
861 1502 1003 1558 enim
1056 1502 1109 1554 in
1156 1515 1223 1555 eo
1267 1499 1481 1553 ﬁrmum
1524 1496 1609 1551 vel
1659 1494 1890 1560 stabile;
1936 1509 2095 1548 omne

514 1599 736 1670 quippe,
758 1594 902 1664 quod
941 1591 1386 1663 comprehendit,
1420 1587 1678 1671 quoniam
1722 1586 1910 1655 incipit
1939 1586 2095 1651 oriri,

2184 862 2347 919 quam
2377 862 2406 900 a
2437 845 2642 901 sanctis
2662 842 2936 908 Patribus,
2961 840 3054 910 qui
3081 855 3206 895 eum
3235 846 3651 910 praecesserunt
3671 852 3775 891 or-

2185 938 2312 992 dine
2370 945 2708 1005 temporum,
2775 932 2844 987 ab
2903 928 3191 986 Ambrosio
3220 928 3345 984 dico
3398 927 3771 1000 Gregorioque

2187 1028 2489 1098 Theologo,
2517 1040 2747 1097 quorum
2775 1021 3181 1080 auctoritate.in
3209 1019 3331 1075 aliis
3357 1019 3493 1075 locis
3520 1034 3627 1074 non
3658 1020 3770 1074 dis-

2188 1129 2407 1191 crepat,
2451 1117 2791 1174 dissensisse.
2819 1115 3143 1186 Ego.autem
3170 1112 3302 1167 nulli
3331 1113 3618 1183 derogans,
3645 1126 3766 1166 cum

2190 1209 2337 1265 nullo
2370 1206 2699 1263 contendens
2719 1244 2735 1271 ,
2765 1204 3136 1260 indubitanter
3162 1201 3422 1272 intelligo,
3465 1201 3611 1272 quod
3657 1201 3771 1271 ipse

2192 1298 2451 1355 Dominus
2474 1296 2609 1352 dixit
2638 1313 2653 1349 :
2706 1293 2818 1364 Ego
2845 1302 2895 1347 et
2932 1290 3096 1346 Pater
3131 1306 3294 1345 unum
3317 1306 3519 1352 sumus,
3569 1304 3677 1345 non
3708 1291 3774 1344 de

2193 1388 2307 1445 sola
2345 1402 2442 1442 sua
2470 1384 2774 1449 divinitate,
2804 1383 2897 1437 sed
2922 1380 2991 1436 de
3019 1389 3132 1437 tota
3176 1395 3273 1436 sua
3318 1379 3636 1443 substantia,
3679 1380 3775 1434 ho-

2195 1484 2447 1553 mineque
2473 1482 2692 1550 Deoque
2708 1487 2734 1522 ι
2754 1478 2987 1544 dixisse;
3018 1492 3081 1533 ac
3103 1478 3315 1548 perhoc
3340 1485 3485 1533 totus
3508 1476 3773 1543 Christus,

2199 1574 2439 1631 Verbum
2466 1572 2717 1629 videlicet
2742 1579 2799 1627 et
2828 1584 2979 1636 caro,
3008 1570 3211 1640 ubique
3230 1576 3336 1635 est,
3363 1566 3616 1639 nulloque
3642 1584 3776 1625 con-

516 1660 883 1743 necessarium
918 1692 1002 1738 est
1028 1660 1276 1737 occidere
1310 1698 1323 1734 :
1366 1661 1560 1734 solaris
1592 1686 1777 1732 autem
1819 1690 2010 1731 cursus
2044 1682 2099 1728 et
2199 1666 2402 1721 tinetur
2440 1664 2574 1727 Ιοοο,
2608 1677 2709 1718 nec
2733 1662 2788 1716 in
2815 1668 2952 1726 ιοωο
2998 1674 3100 1716 nec
3138 1660 3192 1714 in
3222 1667 3378 1729 Parte
3400 1661 3506 1726 ευί.
3537 1661 3636 1716 hoc
3668 1670 3775 1727 est.

516 1777 781 1836 claritatis
808 1785 931 1847 typo
966 1772 1324 1843 spiritualium
1357 1786 1556 1833 rerum,
1590 1784 1730 1839 quae
1759 1766 2101 1823 uniformiter
2132 1774 2377 1847 __neque
2412 1760 2468 1814 in
2509 1758 2815 1822 divinitate,
2861 1771 3038 1827 neque
3088 1756 3144 1811 in
3189 1755 3544 1821 humanitate,
3585 1754 3781 1824 quibus

518 1878 574 1925 et
612 1876 757 1923 stant
791 1839 1190 1926 et-moventur,
1232 1860 1651 1931 pulcherrimam
1690 1855 2100 1926 dispositionem
2132 1839 2177 1897 Β
2205 1852 2369 1907 veluti
2394 1851 2600 1907 duabus
2626 1850 2872 1921 partibus
2901 1858 3011 1905 tota
3044 1850 3216 1921 ipsius
3245 1850 3545 1905 substantia
3572 1850 3773 1905 consti-

521 1957 835 2031 signillcari.
865 1956 986 2011 Erit
1003 1969 1131 2024 ergo
1151 1953 1242 2006 lux
1260 1952 1418 2007 limae
1438 1951 1577 2006 sicut
1598 1950 1686 2006 lux
1712 1949 1860 2010 solis,
1887 1946 2102 2017 quando

522 2048 975 2105 transmutabitur
998 2044 1360 2114 corporalium
1395 2057 1577 2097 rerum
1606 2038 1954 2094 multiformis
1988 2052 2103 2092 mu-

524 2139 812 2206 tabilisque
842 2135 1073 2189 varietas
1125 2143 1178 2188 et
1208 2130 1766 2200 incomprehensibilis
1799 2127 2064 2182 discursio
2087 2165 2105 2193 ,

525 2245 669 2287 nunc
713 2228 964 2283 sensibus
1014 2238 1279 2295 apparens
1308 2264 1323 2289 ,
1378 2236 1523 2276 nunc
1573 2219 1641 2274 ab
1693 2220 1775 2274 eis
1824 2218 2105 2283 recedens,

524 2336 668 2378 nunc
714 2318 1042 2391 perfectam,
1097 2330 1240 2370 nunc
1280 2313 1647 2383 imperfectam
1692 2311 1927 2381 speciem
1956 2323 2111 2380 prae-

526 2421 698 2474 stans,
756 2410 810 2462 in
866 2405 1221 2476 spiritualium
1272 2405 1693 2459 substantiarum
1744 2399 2112 2471 plenissimam

527 2498 1025 2567 immutabilemque
1064 2495 1364 2549 claritatem
1399 2491 1829 2559 uniformemque
1869 2489 2110 2560 pulchri-

528 2589 768 2644 tudinem
792 2595 846 2641 et
869 2587 1238 2650 honestatem;
1262 2584 1353 2638 lux
1374 2599 1502 2639 vero
1523 2583 1668 2646 solis,
1694 2583 1795 2636 hoc
1823 2590 1926 2647 est,
1951 2581 2113 2650 spiri-

527 2679 751 2735 tualium
780 2692 960 2734 rerum
988 2676 1211 2747 pulchra
1249 2674 1558 2729 formositas
1609 2672 1714 2728 erit
1750 2671 2115 2742 septemplici-

530 2782 636 2839 ter,
663 2773 805 2828 sicut
841 2770 934 2825 lux
968 2778 1174 2839 septem
1219 2768 1449 2830 dierum,
1496 2766 1600 2819 hoc
1626 2776 1711 2819 est
1738 2762 2115 2834 principalium

530 2878 842 2927 causarum,
866 2875 1005 2931 quae
1029 2861 1080 2913 in
1101 2857 1518 2914 sublimissimae
1541 2854 1839 2925 sapientiae
1870 2852 2118 2908 claritate

531 2954 853 3007 substitutae
873 2960 1014 3015 sunt,
1040 2965 1180 3019 quae
1202 2949 1365 3004 etiam
1382 2946 1684 3016 septenario
1705 2960 1928 3000 numero
1943 2943 2119 3016 typice

535 3042 708 3096 solent
736 3040 979 3111 figurari,
1023 3039 1277 3109 quoniam
1312 3054 1407 3092 sex
1447 3036 1638 3107 primis
1685 3035 1925 3107 mysticis
1969 3033 2121 3089 intel-

533 3132 933 3206 ligibilibusque
964 3130 1153 3185 diebus
1180 3130 1232 3183 in
1256 3130 1432 3184 Verbo
1453 3127 1549 3181 Dei
1576 3125 1754 3182 factae
1780 3133 1926 3191 sunt,
1956 3125 2117 3194 septi-

2207 1941 2393 1996 tuitur.
2422 1939 2491 1995 Et
2518 1940 2621 1994 hoc
2637 1955 2707 1995 ex
2735 1940 3000 1994 sententia
3026 1941 3196 1995 sancti
3220 1938 3409 1994 Hilarii
3435 1939 3785 1996 Pictaviensis

2205 2031 2441 2101 episcopi
2469 2044 2759 2100 possumus
2783 2031 3112 2101 approbare;
3139 2031 3194 2085 in
3218 2031 3356 2087 libm
3386 2032 3642 2102 siquidem
3670 2043 3788 2089 ter-

2206 2124 2284 2178 tio
2305 2122 2373 2178 de
2416 2122 2684 2177 Trinitate
2734 2137 3028 2193 exponens,
3078 2124 3222 2193 quod
3269 2123 3515 2179 Dominus
3556 2123 3788 2179 Patrem

2209 2229 2365 2271 suum
2389 2212 2552 2270 orans
2564 2214 2638 2268 ait
2662 2232 2676 2269 :
2699 2212 2768 2267 Et
2792 2231 2931 2268 nunc
2954 2213 3193 2284 clari/ica
3217 2231 3300 2270 me
3332 2225 3408 2279 tu,
3434 2215 3610 2282 Pater,
3635 2216 3788 2285 apud

2210 2305 2533 2372 temetipsum
2556 2320 2617 2357 ea
2638 2302 2899 2370 claritate,
2930 2318 3089 2373 quant
3114 2303 3295 2368 habui,
3318 2305 3613 2374 priusquam
3633 2319 3793 2358 mun-

2213 2395 2312 2448 dus
2342 2403 2500 2459 esset,
2531 2395 2667 2450 haec
2706 2392 2730 2426 ⁶
2759 2393 2982 2464 protulit
3011 2410 3025 2448 :
3071 2392 3291 2449 Verbum
3316 2412 3439 2449 caro
3466 2395 3660 2464 factum
3685 2412 3792 2450 nor:

2214 2487 2460 2542 amiserat
2484 2486 2623 2557 quod
2653 2495 2788 2553 erat,
2823 2486 2914 2540 sed
2942 2497 3179 2556 coeperat
3207 2503 3318 2541 esse
3346 2486 3486 2557 quod
3512 2504 3614 2541 non
3641 2497 3791 2552 erat;

2215 2595 2319 2633 non
2344 2578 2408 2633 de
2435 2595 2531 2633 suo
2572 2580 2593 2611 '
2621 2579 2906 2644 destiterat,
2942 2578 3058 2644 sed,
3088 2578 3227 2650 quod
3253 2589 3485 2634 nostrum
3518 2590 3612 2645 est,
3648 2596 3795 2633 acce-

2214 2676 2401 2738 perat;
2450 2667 2742 2737 profectum
2780 2668 2803 2700 ⁸
2848 2667 2916 2733 ei,
2948 2668 3087 2739 quod
3132 2668 3364 2738 accepit,
3389 2669 3503 2739 ejus
3541 2667 3793 2722 claritatis

2215 2758 2543 2830 expostulat,
2565 2759 2703 2813 unde
2744 2775 2848 2813 non
2887 2760 3101 2813 destitit.
3128 2758 3271 2830 Ergo
3300 2761 3425 2830 quia
3473 2758 3637 2814 Filius
3666 2758 3798 2814 Ver-

2219 2854 2362 2920 bum,
2386 2865 2432 2908 et
2466 2853 2692 2908 Verbum
2714 2871 2837 2908 caro
2859 2854 3078 2923 factum,
3104 2864 3151 2909 et
3183 2855 3321 2911 Deus
3363 2855 3604 2924 Verbum,
3627 2867 3674 2911 et
3698 2858 3794 2911 hoc

2217 2948 2274 3003 in
2295 2948 2549 3017 principio
2578 2947 2717 3017 apud
2744 2945 2934 3013 Deum,
2970 2957 3016 3001 et
3056 2946 3279 3002 Verbum
3327 2959 3447 3003 ante
3472 2950 3797 3004 constitutio-

2221 3054 2337 3092 nem
2360 3038 2544 3093 mundi
2570 3041 2591 3072 ’
2621 3036 2816 3103 Filius,
2842 3054 2980 3092 nunc
3015 3055 3138 3093 caro
3167 3039 3359 3107 factus,
3384 3040 3590 3107 orabat,
3620 3051 3673 3094 ut
3701 3041 3796 3095 Irae

2226 3128 2375 3183 Patri
2402 3146 2525 3184 caro
2544 3131 2789 3200 inciperet
2816 3146 2946 3196 esse,
2964 3131 3101 3201 quod
3125 3128 3366 3198 Verbum,
3393 3142 3451 3185 ut
3479 3132 3555 3194 id,
3577 3132 3715 3203 quod
3736 3132 3796 3185 de

534 3238 731 3295 meque
776 3222 862 3276 die
909 3235 1096 3275 earum
1145 3217 1381 3291 perfecta
1416 3216 1811 3272 consummatio
1850 3216 1901 3269 in
1947 3230 2033 3279 eo,
2066 3215 2118 3268 in
2147 3197 2194 3263 C
2225 3229 2452 3289 tempore
2472 3229 2605 3284 erat,
2637 3197 2860 3289 qloriam
2882 3197 3021 3290 ejus,
3048 3222 3138 3291 qui
3172 3222 3283 3276 sine
3327 3232 3553 3293 tempore
3581 3197 3676 3287 est,
3704 3239 3795 3275 ac-

534 3331 642 3387 quo
669 3323 885 3369 creatae
919 3321 1076 3377 sunt,
1127 3310 1413 3379 requievit.
1447 3311 1511 3363 Et
1546 3309 1649 3363 hoe
1674 3316 1757 3361 est
1786 3306 2122 3375 intelligibile

535 3404 845 3467 sabbatum,
860 3401 1001 3472 quod
1026 3410 1080 3455 et
1099 3401 1153 3454 in
1170 3400 1477 3456 conditione
1499 3413 1679 3452 rerum
1700 3399 2122 3467 praeliguratum

534 3504 623 3552 est
663 3504 717 3549 et
752 3495 1084 3553 inchoatum,
1120 3501 1173 3546 et
1221 3493 1272 3545 in
1303 3506 1487 3545 earum
1536 3490 1641 3542 line
1688 3486 2126 3542 manifestabitur

536 3590 593 3638 et
626 3582 955 3652 perficietur,
986 3581 1202 3648 quando
1227 3580 1407 3633 omnis
1454 3578 1724 3633 sensibilis
1771 3588 2021 3631 creatura
2067 3578 2124 3632 in

541 3669 953 3739 intelligibilem,
985 3677 1040 3723 et
1069 3669 1247 3724 omnis
1292 3667 1643 3738 intelligibilis
1689 3667 1747 3721 in
1797 3681 2023 3732 causas,
2070 3676 2129 3724 et

539 3778 739 3821 causae
774 3763 830 3818 in
857 3777 1143 3818 causarum
1188 3775 1438 3827 causam,
1468 3775 1608 3831 quae
1650 3762 1793 3816 Deus
1829 3768 1913 3816 est
1939 3761 1982 3826 ',
2012 3775 2127 3815 mu-

539 3857 819 3922 tabuntur,
841 3865 1169 3924 aeternaque
1198 3854 1384 3924 requis
1408 3852 1739 3924 gaudebunt,
1764 3851 2127 3922 ineﬂ‘abilique

540 3947 787 4005 claritate
815 3946 1094 4018 fulgebunt
1133 3954 1188 4000 et
1212 3943 1748 4017 sabbatizabunt.Et
1774 3944 1866 4013 qui
1909 3943 1930 3975 ⁸
1972 3944 2127 3999 nobis

541 4038 901 4110 Augustinum
927 4045 1247 4108 opponunt,
1278 4045 1533 4106 tanquam
1582 4035 1683 4104 ipsi
1730 4035 1990 4106 majorem
2032 4035 2128 4090 do-

542 4128 752 4185 ctrinae
778 4127 919 4184 illius
946 4128 1327 4193 reverentiam,
1357 4141 1521 4196 quam
1551 4139 1650 4180 nos
1676 4164 1691 4192 ,
1736 4124 1998 4195 praebere
2035 4138 2129 4179 ve-

541 4219 645 4275 lint
663 4220 710 4285 δ,
736 4226 791 4275 ει
814 4217 1149 4289 frequentius
1179 4217 1580 4286 studiosiusque
1601 4218 1897 4271 sententias
1918 4214 2038 4285 ejus
2059 4214 2127 4269 de

544 4310 742 4366 talibus
766 4309 1015 4381 legerint,
1044 4309 1283 4375 videant,
1319 4308 1447 4378 quid
1484 4308 1599 4377 ipse
1632 4306 1685 4360 in
1729 4305 1931 4360 eisdem
1976 4305 2128 4361 libris

545 4400 612 4456 de
647 4399 880 4456 Civitate
905 4398 1000 4454 Dei
1029 4400 1095 4454 de
1123 4400 1364 4462 interitu,
1391 4397 1565 4467 deque
1587 4394 1957 4450 destructione
1987 4393 2129 4449 illius

544 4490 815 4547 sensibilis
838 4497 894 4544 et
923 4490 1167 4558 corporei
1195 4490 1350 4555 caeli,
1378 4488 1759 4556 omniumque,
1810 4500 1950 4556 quae
1986 4485 2126 4540 intra

2224 3311 2434 3381 ciperet,
2481 3322 2536 3364 ut
2565 3312 2622 3365 in
2653 3309 2751 3364 Dei
2778 3313 3016 3366 virtutem
3037 3322 3085 3366 et
3119 3313 3175 3367 in
3217 3314 3431 3383 spiritus
3456 3315 3796 3383 incorruptio-

2225 3416 2343 3454 nem
2371 3400 2751 3470 transformata
2777 3402 2953 3455 carnis
2982 3405 3246 3472 corruptio
3275 3404 3655 3458 absorberetur.

2296 3489 2385 3544 58.
2417 3490 2475 3544 Si
2518 3504 2647 3561 ergo
2675 3489 3057 3546 transformata
3105 3508 3230 3547 caro
3254 3492 3455 3548 Christi
3484 3504 3565 3548 est
3607 3493 3660 3547 in
3704 3493 3801 3548 Dei

2226 3580 2477 3637 virtutem
2505 3590 2561 3638 et
2605 3584 2827 3653 spiritus
2875 3585 3328 3656 incorruptionem
3356 3627 3372 3653 ,
3400 3587 3638 3656 profecto
3680 3587 3801 3657 ipsa

2201 3689 2355 3762 kcaro
2380 3674 2554 3730 virtus
2581 3684 2666 3731 est
2703 3684 2759 3731 et
2801 3674 3218 3747 incorruptibilis
3262 3678 3506 3749 spiritus.
3550 3682 3617 3731 At
3654 3675 3700 3708 ¹⁰
3751 3677 3800 3732 si

2226 3766 2324 3819 Dei
2347 3766 2517 3821 virtus
2543 3774 2600 3822 et
2640 3767 2860 3838 spiritus
2881 3768 3079 3838 ubique
3104 3776 3207 3834 est,
3240 3783 3346 3825 non
3377 3769 3550 3825 solum
3576 3783 3737 3839 supra
3761 3769 3802 3799 "

2226 3856 2344 3913 loca
2368 3866 2427 3913 et
2450 3866 2724 3929 tempora,
2748 3875 2935 3915 verum
2970 3861 3133 3937 etiam
3178 3877 3338 3932 supra
3361 3863 3403 3893 ¹¹
3445 3874 3636 3928 omne,
3664 3860 3805 3931 quod

2227 3957 2330 4014 est,
2358 3947 2489 4004 nulli
2510 3950 2752 4017 dubium,
2785 3950 2955 4021 ipsam
2986 3967 3205 4007 carnem
3232 3954 3286 4006 in
3314 3954 3568 4008 virtutem
3611 3961 3669 4008 et
3694 3952 3805 4024 spi-

2228 4041 2394 4095 ritum
2424 4040 2861 4098 transformatam
2884 4043 3032 4099 nullo
3052 4044 3169 4101 loco
3194 4046 3480 4112 contineri,
3503 4045 3654 4101 nullo
3677 4055 3807 4101 tem-

2226 4148 2360 4204 pore
2385 4134 2584 4189 mutari
2613 4136 2631 4166 ί
2661 4174 2678 4200 ,
2708 4135 2803 4191 sed
2830 4135 2987 4191 sicuti
3014 4136 3111 4191 Dei
3138 4137 3309 4193 virtus
3334 4145 3391 4192 et
3415 4137 3653 4208 spiritus,
3676 4135 3809 4192 Ver-

2226 4224 2354 4279 bum
2384 4226 2656 4293 videlicet,
2673 4228 2815 4295 quod
2837 4241 2955 4282 eam
2976 4226 3092 4296 jam
3116 4227 3230 4283 “in
3257 4228 3519 4284 unitatem
3549 4229 3650 4284 sibi
3679 4228 3808 4283 sub-

2226 4319 2459 4374 stantiae
2500 4328 2801 4389 acceperat,
2852 4320 3031 4375 omnia
3062 4320 3176 4377 loca
3210 4329 3265 4376 et
3307 4329 3571 4391 tempora,
3603 4329 3659 4374 et
3687 4319 3809 4373 uni-

2226 4410 2507 4466 versaliter
2560 4425 2777 4467 omnem
2834 4412 3393 4482 circumscriptionem
3433 4412 3691 4469 excedere
3744 4409 3808 4463 ιδ.

2232 4497 2330 4555 Sat
2342 4507 2425 4554 est
2445 4499 2627 4570 igitur,
2647 4498 2875 4571 praefati
2888 4501 3153 4573 magistri,
3168 4502 3455 4573 Augustini
3476 4501 3723 4557 videlicet
3742 4501 3809 4565 “,

546 4580 808 4633 ambitum
834 4576 970 4644 ejus,
1015 4552 1069 4630 in
1095 4577 1293 4645 quibus
1319 4552 1483 4631 etiam
1509 4552 1728 4631 carnem
1774 4552 1977 4631 Christi
2008 4586 2115 4645 p051

2249 4552 2259 4555 -
2647 4552 3455 4573 τ-ηψπ-τω-.--το---ηη
3794 4552 3808 4565 ,

2232 4605 2393 4645 unam
2423 4593 2745 4647 sententiam
2763 4632 2779 4658 ,
2801 4608 2925 4649 cum
2947 4595 3151 4650 multae
3175 4594 3303 4659 sint,
3328 4610 3530 4665 ponere
3568 4593 3636 4650 de
3659 4592 3812 4649 caelo

549 4667 1003 4722 resurrectionem
1063 4667 1261 4721 includi
1312 4667 1488 4737 ipsum
1533 4670 1751 4724 beatum
1812 4667 2131 4737 magistrum

546 4765 738 4829 putant
764 4756 1124 4815 existimasse.
1170 4757 1506 4820 disseruerit,
1554 4768 1609 4812 et
1636 4758 1904 4826 quomodo
1934 4757 2136 4811 acutis-

550 4846 720 4901 simae
747 4843 1136 4914 intelligentiae
1162 4844 1325 4899 homo
1359 4845 1595 4899 senserit
1626 4844 1733 4899 duo
1757 4843 1975 4899 sibimet
2000 4859 2131 4901 cou-

552 4935 739 5002 traria,
771 4932 979 4989 caelum
1028 4933 1235 4989 scilicet
1274 4948 1590 5005 corporeum
1634 4933 1849 5005 penitus
1889 4933 2130 4989 interitu-

552 5040 697 5094 rum,
732 5036 787 5082 et
830 5040 1048 5083 carnem
1087 5025 1288 5084 Christi
1329 5034 1452 5099 post
1503 5028 1959 5083 resurrectionem
1986 5026 2040 5081 in
2069 5042 2134 5082 eo

552 5131 900 5188 constitutam
947 5131 1192 5188 localiter
1216 5138 1273 5187 et
1295 5131 1706 5202 circumscripte
1736 5131 1885 5187 inea
1919 5130 2095 5186 forma
2114 5168 2131 5195 ,

553 5247 659 5302 qua
682 5233 823 5289 inter
848 5232 1093 5290 homines
1124 5246 1286 5288 verus
1327 5233 1490 5289 homo
1518 5247 1587 5288 ex
1610 5232 1921 5288 hominibus
1960 5229 2133 5284 factus

2232 4691 2290 4738 et
2313 4691 2483 4749 terra,
2508 4697 2646 4753 quae
2668 4699 2812 4739 nunc
2828 4695 2975 4751 sunt,
3002 4686 3131 4755 quid
3172 4694 3295 4757 post
3332 4687 3589 4757 judicium
3627 4684 3806 4737 futura

2231 4782 2421 4840 erunt;
2457 4774 2512 4828 iu
2537 4773 2797 4829 vicesimo
2838 4774 2907 4829 de
2939 4774 3172 4831 Civitate
3198 4775 3294 4830 Dei
3315 4775 3470 4839 libro,
3513 4770 3810 4827 tredecimo

2233 4862 2467 4930 capitulo
2491 4881 2505 4917 :
2533 4859 2746 4930 Postea,
2771 4862 2964 4934 inquit,
2989 4874 3197 4935 peracto
3214 4864 3415 4935 judicio
3430 4871 3693 4933 tunaesse
3719 4860 3815 4915 de-

2238 4956 2371 5011 sinet
2400 4955 2496 5009 hoc
2522 4955 2723 5010 caelum
2764 4964 2811 5009 et
2841 4956 2978 5010 haec
3007 4965 3149 5010 terra
3167 4995 3184 5022 ,
3213 4953 3418 5027 quando
3460 4952 3675 5022 incipiet
3703 4967 3814 5007 esse

2240 5045 2440 5102 caelum
2469 5062 2661 5101 novum
2702 5054 2751 5099 et
2776 5053 2917 5099 terra
2957 5060 3126 5111 noua;
3154 5045 3442 5099 mutatione
3477 5057 3699 5109 namque
3735 5056 3816 5093 re-

2237 5155 2375 5203 rum,
2404 5155 2509 5194 non
2557 5136 2856 5192 omnimodo
2899 5136 3114 5191 interitu
3152 5136 3393 5191 transibit
3437 5134 3520 5189 hic
3567 5132 3810 5188 mundus.

2240 5229 2393 5286 Unde
2438 5238 2494 5284 et
2548 5228 2840 5299 Apostolus
2884 5226 3060 5283 dicit:
3123 5224 3381 5284 Praeterit
3431 5226 3605 5298 ﬁgura
3655 5223 3816 5294 hujus

1841 5368 2092 5425 VARIAE
2129 5366 2532 5425 LECTIONES.

528 5450 551 5463 ’
613 5463 658 5536 ᾖ
678 5462 1254 5536 CFudetrimentisque.
1355 5472 1375 5502 ²
1401 5464 1447 5536 Α
1473 5474 1547 5519 est
1575 5465 1735 5536 Deus.

555 5536 577 5566 ⁸
606 5534 697 5589 Sic
724 5533 837 5598 CF;
870 5534 915 5587 A
940 5536 1036 5588 hoc
1076 5533 1290 5603 protulit
1338 5535 1568 5600 verbum,
1603 5535 1834 5588 Verbum
1864 5541 1971 5586 cet.

556 5604 852 5658 destiterat.
947 5604 970 5636 ⁸
1000 5602 1094 5658 Sic
1127 5602 1246 5669 CF;
1288 5605 1332 5657 Α
1378 5605 1632 5673 profecto.

560 5688 733 5726 super.
813 5673 855 5701 ¹⁸
896 5672 988 5726 Sic
1025 5671 1146 5726 CF:
1194 5673 1239 5725 Α
1279 5675 1563 5726 σιιὶη.ἱυεα
1606 5692 1632 5726 c

561 5689 733 5739 super.
814 5689 855 5701 ι·
896 5689 988 5726 διε
1025 5689 1146 5735 Cr;
1194 5689 1239 5725 Λ
1279 5690 1563 5742 quin-ipsa
1606 5691 1729 5729 caro
1755 5712 1772 5727 .
1815 5712 1829 5727 .

561 5737 606 5769 “
623 5739 666 5791 Α
691 5740 925 5792 excedat.
1000 5742 1043 5777 ⁸⁸
1071 5740 1344 5806 Augustini
1371 5744 1601 5798 videlicet
1628 5760 1737 5800 oni.
1768 5746 1835 5799 A.

1837 5462 1858 5493 ⁸
1891 5462 1981 5516 Sic
2014 5462 2053 5515 A
2082 5478 2096 5525 ;
2129 5460 2213 5516 CF
2240 5460 2393 5529 quid.

2489 5459 2512 5491 ⁸
2536 5459 2582 5532 ᾼ
2605 5457 2880 5532 uoluerint.
2955 5467 3008 5532 _I
3034 5458 3341 5531 homineque
3369 5457 3578 5532 Deoque
3610 5477 3719 5517 om.
3746 5460 3813 5517 Δ.

2083 5531 2104 5562 ⁷
2134 5531 2223 5584 Sic
2251 5528 2293 5583 A
2324 5529 2440 5596 CF;
2470 5531 2563 5585 sed
2604 5528 2644 5583 F
2690 5544 2853 5599 supra
2903 5529 3081 5584 adscr.
3115 5528 3263 5585 corr.
3289 5547 3395 5587 non
3449 5528 3516 5588 de
3562 5547 3659 5589 suo
3706 5549 3817 5587 esse

1733 5605 1755 5637 ⁹
1788 5602 1834 5658 Α
1866 5601 2049 5656 mundi
2098 5602 2517 5655 constitutionem
2565 5599 2728 5667 ﬁlius,
2777 5600 2937 5655 illius.
3014 5599 3058 5631 ‘°
3099 5599 3191 5656 Sic
3237 5599 3361 5667 CF;
3419 5602 3464 5655 Α
3503 5620 3586 5657 ac.

1815 5712 1829 5727 .
1874 5711 1891 5727 .
1922 5671 2303 5741 transformata
2337 5709 2350 5724 .
2380 5709 2394 5726 .
2423 5670 2773 5725 contineatur.

2819 5603 2937 5655 lius.
3014 5603 3058 5631 ¹⁰
3099 5603 3191 5656 Sic
3237 5603 3361 5667 CF;
3419 5603 3464 5655 Α
3503 5620 3586 5657 ac.
3689 5604 3728 5635 ¹¹
3770 5603 3817 5656 Α

2817 5709 2831 5725 .
2869 5679 3120 5727 mutetur.
3197 5671 3242 5704 ¹³
3278 5669 3372 5729 Sic
3397 5670 3516 5740 CF;
3543 5673 3592 5728 Α
3630 5673 3813 5730 etiam.
