4168 6284
364 349 469 404 θ’δό

1176 346 1266 402 DE
1305 344 1653 404 DIVISIONE
1690 343 2045 403 NATUBAE.
2082 376 2154 387 —
2188 344 2391 403 LIBER
2431 343 2758 416 QUINTUS.

3543 343 3651 400 99L

348 474 573 525 meum,
608 454 731 514 volo
752 474 843 514 vos
871 451 983 512 sine
1023 438 1376 513 sortieitudine
1418 473 1550 512 esse.
1596 456 1794 528 Figura
1822 471 1953 529 ergo
1978 461 2030 521 Α
2056 472 2201 528 quoa
2229 457 2377 514 aliud
2402 457 2555 524 illud,
2596 456 2742 512 aliud
2769 454 2913 526 quod
2949 462 3134 511 natum
3179 461 3265 510 est
3312 469 3377 509 ex
3417 455 3648 529 virgine,

360 551 643 621 praeterit,
669 564 777 604 non
816 557 1028 623 natura.
1054 549 1170 617 Dic,
1217 562 1439 618 quaeso,
1488 547 1585 603 ubi
1624 547 1865 603 dissonat
1888 546 1957 601 ab

356 641 474 707 .his,
505 655 642 711 quae
685 639 919 711 diximus
961 639 1027 694 de
1072 638 1300 695 transitu
1332 637 1516 695 mundi
1550 635 1709 705 hujus
1744 636 1798 689 in
1830 650 1957 719 suas

361 746 580 797 causas,
608 744 742 802 quas
789 729 904 799 ipse
954 736 1202 783 naturam
1242 726 1493 783 vocavit?
1537 725 1630 781 llle
1669 724 1821 789 dicit,
1853 723 1958 779 hoc

359 827 573 882 caelum
602 834 658 880 et
681 826 822 881 hanc
844 833 1047 880 terram
1068 832 1193 895 post
1213 823 1476 896 judicium
1503 835 1625 879 esse
1645 820 1886 876 desitura
1912 820 1951 884 ί,

357 916 534 972 solam
564 930 693 973 vero
729 929 919 972 eorum
963 927 1215 973 naturam
1240 913 1656 971 immntabiliter
1698 926 1953 977 manere;

355 1004 616 1062 similiter
661 1013 717 1060 et
745 1020 846 1060 nos
888 1004 1172 1059 docuimus
1213 1003 1441 1074 vestigia
1481 1002 1599 1072 ejus
1637 1008 1692 1057 et
1726 1000 1957 1073 aliorum
1994 1041 2007 1069 ,

358 1097 626 1161 similium
652 1108 943 1167 sequentes
964 1098 1005 1161 ',
1031 1112 1215 1162 omne,
1246 1096 1389 1167 quod
1413 1097 1466 1150 in
1494 1096 1597 1150 hoc
1618 1096 1816 1149 mundo
1828 1109 1955 1150 sen-

359 1189 522 1248 sibile
567 1200 623 1245 et
656 1189 828 1246 locale
858 1197 915 1245 et
959 1187 1270 1257 temporale,
1303 1200 1571 1256 omneque
1608 1184 1959 1240 mutabilitati

364 1282 664 1338 obnoxium
686 1283 1142 1351 periturum,hoc
1183 1291 1289 1348 est,
1322 1281 1674 1337 transiturum
1701 1278 1755 1333 in
1786 1279 1955 1368 ipsam

364 1372 757 1439 substantiam,
780 1373 885 1428 hoc
910 1382 1017 1439 est,
1039 1382 1288 1429 naturam
1313 1374 1363 1438 ³;
1399 1381 1647 1428 naturam
1670 1388 1798 1428 vero
1822 1373 1958 1444 ejus,

368 1475 513 1531 quae
544 1461 963 1532 incorporaliter
1005 1473 1062 1518 et
1092 1463 1505 1535 intelligibiliter
1546 1464 1597 1518 in
1639 1463 1963 1533 primordia-

366 1547 514 1608 libus
540 1567 721 1607 rerum
744 1551 986 1606 omnium
1008 1560 1032 1592 ι
1052 1554 1233 1611 causis
1258 1552 1669 1609 immutabiliter
1691 1562 1746 1609 et
1782 1554 1963 1609 incor-

367 1641 700 1711 ruptibiliter
719 1641 1049 1708 continetur,
1072 1657 1290 1714 semper
1302 1657 1636 1699 mansuram.
1662 1641 1718 1698 Si
1734 1643 1855 1712 quis
1872 1632 1965 1697 auo

364 1738 477 1785 tem
502 1730 721 1797 dixerit,
748 1728 908 1801 hujus
934 1731 1123 1787 mundi
1146 1740 1396 1789 naturam
1422 1742 1585 1804 atque
1604 1732 1963 1803 substantiam

2042 563 2383 619 suspensum
2428 548 2481 602 in
2529 562 2712 609 cruce,
2752 548 3147 617 gresuseitatum
3187 562 3216 601 a
3259 548 3510 614 mortuis,
3552 542 3652 605 sed

2059 639 2234 709 ipsum
2263 639 2331 694 de
2355 637 2570 693 mortali
2603 637 2654 692 in
2693 622 3021 703 immortale,
3053 637 3120 693 de
3149 626 3459 692 anima’liin
3488 640 3653 709 spiri-

2044 716 2227 801 rtuale,
2284 730 2351 785 de
2394 738 2614 787 terreno
2653 730 2707 784 in
2744 724 2977 787 caeleste
3013 738 3298 785 mutatum.
3342 730 3400 787 lo
3452 730 3654 789 talibus

2061 818 2381 888 corporibus
2414 819 2683 875 humanae
2710 827 2939 874 naturae
2971 820 3334 876 numerositas
3371 834 3436 875 ex
3464 812 3652 877 secre-

2059 909 2131 964 tis
2173 908 2287 963 suis
2335 908 2563 974 sinibus,
2605 909 2648 963 si
2691 925 2797 964 non
2842 917 3112 979 peccaret,
3147 908 3450 979 pullularet.
3506 912 3652 966 Inest

2059 1002 2327 1072 siqnidetn
2361 1001 2654 1072 unicuique
2698 1001 2979 1057 hominum
3029 1001 3240 1057 occulta
3292 1004 3536 1075 corporis
3564 1003 3653 1060 sui

2060 1091 2222 1156 ratio,
2256 1090 2309 1144 in
2340 1106 2501 1163 quam
2534 1091 2949 1146 resurrectionis
2974 1098 3218 1161 tempore
3241 1093 3342 1148 hoc
3376 1104 3652 1149 terrenum

2054 1174 2398 1251 'mortaleque
2426 1181 2747 1247 mutabitur,
2767 1189 2822 1237 et
2846 1182 2898 1235 in
2922 1196 3029 1251 qua
3053 1184 3311 1254 angelicis
3334 1190 3654 1258 corporibus

2058 1262 2467 1334 assimilabitur,
2488 1270 2704 1341 quando
2727 1270 2974 1326 homines
2994 1272 3237 1342 aequales
3259 1276 3457 1345 angelis
3479 1288 3655 1335 erunt.

2063 1362 2219 1418 Nulla
2246 1361 2427 1433 itaque
2457 1362 2599 1417 ratio
2630 1361 2786 1417 nobis
2816 1361 3017 1428 obstat,
3044 1372 3102 1418 ut
3132 1379 3240 1419 non
3284 1367 3660 1425 incunctanter

2052 1448 2120 1529 _'et
2147 1453 2433 1513 credamus
2456 1461 2511 1508 et
2553 1452 2935 1525 intelligamus,
2966 1454 3255 1510 Dominum
3286 1467 3535 1514 nostrum
3571 1459 3657 1518 Je-

2066 1559 2186 1600 sum
2215 1542 2492 1600 Christum
2526 1544 2580 1598 in
2612 1545 2823 1602 duabus
2867 1547 2981 1603 suis
3012 1550 3241 1617 naturis,
3282 1552 3336 1607 in
3380 1553 3661 1624 insepara-

2062 1637 2227 1692 bilem
2252 1652 2404 1692 suam
2436 1637 2800 1693 substantiam
2825 1636 3099 1707 adunatis,
3133 1642 3331 1713 ubique
3365 1660 3507 1714 esse,
3549 1646 3664 1703 nul-

2068 1725 2288 1798 lamque
2310 1728 2395 1783 sui
2422 1735 2631 1797 partem
2655 1728 2763 1784 ullo
2784 1728 2869 1785 vel
2892 1729 3009 1787 loco
3036 1731 3121 1787 vel
3158 1742 3418 1806 tempore,
3446 1753 3541 1793 seu
3570 1737 3664 1794 all-

361 1822 679 1881 sensibuem
712 1838 1101 1894 corporeamve
1147 1839 1289 1893 esse,
1332 1825 1466 1883 locis
1500 1826 1963 1896 temporibusque,
1991 1818 2041 1879 B
2068 1832 2178 1888 quo
2229 1819 2409 1884 modo,
2470 1834 2577 1888 quo
2628 1830 2876 1876 creatura
2926 1821 3205 1891 delinitur,
3256 1827 3658 1909 circumscribi.

362 1913 806 1985 generationibus
833 1922 892 1969 et
930 1916 1368 1986 eorruptionibus
1397 1917 1686 1981 subditam,
1713 1932 1844 1971 vera
1876 1931 1962 1970 ra-

368 2005 521 2061 tione
549 2005 1016 2077 elongatus,omni
1057 2008 1354 2078 responso"
1375 2008 1629 2080 indignus
1663 2008 1895 2064 ellieitur
1914 2007 1958 2074 ⁸,

363 2096 618 2152 omnibus
650 2097 891 2168 physicis
923 2098 1259 2171 sapientibus
1280 2100 1409 2157 dum
1437 2100 1509 2154 sit
1535 2099 1839 2166 deﬁnitum,
1865 2113 1961 2153 na-

365 2196 542 2241 turam
571 2187 1038 2258 substantiamque
1076 2204 1366 2260 corporum
1396 2191 1769 2261 incorpoream
1817 2206 1957 2246 esse.

367 2275 429 2331 Si
460 2285 645 2355 autem
674 2278 891 2345 dixerit,
922 2294 1143 2336 carnem
1190 2281 1393 2337 Christi
1438 2292 1561 2353 post
1605 2284 1963 2339 resurrectio-

363 2382 493 2422 nem
522 2368 668 2423 iutra
697 2369 958 2439 ambitum
989 2369 1150 2445 hujus
1195 2373 1439 2443 corporei
1488 2373 1624 2429 caeli
1678 2389 1849 2444 usque
1894 2375 1962 2429 ad

368 2457 514 2513 diem
553 2457 742 2527 judicii
791 2475 1145 2529 mansuram,
1197 2477 1263 2517 eo
1316 2478 1447 2521 vero
1495 2463 1771 2520 defectura
1819 2465 1963 2521 ultra

368 2554 554 2611 omnia
590 2553 709 2610 loca
735 2565 791 2612 et
828 2565 1094 2628 tempora,
1129 2557 1272 2613 ultra
1305 2574 1494 2616 omnes
1524 2561 1753 2617 virtutes
1791 2560 1964 2618 caele-

370 2655 483 2704 stes
532 2661 901 2716 ascensuram,
954 2650 1200 2720 profecto
1246 2666 1355 2708 non
1396 2652 1670 2725 intelligit,
1703 2656 1846 2722 quod
1897 2653 1964 2713 de

372 2745 487 2796 tcto
536 2737 756 2795 Christo
801 2741 1067 2797 catholica
1107 2743 1397 2799 conﬁtetur
1440 2743 1704 2812 Ecclesia,
1735 2746 1958 2801 dicens:

369 2829 616 2886 Ascendit
644 2833 701 2886 in
733 2832 959 2899 caelum,
986 2835 1127 2890 sedet
1157 2836 1227 2889 ad
1249 2835 1488 2892 dextram
1512 2835 1711 2892 Patris.
1755 2836 1820 2913 Et
1842 2838 1964 2907 quis

371 2924 478 2979 nisi
526 2940 714 2981 amens
761 2926 979 2994 dixerit,
1030 2929 1293 2985 caelestes
1349 2930 1576 2987 virtutes
1628 2931 1768 2986 ultra
1817 2918 1963 2987 hunc

374 3013 634 3068 mundum
658 3029 798 3081 csse,
826 3016 966 3071 intra
998 3017 1174 3087 ipsum
1199 3034 1326 3075 vero
1348 3036 1566 3077 carnem
1588 3021 1814 3088 Christi,
1843 3038 1965 3078 ver-

373 3118 490 3159 sam
511 3105 623 3175 jam
648 3107 702 3162 in
731 3107 998 3179 spiritum,
1035 3111 1143 3165 imo
1170 3112 1223 3166 in
1266 3113 1451 3181 ipsum
1471 3112 1664 3181 Deum,
1709 3114 1959 3182 detineri,

2069 1908 2238 1965 Totus
2253 1909 2397 1966 enim
2424 1910 2569 1966 Deus
2595 1918 2679 1965 est
2712 1920 2857 1968 totus
2884 1913 3102 1984 ubique,
3123 1925 3267 1973 totus
3290 1934 3454 1990 super
3475 1916 3660 1987 omne,

2067 2001 2212 2070 quod
2240 2001 2439 2055 dicitur
2462 2008 2516 2056 et
2542 1990 2876 2071 intelligitur,
2904 2006 3194 2073 exaltatus,
3231 2017 3374 2064 totus
3403 2013 3454 2064 in
3475 2011 3659 2080 Patre,

2067 2102 2123 2148 et
2143 2107 2267 2148 eum
2289 2092 2450 2148 Patre
2490 2109 2656 2148 unum
2703 2094 2950 2164 ell‘ectus,
2979 2100 3123 2154 tctus
3150 2098 3291 2155 Deus
3328 2101 3381 2156 in
3416 2110 3531 2158 toto
3568 2104 3661 2159 ho-

2067 2186 2238 2251 mine,
2269 2194 2323 2240 et
2350 2194 2492 2241 totus
2529 2186 2692 2242 homo
2728 2188 2780 2242 in
2810 2180 2920 2245 toto
2956 2190 3084 2256 Deo,
3128 2192 3429 2250 rationibus
3463 2196 3661 2253 utrius-

2053 2292 2175 2359 que
2226 2265 2454 2334 naturae
2499 2279 2553 2334 in
2604 2281 2910 2352 semetipsis
2949 2284 3415 2353 permatientibus.
3468 2288 3546 2345 Ac
3576 2291 3658 2347 sic

2055 2365 2412 2452 “ineﬂ‘abiliter
2451 2379 2508 2425 et
2551 2373 3040 2442 supernaturaliter
3083 2377 3252 2433 nostri
3293 2376 3489 2450 capitis
3534 2382 3661 2437 har-

2067 2461 2248 2516 monia
2281 2471 2532 2533 coaptata
2563 2473 2665 2529 est,
2693 2465 2747 2519 in
2780 2483 2940 2538 quam
2978 2471 3160 2524 omnia
3195 2472 3438 2527 membra
3484 2472 3656 2543 ipsius

2068 2551 2169 2606 sibi
2201 2552 2429 2608 invicem
2456 2555 2756 2611 coadunata
2807 2572 3091 2614 reversura
3142 2569 3289 2628 sunt,
3329 2564 3538 2633 quando
3572 2580 3664 2622 oe-

2059 2636 2276 2695 current
2327 2642 2383 2697 in
2415 2644 2583 2698 virum
2623 2644 2928 2715 perfectum,
2967 2647 3022 2703 in
3055 2648 3430 2719 plenitudinem
3471 2655 3661 2709 aetatis

2068 2730 2282 2797 Christi,
2316 2742 2373 2788 et
2397 2749 2534 2789 unus
2559 2733 2612 2788 in
2638 2735 2909 2802 omnibus,
2940 2748 2994 2793 et
3018 2754 3208 2796 omnes
3230 2741 3283 2795 in
3307 2756 3414 2796 uno
3435 2759 3597 2799 unum
3613 2743 3660 2778 “

2068 2833 2122 2877 et
2173 2812 2280 2880 erit
2311 2832 2366 2880 et
2395 2825 2697 2897 apparebit,
2722 2834 2775 2883 et
2807 2839 2964 2884 erunt
3005 2837 3061 2885 et
3085 2832 3417 2902 apparebunt
3443 2834 3506 2888 “.
3538 2834 3658 2891 Non

2067 2915 2212 2969 enim
2239 2915 2490 2973 audiendi
2531 2926 2674 2985 sunt,
2717 2914 3010 2988 qu‘i'aliter
3037 2931 3234 2992 putant
3259 2926 3655 2996 accipiendum,

2067 3009 2210 3078 quod
2238 3009 2315 3063 ait
2339 3006 2627 3079 Apostolus
2655 3030 2667 3064 :
2705 3011 2879 3066 Donec
2896 3029 3236 3070 occurramus
3265 3033 3441 3073 omnes
3462 3019 3517 3073 in
3541 3021 3662 3074 uni-

2066 3108 2227 3155 tatem
2252 3101 2377 3171 ﬁdei
2396 3114 2443 3156 et
2465 3104 2781 3173 cognitionis
2795 3103 2925 3160 Filii
2947 3106 3065 3174 Dei,
3082 3108 3136 3162 in
3161 3111 3326 3164 virum
3348 3112 3658 3182 perfectum,

373 3211 500 3253 cum
527 3199 826 3265 videamus,
869 3203 1238 3260 crassissimas
1274 3206 1444 3261 nubes
1479 3206 1640 3264 εοιπί
1681 3207 1806 3278 igne
1832 3224 1961 3263 ροη-
1987 3208 2034 3271 C
2065 3196 2119 3251 in
2148 3213 2447 3251 mensuram
2471 3201 2658 3253 aetatis
2691 3199 3032 3270 plenitudinis
3062 3203 3278 3283 Christi.
3311 3206 3660 3262 Arbitrantur

371 3292 535 3356 sumi,
567 3293 730 3363 inque
754 3309 877 3350 eum
910 3297 1195 3352 converti?
1237 3296 1293 3353 Si
1325 3298 1546 3366 dixerit,
1576 3301 1705 3370 quid
1738 3301 1957 3367 mirum,

370 3382 417 3438 si
444 3383 718 3438 Christum
749 3388 1043 3442 secundum
1089 3403 1307 3444 carnem
1350 3391 1404 3446 in
1437 3391 1617 3462 aliquo
1660 3392 1778 3448 loco
1804 3393 1962 3462 hujus

372 3476 618 3545 corporei
653 3477 810 3544 caeli,
838 3478 923 3534 vel
968 3481 1273 3553 ubicunque
1307 3483 1361 3537 in
1392 3498 1458 3539 eo
1498 3485 1750 3549 voluerit,
1778 3485 1961 3541 locali-

373 3576 454 3621 ter
470 3564 497 3599 '
520 3576 667 3624 stare
702 3568 785 3624 vel
811 3571 1015 3627 moveri
1038 3574 1347 3640 credamus,
1379 3577 1675 3632 secundum
1696 3592 1822 3632 vero
1843 3578 1962 3633 ani~

371 3672 515 3712 mam
560 3657 644 3713 vel
685 3658 1022 3737 divinitatem
1059 3663 1257 3733 ubique
1284 3680 1426 3731 esse,
1474 3667 1519 3721 si
1557 3676 1736 3721 tamen
1779 3669 1962 3724 anima

371 3747 510 3817 ejus,
552 3748 694 3803 sicut
743 3758 798 3805 et
840 3751 1119 3819 divinitas,
1151 3753 1353 3825 ubique
1381 3772 1641 3826 praesens
1669 3767 1752 3814 est
1800 3768 1964 3830 atque

374 3836 603 3905 diffusa,
653 3856 779 3896 cum
818 3840 1087 3899 fateamur
1132 3844 1177 3912 ⁸,
1227 3847 1500 3918 angelicos
1545 3850 1770 3919 spiritus
1823 3852 1963 3907 ultra

375 3941 593 3985 omnem
647 3944 961 4001 corpoream
1006 3945 1309 3991 creaturam
1342 3939 1664 4006 subsistere,
1723 3949 1778 3995 et
1821 3941 1964 3996 ultra

375 4032 598 4077 omnem
628 4018 805 4076 locum
847 4023 1137 4080 illocaliter
1173 4028 1403 4094 moveri,
1446 4044 1635 4084 eorum
1683 4045 1813 4086 vero
1849 4047 1966 4086 cor-

375 4126 530 4182 pora,
565 4113 761 4182 quibus
798 4116 1107 4173 hominibus
1140 4118 1317 4175 solent
1343 4135 1630 4191 apparere,
1677 4132 1732 4176 et
1772 4121 1964 4178 localia
2004 4128 2020 4139 '

373 4217 517 4269 esse,
536 4212 591 4259 et
618 4204 758 4260 intra
780 4207 1042 4263 ambitum
1070 4211 1341 4267 sensibilis
1363 4221 1644 4267 creaturae
1663 4214 1961 4269 contineri:

374 4295 790 4364 respondemus,
822 4313 997 4368 neque
1019 4301 1291 4372 angelicos
1316 4301 1564 4372 spiritus,
1589 4318 1765 4373 neque
1812 4304 1967 4374 spiri~

375 4385 544 4440 tualia
578 4402 767 4443 eorum
794 4405 1043 4461 corpora,
1074 4405 1214 4464 quae
1239 4393 1527 4455 causaliter
1562 4392 1616 4450 in
1640 4396 1772 4466 ipsis
1811 4397 1967 4467 spiri-

376 4473 525 4531 tibus
568 4478 887 4547 subsistunt,
947 4482 1088 4537 intra
1136 4492 1288 4554 septa
1346 4499 1641 4553 corporeae
1683 4494 1967 4543 creaturae

2056 3928 2511 3994 manifestissime
2560 3940 2847 3994 destruunt
2898 3948 3062 4010 atque
3107 3944 3457 3998 convincunt.

2065 3288 2283 3358 quippe,
2314 3289 2417 3343 hoc
2457 3290 2659 3345 dictum
2703 3292 2870 3347 fuisse
2917 3294 2983 3349 de
3027 3297 3266 3365 perlecta
3299 3308 3505 3353 statura
3537 3316 3657 3355 cor-

2065 3380 2213 3451 poris
2241 3380 2441 3437 Christi
2484 3382 2761 3439 tricesimo
2802 3401 2945 3441 anno
2987 3388 3184 3443 aetatis
3213 3403 3342 3445 suae
3375 3391 3425 3445 in
3467 3407 3656 3460 carne,

2066 3473 2255 3544 inqua
2285 3483 2492 3531 statura
2539 3485 2593 3531 et
2634 3484 2814 3534 aetate
2858 3479 3127 3548 corporali
3181 3468 3371 3537 omnes
3415 3483 3663 3539 homines

2067 3576 2472 3621 resurrecturos
2532 3575 2799 3622 conantur
2845 3582 3110 3636 asserere,
3158 3570 3273 3625 sive
3312 3571 3356 3602 “
3406 3572 3659 3640 abortivi,

2066 3659 2260 3715 sive”'
2286 3660 2566 3733 decrepiti,
2602 3661 2714 3716 sive
2754 3661 2806 3715 in
2831 3662 3159 3732 quibuslibet
3197 3662 3546 3719 incrementis
3569 3665 3661 3719 de-

2067 3753 2427 3809 crementisve
2462 3754 2502 3785 ¹³
2525 3754 2899 3823 corporalibus
2951 3756 3232 3810 solvantur
3269 3754 3315 3787 ³⁵
3354 3772 3386 3811 a
3412 3773 3657 3829 corpore.

2069 3840 2306 3908 Quorum
2336 3842 2622 3898 falsissima
2646 3842 2999 3900 deliramenta
3025 3846 3194 3917 ipsius
3221 3846 3469 3917 Apostoli
3496 3850 3659 3904 verba

3540 3943 3658 3997 Non

2067 4029 2211 4084 enim
2227 4029 2293 4083 de
2319 4029 2666 4084 incrementis
2681 4031 2878 4087 Christi
2902 4032 3196 4087 secundum
3225 4049 3286 4088 ea
3298 4050 3471 4099 rnem,
3494 4051 3660 4104 quam
3738 4060 3741 4061 ν

2068 4126 2374 4188 acceperat,
2414 4132 2508 4172 seu
2560 4123 2816 4173 mensura
2866 4118 3001 4187 ejus,
3065 4120 3150 4175 vel
3195 4131 3389 4185 aetate,
3450 4124 3544 4177 sed
3593 4123 3660 4179 de

2068 4221 2297 4277 corpore
2345 4207 2478 4277 ejus,
2510 4210 2652 4276 quod
2683 4208 3036 4263 estEcelesia
3084 4208 3202 4277 ejus
3226 4210 3291 4276 ’⁸,
3338 4210 3462 4264 talia
3516 4212 3660 4267 dicta

2069 4305 2214 4353 sunt.
2243 4295 2406 4367 Cujus
2435 4298 2696 4368 corporis,
2724 4297 2997 4354 Ecclesiae
3026 4298 3297 4365 videlicet,
3321 4315 3573 4354 mensura
3603 4310 3661 4355 et

2066 4388 2329 4460 perfectio
2355 4397 2410 4445 et
2439 4390 2711 4460 plenitudo
2736 4391 2930 4445 aetatis
2946 4390 3247 4460 ‘spiritualis
3278 4392 3391 4462 ipse
3415 4402 3521 4458 est,
3560 4395 3655 4463 qui

2069 4490 2123 4537 et
2150 4490 2309 4553 caput
2339 4480 2793 4556 perfectissimum
2829 4492 2884 4538 et
2917 4483 3279 4540 intellectuale
3310 4493 3393 4541 est
3429 4486 3511 4541 sui
3538 4500 3661 4541 cor-

375 4568 601 4623 omnino
622 4571 1028 4641 comprehendi.
1056 4572 1174 4630 Non
1210 4575 1356 4632 enim
1383 4576 1706 4644 materialia,
1736 4594 1805 4634 ex
1839 4593 1967 4650 qua-
1990 4563 2046 4624 Ι)
2067 4576 2218 4648 poris
2248 4570 2647 4641 intellectualis,
2675 4575 2765 4645 qui
2791 4583 2875 4632 est
2912 4574 3031 4631 lhﬁs
3058 4566 3299 4631 omnium
3324 4585 3379 4632 et
3410 4593 3661 4632 consum-

372 4655 620 4714 litatibus
650 4663 839 4721 mundi
865 4663 1026 4734 hujus
1049 4665 1440 4725 elementorum
1470 4670 1768 4741 composita
1792 4670 1971 4741 possi-

376 4750 504 4807 dent
531 4768 785 4824 corpora,
817 4758 913 4812 sed
943 4757 1264 4827 spiritualia,
1292 4760 1657 4820 intellectibus
1696 4764 1812 4820 suis
1838 4778 1967 4819 coa-

377 4842 595 4911 dunata,
643 4848 698 4901 in
741 4848 963 4918 quibus,
989 4853 1223 4920 quando,
1247 4861 1301 4909 et
1328 4855 1441 4922 ubi,
1491 4864 1546 4909 et
1573 4856 1842 4926 quOBIOdO
1871 4871 1966 4912 vo-

378 4932 519 5001 lunt,
549 4939 804 4997 humanis
829 4943 1080 5001 sensibus
1116 4947 1184 5002 ad
1234 4956 1447 5018 tempus
1487 4934 1779 5019 apparent;
1818 4967 1917 5010 nec
1940 4960 1967 4995 ο

381 5032 562 5115 tamen
596 5031 959 5102 phantastiee,
1009 5036 1105 5093 sed
1155 5039 1441 5095 veraciter.
1484 5038 1561 5093 Ex
1591 5042 1736 5098 veris
1766 5044 1966 5115 quippe

381 5114 684 5174 rationibus
717 5135 845 5186 vera
873 5139 1101 5193 corpora
1129 5127 1425 5197 procedere
1445 5137 1501 5183 et
1529 5114 1967 5198 spiritualia,du—

379 5204 530 5260 bium
562 5221 668 5263 non
693 5218 798 5264 est.
824 5212 882 5267 ln
914 5215 1006 5269 tali
1041 5232 1268 5288 corpore
1292 5215 1571 5273 Christum
1598 5220 1711 5291 suis
1731 5219 1967 5294 discipu-

380 5295 449 5353 lis
480 5306 604 5368 post
647 5303 1102 5362 resurrectionem
1150 5309 1465 5379 apparuisse
1507 5311 1810 5379 credimus,
1859 5328 1966 5370 non

2070 4669 2258 4724 matio.
2273 4667 2488 4723 Intuere
2505 4666 2819 4739 Apostolum
2847 4668 2912 4721 ad
2936 4667 3197 4737 Ephesios
3217 4668 3486 4725 dicentem
3506 4689 3518 4724 :
3536 4654 3663 4726 0m-

2071 4760 2161 4814 nia
2186 4757 2326 4812 dedit
2357 4757 2451 4812 sub
2498 4757 2713 4829 pedibus
2753 4759 2793 4791 “
2820 4758 2956 4829 ejus,
2984 4768 3029 4813 et
3060 4775 3178 4813 eum
3208 4759 3352 4813 dedit
3384 4771 3539 4832 caput
3569 4779 3666 4816 su—

2069 4869 2163 4924 per
2181 4850 2358 4906 omnia
2390 4851 2621 4906 membra
2655 4851 2696 4883 ¹⁷
2728 4850 3016 4918 Ecclesiae,
3043 4870 3176 4923 quae
3205 4862 3277 4908 est
3307 4871 3494 4924 corpus
3523 4856 3659 4926 ejus,

2080 4958 2128 5004 et
2149 4938 2417 5023 plenitudo
2448 4947 2622 5001 omnia
2649 4947 2703 5000 in
2732 4948 2971 5002 omnibus
2998 4947 3280 5018 impleatis.
3310 4949 3377 5003 Et
3411 4959 3533 5021 post
3562 4951 3662 5005 ali-

2073 5045 2275 5108 quanta
2316 5037 2509 5090 iterum
2560 5036 2613 5090 in
2660 5035 2847 5091 eadem
2891 5035 3129 5106 Epistula
3178 5037 3410 5103 intuere,
3464 5040 3662 5110 quibus

2073 5128 2333 5184 membris
2357 5127 2606 5183 Christus
2635 5143 2829 5197 corpus
2848 5126 2952 5182 sibi
2985 5126 3274 5181 aedilicare
3305 5127 3544 5183 voluitet
3570 5145 3664 5183 ac-

2075 5220 2257 5276 dillcat
2290 5238 2303 5274 :
2337 5219 2458 5291 Ipse
2486 5220 2647 5284 dedit,
2681 5219 2879 5290 inquit,
2913 5217 3169 5288 quosdam
3208 5216 3418 5286 quidem
3453 5227 3661 5288 aposto-

2075 5310 2174 5379 los,
2219 5311 2473 5383 quosdam
2516 5327 2634 5366 vero
2676 5311 2978 5383 prophetas,
3006 5309 3261 5381 quosdam
3293 5311 3657 5381 evangelistas,

1673 5422 1928 5483 VARIAE
1964 5425 2366 5484 LECTIONES.

501 5505 593 5591 Sic
619 5507 704 5563 CF
722 5524 737 5572 ;
758 5506 1110 5591 alleluiam.

382 5595 679 5649 sponsione.
758 5595 780 5610 '
819 5595 911 5635 διο
941 5595 1065 5649 ut";
1093 5595 1132 5636 Α
1189 5595 1451 5655 efﬁcietur.
1526 5595 1546 5620 ⁷
1589 5595 1826 5644 localiter
1876 5608 1962 5646 om

382 5665 491 5729 om.
526 5649 592 5703 Λ.
670 5649 839 5729 “.Sic
865 5652 982 5729 ΕΙῖῇ
1036 5663 1083 5707 et
1110 5665 1277 5729 _erunt
1331 5667 1378 5711 et
1426 5661 1748 5729 apparebunt
1789 5675 1898 5717 om.
1927 5664 1969 5716 A

382 5719 656 5778 solvuntur
702 5720 748 5776 Α
772 5722 989 5792 quando
1040 5723 1337 5783 solvuntur.
1414 5719 1470 5760 η’
1493 5719 1608 5801 ejus
1637 5747 1748 5788 om.
1781 5732 1845 5788 A.

708 5815 984 5880 Punon.
1035 5816 1289 5878 CXXII.

1187 5521 1208 5551 ι
1232 5514 1275 5586 ᾼ
1307 5516 1644 5586 requirentes.
1719 5518 1740 5550 ³
1768 5520 1865 5575 hoc
1901 5530 1975 5576 est
2009 5534 2257 5576 naturam
2292 5537 2401 5576 om.
2433 5523 2499 5577 A.

758 5579 1132 5655 f_Si§_CF;A
1189 5579 1451 5655 eﬂicietur.
1526 5589 1547 5620 "
1589 5588 1826 5644 localiter
1876 5592 2074 5646 om.A.

2050 5664 2089 5694 ¹²
2129 5663 2169 5716 Α
2209 5665 2331 5716 sint.

1924 5733 1967 5765 ¹⁶
2004 5733 2051 5787 Α
2076 5733 2177 5790 sub
2201 5733 2377 5803 pedes.

2576 5521 2598 5553 ⁵
2631 5522 2861 5575 omnium
2889 5535 2998 5576 om.
3026 5520 3093 5575 A.
3170 5528 3191 5559 ⁸
3233 5520 3322 5575 Sic
3354 5520 3439 5575 CF
3462 5536 3476 5583 ;
3505 5521 3547 5573 Λ
3578 5539 3660 5577 re-

2152 5593 2173 5623 ⁸
2213 5591 2304 5647 Sic
2343 5591 2458 5653 CF;
2508 5593 2551 5646 A
2602 5591 2965 5658 conﬁteantur.
3042 5590 3063 5621 θ
3103 5592 3144 5645 Α
3207 5607 3330 5643 non.
3408 5590 3453 5621 ¹⁶
3492 5608 3659 5648 unum

2414 5664 2478 5701 ι’·
2511 5663 2552 5715 Α
2582 5663 2703 5715 sint.
2788 5662 2831 5691 ¹³
2871 5661 2954 5716 CF
3010 5661 3393 5715 detrimentisve
3471 5662 3511 5693 ¹’⁵
3554 5664 3661 5722 l’ro

2459 5734 2500 5765 ¹⁷
2540 5732 2767 5787 membra
2800 5748 2910 5788 om.
2939 5731 3044 5788 Cl".

3061 5824 3139 5886 32
3587 5878 3613 5891 ς
