4168 6284
593 426 703 488 995
2012 412 2239 475 30AM”

2249 412 2296 473 .3
2326 413 2529 474 800⁸11
3783 423 3895 484 θη

577 543 847 617 quosdam
867 546 1105 611 pastores
1126 540 1176 591 at
1198 530 1716 607 magistros.Vidistt
1742 527 2018 596 membra;
2050 525 2190 595 vidi-
2216 534 2264 593 Α
2291 542 2397 583 nus
2424 528 2540 598 ipse
2565 521 3163 617 propulsantem;
3211 521 3406 582 Statim
3432 532 3612 584 autem
3634 534 3756 602 post
3786 537 3890 588 tri-

591 614 663 692 sti
694 641 995 692 materiem.
1024 628 1300 700 Interroga
1325 626 1565 685 eundem
1584 623 1925 698 Apostolum,
1959 621 2027 677 ad
2053 618 2184 692 quid
2288 618 2608 674 butationem
2631 617 2835 672 dictum
2858 615 3094 682 illorum,
3110 614 3215 673 hoc
3234 625 3342 686 est,
3364 626 3524 690 posta
3543 625 3887 691 persecutio-

592 726 727 781 baec
748 721 992 779 membra
1020 727 1302 791 parantur.
1350 715 1662 787 Respondet
1715 732 1730 769 :
1782 712 1864 767 Ad
1904 702 2183 783 perfectio-
2285 722 2407 766 nem
2433 702 2774 784 Antichristi,
2806 706 2888 764 soi
2912 706 3297 776 ohe-rabitur,
3345 720 3395 764 et
3420 704 3552 767 luna
3591 728 3705 769 tum
3732 714 3882 774 dabit

591 831 706 873 nam
739 824 1060 879 sanctorum,
1093 812 1149 866 in
1194 826 1324 881 opus
1355 805 1854 870 administrationis,
1888 804 1945 859 in
1992 798 2181 872 aedili-
2282 802 2459 859 lumen
2506 818 2683 868 suum,
2726 808 2777 856 et
2845 797 3029 857 stellae
3073 800 3260 855 cadent
3316 800 3382 855 de
3436 802 3603 857 caelo.
3669 798 3879 874 Quibus

587 907 845 962 rationem
873 900 1106 974 corporis
1158 899 1379 966 Christi,
1414 899 1578 952 donec
1631 911 1969 952 occurramus
2001 909 2178 950 omnes
2276 895 2461 951 verbis
2486 893 2859 965 intelligimus,
2907 892 3079 949 solent
3106 900 3162 949 et
3205 890 3389 948 lunam
3432 892 3561 965 post
3604 893 3874 955 dbfecinttt

585 998 643 1052 in
699 997 953 1050 unitatem
1017 991 1146 1062 fidei
1193 1000 1243 1046 et
1295 986 1606 1061 cognitionis
1668 983 1800 1039 Filii
1860 984 1978 1040 Det.
2041 982 2177 1039 Vide
2278 991 2362 1048 sui
2392 990 2608 1046 luminis
2631 1005 2739 1045 non
2764 1003 3132 1055 remansuros,
3171 1003 3350 1062 neque
3375 988 3561 1050 stellas
3588 988 3873 1054 deﬁciente

584 1089 799 1146 initium
871 1083 1264 1143 aedificationis
1291 1122 1305 1149 ,
1384 1081 1646 1135 unitatem
1732 1076 1947 1150 quidem
2016 1075 2172 1141 fidei;
2278 1084 2502 1141 aethere
2528 1092 2584 1140 et
2629 1082 2883 1156 sphaera,
2913 1083 2966 1138 in
3005 1082 3203 1154 quibus
3240 1082 3536 1156 dispositae
3580 1097 3729 1144 sunt.
3762 1084 3871 1146 Re-

583 1177 975 1236 aediﬁcationis
1022 1173 1408 1247 perfectionem
1453 1183 1741 1241 cognosce,
1788 1167 2050 1224 unitatem
2094 1164 2177 1221 vi-
2277 1192 2383 1247 quo
2428 1176 2570 1231 enim
2612 1176 2666 1231 in
2700 1175 2803 1231 hac
2851 1174 3129 1231 Dominica
3178 1176 3468 1248 prophetia
3521 1178 3865 1253 allegorich

583 1271 778 1327 delicet
830 1268 1153 1339 cognitionis
1206 1264 1327 1321 Filii
1370 1262 1486 1319 Dei.
1539 1261 1638 1317 llic
1676 1261 1836 1332 igitur
1872 1260 2175 1316 incremen-
2273 1265 2613 1322 solummodo
2641 1281 2884 1330 sensum,
2913 1279 3101 1322 verum
3143 1265 3308 1322 etiam
3336 1264 3504 1325 totius
3545 1266 3733 1327 mundi
3774 1274 3865 1331 de.

582 1370 636 1416 ta
697 1361 940 1431 corporis
990 1357 1194 1417 Christi
1252 1356 1559 1426 incipiunt,
1616 1353 1726 1408 illic
1778 1350 2167 1423 perﬁciantur,
2268 1357 2626 1412 sanctionem
2690 1354 3122 1427 solutionemque
3189 1362 3484 1428 corporum
3548 1358 3861 1432 accipimus.

578 1455 795 1525 quando
858 1452 1107 1508 Christus
1170 1465 1292 1503 cum
1347 1457 1460 1502 toto
1504 1452 1561 1500 et
1622 1443 1675 1498 in
1732 1455 1847 1499 toto
1901 1458 2002 1498 suo
2048 1455 2172 1497 cor-
2268 1446 2470 1527 Quam,
2495 1447 2919 1504 destructionem
2944 1447 3087 1512 dico,
3132 1444 3289 1503 multi
3329 1445 3579 1506 nolentes
3616 1452 3861 1523 credere,

574 1564 708 1620 pore
727 1548 945 1617 quidam
972 1542 1243 1616 perfectus
1269 1550 1323 1597 et
1348 1555 1489 1596 unus
1512 1539 1615 1607 vir,
1641 1547 1807 1611 caput
1828 1538 1882 1593 in
1912 1536 2170 1595 membris
2271 1541 2340 1597 ad
2361 1539 2529 1596 solius
2555 1538 2847 1610 allegoriae
2871 1538 3022 1611 leges
3048 1546 3359 1605 recurrunt,
3386 1546 3443 1595 et
3470 1555 3572 1613 per
3595 1538 3861 1601 defectum

572 1649 628 1695 et
658 1639 899 1694 membra
932 1637 984 1691 in
1011 1635 1208 1704 capite,
1251 1630 1554 1704 apparebit,
1584 1629 1802 1701 quando
1835 1643 2090 1683 mensura
2116 1635 2171 1683 et
2270 1632 2402 1689 solis
2425 1631 2803 1688 titubationem
2831 1630 2956 1687 ﬁdei
2978 1631 3144 1688 etiam
3169 1628 3693 1703 perfectissimam
3715 1630 3861 1692 viro-

569 1726 847 1801 plenitudo
901 1726 1095 1782 aetatis
1143 1723 1346 1780 Christi
1400 1738 1508 1779 non
1559 1719 1930 1793 corporalibus
1971 1718 2166 1786 oculis,
2268 1725 2665 1797 rum,quitunc
2686 1723 3196 1795 temporis,quando
3218 1721 3864 1799 llliusiniquitatisappa-

567 1819 663 1876 sed
701 1802 897 1874 virtute
936 1810 1409 1888 contemplationis
1436 1813 1493 1870 in
1539 1812 1794 1870 omnibus
1834 1811 2040 1869 sanctis
2066 1825 2165 1868 suo
2269 1819 2432 1885 rebit,
2456 1814 2623 1873 l‘uturi
2657 1810 3254 1890 sunt,[intelligunt]j".
3277 1814 3444 1886 Cujus
3469 1806 3768 1888 persecutio
3794 1818 3858 1874 in

568 1910 731 1979 capiti
762 1908 1013 1962 adunatis
1043 1907 1342 1963 clarissime
1363 1903 1653 1971 videbitur,
1677 1902 1891 1975 quando
1913 1902 2169 1975 spiritua-
2196 1898 2244 1962 B
2273 1921 2481 1967 mnium
2513 1908 2762 1964 tenebras
2787 1906 2989 1964 erroris
3011 1914 3065 1961 et
3088 1906 3345 1978 perﬁdiae
3372 1900 3615 1975 induunt,
3653 1908 3707 1962 ut
3744 1922 3863 1965 non,

566 1999 635 2054 lis
667 2009 835 2063 aetas,
867 1999 968 2053 hoc
990 2006 1073 2053 est
1091 1997 1353 2052 virtutum
1378 1994 1682 2065 plenitudo,
1707 2007 1848 2065 quae
1873 1994 1928 2048 in
1948 1991 2167 2049 Christo
2269 2003 2442 2060 solum
2474 2002 2526 2057 in
2573 1994 2723 2058 caelo
2755 1997 3020 2056 ecclosiae
3057 1995 3327 2065 carnales,
3370 1997 3465 2069 qui
3508 2012 3608 2070 per
3649 1997 3857 2066 lunam,

565 2100 622 2147 et
653 2090 894 2146 Ecclesia
931 2105 1026 2144 sua
1074 2088 1368 2143 constituta
1420 2096 1527 2153 est,
1576 2086 2060 2150 consummabitur,
2111 2094 2167 2140 et
2265 2112 2455 2153 verum
2485 2094 2648 2151 etiam
2683 2088 3098 2165 spiritualiores,
3132 2088 3226 2162 qui
3274 2104 3374 2162 per
3414 2086 3613 2157 ειεηεε,
3654 2090 3859 2148 summi

565 2192 772 2249 cetera,
823 2197 964 2252 quae
1016 2182 1082 2236 de
1132 2174 1357 2235 aeterna
1417 2177 1676 2235 felicitate
1726 2186 1781 2233 et
1831 2177 2165 2250 perfectione
2265 2204 2479 2264 quoque
2499 2196 2555 2244 et
2577 2183 2998 2257 spiritualissimi
3023 2182 3274 2240 doctores
3293 2178 3651 2254 ejus,quiper
3673 2182 3856 2239 solem

564 2274 914 2331 beatitudinis
953 2273 1007 2327 in
1049 2269 1145 2327 Dei
1175 2269 1314 2326 Filio
1352 2270 1575 2343 intelligi
1615 2278 1860 2347 possunt.
1888 2268 1945 2326 In
1973 2284 2162 2326 resur-
2264 2283 2493 2355 mystice
2513 2275 3166 2353 praeﬁguntur-Aulum
3188 2268 3855 2357 orthodoxaoﬁdoiauud

563 2370 807 2425 motione
839 2375 1021 2422 autem
1050 2365 1412 2421 humanorum
1438 2378 1749 2435 corporum,
1803 2361 1947 2434 quod
1989 2378 2159 2419 unus-

2261 2381 2475 2445 tempus
2516 2369 2873 2432 abscondent,
2918 2375 3012 2422 aut
3051 2362 3228 2422 leniti
3259 2360 3527 2433 minuent,
3562 2376 3655 2421 aut
3692 2366 3762 2421 ab
3784 2379 3855 2422 eo

560 2464 793 2536 quisque
842 2461 896 2517 in
942 2475 1007 2516 ea
1058 2466 1267 2515 statura
1328 2466 1395 2527 et.
1432 2455 1826 2529 magnitudine,
1880 2456 1947 2512 ad
1994 2471 2158 2526 quam

2260 2463 2476 2536 penitus
2513 2460 2787 2517 labentur.
2834 2456 3007 2526 Quam
3054 2456 3321 2511 theoriam
3348 2468 3525 2526 neque
3558 2468 3656 2511 nos
3690 2454 3852 2511 refel-

561 2554 804 2627 perfecto
830 2553 915 2609 sui
937 2550 1183 2623 corporis
1206 2550 1543 2604 incremento
1579 2546 1827 2619 pervenit
1853 2547 1905 2601 in
1929 2544 2156 2615 juvenili
2254 2544 2859 2613 iimus,vorumtan1on
2907 2548 3161 2605 audiendi
3207 2562 3316 2605 non
3364 2555 3513 2613 sunt,
3564 2547 3654 2617 qui
3710 2546 3855 2604 hunc

561 2656 763 2721 aetate,
785 2645 900 2702 sive
926 2648 1287 2715 ρθννθηιιιι-ιιε
1310 2640 1508 2710 ‘esset,
1524 2638 1570 2694 Si
1602 2647 1776 2694 morte
1800 2653 1906 2694 11011
1931 2652 2157 2708 ρι’θθοο-
2256 2646 2434 2707 locum
2486 2645 2853 2720 evangelicum
2901 2638 3166 2698 violenter
3218 2636 3517 2699 secundum

558 2747 874 2811 cuparetur,
915 2736 1002 2794 vel
1052 2748 1216 2806 quam
1267 2732 1511 2789 deseruit
1564 2732 1617 2789 in
1664 2732 1865 2790 seniles
1912 2730 2154 2789 defectus
2257 2747 2525 2798 conantur
2572 2746 2819 2794 astruere
2846 2776 2861 2802 ,
2906 2742 3179 2807 putantes,
3211 2735 3354 2804 quod
3399 2740 3678 2804 nunquam
3720 2744 3835 2787 cae-

558 2829 830 2892 decidens,
857 2833 1268 2883 resurrecturus
1307 2832 1329 2863 ²
1357 2821 1451 2887 sit,
1477 2821 1668 2876 beatus
1716 2819 2050 2893 Augustinus
2097 2821 2152 2876 in
2256 2835 2474 2891 lesuum
2496 2845 2785 2904 ροτροιυιη
2827 2842 2988 2885 casus
3017 2826 3237 2883 luminis
3262 2826 3319 2881 in
3365 2822 3472 2881 ﬁne
3497 2822 3683 2879 mundi
3707 2820 3848 2876 rum-

555 2919 712 2974 libris
753 2921 821 2975 de
857 2917 1089 2974 Civitate
1132 2913 1223 2969 Dei
1271 2914 1651 2969 incunctanter
1704 2910 1953 2966 affirmat.
2000 2910 2153 2980 Quod
2255 2941 2351 2983 rus
2414 2925 2507 2991 εει,
2568 2921 2662 2979 sed
2725 2920 2939 2975 morum
2999 2916 3256 2989 splendor
3278 2913 3625 2987 superabitur
3681 2912 3844 2968 nimia

555 3026 688 3067 vero
716 3009 1037 3065 immortalia
1065 3015 1121 3062 et
1148 3005 1452 3078 spiritualia
1491 3020 1716 3076 corpora
1771 3003 1928 3059 nullis
1962 3018 2153 3073 corpo-

2255 3019 2503 3076 claritate
2548 3012 2981 3088 supervenientis
3017 3011 3238 3085 judicis,
3292 3010 3716 3078 caelestiumque
3767 3020 3845 3061 es-

556 3104 749 3160 ralium
782 3104 1081 3159 formarum
1119 3100 1485 3165 lineamentis,
1533 3099 1614 3154 vel
1659 3098 2033 3170 qualitatibus,
2069 3096 2151 3154 vel
2248 3112 2552 3169 ἐεηιίπιιω
2586 3124 2706 3165 cum
2740 3108 2857 3178 ipso
2885 3103 3348 3170 descendentium,
3398 3103 3616 3172 quando
3653 3107 3843 3156 νεηω-

552 3195 949 3270 quantitatibus
972 3192 1514 3257 circumscribentur,
1560 3201 1782 3262 propter
1823 3187 2148 3245 ineffabilem
2182 3257 2198 3272 Α

2194 3257 2222 3272 ,,
2256 3221 2351 3260 rus
2377 3213 2460 3259 est
2520 3201 2765 3272 judicare
2809 3201 2962 3255 vivos
3013 3205 3068 3254 et
3114 3207 3379 3254 mortuos.
3432 3195 3654 3252 Addunt
3679 3196 3840 3250 etiam

551 3305 741 3347 eorum
781 3286 1064 3358 spiritibus
1105 3280 1592 3353 incircumscriptis
1633 3280 2014 3335 adunationem
2061 3279 2147 3334 in-
2176 3257 2223 3322 ο
2252 3257 2567 3381 ﬁmus";
2600 3306 2667 3348 εχ
2702 3291 2931 3348 orientis
2975 3291 3107 3348 sons
3148 3288 3335 3355 radiis,
3370 3288 3463 3359 qui
3504 3288 3706 3359 impetu
3740 3300 3841 3343 suo

549 3381 953 3448 discretamque
1018 3373 1420 3444 simplicitatem
1452 3412 1466 3438 ,
1536 3373 1754 3427 beatum
1825 3370 2145 3437 Gregorium

2251 3370 2513 3456 fulgorem
2542 3383 2770 3439 aliorum
2796 3383 3034 3440 siderum
3062 3379 3364 3438 obtundunt
3384 3381 3431 3447 τ,
3456 3380 3568 3435 imo
3588 3380 3747 3436 etiam
3771 3377 3841 3434 ab

551 3470 906 3537 Τὴθθίοευων
941 3474 1187 3522 “nam”
1229 3477 1445 3533 quoque
1490 3460 1855 3523 AmbmSium'
1901 3475 1999 3515 “ec
2037 3477 2143 3515 "0“
2249 3477 2420 3533 oculis
2449 3477 2651 3533 nostris
2676 3475 2958 3542 auferunt;
2993 3475 3047 3531 in
3091 3489 3151 3530 se
3190 3484 3425 3544 namque
3453 3473 3585 3545 ipsis
3632 3472 3713 3528 sui
3764 3468 3843 3525 lu-

548 3571 605 3620 ct
642 3560 933 3616 Maximum
966 3554 1330 3613 venerabilem
1363 3552 1680 3624 magistrum
1717 3551 1881 3607 certis
1922 3552 2146 3607 rationi-
2249 3568 2413 3624 minis
2471 3568 2743 3623 vibratum
2802 3567 3188 3623 indiminumm
3234 3579 3450 3637 semper
3505 3564 3839 3629 custodiunt,

547 3655 650 3713 bus
685 3649 985 3722 approbare
1012 3659 1174 3716 saepe
1195 3643 1452 3700 diximus.
1496 3642 1728 3699 Causam
1770 3650 1948 3697 tamen
1990 3658 2143 3698 crro-
2246 3661 2503 3730 quoniam
2530 3659 2631 3726 so],
2660 3672 2690 3714 ε
2716 3670 2825 3730 quo
2874 3657 3055 3712 ιιηηρη
3097 3648 3391 3727 accipiunt,
3436 3668 3643 3724 semper
3678 3664 3842 3722 prae.

549 3744 626 3799 ris
655 3756 867 3808 eorum,
903 3739 996 3811 qui
1039 3738 1092 3794 in
1137 3743 1347 3792 statura
1387 3735 1635 3806 corporis
1664 3733 1928 3790 Dominici
1959 3734 2142 3790 omnia
2247 3767 2373 3809 scus
2413 3752 2494 3808 eis
2551 3761 2656 3808 est.
2710 3750 2821 3807 Nec
2869 3752 3072 3816 obstat,
3121 3740 3264 3820 quod
3317 3746 3601 3819 aliquoties
3656 3744 3836 3799 ιυηπί

547 3838 787 3894 humana
851 3838 1079 3919 carpora
1140 3841 1512 3888 resurrectura
1584 3830 1971 3902 dogmatizant,
2032 3846 2141 3887 non

2245 3843 2404 3916 globo
2427 3843 2743 3915 interiectus
2773 3851 2950 3899 terrae
2980 3842 3186 3899 salares
3229 3840 3408 3897 aufert
3450 3838 3654 3896 radios.
3677 3837 3837 3893 Erro-

548 3930 881 3999 ignoramus.
948 3910 1124 3981 Minus
1181 3914 1327 3979 enim
1384 3920 1782 3993 intelligentes,
1864 3923 2008 3992 quod
2085 3921 2138 3977 in

2244 3936 2321 3992 ris
2343 3940 2522 3993 autem
2564 3952 2777 4002 eorum,
2822 3933 2913 4006 qui
2960 3928 3086 3989 talia
3115 3930 3410 3997 somniant,
3440 3938 3606 4006 causa
3647 3938 3752 3995 est,
3778 3939 3835 3983 ut

549 4020 759 4075 Graeco
802 4024 888 4073 est
922 4015 1205 4088 scriptum,
1233 4016 1304 4078 εἰς
1333 4014 1514 4092 μέτρον
1545 4015 1758 4080 ἡλικίας,
1798 4012 1903 4069 hoc
1930 4023 2036 4080 est,
2083 4015 2136 4069 in

2242 4029 2435 4099 opinor
2480 4045 2495 4082 :
2570 4004 2909 4082 arbitrantur
2966 4026 3110 4081 enim
3161 4021 3424 4094 judicium
3477 4004 3720 4076 futurum
3778 4019 3830 4075 in

547 4128 858 4169 mensuram
889 4112 1118 4177 aetatis,“
1151 4109 1555 4176 existimabant,
1589 4110 1779 4171 ἡλικίαν
1823 4111 2041 4181 proprie
2070 4110 2140 4164 ad
2242 4120 2424 4189 aliquo
2450 4118 2570 4175 loco
2600 4116 2738 4173 intra
2776 4124 2930 4188 septa
2972 4116 3132 4186 hujus
3161 4114 3349 4169 mundi
3392 4113 3661 4186 agendum
3692 4110 3831 4178 fore,

545 4204 847 4276 perfectam
891 4203 1137 4275 corporis
1188 4211 1420 4257 aetatem
1464 4202 1756 4272 pertinere,
1800 4218 1923 4257 cum
1975 4202 2138 4261 ἡλικία
2234 4209 2473 4281 iudicem
2500 4224 2716 4281 quoque
2756 4222 2880 4263 cum
2920 4207 3037 4262 suis
3073 4206 3278 4262 sanctis
3329 4202 3536 4275 angelis
3564 4203 3633 4258 de
3676 4214 3834 4273 supe-

544 4295 664 4369 plus
690 4297 904 4351 animae
932 4296 987 4351 in
1015 4294 1329 4361 virtutibus,
1351 4309 1511 4364 quam
1549 4293 1794 4364 corporis
1817 4309 1914 4365 per
1942 4294 2132 4349 localia

2238 4300 2477 4358 tioribus
2499 4297 2771 4356 sensibilis
2798 4306 3027 4353 naturae
3058 4293 3307 4367 partibus
3350 4286 3600 4349 localiter
3623 4302 3678 4349 et
3711 4307 3832 4347 cor-

544 4397 600 4444 et
645 4387 956 4459 temporalia
1023 4388 1363 4443 incrementa
1428 4385 1727 4456 perfectam
1786 4384 2053 4457 signiticet
2108 4382 2135 4418 ⁷³
2237 4393 2497 4465 ροιιιιιίιθι-
2564 4392 2972 4448 descensurum.
3045 4386 3183 4443 Hinc
3238 4394 3343 4453 est,
3405 4385 3551 4458 quod
3614 4383 3831 4455 quidam

546 4494 877 4533 mensuram.
911 4477 1048 4531 llinc
1071 4486 1173 4541 est,
1200 4478 1338 4547 quod
1374 4476 1673 4547 philosophi
1701 4476 1938 4533 animam
1970 4477 2133 4535 ratio-
2238 4484 2420 4540 sedem
2468 4482 2660 4554 judicii
2724 4482 2778 4537 in
2843 4478 3079 4538 confinio
3150 4478 3293 4533 aeris
3335 4485 3389 4533 et
3434 4476 3693 4538 aetheris,
3725 4486 3830 4543 quo

545 4570 723 4623 nalem
775 4567 1093 4639 ἕνδελίχιεας
1123 4567 1308 4633 tiliam,
1342 4567 1445 4621 hoc
1492 4579 1597 4635 eSt,
1629 4569 1902 4639 perfectae
1939 4572 2135 4627 aetatis
2164 4622 2210 4647 δ
2236 4573 2448 4647 physici
2491 4572 2733 4627 lunarem
2764 4570 3028 4628 circulum
3076 4568 3418 4633 describunt,
3459 4565 3698 4637 quidam,
3727 4560 3827 4617 Ju-

548 4660 601 4713 iu
649 4660 941 4714 virtutibus
983 4668 1234 4713 asserunt
1280 4673 1423 4725 esse,
1467 4659 1629 4716 veluti
1657 4660 1793 4720 ἔνδον
1835 4664 2046 4730 ἡλικίας,
2080 4664 2133 4720 id
2166 4656 2194 4683 ι

2180 4656 2213 4683 ³
2237 4665 2389 4724 dacis
2416 4664 2840 4731 consentientes,
2883 4663 2938 4718 in
2970 4661 3107 4716 valle
3134 4658 3396 4731 Josaphat
3433 4656 3688 4721 delirant,
3720 4666 3826 4707 non

546 4760 629 4806 est
664 4750 811 4804 intus
856 4749 1050 4805 aetatis
1090 4747 1133 4801 ‘.
1178 4748 1258 4804 Ac
1305 4765 1402 4820 per
1442 4751 1547 4808 hoc
1577 4770 1735 4811 nemo
1765 4771 1896 4812 sane
1937 4757 2135 4812 iutelli-
2238 4757 2735 4815 animadvertentes
2777 4753 3037 4809 virtutem
3074 4750 3332 4816 nominis,
3369 4747 3512 4819 quod
3537 4746 3617 4800 eat
3660 4740 3822 4797 Josa-

545 4859 679 4916 gens
703 4840 946 4914 praefata
978 4840 1219 4911 Apostoli
1248 4843 1413 4897 verba
1459 4845 1525 4900 de
1567 4846 1900 4916 perfectione
1938 4848 2132 4903 aetatis
2233 4852 2395 4924 phat;
2423 4846 2780 4920 compositum
2825 4846 3024 4919 quippe
3052 4852 3135 4902 est
3164 4858 3233 4901 ex
3277 4844 3366 4900 εαῶ
3410 4849 3466 4895 et
3514 4836 3699 4909 σαφάτ.
3750 4830 3826 4889 Et

547 4930 814 5002 corporis,
840 4931 932 4987 sed
960 4931 1026 4987 de
1064 4931 1394 5005 plenitudine
1420 4932 1695 4990 Ecclesiae
1725 4936 1781 4989 in
1807 4935 1979 5005 capite
2010 4947 2128 5002 suo,
2232 4946 2328 5001 εαὼ
2378 4942 2599 5014 quidem
2642 4940 2842 4998 multas
2890 4939 3054 4996 habet
3100 4928 3605 5008 interpretationes;
3653 4928 3825 4982 inter-

548 5021 692 5093 quod
721 5031 805 5077 est
828 5022 1096 5090 Christus.
1141 5025 1243 5081 hoc
1287 5033 1390 5091 est.
1419 5026 1485 5080 de
1523 5024 1894 5096 perfectione“
1923 5026 2129 5097 sraliae
2232 5042 2479 5107 pretatur
2515 5035 2661 5090 enim
2690 5032 2967 5089 invisibilis
2993 5032 3037 5099 ο,
3060 5038 3158 5087 aut
3195 5027 3602 5090 υσιηίηιιε,ιθιιι
3628 5014 3821 5093 gloria,

545 5124 601 5171 et
651 5115 1000 5173 beatitudinis
1059 5125 1114 5171 et
1164 5116 1729 5187 incomprehensibilis
1789 5117 2130 5176 adunationis

2235 5138 2330 5186 aut
2353 5128 2597 5193 existens,
2631 5135 2725 5183 aut
2763 5134 2894 5192 erat,
2925 5135 2973 5180 et
3003 5134 3099 5191 est,
3147 5135 3193 5177 et
3226 5121 3438 5192 futurus
3485 5125 3559 5172 est
3588 5133 3608 5182 ;
3655 5114 3825 5188 σαφὰτ

547 5209 796 5278 accipiat.
827 5209 894 5264 Et
929 5211 1097 5265 miror
1133 5208 1200 5263 de
1226 5208 1330 5275 his,
1362 5207 1456 5280 qui
1483 5206 1607 5263 talia
1646 5207 1804 5267 nobis
1853 5219 2133 5286 opponunt

2235 5228 2416 5278 autem
2441 5221 2668 5277 vertitur
2689 5221 2742 5275 in
2763 5219 3051 5291 judicium.
3101 5215 3367 5286 .losaphat
3410 5208 3579 5285 igitur
3620 5212 3643 5242 ⁸
3687 5204 3826 5261 invi-

547 5303 614 5356 de
641 5302 1058 5373 ειιιψιίηοειιῑοηθ
1089 5298 1449 5371 corporalium
1481 5300 1665 5358 mundi
1709 5300 1994 5367 luminum.
2033 5317 2131 5357 cur
2235 5312 2391 5368 sibile
2421 5308 2702 5380 iudicium,
2729 5309 2813 5364 vel
2846 5309 3056 5363 Domini
3092 5305 3381 5378 judicium,
3412 5302 3497 5359 vel
3527 5298 3822 5373 gloriosum

548 5408 655 5448 non
684 5393 989 5462 intendunt,
1022 5396 1247 5468 quodin
1277 5396 1570 5469 Evangelio
1606 5398 1673 5454 de
1714 5397 1925 5455 defectu
1968 5399 2131 5455 totius
2227 5400 2513 5473 judicium,
2543 5401 2627 5456 vel
2650 5409 2789 5467 erat,
2822 5408 2877 5456 et
2907 5406 3015 5466 est,
3044 5407 3097 5454 et
3143 5398 3360 5452 futurus
3395 5402 3505 5458 est,
3546 5391 3636 5462 qui
3673 5385 3819 5457 judi-

550 5488 735 5563 mundi
769 5486 1037 5547 sensibilis
1076 5506 1173 5562 per
1202 5491 1474 5548 defectum
1496 5492 1733 5564 partium
1759 5493 1927 5564 ipsius
1951 5492 2131 5548 Domi-
2232 5500 2343 5549 cat.
2368 5488 2905 5559 Vidensitaoueloel,
2921 5488 3239 5561 prophetico
3258 5478 3824 5558 spirituillumi‘natus,

1839 5602 2095 5659 VARIAE
2130 5602 2532 5661 LECTIONES.

629 5716 931 5787 fSic_CF;_
992 5720 1034 5787 Δ
1082 5716 1196 5773 sive
1244 5721 1427 5772 robore
1481 5727 1865 5787 perventurus.
1942 5708 1965 5748 ί
2013 5724 2177 5772 essct‘
2211 5733 2254 5771 si
2286 5747 2349 5756 —
2397 5712 2787 5787 resurrecturus
2840 5729 2952 5769 om.
2994 5710 3070 5787 Α.
3103 5714 3194 5787 ___‘
3228 5710 3268 5766 Α
3313 5706 3598 5787 δίεπθῆσῇ

551 5780 671 5844 CF;
707 5771 1040 5860 A.i1"€';.°'i‘?
1089 5771 1253 5860 δείέηο
1313 5771 1505 5860 mihi);
1528 5771 1724 5860 ἐξίάᾳ
1755 5771 2232 5860 ίρένίθᾳιὶοὴεγοῃ).
2275 5788 2339 5860 rh.
2431 5785 2451 5860 ξ
2501 5796 2614 5855 post
2658 5802 2745 5840 om
2772 5787 2836 5841 Α.
2916 5787 2957 5817 θ’
2984 5783 3281 5840 ίηιειιὶιιιιηι
3324 5771 3596 5836 οἷιιίὲϐιτ
3631 5771 3822 5828 addidi

557 5863 629 5905 ex
652 5851 795 5919 conj.
870 5851 888 5880 "
912 5854 957 5906 Α
986 5853 1250 5907 obtundet.
1372 5855 1395 5887 ⁸
1426 5856 1516 5910 Sic
1549 5857 1633 5910 CF
1650 5874 1666 5912 '.
1694 5857 1738 5910 Α
1764 5851 1999 5914 uisibilis.
2093 5860 2114 5893 °
2150 5857 2241 5912 Sic
2270 5856 2387 5923 CF;
2417 5856 2463 5909 A
2485 5851 2677 5909 autem.
