4168 6284
322 510 429 569 ωῗ
1170 497 1263 558 DE
1299 494 1646 554 DIVISIONE
1683 492 2040 555 NA'I'URAE.
2074 523 2147 541 --
2183 492 2387 549 LIBER
2427 490 2754 562 QUINTUS.
3511 500 3615 561 993

324 622 498 681 divini
528 617 716 691 indicii
740 613 1164 689 profunditatem
1192 614 1247 667 et
1278 607 1604 681 invisibilem
1633 608 1915 670 virtutem;
1944 608 1992 667 Α
2019 603 2325 674 apparebit.
2358 599 2416 657 in
2438 601 2735 671 Evangelia,
2760 612 2980 675 quoque
3002 604 3142 662 stto’:
3168 606 3377 679 lgneus,
3402 609 3615 682 inquit!

326 727 690 785 omnibusque
721 718 1008 772 remotam,
1040 706 1221 777 typice
1245 703 1440 758 vallem
1482 699 1789 756 introduxit
1830 698 1916 754 io-
2020 694 2137 750 σακε
2174 693 2380 749 mittere
2415 694 2473 753 in
2507 702 2746 758 terram;
2788 705 2839 750 et
2864 695 2908 729 “
2943 697 3071 768 quid
3106 698 3241 765 volo,
3275 702 3403 760 nisi.
3434 713 3492 758 ut
3527 722 3620 762 ar-

328 810 539 879 saphat,
570 814 623 860 et
647 812 936 875 personam
968 798 1207 862 Domini,
1252 794 1404 865 cujus
1443 792 1611 864 gloria
1661 793 1715 845 in
1744 786 1922 846 altitu—
2168 787 2192 838 ?
2218 796 2399 849 terrae
2421 786 2688 879 vocabulo
2705 798 2928 844 omnem
2949 791 3263 847 seusibilent
3280 806 3617 868 creaturam,

330 874 454 953 dine
472 905 491 937 ι
509 874 697 967 judicii
746 892 829 947 sui
857 887 1159 960 apparebit,
1187 886 1280 957 qui
1306 891 1445 950 erat,
1469 890 1526 939 et
1556 889 1662 948 est,
1701 889 1756 936 et
1779 880 1922 937 futue
2017 874 2167 967 ignis
2193 889 2326 931 vero
2360 877 2630 967 ardentis,
2657 892 2791 934 suae
2826 879 3285 943 mnifestationis
3310 885 3620 946 claritatem

328 1004 422 1046 rus
449 966 552 1053 est,
571 985 982 1057 accipiensetin
999 983 1243 1050 seipsum
1265 968 1558 1033 infundens
1584 974 1917 1047 proclamat:
2020 966 2079 1020 in
2103 967 2360 1057 omnibus
2386 966 2651 1033 laturam,
2675 970 2869 1038 suique
2890 970 3079 1041 iudicii
3105 972 3422 1032 ferventh
3446 983 3624 1053 typice

328 1080 663 1152 Consurgunt
697 1084 744 1134 et
782 1076 1069 1132 ascendant
1107 1082 1281 1144 gentes
1323 1072 1381 1125 in
1421 1068 1609 1123 vallem
1638 1066 1919 1136 Jcsapitat,

328 1174 454 1244 quia
484 1170 556 1226 ibi
583 1170 793 1234 sedebo,
834 1177 889 1222 ut
922 1167 1158 1236 judicent
1185 1179 1362 1217 omnes
1389 1171 1563 1233 gentes
1589 1161 1645 1214 in
1672 1159 1919 1213 circuitu.

332 1263 410 1318 Ac
457 1265 503 1318 si
551 1261 812 1325 dixisset,
865 1264 1195 1327 consurgant
1240 1261 1427 1309 amnes
1464 1268 1532 1308 ex
1568 1251 1817 1316 mortuis,
1872 1257 1927 1305 et

333 1353 633 1409 ascendant
672 1353 724 1406 in
760 1349 950 1423 judicii
991 1349 1095 1404 mei
1135 1345 1506 1409 altitudinem,
1557 1350 1925 1410 arcanumque

331 1440 659 1513 profundum
684 1484 697 1506 ,
742 1438 887 1510 quod
913 1447 1133 1510 superat
1158 1451 1373 1493 omnem
1415 1435 1764 1491 intellectum.
1816 1431 1927 1488 Hos

334 1534 544 1603 itaque,
571 1533 662 1605 qui
693 1533 817 1587 talia
849 1528 1141 1596 somniant,
1173 1530 1320 1586 clara
1347 1536 1587 1599 veraque
1609 1524 1819 1582 deridet
1842 1540 1926 1580 ra~

333 1624 433 1680 tio.
477 1623 759 1692 Quomodo
796 1623 940 1678 enim
972 1622 1236 1677 Dominus
1264 1634 1450 1675 noster
1471 1617 1630 1675 .lesus
1652 1617 1923 1683 Christus,

335 1716 419 1770 eui
454 1710 623 1769 {Pater
648 1712 795 1770 dedit
826 1712 1117 1784 judicium,
1166 1710 1412 1767 localiter
1457 1719 1510 1765 et
1554 1709 1927 1780 temporaliter

333 1804 659 1869 movebitur,
689 1811 978 1873 postquam
1011 1803 1408 1857 humanitatem
1436 1816 1590 1857 suam
1622 1816 1783 1871 super
1809 1814 1928 1854 om-

332 1894 423 1949 nia
455 1893 574 1949 loca
602 1901 959 1963 ettempora,
1006 1909 1172 1964 super
1211 1907 1392 1958 omne,
1442 1892 1587 1963 quod
1630 1890 1827 1947 dicitur
1870 1882 1955 1945 et.

2024 1056 2356 1128 signiﬁcans.
2410 1060 2511 1114 Cui
2556 1060 2741 1116 sensui
2780 1061 2969 1117 beatus
3003 1064 3341 1136 Augustinus
3375 1072 3621 1143 adstipu-

2023 1148 2252 1205 latur-in
2281 1149 2622 1220 expositione
2645 1148 3079 1223 quinquagesimi
3105 1157 3303 1225 psalmi
3331 1173 3347 1212 :
3377 1159 3520 1227 Quid
3548 1174 3624 1218 est

2020 1240 2167 1295 enim
2196 1240 2562 1297 holocaustum
2591 1250 2769 1297 totum
2787 1241 2908 1313 igne
2943 1252 3358 1317 consumptum?
3395 1251 3623 1319 Quando

2024 1338 2197 1385 totum
2241 1347 2425 1400 pecus.
2449 1332 2818 1402 itnponeltatttr
2847 1347 2977 1388 arae
3020 1332 3138 1405 igne
3184 1329 3653 1411 consumendmn,’

2026 1418 2388 1476 holocaustum
2422 1422 2718 1478 dicebatur.
2772 1423 2928 1478 Totos
2956 1439 3054 1480 nos
3078 1427 3219 1498 ignis
3244 1427 3337 1483 ille
3362 1435 3626 1502 absumet,

2025 1521 2075 1565 et
2097 1511 2267 1581 [crvor
2290 1512 2379 1568 ille
2399 1513 2639 1585 arripiet.
2670 1513 2802 1581 Quis
2828 1515 3003 1584 fervor
3017 1517 3043 1570 ?
3069 1517 3182 1573 Nec
3201 1528 3296 1587 est,
3321 1523 3412 1592 qui
3431 1539 3486 1577 se
3509 1525 3628 1581 abe-

2016 1612 2219 1659 eottdut
2264 1622 2296 1659 ιι
2350 1606 2523 1662 calere
2569 1607 2708 1677 ejus.
2770 1606 2905 1673 Quis
2962 1609 3182 1679 fervor?
3229 1611 3309 1667 De
3352 1626 3454 1685 quo
3501 1616 3628 1672 dicit

2028 1694 2308 1766 Apostolus
2335 1712 2354 1750 :
2409 1696 2615 1769 Spiritu
2663 1698 2940 1770 fehventes.
3009 1698 3133 1757 Non
3186 1713 3392 1759 tantum
3449 1709 3629 1764 anima

2020 1795 2211 1841 nostra
2251 1787 2564 1842 absumitur
2590 1789 2655 1843 ab
2683 1789 2775 1843 illo
2813 1790 2992 1846 divino
3032 1793 3151 1862 igne
3187 1797 3497 1866 sapientiae,
3540 1801 3629 1854 sed

2028 1883 2079 1929 et
2109 1888 2300 1947 corpus
2330 1886 2567 1933 matrum
2592 1879 2658 1933 ab
2689 1881 3110 1959 immortalitate.
3144 1883 3238 1939 Sic
3260 1886 3458 1943 levetur
3483 1891 3627 1947 ΙροΙο·

336 1982 679 2055 intelligitur,
725 1983 782 2038 in
813 1983 1077 2037 unitatem
1123 1997 1256 2038 suae
1296 1980 1595 2038 divinitatis
1632 1982 1928 2048 exultavit;
1963 1982 2007 2042 Β
2032 1976 2296 2034 “imum.
2337 1980 2394 2021 αι
2424 1969 2771 2025 “mdium?
2798 1986 2937 2031 mars
2965 1972 3020 2028 in
3049 1975 3323 2032 victoriam
3353 1979 3394 2013 “
3423 1997 3436 2033 :
3462 1989 3517 2035 et
3543 1997 3628 2038 ce-

336 2074 426 2128 ubi
447 2073 599 2129 sedet
619 2072 1577 2130 aeternaiiteretincommutabiliter
1598 2073 1664 2128 ad
1687 2060 1933 2128 dextram
2038 2058 2191 2120 εθΐειι
2236 2070 2380 2126 il“ae
2427 2058 2605 2129 ιΥΡίοθ
2651 2060 2719 2114 de
2767 2059 2953 2117 Ῐυίυνθ
2993 2062 3204 2134 illinc“)
3238 2067 3423 2125 (“Vina
3467 2071 3630 2128 "adii

334 2165 448 2220 suit
492 2164 690 2231 Patris,
733 2176 786 2220 et
832 2179 1083 2221 sessurus
1112 2170 1233 2231 est;
1272 2165 1415 2219 unde
1455 2164 1593 2235 regit
1630 2171 1683 2218 et
1718 2162 1937 2235 iudicat

336 2255 539 2321 omnia,
584 2265 641 2312 et
684 2264 933 2312 recturus
975 2264 1029 2311 et
1061 2255 1400 2323 iudicaturus
1424 2256 1546 2310 est!
1606 2255 1738 2309 Nam
1790 2254 1936 2325 quod

338 2345 393 2401 in
424 2349 791 2404 ecclesiastico
842 2349 1089 2421 symbolo
1137 2349 1271 2404 ﬁdes
1313 2347 1581 2406 catholica
1620 2347 1936 2415 confitetur,

340 2435 527 2494 dicens
552 2454 564 2491 :
599 2438 732 2493 Inde
757 2448 1004 2493 venturus
1024 2440 1273 2508 judicare
1302 2441 1443 2494 vivos
1470 2447 1516 2493 et
1543 2448 1801 2504 mortuos,
1828 2444 1937 2493 non

338 2529 416 2583 ita
442 2529 702 2585 debemus
728 2532 986 2601 cogitare,
1023 2539 1083 2585 ut
1114 2530 1343 2587 localem
1370 2539 1577 2585 motum
1608 2529 1801 2600 ipsius,
1841 2545 1937 2585 seu

328 2634 409 2676 ex
435 2621 644 2679 intimis
680 2630 909 2679 naturae
939 2624 1148 2687 sinibus
1173 2624 1227 2679 in
1255 2624 1401 2680 hunc
1424 2623 1686 2679 mundum
1716 2632 1935 2695 proces~

340 2711 548 2768 sionem
605 2713 878 2783 quandam
939 2712 1303 2785 intelligamus
1332 2754 1347 2779 ,
1409 2713 1581 2769 donec
1632 2713 1937 2771 visibiilbus

338 2805 600 2860 membris
649 2805 929 2878 corporeis
975 2802 1227 2861 sensibus
1292 2804 1711 2877 iudicandorum
1766 2818 1925 2877 appa-

339 2902 494 2961 reat;
538 2894 633 2953 sed
662 2897 951 2952 adventum
986 2896 1153 2968 ipsius
1177 2898 1551 2967 unusquisque
1578 2897 1845 2952 bonorum
1879 2905 1937 2953 et

342 2986 610 3043 malorum
651 2989 791 3044 intra
823 2989 1062 3060 seipsum
1100 2988 1306 3045 videbit
1345 2990 1396 3044 in
1438 3002 1534 3044 sua
1571 2989 1931 3056 conscientia,

324 3079 561 3148 quando
592 3078 907 3149 aperientur
935 3080 1097 3146 libri,
1150 3089 1206 3135 et
1244 3078 1509 3135 revel‘abit
1534 3078 1675 3132 Dens
1702 3079 1934 3135 abscon-

342 3170 454 3227 dita
488 3168 867 3236 tenebrarum,
909 3179 963 3227 et
1003 3171 1376 3241 unusquisque
1403 3186 1622 3226 suarum
1657 3171 1931 3226 actionttm

342 3271 396 3318 et
422 3263 810 3333 cogitationum
848 3261 1015 3331 iudex
1063 3264 1188 3318 erit.
1242 3262 1379 3319 Hine
1424 3262 1759 3334 Augustinus
1789 3264 1932 3319 vice-

2032 2146 2308 2214 historia;
2376 2150 2443 2205 de
2492 2151 2693 2213 Quibus
2749 2167 2894 2209 nunc
2952 2162 3194 2212 tractare
3246 2157 3468 2229 longum
3525 2171 3631 2221 est.

2037 2238 2184 2294 Dtse.
2228 2239 2475 2311 Longum
2498 2242 2766 2311 quidem;
2809 2243 3001 2300 vellem
3042 2254 3225 2303 tamen
3263 2251 3619 2312 breviter'att

2038 2326 2175 2393 dire,
2205 2339 2348 2398 quae
2375 2329 2486 2385 sint
2509 2332 2683 2387 nubes
2732 2333 2876 2401 illae,
2907 2335 2963 2390 in
2989 2338 3192 2406 quibus
3219 2343 3395 2397 sancti
3422 2346 3631 2415 rapien-

2036 2427 2130 2475 tur
2168 2418 2387 2477 obviam
2431 2420 2650 2479 Christo
2679 2424 2734 2479 in
2765 2427 2921 2496 aura;
2960 2436 3032 2484 et
3076 2432 3199 2500 quis
3230 2432 3323 2490 ille
3344 2435 3388 2468 ¹⁸
3419 2438 3535 2503 aer,
3580 2439 3634 2495 in

2034 2526 2145 2581 quo
2172 2526 2296 2567 cum
2325 2512 2545 2571 Christo
2570 2516 2623 2569 in
2649 2516 2784 2587 ipsis
2809 2520 3049 2577 nubibus
3075 2536 3297 2597 semper
3325 2537 3506 2584 erunt.
3544 2531 3637 2587 Ait

2035 2601 2184 2656 enim
2209 2601 2541 2673 Apostolus:
2589 2602 2705 2659 Nos
2748 2618 2949 2673 autem,
2999 2613 3091 2681 qui
3139 2613 3510 2687 relinquimur,
3546 2623 3637 2691 qui

2036 2691 2234 2746 residui
2270 2706 2481 2759 sumus,
2506 2693 2611 2749 hoc
2647 2704 2755 2762 est,
2789 2697 2885 2765 qui
2918 2701 3158 2755 nondum
3200 2703 3259 2775 in
3295 2705 3636 2767 altitudinem

2035 2781 2398 2838 deiﬂeationis
2436 2784 2812 2852 ascendimus,
2856 2791 3139 2859 rapientur
3168 2792 3226 2846 in
3269 2794 3492 2852 nucibus
3541 2798 3635 2854 oi-

2012 2878 2174 2932 sium
2200 2877 2411 2933 Clm'sm
2447 2882 2503 2935 in
2538 2886 2687 2947 πει-(ι,
2723 2892 2773 2937 et
2811 2884 2888 2938 sic
2921 2901 3125 2956 semper
3150 2904 3269 2945 cum
3294 2889 3389 2947 illo
3414 2895 3635 2955 erimus.

2034 2967 2177 3027 Iac.
2210 2970 2286 3026 De
2316 2971 2401 3027 his
2431 2973 2668 3030 nubibus
2703 2983 2759 3029 et
2796 2976 2853 3030 in
2884 2978 3157 3047 prioribus
3174 2981 3350 3054 hujus
3375 2983 3419 3017 "
3450 2986 3636 3059 dispu-

2032 3064 2260 3118 tationis
2309 3063 2465 3120 libris
2507 3067 2728 3122 beatum
2776 3068 3072 3126 Maximum
3121 3085 3414 3146 sequentes
3461 3095 3637 3152 pauca

2028 3157 2263 3228 praefati
2288 3158 2335 3192 “
2375 3174 2583 3226 sumus,
2631 3168 2688 3215 et
2732 3178 2877 3219 nunc
2916 3164 3115 3222 iterum
3157 3172 3332 3228 sancti
3359 3171 3638 3235 Ambrosii

2034 3252 2253 3301 sensum
2269 3247 2532 3304 addentes
2546 3250 2809 3307 dicemus.
2826 3251 3212 3327 Unusquisque
3229 3259 3396 3331 igitur
3416 3258 3639 3322 Sancto-

341 3354 479 3410 simo
495 3354 526 3391 ³
551 3352 692 3409 libro
714 3356 778 3410 de
800 3354 1034 3412 Civitate
1082 3352 1199 3421 Dei,
1226 3356 1438 3411 decimo
1463 3357 1626 3412 tertio
1652 3357 1888 3427 capitulo
1913 3374 1929 3412 :

2038 3354 2178 3403 rum,
2200 3349 2261 3394 ut
2287 3340 2364 3395 ait
2384 3340 2672 3408 Maximus,
2695 3359 2850 3399 suam
2874 3346 3096 3404 habebit
3119 3352 3339 3420 nubem,
3360 3358 3638 3428 propriam

342 3446 641 3514 Quaedam,
673 3449 870 3520 inquit,
894 3449 969 3504 vis
996 3456 1070 3505 est
1098 3449 1436 3519 intelligenda
1464 3449 1658 3513 divina,
1691 3467 1794 3522 qua
1821 3450 1930 3520 ﬁet,

340 3546 399 3591 ut
427 3538 710 3609 unicuique
747 3553 906 3608 opera
936 3555 1056 3605 sua,
1090 3538 1167 3594 vel
1198 3540 1334 3594 bona
1363 3540 1441 3595 vel
1468 3540 1633 3603 mala,
1664 3550 1851 3596 cuncta
1877 3542 1934 3596 in

342 3630 649 3684 memoriam
678 3639 1002 3695 revocentur,
1044 3639 1093 3686 et
1132 3632 1320 3687 mentis
1352 3632 1544 3686 intuitu
1581 3633 1718 3686 mira
1753 3630 1938 3686 celeri-

345 3722 450 3772 tate
478 3727 762 3774 cernantur
783 3720 825 3783 ⁸,
867 3730 923 3774 ut
954 3729 1163 3776 accuset
1192 3721 1269 3776 vel
1319 3731 1528 3775 excuset
1558 3722 1775 3776 scientia
1812 3734 1936 3775 con-

326 3810 651 3875 scientiam,
689 3822 842 3881 atque
878 3812 952 3866 ita
993 3823 1041 3866 et
1081 3829 1258 3867 omnes
1297 3821 1343 3867 et
1382 3813 1575 3884 singuli
1603 3814 1933 3885 judicentur.

348 3898 502 3965 Quae
544 3900 801 3955 nimirum
844 3902 929 3957 vis
975 3903 1156 3959 divina
1207 3903 1329 3959 libri
1369 3919 1565 3960 nomen
1597 3905 1840 3975 accepit;
1880 3905 1937 3958 in

349 4005 416 4045 eo
443 3990 644 4063 quippe
672 3993 1069 4063 quodammodo
1093 3994 1309 4066 legitur,
1331 3996 1589 4067 quicquid
1617 4012 1679 4050 ea
1708 3994 1939 4050 faciente

352 4084 632 4150 recolitur,
664 4085 806 4140 sicut
832 4086 908 4140 ait
934 4085 1225 4156 Apostolus
1255 4105 1267 4139 :
1304 4084 1499 4142 Omnes
1523 4086 1660 4140 enim
1683 4085 1938 4152 stabimus

348 4183 472 4229 ante
499 4174 733 4230 tribunal
766 4175 997 4242 Domini,
1025 4184 1081 4230 ut
1112 4177 1250 4247 ferat
1277 4177 1654 4248 unusquisque,
1682 4192 1816 4246 quae
1849 4191 1941 4245 per

348 4284 537 4338 corpus
574 4270 752 4340 gessit,
790 4269 900 4325 sive
938 4269 1129 4325 bonum
1164 4269 1272 4325 sive
1305 4267 1526 4333 malum,
1562 4268 1798 4323 tribunal
1828 4265 1936 4323 Do—

350 4359 484 4413 mini
509 4359 785 4429 appellans
811 4358 1114 4430 majestatis
1142 4359 1258 4429 ejus
1287 4358 1760 4426 excelsitudinem,
1800 4372 1941 4430 quae

2036 3431 2291 3488 videlicet
2329 3447 2462 3489 suae
2490 3435 2972 3507 contemplationis
3001 3441 3259 3500 virtutem
3298 3455 3356 3502 et
3389 3447 3637 3508 altitudi-
3684 3450 3696 3509 ἕ

2035 3538 2181 3581 nem.
2209 3524 2268 3580 in
2290 3533 2552 3596 quantum
2575 3527 2777 3599 quippe
2796 3530 3030 3602 quisque
3050 3536 3365 3604 cogitationi
3386 3543 3637 3601 veritatis
3700 3518 3725 3613 λ

2036 3616 2512 3688 appropinquabit,
2554 3617 2612 3673 in
2652 3625 2864 3676 tantum
2898 3623 3143 3695 rapietur
3175 3626 3389 3686 obviam
3418 3631 3638 3692 Christo
3718 3658 3719 3665 η

2036 3709 2091 3764 in
2120 3709 2269 3775 aera,
2302 3708 2411 3765 hoc
2437 3718 2522 3765 est
2540 3751 2555 3774 ,
2592 3711 2647 3765 in
2678 3713 3008 3783 purissimae
3038 3717 3426 3793 intelligentiae
3452 3725 3637 3784 altitu-

2038 3800 2219 3858 dinem
2249 3811 2304 3857 et
2327 3802 2668 3872 claritatem,
2718 3820 2785 3863 ac
2831 3808 2912 3864 sic
2952 3824 3173 3882 semper
3216 3815 3270 3870 in
3320 3820 3463 3875 nube
3501 3814 3603 3877 con
3635 3852 3640 3856 -

2039 3893 2409 3962 templationis
2442 3910 2573 3951 suae
2608 3897 2666 3951 in
2701 3897 2903 3955 divinis
2945 3902 3292 3973 theophaniis
3337 3918 3392 3966 et
3434 3914 3541 3969 erit
3581 3924 3638 3971 et

2039 3982 2314 4054 gaudebit.
2370 3983 2505 4040 item
2548 3987 2851 4042 secundum
2892 3989 3242 4050 Ambrosium
3288 3999 3462 4057 nubes
3510 4014 3637 4060 sunt

2038 4070 2407 4142 patriarchae,
2436 4073 2591 4129 verbi
2619 4075 2795 4145 gratis
2823 4076 3126 4147 Abraham,
3162 4081 3315 4142 lsaae
3353 4095 3410 4143 et
3444 4089 3634 4161 Iacob,

2040 4161 2096 4217 in
2128 4174 2361 4232 quorum
2392 4161 2497 4219 ﬁde
2532 4171 2590 4219 et
2618 4165 2835 4222 actione
2861 4176 2918 4222 et
2943 4170 3203 4238 scientia,
3238 4174 3400 4244 veluti
3432 4180 3485 4235 in
3516 4183 3637 4252 qui-

2038 4253 2269 4315 busdam
2306 4253 2545 4310 nubibus
2580 4254 2935 4324 clarissimis,
2987 4259 3253 4321 baeredes
3281 4263 3417 4322 Novi
3447 4269 3649 4335 Testa-,

2042 4344 2209 4400 menti
2238 4344 2456 4401 obviam
2484 4344 2710 4405 Christo
2738 4348 3036 4418 rapientur.
3071 4350 3335 4411 Similiter
3358 4355 3637 4428 lcgislator

352 4450 605 4504 omnibus
651 4451 849 4521 ubique
899 4453 952 4508 in
999 4450 1251 4508 omnibus
1295 4450 1614 4522 apparebit,
1668 4467 1772 4521 qua
1818 4458 1873 4507 et
1921 4450 1933 4483 '

2043 4438 2219 4495 Moses
2267 4438 2549 4510 ceterique
2595 4441 2918 4511 prophetae,
2971 4444 3198 4513 apostoli
3248 4462 3487 4523 quoque,
3542 4456 3637 4527 qui

354 4538 699 4596 manifestata
747 4540 987 4598 videbunt
1032 4543 1216 4613 impii,
1247 4542 1303 4596 in
1332 4557 1486 4613 quem
1541 4551 1872 4613 pupttgcrunt
1896 4541 1941 4608 ⁸,
2045 4535 2216 4607 ipsius
2252 4533 2467 4590 Domini
2494 4532 2726 4590 virtutes
2764 4544 2820 4590 et
2857 4536 3165 4594 doctrinam
3200 4545 3638 4611 praesentialiter

330 4638 401 4688 ‘et
434 4634 682 4706 plangent
717 4653 772 4692 se
804 4652 984 4692 omnes
1029 4638 1196 4692 tribus
1246 4646 1436 4692 terrae.
1491 4638 1570 4693 Ac
1607 4636 1686 4693 sic
1724 4636 1933 4707 signum

2045 4641 2394 4698 perspexere,
2426 4627 2597 4681 nubes
2628 4635 2776 4693 sunt,
2803 4626 2860 4682 in
2891 4630 3122 4699 quarum
3152 4630 3277 4689 fidei
3304 4641 3360 4690 et
3383 4638 3634 4710 actionis,

347 4700 447 4782 ﬁlii
484 4700 743 4795 hominis,
786 4729 891 4784 hoc
927 4736 1044 4795 est,
1086 4729 1263 4785 honor
1301 4737 1356 4784 et
1394 4728 1564 4799 gloria
1603 4700 1939 4798 erueis'cjus
1966 4700 2018 4760 θ
2045 4720 2160 4790 spei
2205 4732 2422 4790 quoque
2466 4727 2522 4773 et
2567 4720 2849 4787 caritatis,
2898 4721 3161 4779 scientiae
3207 4734 3262 4782 et
3308 4700 3633 4800 sapientiae,

350 4821 561 4876 cunctis
589 4821 836 4892 fulgebit.
875 4822 943 4876 Et
969 4822 1220 4878 fortassis
1247 4821 1335 4878 illa
1363 4831 1447 4879 est
1475 4820 1692 4878 ﬂamma
1724 4822 1933 4888 ultima,

2041 4821 2458 4881 ceterarumque
2492 4810 2751 4865 virtutum
2790 4810 3074 4883 exemplis,
3102 4816 3269 4872 veluti
3307 4821 3630 4889 quibusdam

353 4924 491 4981 quae
535 4921 707 4968 totum
756 4898 1016 4970 mundum
1065 4922 1122 4971 et
1167 4914 1413 4985 implebit
1458 4920 1513 4968 et
1561 4923 1844 4969 consumet
1890 4912 1933 4979 ',

2044 4903 2298 4969 nubibus,
2329 4904 2422 4975 qui
2454 4904 2505 4959 in
2538 4904 2643 4960 hac
2667 4905 2780 4960 vita
2810 4906 3025 4963 illorum
3052 4912 3282 4985 vestigia
3308 4928 3632 4987 sequuntur,

355 5002 622 5071 apparitio
667 5004 921 5061 videlicet
970 5004 1069 5063 Dei
1113 5005 1280 5061 Verbi
1335 5004 1391 5059 in
1445 5002 1592 5059 omni
1642 5012 1933 5071 creatura,

2040 4994 2320 5064 rapientur
2342 4992 2557 5049 obviam
2582 4992 2821 5062 Christo,
2848 4996 2987 5051 sicut
3018 5004 3069 5051 et
3097 4999 3215 5067 ipsi,
3249 5003 3363 5059 sive
3389 5007 3633 5067 viventes
3661 4996 3671 5011 k

356 5091 574 5162 quando
623 5095 696 5148 nil
743 5096 887 5152 aliud
931 5104 988 5151 et
1030 5098 1053 5129 ⁸
1102 5097 1261 5152 bonis
1305 5101 1359 5150 et
1404 5092 1563 5150 malis
1600 5095 1653 5149 in
1690 5094 1941 5151 omnibus
2043 5088 2220 5143 adhuc
2244 5086 2299 5141 in
2326 5101 2512 5152 carne,
2536 5087 2840 5157 rapti,sive
2862 5102 3028 5142 carne
3047 5088 3230 5144 soluti.
3261 5091 3380 5159 Dic,
3405 5114 3631 5167 quaeso,
3663 5096 3674 5108 ’

356 5180 697 5252 splendebit,
728 5184 831 5240 nisi
864 5185 1219 5257 intelligibilis
1246 5176 1368 5251 lux’,
1417 5197 1558 5254 quae
1585 5199 1729 5239 nunc
1754 5184 1944 5254 implet
2043 5193 2151 5248 quo
2193 5185 2382 5247 raptus
2426 5186 2511 5233 est
2555 5175 2764 5243 Enoch,
2803 5191 2911 5248 quo
2942 5177 3108 5244 Elias,
3146 5180 3238 5249 qui
3268 5182 3311 5215 ³³
3356 5185 3535 5241 adhuc
3581 5190 3636 5245 in

353 5270 537 5328 omnia
569 5273 798 5338 occulte,
831 5284 888 5330 et
914 5282 1043 5333 tunc
1071 5285 1257 5349 aperte
1285 5274 1572 5348 impletura
1604 5284 1706 5330 est.
1740 5274 1833 5330 llla
1860 5286 1943 5332 est
2046 5287 2210 5328 carne
2235 5269 2537 5336 constituti,
2567 5271 2706 5341 rapti
2732 5268 2901 5324 sunt?
2931 5267 3119 5323 Nonne
3146 5267 3360 5325 obviam
3386 5270 3630 5343 Christo,

357 5367 607 5431 ﬂamma,
656 5372 715 5420 ut
760 5367 977 5438 opinor,
1026 5382 1165 5437 quae
1218 5370 1284 5423 de
1332 5366 1511 5437 seipse
1556 5364 1781 5438 loquens
1828 5368 1941 5423 ait:
2045 5378 2205 5434 quem
2243 5361 2437 5432 spiritu
2476 5367 2850 5433 cognoverunt
2885 5365 3177 5413 νθηῑιιΐῑιιη
3214 5373 3338 5415 esse
3374 5362 3427 5422 in
3470 5380 3629 5421 mun-

359 5455 470 5527 Ego
509 5474 626 5512 sunt
665 5458 801 5529 ignis
841 5475 1189 5523 consumens;
1230 5454 1512 5514 oonsuutct
1548 5458 1695 5513 enim
1730 5458 1943 5526 onmia,
2050 5456 2220 5513 dum?
2269 5454 2388 5523 Quo
2418 5454 2725 5518 Abraham,
2767 5451 2833 5507 de
2869 5465 2977 5521 quo
3009 5450 3267 5509 Dominus
3304 5453 3420 5526 ipse
3458 5457 3632 5513 dicit:

358 5549 572 5618 quando
601 5550 785 5604 omnia
814 5550 869 5605 in
898 5550 1150 5606 omnibus
1173 5550 1310 5616 erit,
1348 5558 1403 5606 et
1437 5549 1582 5607 solus
1607 5550 1665 5605 in
1695 5550 1946 5607 omnibus
2058 5548 2201 5603 Vidit
2224 5548 2493 5604 Abraham
2513 5546 2653 5602 diem
2680 5559 2869 5608 meum,
2893 5552 2940 5598 et
2966 5542 3175 5614 gavisus
3201 5557 3275 5599 est
3300 5548 3324 5600 Ρ
3350 5548 3489 5615 Quid
3518 5563 3629 5604 mo-

1660 5660 1913 5720 VARIAE
1950 5662 2351 5720 LECTIONES.

477 5758 525 5812 Α
569 5775 625 5817 ιιι
659 5759 1017 5815 a.titm!inent.
1141 5754 1223 5814 sui
1249 5774 1357 5815 om.
1391 5760 1457 5814 A.
1533 5758 1553 5791 '
1579 5757 1625 5814 A
1655 5758 1709 5813 in
1737 5754 2015 5815 vicesimo.
2091 5757 2112 5788 ⁸
2141 5750 2224 5812 CF
2257 5764 2555 5810 cernentur.
2636 5760 2657 5792 ⁵
2686 5761 2734 5806 et
2758 5765 2887 5834 .om.
2917 5750 2984 5832 Δ..
3062 5752 3083 5788 ⁶
3109 5744 3194 5807 CF
3210 5765 3632 5875 Iupunxerunt.

477 5844 502 5875 [ε
530 5828 651 5875 (1F:
696 5831 730 5875 Α
765 5831 1166 5875 εηηςηιηηιηιιίι-
1243 5833 1265 5863 ⁸
1291 5840 1338 5875 et
1364 5846 1472 5875 nm-
1509 5830 1570 5875 Α-
1648 5829 1861 5875 "innuit
1889 5845 1997 5875 nm-
2031 5828 2094 5875 Α.
2172 5827 2219 5867 ιο
2245 5834 2291 5875 et
2321 5840 2430 5875 om.
2458 5824 2537 5875 A.~
2599 5825 2639 5856 ¹¹
2671 5821 2769 5875 Gut
2796 5838 2969 5875 sensut
3000 5821 3178 5875 beatus
3258 5826 3536 5875 naitinnus
3566 5857 3632 5867 --

358 5827 380 5861 ⁷
400 5827 502 5899 δίο
530 5828 653 5896 CF;
691 5831 737 5885 Α
765 5831 1167 5886 consummabit.
1243 5833 1265 5863 ⁸
1291 5840 1338 5884 et
1364 5846 1472 5885 om.
1506 5830 1570 5885 Α.
1648 5829 1861 5899 "inquit
1889 5845 1997 5899 om.
2028 5828 2094 5883 A.
2172 5827 2219 5899 ετξ
2245 5834 2291 5881 et
2321 5840 2435 5899 out.
2458 5824 2537 5878 A.~
2599 5825 2641 5899 ’ξ
2671 5821 2770 5899 Qui
2796 5821 2970 5876 sensui
3000 5821 3178 5877 beatus
3210 5821 3633 5899 anginam:

359 5894 760 5955 victcriam‘om.
782 5902 846 5955 Α.
930 5903 971 5934 ¹²
997 5902 1084 5957 Sic
1100 5901 1216 5969 Cl";
1253 5902 1363 5957 Act
1378 5901 1499 5971 quis
1527 5910 1599 5955 est
1626 5900 1734 5956 ille.
1763 5894 1773 5899 ⁷
1815 5900 1857 5932 ¹³
1878 5898 2037 5969 hujus
2066 5916 2173 5955 om.
2195 5897 2257 5953 A.
2339 5895 2379 5926 “‘
2409 5896 2454 5949 A
2485 5894 2710 5963 praefati
2738 5910 2905 5950 vauca
2936 5907 3142 5948 sumus.
3221 5895 3265 5928 ³⁸
3283 5894 3492 5963 quiem.
3521 5895 3630 5951 CF.
