4168 6284
582 356 687 414 999

1980 346 2262 404 JOANNIS
2298 345 2495 403 SCOTI

3724 342 3895 401 1000

580 474 716 528 ror?
741 473 858 541 Quo
878 472 997 538 Job,
1021 471 1112 543 qui
1135 471 1273 527 dixit
1298 489 1310 525 :
1335 470 1533 525 Auditu
1555 470 1701 524 auris
1729 466 1907 522 audivi
1932 474 2000 531 te,
2022 482 2158 520 nunc
2188 473 2235 529 Α
2264 480 2371 520 non
2399 463 2777 527 deseruerant,
2807 466 2865 515 et
2894 459 2950 514 in
2978 470 3141 530 quem
3179 458 3334 515 linito
3367 457 3738 529 apparitionis
3783 476 3891 515 sa-

566 574 758 618 nutem
782 562 960 617 oculus
981 579 1126 617 meus
1147 562 1283 617 videt
1308 562 1395 615 te?
1421 560 1539 627 Quo
1562 560 1757 624 Moses,
1781 557 2083 612 ascendens
2109 555 2163 609 in

580 666 819 710 montem
853 653 1045 709 Sinai?
1093 654 1209 720 Quo
1237 655 1401 709 celeri
1435 653 1754 724 prophetae,
1785 648 2164 721 praevidentes

584 746 824 802 Verbum
848 746 945 801 Dei
977 746 1032 801 in
1052 760 1217 801 carne
1238 752 1547 809 venturum,
1574 744 1734 812 eique
1760 740 1957 812 spiritu
1976 752 2167 793 occur-

579 836 811 892 rentes?
844 836 963 902 Quo
990 837 1183 891 Petrus
1213 844 1400 905 raptus
1431 842 1537 899 est,
1562 832 1789 889 Domino
1814 844 1912 886 suo
1939 843 2167 899 respon-

581 927 753 981 dens:
795 925 873 979 Tu
895 940 953 983 es
976 925 1215 979 Christus
1243 924 1414 980 Filius
1442 923 1541 978 Dei
1567 923 1669 978 vivi
1692 923 1717 977 .’
1745 920 1862 988 Quo
1884 919 2084 976 Paulus
2110 919 2164 973 in

582 1016 802 1071 tertium
822 1014 1027 1069 caelum
1052 1014 1387 1070 ascendens?
1412 1013 1598 1067 Nonne
1618 1025 1809 1067 omnes
1832 1012 1941 1077 isti,
1962 1024 2170 1067 eorum-

581 1120 687 1174 que
718 1104 920 1160 similes
943 1104 1156 1159 obviam
1180 1102 1397 1159 Christo
1414 1102 1570 1171 juxta
1600 1100 2019 1171 uniuscujusque
2040 1114 2168 1171 pro-

581 1196 758 1265 priam
788 1209 1195 1250 communemve
1225 1195 1487 1250 theoriam
1519 1194 1658 1264 rapti
1682 1209 1805 1249 eum
1830 1193 1922 1249 illo
1949 1200 2073 1249 sunt
2117 1200 2172 1247 et

582 1286 638 1341 in
672 1286 784 1352 illo,
810 1286 864 1340 in
893 1285 1157 1356 spirituali
1204 1286 1330 1341 aére
1376 1286 1634 1340 virtutum
1664 1293 1722 1342 et
1763 1284 2173 1354 contemplatio-

584 1375 762 1430 num?
811 1376 935 1437 llas
965 1390 1155 1431 omnes
1183 1383 1500 1445 ceterasque
1527 1364 1734 1432 similes
1767 1385 1824 1430 et
1861 1375 1879 1406 ί
1924 1373 2173 1441 intelligi-

582 1466 721 1522 biles
751 1466 921 1521 nubes
949 1466 1036 1520 illa
1068 1467 1338 1522 sensibilis
1364 1468 1532 1522 nubes
1576 1466 1998 1537 praeﬁgurabat,
2032 1478 2173 1534 quae

586 1568 830 1627 tempore
875 1557 1211 1613 ascensionis
1262 1557 1547 1614 Dominum
1610 1556 1818 1626 accepit
1886 1556 1955 1610 ab
2002 1552 2174 1609 oculis

586 1647 993 1718 discipulorum,
1036 1648 1248 1716 quando
1293 1646 1532 1703 elevatus
1576 1655 1661 1703 est
1700 1646 1755 1701 in
1796 1644 2023 1701 caelum.
2057 1643 2175 1699 Non

581 1739 726 1795 enim
770 1737 1046 1809 indigebat
1077 1738 1191 1807 ipse
1235 1737 1511 1808 cujusdam
1560 1736 1793 1794 vehiculi
1838 1752 1907 1792 ex
1944 1733 2175 1790 nubibus

2263 561 2548 610 cremento
2586 551 2791 607 reversi
2826 557 2973 616 sunt,
3003 564 3109 604 non
3137 549 3416 614 aliorsum,
3448 549 3543 604 sed
3574 550 3630 604 in
3660 550 3883 620 ipsum,

2265 643 2319 699 in
2356 657 2466 712 quo
2512 651 2569 696 et
2615 656 2741 697 cum
2774 655 2882 709 quo
2912 654 3080 694 unum
3120 647 3269 694 sunt.
3310 638 3465 706 Quod
3515 642 3889 711 apertissime

2264 736 2628 808 signiﬁcatum
2675 743 2760 790 est
2793 747 2892 804 per
2938 732 3060 788 illos
3086 740 3199 787 tres
3228 731 3437 788 electos
3476 733 3789 803 discipulos
3819 737 3883 793 in

2265 840 2465 882 arcana
2492 820 2993 879 transformationis
3011 821 3055 887 ',
3081 822 3175 892 qui
3222 821 3449 879 elevatis
3478 823 3658 879 oculis
3687 827 3881 880 nemi-

2267 933 2393 977 nem
2418 917 2693 981 viderunt,
2723 916 2827 971 nisi
2855 914 3040 971 Jesum
3083 914 3257 970 solum
3286 915 3331 970 ⁸.
3363 915 3432 970 Et
3456 924 3519 970 ut
3545 916 3879 975 credibilius

2270 1010 2407 1064 haec
2429 1011 2450 1041 '
2481 1018 2800 1077 cognoscas,
2822 1004 2941 1074 lege
2964 1010 3212 1058 sanetum
3237 1002 3587 1060 Ambrosium
3616 1005 3673 1059 in
3697 1020 3883 1077 expo-

2269 1096 2467 1152 sitione
2495 1095 2548 1150 in
2577 1094 2803 1149 Lucam.
2831 1091 3115 1163 Cognosce,
3148 1092 3344 1163 inquit,
3369 1093 3559 1147 nubem
3581 1096 3737 1149 istam
3761 1112 3875 1153 non

2269 1185 2642 1257 fumigantium
2671 1201 2781 1239 esse
2820 1186 3077 1238 montium
3117 1183 3365 1239 nebuloso
3394 1184 3613 1239 humore
3651 1203 3874 1242 concre—

2270 1289 2402 1343 tam,
2438 1286 2485 1331 el
2512 1277 2680 1331 coacti
2722 1277 2861 1330 aeris
2889 1274 3168 1345 caliginem
3212 1276 3438 1345 piceam,
3486 1293 3623 1347 quae
3660 1278 3868 1332 caelum

2271 1366 2599 1422 tenebrarum
2657 1366 2873 1421 horrore
2915 1366 3185 1431 subtexat,
3236 1365 3327 1421 sed
3369 1365 3603 1422 lucidam
3654 1370 3867 1437 nubem,

2271 1475 2406 1528 quae
2431 1474 2523 1513 nos
2554 1473 2656 1511 non
2684 1455 3000 1527 pluvialibus
3029 1458 3204 1529 aquis,
3232 1467 3281 1511 et
3308 1458 3574 1513 [iumentis
3601 1458 3872 1515 alluvione

2272 1549 2456 1605 imbris
2481 1548 2810 1615 immadidet,
2848 1548 2941 1605 sed
2982 1549 3046 1604 de
3064 1566 3174 1621 qua
3211 1559 3408 1605 mentes
3453 1551 3721 1606 hominum
3746 1569 3872 1608 voce

2273 1640 2372 1696 Dei
2401 1640 2768 1711 omnipotentis
2798 1642 2988 1696 emissa
3028 1641 3157 1711 ﬁdei
3193 1658 3278 1696 ros
3317 1644 3526 1713 rigavit,
3564 1653 3611 1697 et
3640 1645 3767 1698 dum
3806 1646 3871 1714 ﬁt

2274 1747 2394 1798 vos,
2422 1732 2656 1786 inventus
2677 1741 2750 1787 est
2785 1731 2945 1788 Jesus
2969 1731 3133 1791 solus.
3167 1731 3356 1804 Itaque
3394 1750 3514 1788 cum
3543 1744 3646 1790 tres
3672 1747 3871 1801 essem,

581 1792 917 1901 conglobati"
942 1829 1009 1884 ad
1144 1792 1542 1887 sublevandam
1683 1792 1828 1886 acria
1882 1828 2167 1885 aetherea-
2194 1792 2406 1882 Bittius
2449 1832 2523 1877 est
2552 1822 2724 1893 factus
2748 1838 2767 1876 :
2798 1831 2903 1877 tres
2943 1824 3000 1878 in
3040 1792 3296 1894 principio
3342 1825 3609 1891 videntur,
3638 1843 3776 1883 unus
3812 1792 3873 1882 in

581 1936 689 1992 que
713 1921 909 1992 spatia,
932 1936 1054 1977 cum
1081 1922 1244 1977 fuerit
1259 1922 1348 1979 ille
1369 1933 1490 1993 post
1513 1922 1966 1979 resurrectionem
1986 1920 2173 1991 purior

580 2013 862 2083 leviorque
893 2013 1038 2068 oumi
1084 2014 1283 2068 visibili
1333 2022 1388 2069 et
1430 2014 1686 2069 invisibili
1735 2022 2006 2077 creatura,
2053 2009 2174 2066 nul-

583 2102 807 2173 lumque
847 2103 1073 2158 localem
1105 2113 1310 2160 motum
1355 2105 1408 2159 in
1438 2105 1874 2174 spiritualitatem
1925 2102 2009 2158 sui
2049 2116 2173 2157 cor-

582 2195 734 2266 poris
781 2204 906 2264 post
949 2196 1418 2265 regenerationem
1465 2196 1750 2265 receperit,
1792 2203 1888 2249 aut
1924 2193 2114 2249 siverit
2149 2193 2172 2225 ¹

582 2301 899 2352 remanere;
939 2286 1115 2357 typice
1144 2296 1325 2342 autem
1352 2287 1524 2344 voluit
1552 2288 1665 2342 suis
1686 2285 1966 2356 discipulis
1987 2283 2176 2340 visibi~

582 2376 713 2432 liter
736 2376 1023 2432 ostendere
1054 2376 1291 2441 modum,
1318 2391 1427 2446 quo
1454 2375 1798 2432 invisibiliter
1825 2374 1939 2446 ipse
1968 2373 2025 2428 in
2054 2387 2177 2427 cor—

589 2466 749 2521 dibus
789 2465 1125 2535 diligentium
1177 2465 1625 2535 sequentiumque
1656 2478 1716 2520 se
1752 2464 2012 2520 ascendit.
2058 2464 2178 2532 Ipse

584 2558 854 2627 siquidem
905 2556 1149 2612 ascendit
1199 2556 1252 2610 in
1293 2555 1839 2625 contemplationibus
1881 2556 2179 2613 ascenden-

590 2650 725 2705 tium
770 2650 838 2703 ad
864 2663 954 2715 se;
997 2647 1176 2703 nullus
1218 2647 1415 2718 quippe
1451 2647 1517 2702 ad
1558 2646 1706 2702 illum
1747 2646 1866 2702 sine
1889 2646 1983 2702 illo
2002 2655 2181 2718 potest

583 2740 901 2797 ascendere.
926 2726 1095 2793 Nemo
1116 2739 1282 2803 enim,
1307 2747 1364 2793 ut
1386 2737 1499 2809 ipse
1516 2738 1607 2804 ait,
1625 2736 1857 2793 ascendit
1877 2739 1933 2792 in
1952 2736 2176 2803 caelum,

584 2832 686 2889 nisi
716 2832 803 2902 qui
828 2830 892 2885 de
931 2828 1074 2885 caelo
1102 2828 1392 2894 descendit,
1426 2844 1527 2883 nec
1551 2829 1760 2884 caelum
1797 2829 2019 2893 deserit,
2052 2828 2180 2883 dum

585 2922 642 2976 in
665 2921 870 2977 sanctis
898 2920 1267 2976 intellectibus
1293 2934 1387 2976 eos
1415 2933 1599 2975 secum
1631 2920 1922 2976 sublevans
1949 2921 2017 2975 ad
2041 2920 2182 2988 seip-

486 3020 492 3024 ”
589 3029 710 3069 sum
753 3013 1017 3069 ascendit.
1048 3012 1342 3083 Propterea
1373 3012 1694 3069 subsecutus
1722 3030 1736 3067 :
1765 3011 1962 3077 Filius,
1988 3010 2180 3081 inquit,

585 3106 838 3171 hominis,
861 3106 953 3176 qui
981 3114 1055 3159 est
1080 3106 1136 3158 in
1165 3103 1329 3173 caelo,
1347 3104 1554 3159 caelum
1578 3103 1854 3174 appellans
1879 3103 2116 3165 Patrem,
2142 3116 2177 3156 a

554 3180 699 3269 lquo
743 3198 912 3269 exivit
948 3213 1046 3267 per
1076 3197 1528 3261 incarnationem,
1559 3205 1613 3251 et
1639 3194 1706 3250 ad
1735 3211 1895 3266 quem
1926 3206 2179 3250 reversus

587 3298 713 3361 post
744 3288 764 3318 ³
798 3287 1270 3355 resurrectionem.
1325 3285 1642 3355 Ubicunque
1685 3288 1828 3340 enim
1875 3288 1897 3318 ⁸
1947 3287 2177 3355 legimus

589 3383 647 3436 in
668 3379 980 3450 Evangelio,
1009 3378 1295 3433 Dominum
1322 3376 1631 3432 sublevasse
1650 3375 1836 3433 oculos
1862 3377 1916 3431 in
1941 3380 2177 3447 caelum,

552 3540 555 3547 ι
587 3475 808 3530 Patrem
848 3488 1006 3527 suum
1049 3471 1351 3542 intelligere
1383 3470 1668 3534 debemus,
1694 3471 1786 3537 qui
1829 3469 1977 3525 solus
2007 3473 2179 3541 major

548 3618 560 3637 Q
590 3562 687 3617 illo
710 3570 815 3626 est,
839 3576 904 3614 ea
927 3560 1157 3622 ratione,
1178 3574 1283 3626 qua
1305 3558 1464 3612 Pater
1484 3559 1760 3627 praecedit
1775 3574 1938 3615 causa
1960 3562 2174 3618 Filium.

599 3653 799 3712 Tribus
833 3660 1013 3707 autem
1049 3651 1225 3705 modis
1264 3650 1451 3704 Sancti
1493 3651 1546 3704 in
1575 3650 1811 3720 puritate
1839 3654 2175 3725 contempla-

592 3749 757 3805 tionis
781 3764 905 3804 cum
930 3743 1146 3803 Citrile
1189 3752 1241 3802 et
1273 3743 1327 3803 in
1356 3742 1573 3803 Christo
1620 3742 1736 3798 fieri
1781 3743 2177 3816 intelliguntur.

591 3842 756 3900 Fiunt
784 3841 929 3896 enim
962 3849 1018 3896 et
1053 3840 1230 3897 adhuc
1260 3840 1315 3893 in
1349 3853 1516 3893 carne
1552 3837 1782 3903 detenti,
1814 3836 1953 3893 liunt
1993 3854 2025 3894 a
2055 3854 2179 3896 cor-

591 3948 726 4005 pore
757 3932 940 3998 soluti,
974 3931 1110 3988 ﬁunt
1134 3932 1454 4002 corporibus
1485 3931 1738 4000 receptis.
1773 3930 1977 3989 Horum
2012 3933 2176 3987 trium

590 4027 875 4083 modorum
898 4024 1336 4081 manifestissima
1355 4023 1602 4093 exempla
1625 4023 1677 4078 in
1701 4022 2180 4080 translormatione

594 4120 809 4189 Domini
873 4119 929 4174 in
987 4125 1171 4173 monte
1235 4114 1582 4171 manifestata
1644 4124 1813 4183 sunt;
1883 4116 2179 4173 viventium

591 4214 861 4284 siquidem
890 4214 944 4267 in
971 4227 1136 4268 carne
1168 4211 1338 4277 Elias,
1364 4210 1664 4266 solutorum
1695 4225 1923 4280 corpore
1943 4209 2173 4281 Moyses,

595 4303 997 4376 resurgentium
1028 4304 1141 4374 ipse
1171 4301 1441 4357 Dominus
1464 4309 1648 4371 typum
1679 4300 1947 4369 gestabat.
1978 4298 2181 4353 Resur-

593 4396 856 4451 reetionis
891 4394 1157 4463 siquidem
1186 4391 1432 4447 omnium
1471 4389 1795 4445 formam‘in
1828 4387 2183 4459 transﬁgura-

2269 1915 2409 1984 ﬁne;
2445 1914 2704 1983 perfectae
2739 1914 2876 1981 enim
2919 1914 3046 1982 ﬁdei
3081 1930 3244 1968 unum
3302 1925 3444 1970 sunt.
3497 1916 3721 1988 Denique
3759 1919 3871 1973 hoc

2269 2008 2430 2062 etiam
2452 2007 2710 2063 Dominus
2732 2016 2848 2062 orat
2866 2007 3081 2062 Patrem
3105 2008 3172 2073 ¹⁰,
3201 2018 3257 2062 ut
3284 2026 3460 2067 omnes
3483 2028 3643 2066 uirum
3664 2013 3870 2077 simus;

2272 2113 2366 2152 nec
2394 2095 2565 2152 solum
2588 2095 2795 2167 Moyses
2823 2106 2871 2152 et
2915 2097 3065 2151 Elius
3094 2098 3149 2152 in
3177 2095 3387 2153 Christo
3418 2116 3570 2152 unum
3595 2110 3741 2165 sunt,
3767 2100 3873 2155 sed

2271 2188 2432 2243 etiam
2475 2203 2569 2241 nos
2598 2202 2763 2241 unum
2810 2203 2998 2257 corpus
3031 2186 3226 2243 Christi
3270 2204 3464 2242 sumus.
3492 2187 3631 2259 Ergo
3666 2198 3721 2243 et
3775 2190 3877 2245 illi

2273 2287 2525 2349 tanquam
2545 2278 2602 2332 in
2617 2295 2719 2333 uno
2735 2295 2949 2350 corpore
2968 2280 3008 2310 ¹¹
3038 2279 3359 2349 recipiuntur
3371 2280 3422 2335 in
3435 2278 3625 2335 Christi
3641 2296 3871 2351 carpas,

2272 2368 2399 2438 quia
2426 2375 2474 2422 et
2519 2383 2613 2422 nos
2657 2384 2820 2423 unum
2849 2370 3042 2424 erimus
3072 2369 3127 2424 iu
3155 2367 3364 2424 Christo
3408 2368 3558 2425 Jesu.
3592 2369 3745 2426 DISC.
3788 2371 3870 2427 De

2277 2459 2536 2525 nubibus,
2564 2460 2616 2515 in
2640 2461 2838 2529 quibus
2855 2460 3040 2516 Saneti
3066 2461 3283 2516 obviam
3315 2461 3533 2516 Christo
3559 2462 3865 2531 rapiuntur,

2277 2557 2411 2614 satis
2451 2564 2769 2612 estactum.
2825 2557 2928 2612 Sed
2968 2556 3158 2627 quales
3195 2565 3325 2613 sunt
3366 2558 3537 2612 nubes
3579 2557 3698 2613 illae
3743 2574 3868 2616 eae-

2278 2646 2466 2711 lestes,
2496 2662 2617 2702 cum
2646 2646 2844 2717 quibus
2867 2646 3035 2703 Filius
3060 2648 3295 2705 hominis
3325 2658 3590 2705 venturus
3619 2658 3722 2716 est,
3750 2666 3864 2706 meo

2284 2739 2391 2794 rito
2433 2737 2735 2807 quaeritur.
2768 2738 2849 2793 Ac
2878 2755 2975 2811 per
3008 2740 3111 2795 hoc
3144 2754 3236 2795 eas
3272 2739 3488 2806 vellem,
3526 2741 3711 2810 quales
3738 2742 3862 2806 sint,

2282 2827 2485 2882 cursim
2540 2826 2827 2885 edisseras.
2882 2826 3023 2884 MAG.
3073 2827 3253 2887 Nubes
3301 2830 3456 2894 caeli,
3508 2846 3633 2886 cum
3673 2831 3863 2901 quibus

2284 2919 2452 2974 Filius
2473 2918 2707 2974 hominis
2729 2927 2985 2974 venturus
3006 2930 3090 2976 est
3111 2921 3174 2987 ",
3202 2935 3306 2976 non
3326 2921 3462 2981 alias
3479 2936 3599 2978 esse
3619 2923 3859 2989 dixerim,

2260 3011 2393 3075 nisi
2435 3012 2580 3083 ipsas
2617 3011 2879 3068 caelestes
2942 3014 3296 3079 substantias,
3341 3029 3483 3085 quae
3522 3031 3733 3085 semper
3757 3016 3863 3070 vir-

2288 3111 2402 3159 tute
2423 3103 2888 3173 contemplationis
2911 3104 3055 3160 circa
3085 3104 3358 3161 Christum
3385 3106 3689 3165 volvuntur.
3720 3107 3860 3174 Quo-

2203 3166 2249 3231 c
2282 3194 2428 3248 niam
2459 3209 2590 3249 vero
2631 3194 3231 3264 incomprehensibilem
3262 3198 3521 3267 omnique
3572 3198 3861 3254 intellectui

2281 3284 2604 3339 invisibilem
2653 3300 2917 3339 summam
2945 3301 3009 3340 ac
3057 3296 3301 3342 sanctam
3344 3288 3691 3357 Trinitatem,
3724 3305 3861 3360 quae

2280 3387 2498 3446 superat
2539 3392 2752 3431 omnem
2803 3378 3149 3444 intellectum,
3184 3396 3288 3435 non
3318 3397 3413 3450 per
3456 3383 3689 3453 seipsam
3713 3384 3861 3454 aspi-

2260 3456 2450 3533 'ciunt,
2481 3468 2573 3523 sed
2607 3470 2661 3522 in
2692 3470 3032 3539 tlieopbaniis
3053 3474 3632 3541 eomprehensibilibus
3656 3477 3862 3545 sibique

2277 3559 2744 3625 connaturalibus,
2775 3570 3063 3631 propterea
3094 3563 3263 3619 nubes
3292 3564 3429 3619 caeli
3467 3566 3735 3621 dicuntur.
3781 3568 3860 3622 Ex

2279 3652 2413 3721 ipsis
2463 3652 2729 3722 siquidem
2779 3656 3208 3725 apparitionibus
3263 3656 3503 3723 divinis,
3559 3660 3610 3713 in
3660 3661 3864 3728 quibus

2278 3743 2448 3801 Deum
2480 3746 2679 3810 vident,
2710 3746 2971 3803 caelestes
2996 3749 3329 3804 substantias
3360 3750 3581 3806 nubium
3602 3752 3859 3807 vocabulo

2279 3835 2539 3892 Dominus
2568 3836 2684 3907 ipse
2712 3837 3056 3907 significavit,
3103 3854 3225 3894 cum
3258 3841 3457 3909 quibus
3490 3852 3545 3896 et
3590 3843 3643 3897 in
3671 3844 3857 3910 quibus

2278 3928 2542 3983 adventus
2587 3929 2726 3999 ejus,
2758 3930 2861 3985 hoc
2902 3931 3333 4002 est,majestatis
3375 3934 3517 3989 illius
3566 3935 3855 3991 clarissima

2280 4020 2528 4077 omnibus
2558 4020 2713 4076 bonis
2734 4030 2789 4075 et
2817 4021 2971 4075 malis
2996 4023 3291 4092 amplitudo
3314 4024 3699 4080 declarabitur.
3728 4025 3853 4083 Nam

2278 4120 2333 4166 et
2360 4111 2622 4168 caelestes
2657 4114 2990 4168 substantias
3032 4113 3279 4169 localiter
3316 4119 3523 4171 moveri
3568 4118 3853 4187 spiritualis

2279 4218 2409 4259 suae
2456 4212 2680 4257 naturae
2716 4203 2853 4257 ratio
2901 4217 3003 4257 non
3053 4205 3286 4273 patitur;
3344 4214 3632 4260 moventur
3683 4217 3850 4260 autem

2278 4294 2655 4364 spiritualiter,
2691 4308 2836 4357 cum,
2881 4295 3025 4363 quod
3076 4295 3130 4348 in
3178 4309 3340 4350 causa
3372 4297 3614 4349 omnium
3661 4295 3853 4351 facien-

2281 4384 2408 4439 dum
2440 4398 2560 4439 esse
2592 4383 2950 4453 perspiciunt,
3002 4384 3053 4437 in
3085 4384 3196 4453 ipsa
3225 4393 3445 4454 natura,
3472 4400 3611 4456 quae
3645 4402 3740 4457 per
3767 4402 3852 4442 eos

591 4485 742 4539 tione
758 4485 840 4539 sui
859 4482 1106 4548 corporis
1127 4480 1403 4550 discipulis
1421 4477 1675 4533 ostendit.
1700 4477 1767 4531 Et
1786 4492 1855 4533 ne
1875 4477 2171 4541 existimes,
2201 4514 2256 4574 Β
2279 4471 2709 4537 administratur,
2759 4481 2814 4527 ct
2858 4474 2942 4527 cui
2976 4474 3305 4542 praesident,
3351 4486 3615 4545 peragunt
3660 4476 3852 4545 absque

592 4572 764 4626 Eliam
790 4571 965 4624 adhuc
989 4568 1041 4621 in
1066 4581 1291 4636 corpore
1316 4581 1415 4621 suo
1439 4567 1706 4621 viventem
1730 4566 1795 4619 de
1820 4564 1976 4620 locali
1998 4564 2178 4634 aliquo

596 4659 875 4728 paradiso,
901 4671 997 4713 seu
1026 4655 1249 4725 Moysen
1266 4655 1347 4715 de
1367 4655 1494 4709 sede
1519 4654 1698 4725 aliqua
1725 4655 2053 4722 animarum,
2082 4670 2177 4711 seu

595 4756 815 4815 recepto
839 4760 1066 4817 corpore
1088 4745 1154 4797 ad
1181 4743 1452 4797 Christum
1479 4752 1604 4798 tunc
1625 4745 1963 4810 convenisse,
1991 4761 2178 4815 perac-

596 4848 761 4908 toque
803 4834 1292 4905 transﬁgurationis
1336 4834 1595 4904 mysterio
1626 4834 1694 4887 ad
1737 4834 1851 4888 loca
1883 4835 1995 4900 illa,
2034 4837 2177 4891 unde

596 4938 880 4995 venerant,
911 4943 1155 4984 reversos
1178 4925 1344 4982 fuisse
1376 4943 1388 4979 :
1422 4940 1607 4979 verum
1636 4926 2015 4982 incunctanter
2043 4926 2177 4983 lide-

598 5024 829 5092 literque
859 5021 1019 5077 crede
1044 5032 1099 5077 et
1136 5020 1397 5091 intellige,
1430 5036 1535 5074 non
1562 5019 1778 5075 aliunde
1820 5021 2169 5091 processisse,

607 5113 711 5168 nisi
739 5114 805 5167 ab
841 5129 928 5179 eo,
960 5128 1083 5169 cum
1115 5129 1221 5183 quo
1272 5122 1638 5183 apparuerunt
1676 5114 1697 5145 ⁸
1732 5112 1785 5167 in
1822 5122 2029 5180 monte,
2079 5115 2185 5171 hoc

602 5216 704 5271 est,
760 5205 815 5260 in
864 5206 1192 5262 sublimitate
1241 5204 1535 5276 spiritualis
1579 5206 1824 5271 visionis,
1872 5222 2011 5276 quae
2058 5215 2184 5260 tunc

603 5297 744 5352 facta
769 5308 854 5353 est
878 5306 1032 5354 extra
1060 5312 1251 5352 sensus
1271 5311 1560 5366 corporeos
1592 5296 1636 5362 ⁸,
1666 5305 1720 5351 et
1749 5296 1805 5351 in
1842 5311 1971 5366 quo,
1999 5297 2177 5367 prius-

604 5402 765 5455 quam
795 5394 1139 5456 apparerent,
1170 5396 1348 5446 erant.
1385 5393 1440 5440 et
1466 5400 1654 5457 quem,
1680 5400 1803 5440 cum
1831 5393 2176 5455 apparerent,

2283 4578 2383 4619 suo
2414 4562 2569 4618 locali
2595 4573 2647 4619 et
2680 4566 2958 4635 temporali
2995 4576 3164 4632 motu,
3196 4567 3336 4633 ioca,
3372 4578 3426 4623 et
3454 4579 3712 4639 tempora,
3742 4584 3852 4624 om-

2284 4654 2503 4724 niaque,
2533 4670 2671 4723 quae
2714 4655 2766 4709 in
2795 4657 2874 4711 eis
2912 4658 3453 4725 circnmscribuntur,
3493 4660 3847 4729 disponentes.

2282 4743 2545 4799 Dicuntur
2573 4744 2739 4799 etiam
2769 4747 2974 4809 venire,
3002 4748 3218 4817 quando
3242 4748 3293 4801 in
3317 4748 3497 4818 aliquo
3526 4747 3716 4801 visibili
3739 4747 3843 4812 his,

2278 4839 2371 4908 qui
2392 4838 2535 4907 digni
2563 4848 2706 4904 sunt,
2730 4848 3010 4908 apparent,
3033 4840 3284 4896 recedere
3304 4856 3450 4901 vero,
3472 4838 3680 4907 quando
3698 4842 3848 4896 omni

2289 4942 2451 4982 sensu
2476 4942 2736 4995 corporeo
2767 4928 2989 4983 omnino
3015 4938 3374 4984 removentur.
3405 4928 3510 4982 Nec
3538 4938 3589 4981 te
3622 4938 3852 4996 moveat,

2287 5019 2431 5089 quod
2452 5019 2581 5082 dixi,
2605 5019 2915 5090 spirituales
2934 5021 3267 5076 substantias
3287 5021 3631 5090 temporalem
3656 5012 3852 5078 motum

2287 5127 2393 5166 non
2421 5112 2553 5181 pati,
2588 5113 2712 5166 dum
2741 5121 2959 5169 sanctus
2986 5114 3319 5184 Augustinus
3354 5113 3669 5184 proclamat,
3693 5113 3853 5168 solum

2283 5200 2453 5256 Deum
2487 5204 2597 5256 sine
2635 5202 2747 5257 loco
2799 5212 2845 5258 et
2895 5214 3122 5274 tempore
3164 5222 3198 5259 a
3252 5206 3421 5274 seipso
3480 5221 3705 5272 movere,
3741 5222 3854 5259 con-

2284 5298 2452 5351 ditum
2509 5312 2627 5350 vero
2687 5297 2931 5367 spiritum
2985 5313 3078 5365 per
3136 5306 3338 5368 tempus
3388 5298 3504 5352 sine
3547 5297 3693 5363 loco,
3749 5312 3855 5350 cor-

2278 5403 2377 5456 pus
2415 5394 2590 5441 autem
2645 5402 2737 5456 per
2789 5385 2962 5440 locum
2996 5395 3045 5442 el
3084 5396 3284 5457 tempus
3319 5385 3388 5441 ab
3422 5401 3519 5456 eo,
3576 5388 3666 5459 qui
3702 5399 3856 5441 movet

1887 5500 1967 5553 VA
1978 5498 2136 5553 RIAE
2176 5497 2581 5556 LECTIONES.

682 5612 696 5641 ¹
738 5619 784 5662 el
840 5626 947 5663 om.
995 5611 1040 5664 Α
1134 5611 1157 5645 ⁸
1194 5611 1238 5664 Α
1270 5613 1474 5665 sineret.
1553 5611 1574 5642 ³
1610 5608 1701 5664 Sic
1755 5608 1831 5674 A;
1885 5607 1968 5663 CF
2022 5625 2114 5677 per
2173 5610 2647 5679 resurrectionem.
2726 5608 2749 5641 "
2785 5611 2922 5664 enim
2969 5626 3078 5666 om.
3128 5609 3195 5663 A.
3266 5610 3290 5644 '
3325 5608 3419 5665 Sic
3454 5608 3538 5679 CF
3556 5624 3583 5679 ;,
3617 5609 3660 5662 Δ
3702 5625 3858 5679 appa-

602 5689 835 5748 ruerant.
909 5680 930 5710 ⁸
966 5680 1063 5734 hoc
1093 5690 1166 5734 est
1206 5681 1258 5734 in
1283 5680 1599 5734 sublimitate
1625 5696 1984 5748 —corporeos
2023 5695 2130 5734 om.
2156 5681 2220 5733 Α.
2296 5681 2315 5712 ’⁷
2360 5679 2451 5734 Sic
2481 5678 2651 5737 ACF.
2724 5680 2749 5715 ⁸
2783 5680 2825 5735 Α
2862 5680 3031 5738 solum
3049 5680 3251 5739 Iesum.
3327 5679 3349 5711 '
3388 5679 3480 5741 Sic
3501 5678 3624 5746 CF;
3656 5679 3699 5745 Α
3739 5678 3855 5736 hoc.

606 5747 658 5782 "
692 5747 775 5805 CF
811 5748 1019 5803 Patrem
1044 5756 1182 5802 orat.
1259 5751 1300 5813 ¹ν¹
1342 5752 1393 5804 in
1421 5765 1522 5803 uno
1552 5765 1764 5815 corpore
1795 5747 1902 5804 0m.
1929 5749 2032 5804 CF.

2115 5751 2157 5782 “
2195 5760 2269 5809 est
2304 5766 2412 5804 om.
2441 5748 2524 5804 CF
