4168 6284
360 272 489 332 1001

1174 268 1261 327 or:
1299 266 1641 327 DIVISIONE
1681 255 2149 325 NATunAEJZ-L
2181 266 2383 343 LIBER
2422 266 2748 337 QUINTUS.

3500 265 3640 326 1002

284 362 285 365 η
360 385 560 449 omnia,
612 391 811 438 malum
853 378 980 453 pati.
1016 381 1130 438 lloc
1171 382 1316 437 enim
1344 382 1452 437 dixi
1493 381 1825 437 Graecorum
1856 396 1951 435 au-
1975 384 2031 445 Α
2054 395 2243 437 omnes
2265 380 2594 436 unanimiter
2613 395 2679 435 ex
2707 381 2822 450 ipsa
2849 377 3074 449 fugisse,
3099 386 3152 434 et
3175 378 3389 434 nemine
3413 389 3640 451 excepto

358 476 670 532 ctoritatem
700 490 955 545 sequens,
976 490 1117 545 quae
1138 475 1511 529 incunctanter
1531 475 1746 542 astruit,
1768 488 1948 542 omne,

358 569 505 639 quod
534 566 777 624 localiter
806 574 1080 631 movetur,
1116 564 1485 636 temporalitcr
1520 567 1756 633 moveri;
1794 579 1977 631 omne

361 670 582 728 autem,
609 659 751 731 quod
786 658 942 714 locali
987 667 1136 713 motu
1174 665 1355 726 caret,
1388 658 1633 728 sequitur
1670 654 1978 739 temporali.

363 751 528 807 etiam
570 763 777 806 carere.
817 748 965 805 Haec
1011 748 1157 804 enim
1198 749 1333 814 duo,
1386 749 1561 804 locum
1591 748 1714 804 dico
1737 755 1792 803 et
1819 756 1977 833 teme

363 862 484 918 pus,
511 853 607 901 aut
636 844 799 901 simul
824 852 1006 909 erunt,
1033 850 1129 899 aut
1149 840 1308 897 simul
1338 838 1669 903 aulerentur,
1695 837 1953 908 quoniam

362 953 393 992 a
419 952 478 993 se
507 936 738 992 invicem
778 932 1077 1007 disgregari
1107 948 1216 989 non
1242 933 1539 1002 patiuntur.
1569 929 1716 986 οπερ.
1754 929 1832 985 De
1857 944 1958 985 att-

359 1007 603 1083 ctoribus
638 1027 919 1097 utriusque
945 1025 1161 1097 linguae
1189 1039 1293 1079 non
1324 1029 1407 1078 est
1449 1029 1693 1077 nostrum
1736 1027 1972 1104 conten-_

360 1118 491 1176 dere
522 1136 537 1174 :
571 1128 833 1190 sequatur
873 1118 998 1190 quis
1031 1132 1192 1188 quem
1217 1116 1353 1182 vult,
1384 1114 1513 1169 nulli
1558 1114 1843 1185 derogans.
1884 1113 1955 1170 Et

363 1215 622 1285 quoniam
652 1217 718 1271 de
745 1214 978 1271 nubibus
1013 1211 1437 1283 intelligibilibus
1455 1251 1468 1276 ,
1497 1210 1744 1282 quamvis
1774 1210 1957 1267 brevi‘

364 1312 471 1371 ter,
501 1314 584 1361 est
613 1307 844 1372 dictum,
884 1304 1021 1371 redi,
1051 1316 1273 1373 quaeso,
1300 1302 1365 1357 ad
1403 1302 1654 1367 reditum,
1684 1309 1956 1358 nostram-

366 1409 471 1465 que
509 1393 856 1452 l‘luctuantem
886 1409 1077 1450 navem
1108 1393 1392 1463 fessosque
1414 1402 1608 1448 nautas
1646 1394 1712 1448 ad
1737 1398 1971 1462 portum'

364 1486 559 1559 dirige.
590 1487 729 1542 Mne.
755 1486 1007 1542 Reditum
1041 1484 1055 1516 ¹
1088 1485 1331 1540 omnium
1351 1525 1364 1549 ,
1414 1499 1554 1554 quae
1588 1484 1641 1539 in
1670 1499 1796 1539 suas
1826 1499 1955 1540 cau-

364 1590 455 1631 sas
505 1591 789 1632 reversura
830 1584 978 1641 sunt,
1025 1574 1241 1644 quando
1281 1574 1513 1630 mundus
1552 1575 1652 1630 istc
1683 1574 1953 1631 sensibilis

364 1666 623 1731 solvetur,
654 1675 710 1721 et
740 1666 973 1721 mundus
1014 1665 1102 1720 ille
1134 1664 1505 1736 intelligibilis,
1544 1665 1633 1734 qui
1665 1678 1826 1737 super
1855 1664 1954 1720 nos

2054 476 2121 530 de
2150 474 2398 529 manibus
2428 473 2832 529 crudelissimae
2860 474 3144 543 potestatis
3168 473 3427 530 liberatos
3450 474 3635 531 fuisse.

2053 567 2206 635 Quod
2235 578 2417 623 autem
2455 567 2633 622 nullus
2664 582 2870 634 eorum,
2899 567 2991 638 qui
3042 569 3107 622 de
3147 567 3389 639 Aegypto
3434 569 3640 625 reversi

2053 666 2198 723 sunt,
2231 658 2457 714 obrutus
2490 665 2573 713 est
2607 656 2861 713 ﬂuctibus
2898 657 2984 713 vel
3028 656 3261 724 mersus,
3294 658 3387 714 sed
3429 674 3639 726 omnes,

2053 756 2114 803 ut
2140 747 2220 802 ait
2246 746 2550 816 Apostolus,
2588 747 2681 802 sub
2722 747 2856 802 nube
2882 746 3115 817 fuerunt,
3149 747 3248 803 sub
3277 748 3457 803 divina
3485 748 3638 805 vide-

2053 840 2181 895 licet
2206 839 2564 909 protectione,
2593 849 2643 894 et
2681 853 2857 895 omnes
2896 855 3042 893 mare
3081 841 3505 919 ιναηηςίεηιηιιει
3531 856 3640 896 om-

2056 944 2144 985 nes
2170 930 2264 983 sub
2291 930 2471 1001 Moyse
2494 929 2741 1000 baptismi
2765 939 2885 985 sunt
2912 931 2966 984 in
2989 930 3122 984 nube
3142 930 3190 984 et
3215 930 3270 985 in
3292 932 3451 999 mari,
3476 946 3639 1002 prae-

2054 1020 2323 1092 ﬁgurabat
2369 1022 2621 1093 generale
2672 1021 2803 1077 illud
2838 1022 3185 1091 .baptism‘a,‘
3221 1022 3363 1092 quod
3426 1022 3479 1079 in
3534 1025 3643 1082 line

2055 1114 2240 1168 mundi
2266 1114 2596 1183 perﬁcietur,
2619 1115 2835 1184 quando
2858 1115 3124 1185 mysticus
3154 1115 3362 1188 Moyses
3380 1118 3638 1189 populum

2057 1218 2236 1271 suum,
2253 1203 2560 1259 universum
2574 1203 2827 1259 videlicet
2849 1218 3018 1276 genus
3043 1205 3359 1274 humanum,
3379 1212 3640 1279 sanguine

2055 1308 2153 1348 suo
2191 1295 2560 1363 redemptum,
2608 1294 2864 1363 omnique
2912 1294 3189 1364 impietate
3233 1304 3396 1367 atque
3438 1299 3641 1354 malitia

2058 1383 2353 1450 detersum,
2383 1385 2451 1440 de
2479 1378 2655 1440 morte
2674 1382 2835 1439 ducet
2859 1385 2925 1439 ad
2953 1385 3139 1449 vitam,
3166 1387 3383 1455 quando
3407 1387 3462 1443 in
3494 1388 3644 1444 nullo

2056 1472 2275 1528 homine
2315 1473 2447 1529 nihil
2473 1482 2691 1544 praeter
2719 1474 3116 1544 simplicitatem
3156 1484 3382 1533 naturae
3419 1492 3648 1549 appare-

2057 1564 2153 1630 bit,
2188 1565 2385 1620 merito
2420 1566 2606 1634 ipsius,
2637 1566 2730 1636 qui
2760 1581 2880 1621 eam
2918 1574 3084 1622 totam
3109 1570 3336 1639 accepit,
3368 1577 3648 1641 totamque

2059 1657 2289 1721 sanavit,
2317 1657 2533 1727 quando
2576 1658 2928 1730 intelligibilis
2966 1674 3057 1716 rex
3098 1661 3349 1734 Aegypti,
3394 1663 3646 1736 princeps

362 1765 463 1821 est,
494 1757 547 1811 in
578 1756 795 1814 Christo
821 1757 1153 1826 implebitur,
1184 1756 1472 1826 dupliciter
1497 1756 1830 1828 intelligitur.
1852 1757 1951 1812 Est
1975 1737 2026 1799 Β
2052 1748 2297 1817 profecto
2346 1749 2505 1820 hujus
2552 1751 2758 1817 mundi,
2790 1767 2909 1808 cum
2966 1753 3343 1812 innuttterabili
3401 1760 3645 1816 exercitu

361 1847 507 1903 enim
539 1848 825 1920 generalis,
857 1857 913 1903 et
934 1858 1017 1904 est
1040 1848 1288 1919 specialis
1318 1865 1330 1901 :
1359 1847 1627 1925 generalis
1650 1846 1866 1917 quidem
1898 1838 1967 1927 in:

362 1937 643 2004 omnibus,
682 1938 772 2007 qui
816 1939 881 1993 ad
930 1937 1252 2008 principium
1295 1922 1619 1992 conditionis
1656 1951 1787 1992 suae
1835 1922 1963 2011 red-Q

362 2028 493 2084 ituri
524 2039 678 2095 sunt;
724 2028 972 2099 specialis
1000 2043 1129 2085 vero
1170 2028 1222 2082 in
1266 2027 1380 2093 his,
1419 2028 1508 2098 qui
1546 2041 1650 2082 non
1683 2028 1854 2082 solum
1886 2027 1955 2082 ad

361 2117 656 2188 primordia
700 2129 925 2174 naturae
974 2118 1402 2185 revocabantur,
1455 2120 1547 2173 sed
1596 2116 1759 2181 etiam
1813 2119 1955 2175 ultra

362 2222 578 2269 omnem
620 2208 919 2264 naturalem
961 2209 1310 2280 dignitatem,
1346 2209 1399 2266 in
1426 2225 1644 2265 causam
1685 2211 1953 2275 omnium,

363 2315 504 2370 quae
530 2301 673 2357 Deus
704 2310 808 2367 est,
843 2303 1050 2359 reditus
1073 2302 1157 2359 sui
1184 2304 1345 2358 linem
1376 2305 1727 2359 constituent.
1759 2304 1955 2359 Exem-

364 2389 456 2459 pla
482 2398 664 2445 autem
695 2407 759 2446 ac
784 2390 1164 2448 similitudines
1210 2393 1494 2464 utriusque
1533 2394 1860 2449 reversionis
1888 2408 1955 2450 ex

369 2480 568 2536 divinis
602 2480 897 2552 Scripturis
933 2497 1249 2553 comparare
1276 2484 1555 2539 debemus.
1606 2485 1671 2538 Et
1699 2485 1955 2553 quoniam

369 2572 607 2628 naturali
646 2573 838 2629 ordine
880 2589 1051 2644 genus
1095 2575 1371 2645 praecedit
1417 2577 1683 2645 speciem,
1715 2576 1863 2647 prius
1892 2577 1958 2632 de

368 2665 606 2736 generali
643 2665 817 2721 reditu
849 2665 1156 2722 dicendum.
1190 2664 1507 2738 Exemplum
1538 2667 1718 2738 itaque
1746 2670 1958 2739 generis

366 2757 664 2826 praecessit
691 2758 743 2812 in
768 2757 967 2830 populo
989 2757 1105 2825 Dei,
1134 2760 1225 2829 qui
1257 2760 1322 2814 de
1345 2759 1473 2830 jugo
1500 2761 1774 2816 servitutis
1803 2762 1959 2817 intel-

365 2850 585 2923 ligibilis
612 2851 843 2921 Pharao,
873 2854 979 2908 hoc
1021 2860 1105 2907 est
1148 2851 1382 2916 diaboli,
1413 2852 1811 2922 satellitumque
1841 2854 1958 2925 ejus

367 2943 653 3009 liberatus,
670 2945 804 3000 duce
825 2943 1089 3015 spirituali
1108 2942 1311 3015 Moyse,
1326 2944 1542 3000 Christo
1562 2944 1832 3009 videlicet,
1851 2946 1958 3002 sic-

368 3035 448 3090 cis
477 3035 496 3065 ⁹
527 3035 753 3105 pedibus
790 3050 939 3091 mare
965 3035 1205 3091 Rubrum
1241 3035 1526 3102 transiens,
1555 3036 1778 3092 solidam
1808 3038 1956 3093 vide-

2056 1837 2295 1895 malitiae
2334 1830 2884 1912 suae,'omnibusque
2913 1844 3077 1911 vitiis,
3119 1848 3314 1915 quibus
3352 1849 3644 1920 imaginem

2056 1930 2152 1985 Dei
2190 1930 2244 1985 in
2272 1931 2502 1987 homine
2540 1941 2780 1987 creatam
2810 1936 3077 2005 captivam
3115 1936 3446 2004 detinuerat,
3469 1937 3648 1997 ﬂucti-

2055 2019 2157 2076 bus
2181 2020 2349 2076 Rubri
2379 2022 2577 2088 maris,
2613 2023 2716 2078 hoc
2740 2032 2846 2090 est,
2877 2025 3297 2094 profundissima
3326 2029 3643 2100 copiosissi-

2055 2127 2252 2182 maque
2278 2120 2442 2183 atque
2474 2113 2684 2168 inﬁnita
2720 2114 2981 2172 ell‘usione
3018 2118 3244 2188 gratiae,
3276 2135 3415 2190 quae
3441 2121 3493 2176 in
3523 2135 3649 2191 pre-

2058 2204 2190 2258 tium
2224 2205 2501 2275 sanguinis
2529 2204 2729 2260 Christi
2770 2206 3039 2263 humanae
3067 2218 3291 2265 naturae
3320 2210 3511 2267 dill‘usa
3541 2224 3644 2282 est,

2056 2292 2332 2348 obruetur.
2376 2293 2447 2349 Ut
2496 2295 2640 2350 enim
2681 2295 2992 2353 hominibus
3028 2300 3247 2370 sanguis
3284 2300 3484 2358 Christi
3520 2317 3649 2373 pro-

2056 2383 2154 2439 fuit
2186 2385 2237 2438 in
2276 2385 2734 2455 redemptionem,
2764 2396 2820 2442 et
2857 2388 3104 2458 proﬁciet
3141 2392 3207 2444 ad
3237 2390 3517 2460 pristinam
3551 2409 3649 2449 na-

2054 2480 2210 2529 turae
2233 2489 2361 2530 suae
2391 2476 2859 2544 restaurationem,
2884 2474 2958 2532 ita
2984 2478 3196 2535 diabolo
3221 2489 3275 2536 et
3300 2482 3507 2553 angelis
3528 2481 3646 2551 ejus

2057 2567 2239 2621 nocuit
2269 2567 2335 2620 ad
2361 2580 2549 2621 eorum
2579 2567 2961 2623 destruendum
2997 2569 3282 2639 imperium
3301 2613 3315 2638 ,
3345 2583 3399 2628 et
3427 2575 3646 2631 nocebit

2058 2657 2125 2712 ad
2166 2658 2467 2727 augendum
2505 2657 2845 2729 supplicium.
2889 2658 3176 2718 lnuudatio
3204 2663 3468 2733 siquidem
3500 2667 3642 2739 Ery-

2058 2748 2232 2803 thraei
2265 2748 2310 2780 ⁸⁸
2340 2749 2524 2815 maris,
2569 2750 2673 2805 hoc
2719 2758 2803 2805 est
2847 2749 3062 2807 dill‘usio
3105 2752 3368 2810 Dominici
3405 2759 3640 2824 cruoris,

2058 2841 2508 2911 quemadmodum
2535 2842 2825 2897 humanam
2855 2853 3103 2899 naturam
3125 2845 3195 2900 ab
3221 2855 3474 2904 aeternae
3496 2864 3644 2905 mor-

2058 2933 2129 2988 tis
2156 2932 2424 3004 profundo
2449 2934 2507 2988 in‘
2534 2934 2697 2989 vitam
2723 2936 2946 2991 emersit
2979 2944 3275 3005 aeternam,
3302 2939 3383 2994 ita
3412 2940 3642 2997 diaboli-

2056 3040 2176 3080 cam
2204 3024 2465 3081 malitiam
2496 3026 2549 3080 in
2578 3036 2891 3096 perpetuam
2912 3025 3190 3083 suﬂ'ocavit
3217 3029 3642 3090 damnationem.

367 3125 490 3181 licet
514 3095 835 3182 '.hu:nanae
878 3134 1101 3181 naturae
1129 3125 1149 3156 ⁸
1180 3126 1319 3180 viam
1346 3095 1586 3182 discissis
1612 3126 1955 3183 irrationabi-
1980 3095 2026 3160 C
2057 3117 2271 3174 Nullam
2306 3119 2504 3189 (ιιιίμρθ
2544 3119 2803 3188 majorem
2833 3136 3063 3192 Poenam
3109 3123 3370 3181 άίῖὼοιίοὲ
3408 3129 3648 3197 Patietur

366 3214 500 3269 lium
528 3224 551 3257 ⁸
578 3225 821 3270 motuum
867 3214 1064 3271 cerulis
1111 3216 1132 3246 ⁶
1173 3214 1577 3283 deambulans’,
1616 3217 1956 3289 rebellesque

361 3296 573 3375 gentes,
624 3307 877 3361 vitiorum
923 3306 1127 3362 scilicet
1164 3307 1185 3338 ⁸
1238 3316 1443 3364 turmas
1483 3324 1747 3379 superans
1794 3319 1957 3381 atque

364 3404 739 3467 prosternens,
788 3394 1058 3451 defunctis
1091 3397 1203 3451 suis
1252 3399 1607 3468 corporibus,
1645 3399 1954 3456 carnalibus

365 3488 487 3543 dico
514 3487 948 3560 cogitationibus,
981 3490 1033 3544 in
1063 3489 1278 3545 deserto
1317 3491 1576 3546 virtutum
1597 3534 1611 3559 ,
1648 3508 1756 3564 quo
1791 3508 1956 3552 omne

367 3577 595 3633 mortale
620 3588 676 3633 et
700 3579 1053 3649 corruptibile
1081 3582 1447 3650 consumitur,
1479 3584 1836 3654 spiritualiter
1864 3601 1954 3643 so-

370 3667 640 3726 lummodo
671 3670 726 3725 in
757 3669 882 3725 ﬁliis
906 3671 1171 3726 bonorum
1200 3686 1425 3743 operum
1453 3674 1508 3730 in
1536 3683 1735 3731 terram
1766 3692 1955 3749 repro‘

367 3758 641 3814 missionis
670 3774 919 3815 reversus
942 3768 1046 3816 est.
1075 3761 1228 3830 Quod
1257 3772 1435 3820 autem
1465 3765 1571 3821 duo
1591 3781 1658 3822 ex
1678 3768 1950 3837 omnibus,

370 3848 463 3918 qui
499 3857 764 3903 venerunt
791 3850 814 3884 ⁸
841 3851 905 3905 de
945 3852 1209 3924 Aegypto,
1239 3853 1346 3908 vivi
1383 3855 1558 3912 adhuc
1596 3857 1650 3911 in
1679 3872 1853 3926 carne,
1894 3857 1951 3913 in

373 3946 572 3993 terram
610 3938 931 4008 proinissam
970 3941 1307 3997 intraverunt
1348 3941 1413 4011 ¹⁰,
1454 3946 1680 4015 mystice
1716 3946 1956 4002 insinuat

370 4025 635 4097 duplicem
663 4037 903 4084 nostram
945 4039 1189 4087 naturam
1207 4023 1447 4104 {corpus
1477 4035 1726 4091 videlicet
1760 4047 1814 4092 et
1837 4037 1954 4091 ani-

360 4134 533 4199 mam,
563 4120 615 4174 in
647 4118 928 4177 Salvatore
954 4132 1163 4189 nostro,
1194 4141 1352 4196 quem
1374 4114 1773 4197 praeﬁgurabat
1795 4126 1953 4184 Iesus

368 4208 510 4264 illius
546 4208 725 4276 Nave,
766 4211 868 4268 hoc
901 4221 986 4268 est
1032 4213 1448 4285 pulchritudinis
1484 4230 1672 4271 eorum
1700 4257 1713 4281 ,
1745 4217 1798 4271 in
1838 4224 1951 4272 ter-

369 4313 504 4364 ram,
536 4313 697 4368 quam
723 4303 994 4369 peccando
1019 4303 1379 4370 deseruimus,
1400 4318 1757 4370 reversuram,
1788 4295 1951 4363 Caldb

365 4394 682 4471 comitante,
712 4395 816 4451 hoc
838 4405 939 4461 est,
967 4397 1136 4453 libero
1160 4406 1347 4453 nostro
1372 4397 1552 4453 cordis
1574 4397 1817 4454 arbitrio.
1847 4398 1949 4454 Ca-

358 4478 461 4563 leb
478 4486 677 4557 quippe
710 4488 1092 4560 interpretatur
1136 4491 1277 4547 sicut
1324 4505 1422 4546 cor
1451 4486 1493 4523 ¹¹
1526 4491 1610 4547 vel
1639 4506 1799 4548 omne
1831 4508 1946 4548 cor.

369 4577 437 4634 Ut
463 4580 607 4634 enim
637 4580 1058 4654 uniuscujusque
1094 4584 1273 4640 cordis
1311 4584 1526 4641 devotio
1562 4585 1741 4640 divina
1773 4588 1948 4656 gratia

360 4670 543 4741 adjuta
572 4668 773 4739 fuerit,
802 4672 875 4727 ita
907 4672 1240 4729 Salvatorcm
1279 4689 1434 4730 suum
1468 4675 1522 4730 in
1561 4679 1836 4747 regionem
1863 4691 1951 4733 se-

359 4772 561 4831 quetur
596 4763 893 4819 viventium
918 4805 933 4830 ,
979 4766 1420 4838 naturalibusque
1457 4767 1613 4823 bonis
1654 4767 1943 4823 utentium.

2058 3209 2333 3281 superbia,
2359 3208 2666 3279 nullamque
2692 3212 2995 3281 graviorem
3025 3214 3323 3281 tristitiam,
3349 3232 3511 3286 quam
3546 3218 3650 3273 htt-

2057 3316 2250 3358 manae
2272 3303 2429 3359 saluti
2458 3302 2734 3370 invidiam,
2758 3305 3215 3377 pedisequamque
3240 3306 3356 3376 ejus
3383 3310 3641 3379 despera-

2055 3396 2278 3453 tionem.
2320 3394 2435 3455 Non
2472 3397 2616 3467 quod
2661 3407 2716 3453 et
2763 3396 2878 3465 ille,
2915 3398 2961 3454 si
2998 3398 3191 3466 vellet,
3226 3401 3294 3455 ad
3322 3400 3642 3459 Creatorem

2054 3496 2279 3543 naturae
2307 3501 2438 3543 suae
2462 3488 2704 3543 converti
2733 3503 2838 3543 non
2874 3498 3079 3559 posset,
3110 3491 3205 3546 sed
3233 3492 3376 3561 quod
3406 3493 3648 3550 malevo-

2055 3577 2252 3635 lentiae
2281 3593 2411 3634 suae
2450 3578 2679 3635 nexibus
2707 3578 2904 3651 ligatus
2929 3580 3265 3637 dulcedinem
3292 3582 3643 3641 beatitudinis

2053 3671 2444 3742 perpetualiter
2489 3672 2544 3726 in
2592 3671 2717 3728 odio
2765 3671 3008 3740 habebit,
3056 3672 3235 3744 lapsos
3274 3676 3341 3731 de
3393 3677 3642 3734 manibus

2055 3760 2168 3817 suis
2198 3761 2428 3818 assiduis
2463 3761 2794 3818 cruciatibus
2823 3760 3027 3819 dolens.
3071 3763 3237 3820 Isaias
3263 3781 3477 3838 quoque
3506 3783 3639 3838 pro-

2053 3852 2214 3922 pheta
2256 3855 2487 3910 salutem
2533 3852 2752 3909 bumaai
2791 3855 3004 3925 generis
3040 3857 3364 3927 generaliter
3393 3860 3445 3913 in
3480 3859 3643 3917 Chri-

2052 3952 2139 3998 sto
2164 3958 2271 3997 non
2304 3952 2466 4009 tacet,
2499 3944 2592 3998 sed
2621 3942 2822 3998 clamat
2847 3942 3033 3999 dicens
3060 3963 3071 3997 :
3109 3943 3271 3998 Terra
3302 3946 3561 4014 Zabulon,
3589 3955 3642 4003 et

2054 4042 2195 4086 terra
2226 4030 2527 4101 Nepthalim
2545 4071 2559 4097 ,
2589 4033 2674 4085 via
2700 4031 2863 4086 maris
2888 4043 3032 4086 trans
3062 4033 3349 4089 Jordanem
3381 4035 3638 4093 Galileae.

2055 4119 2298 4176 Gentium
2326 4120 2581 4193 populus,
2618 4122 2709 4192 qui
2743 4121 2948 4176 sedebat
2977 4124 3031 4178 in
3059 4124 3312 4189 tenebris,
3352 4125 3519 4180 lucem
3559 4128 3637 4181 vi-

2054 4215 2129 4268 dit
2155 4230 2423 4284 magnam,
2448 4222 2495 4267 et
2521 4213 2817 4269 sedentibus
2848 4216 2905 4267 in
2955 4216 3163 4285 regione
3196 4216 3412 4272 umbrae
3451 4220 3637 4276 mortis

2054 4306 2147 4360 lux
2174 4315 2288 4361 orta
2322 4315 2393 4360 est
2427 4306 2522 4360 eis.
2563 4305 2631 4360 Et
2659 4300 2781 4376 quis
2808 4314 2892 4361 est
2932 4306 3020 4361 ille
3057 4308 3302 4378 populus,
3352 4310 3441 4381 qui
3481 4310 3637 4367 sede-

2054 4398 2147 4453 bat
2200 4398 2253 4453 in
2311 4396 2584 4461 tenebris,
2640 4406 2696 4453 et
2745 4398 2798 4453 in
2858 4398 3074 4469 regione
3128 4400 3352 4457 umbrae
3411 4404 3634 4471 mortis,

2056 4487 2162 4543 nisi
2204 4487 2412 4542 inﬁnita
2457 4487 2664 4558 solique
2706 4488 2814 4544 Deo
2861 4489 3075 4560 cognita
3126 4490 3479 4548 humanitatis
3529 4509 3635 4550 nu-

2055 4579 2382 4647 merositas,
2442 4593 2616 4649 quae,
2677 4588 2960 4651 postquam
3016 4580 3189 4638 lucem
3247 4586 3483 4653 paradisi
3540 4588 3636 4642 de-

2053 4670 2262 4734 seruit,
2302 4670 2356 4723 in
2401 4669 2638 4725 tenebris
2670 4670 3021 4742 ignorantiae
3061 4680 3117 4726 et
3159 4673 3212 4727 in
3256 4676 3474 4745 regione
3515 4692 3635 4732 um-

2052 4762 2184 4817 brae
2205 4761 2394 4816 mortis
2422 4762 2660 4826 sedebat,
2701 4776 2809 4817 non
2848 4762 3020 4818 solum
3066 4765 3251 4834 ipsius,
3302 4781 3402 4835 qua
3453 4769 3633 4823 anima

360 4851 477 4906 Hac
506 4862 685 4908 autem
725 4855 932 4909 ratione
964 4856 1213 4911 ducimur
1238 4858 1304 4911 ad
1353 4855 1751 4925 intelligendum
1783 4860 1947 4915 totius
2044 4861 2359 4924 segregatur
2378 4868 2407 4907 a
2428 4866 2653 4923 corpore
2675 4866 2770 4922 per
2789 4855 3207 4924 corruptionem,
3238 4871 3420 4911 verum
3444 4857 3628 4922 etiam,

362 4940 720 4998 humanitatis
771 4945 999 5001 reditum
1043 4948 1109 5001 ad
1153 4947 1441 5017 pristinum
1488 4956 1715 5004 naturae
1748 4958 1943 5005 statum
2047 4958 2154 5012 qua
2200 4943 2341 4999 Deus
2385 4942 2619 4997 animam
2663 4942 2869 4997 ἀθεθτίι
2905 4958 3003 5011 Per
3040 4946 3359 5011 Peccalm"?
3398 4945 3473 4997 ΕΚ
3524 4958 3630 5014 ‘1“a

356 5024 463 5099 per
490 5028 762 5087 lsraelitici
796 5035 953 5105 plane
981 5036 1029 5071 ⁸³
1063 5036 1241 5108 populi
1271 5037 1337 5091 de
1374 5036 1699 5106 Aegyptiaca
1722 5040 1946 5108 captivi-

367 5128 477 5174 tate
508 5123 901 5179 revocationcm
929 5125 996 5191 ",
1027 5126 1283 5195 quoniam
1325 5125 1604 5195 Scriptura
1653 5127 1854 5183 nullum
1882 5130 1915 5184 d

362 5209 566 5280 populo
596 5209 694 5267 Dei
724 5212 778 5267 in
806 5215 1051 5286 Aegypto
1074 5217 1401 5275 remansisse
1423 5226 1829 5284 commemorat,
1854 5232 1912 5273 se

2046 5016 2247 5104 duplici
2278 5042 2452 5089 morte
2480 5041 2649 5088 totum
2673 5048 2841 5104 genus
2868 5035 3157 5087 humanum
3186 5033 3379 5089 liberat
3409 5036 3494 5090 lux
3518 5036 3629 5103 illa,

2053 5138 2189 5194 ,‘uae
2213 5124 2462 5183 omnibus
2486 5136 2607 5182 orta
2644 5136 2744 5193 est,
2792 5141 2931 5198 quae
2978 5128 3043 5181 de
3089 5128 3263 5195 seipsa
3309 5128 3479 5181 dicit:
3517 5126 3628 5196 Ego

2048 5218 2171 5286 sum;
2219 5218 2312 5275 lux
2362 5219 2567 5274 mundi.
2627 5218 2781 5275 Nunc
2840 5218 3055 5289 quidem
3107 5217 3300 5287 partim
3364 5214 3627 5271 idolorum

1658 5304 1913 5410 ῨΑΒῙΑΕ
1947 5303 2350 5412 LFJCTIONES.

437 5457 825 5534 ‘.S_ie_‘CF;A‘.
864 5462 1090 5534 reditus.
1165 5468 1188 5499 ³
1214 5464 1258 5519 Α
1298 5463 1409 5519 suis
1450 5434 1694 5534 pedibus.
1756 5463 1791 5534 7‘
1818 5463 1861 5518 Δ
1890 5464 2104 5520 scilicet.
2181 5462 2204 5495 ⁸
2234 5464 2326 5521 Sic
2351 5442 2465 5531 CF;
2494 5464 2535 5520 A
2578 5465 2846 5534 humanae
2901 5442 3055 5534 uitae.
3110 5460 3153 5534 ἦ
3181 5460 3295 5520 Sic.
3463 5463 3505 5516 A
3537 5480 3625 5517 ra-

366 5526 721 5602 ιξυιεαὸίιξιρηέ
754 5601 761 5602 γ
793 5530 816 5563 ⁶
857 5531 950 5586 Sic
974 5532 1048 5600 F;
1085 5534 1132 5588 Α
1153 5534 1327 5593 caelis.
1403 5534 1423 5567 ⁷
1453 5526 1495 5589 C
1519 5533 1861 5589 deambulans
1899 5535 2109 5590 cerulis.
2183 5535 2205 5566 ⁸
2249 5534 2342 5590 Sic
2377 5526 2492 5602 CF;
2534 5536 2579 5589 A
2605 5526 2856 5593 videlicet.
2930 5535 2953 5570 '
2980 5532 3070 5588 Sic
3094 5533 3220 5601 CF;
3268 5526 3624 5602 Ameucrant.

365 5597 412 5638 ι’
449 5599 541 5654 Sic
568 5599 695 5668 CF;
735 5601 784 5656 A
808 5597 1140 5659 intraverint.

362 5672 637 5739 quoniam.
716 5672 760 5705 ⁸⁸
795 5671 1034 5744 SicCF;
1062 5674 1110 5733 A
1148 5673 1334 5732 Rubri.

1246 5605 1287 5635 “
1306 5603 1411 5678 Sic
1440 5604 1524 5663 CF
1543 5622 1558 5672 ;
1587 5620 1686 5678 pro
1715 5620 1805 5660 cor
1823 5605 1869 5661 A
1897 5621 2067 5663 omne.

2171 5605 2216 5639 “
2246 5605 2399 5662 ulane
2431 5598 2542 5662 om.
2572 5604 2637 5660 A.
2717 5604 2761 5637 ⁸³
2795 5606 2837 5661 A
2879 5598 3278 5662 revocationem
3309 5598 3623 5670 intelliqere,
