4168 6284
564 139 707 195 1005

1956 138 2239 197 JOANNIS
2278 139 2474 198 SCOTl

3704 132 3879 192 «σοι

563 250 843 305 servitium
870 250 1175 316 destructis,
1204 250 1255 305 in
1286 251 1391 318 his,
1423 267 1561 323 quos
1584 254 1651 309 ad
1674 252 1881 308 cultum
1906 262 1961 309 et
1997 257 2151 327 agni-
2182 256 2227 315 Α
2257 254 2323 309 Et
2345 264 2401 309 tu
2428 264 2474 309 et
2504 253 2647 323 ﬁliae
2680 262 2803 307 tuas
2832 251 3156 307 κυεῖ-ιακίπὶ
3184 251 3238 305 in
3261 249 3532 321 antiquum
3555 257 3784 325 statum,
3806 260 3875 309 α

564 342 762 405 tionem
793 341 906 394 veri
936 342 1028 399 Dei
1060 344 1345 408 convertit,
1374 346 1674 416 sordesquc
1705 346 1958 403 vitiorum
2001 349 2152 406 inun-

561 430 783 487 datione
844 430 1184 504 baptismatis
1234 433 1405 491 deluit
1467 438 1481 467 ¹
1530 476 1545 502 ,
1606 447 1661 492 et
1735 438 2152 498 inﬂammatione

561 521 925 589 poenitentiae
952 523 1131 577 exurit
1155 541 1169 578 :
1204 524 1255 579 in
1279 526 1385 581 line
1407 528 1427 559 ²
1449 537 1630 583 autem
1657 545 1761 585 non
1792 532 1963 587 solum
1991 548 2152 603 gene-

562 612 751 669 raliter
799 628 947 670 mors
995 617 1256 687 corporis,
1317 634 1502 677 verum
1562 622 1725 681 etiam
1771 640 1920 681 mors
1959 628 2154 684 mentis

563 704 890 771 destruetur,
913 721 976 763 ac
996 710 1210 778 penitus
1230 711 1566 770 idololatriae
1586 716 1777 772 ritibus
1797 719 2155 791 omnibusque

480 865 486 871 _
563 798 803 859 omnium
835 799 1117 856 nationum
1148 806 1624 873 superstitionibus
1671 809 2155 883 iniquitatibusque

561 887 834 945 ventilatis
865 891 1022 947 unius
1053 893 1165 948 veri
1186 892 1282 950 Dei
1320 897 1558 967 cognitio
1580 900 1864 958 universae
1908 914 2156 973 praesta-

561 979 708 1037 bitur
758 991 1059 1039 creaturae.
1130 984 1319 1043 Cuncti
1377 990 1640 1063 siquidem
1704 994 1829 1051 boui
1878 1008 1932 1052 ct
1977 1000 2154 1066 mali,

561 1070 776 1137 quando
817 1073 1036 1129 stabunt
1081 1086 1206 1134 ante
1252 1079 1484 1137 tribunal
1530 1083 1761 1151 Domini,
1806 1102 2154 1160 cognoscent,

563 1166 685 1233 quia
715 1183 851 1229 unus
876 1167 1015 1225 Deus
1037 1182 1130 1236 est,
1163 1181 1212 1227 et
1251 1190 1353 1229 non
1393 1176 1530 1232 alius
1569 1190 1777 1247 praeter
1812 1199 1952 1239 eum.
2006 1184 2181 1253 Tune,

561 1259 758 1329 quippe
786 1262 892 1316 erit
918 1264 1187 1333 generalis
1231 1268 1482 1327 omnibus
1526 1270 1684 1327 unius
1728 1272 1822 1329 Dei
1866 1276 2154 1343 confessio,

560 1351 777 1417 quando
815 1352 957 1408 nulla
997 1355 1102 1410 erit
1146 1358 1391 1416 veritatis
1428 1363 1663 1432 negatio.
1722 1364 1858 1422 Nam
1908 1377 1963 1423 et
2008 1372 2157 1426 caeci

559 1439 759 1509 lucem,
789 1460 951 1514 quam
978 1461 1085 1503 non
1109 1449 1311 1515 vident,
1342 1466 1546 1522 negare
1574 1470 1679 1513 non
1714 1468 1941 1525 possunt
1972 1460 2156 1516 viden-

562 1530 706 1586 tibus
742 1532 941 1589 lucere.
986 1535 1137 1604 Quod
1180 1548 1360 1595 autem
1389 1541 1442 1597 in
1472 1541 1690 1607 Christo
1737 1547 1901 1604 totius
1939 1559 2157 1606 nostrae

558 1630 786 1676 naturae
810 1623 955 1680 salus
974 1622 1087 1692 jam
1116 1640 1332 1698 peracta
1376 1629 1470 1698 sit,
1513 1647 1580 1687 ex
1610 1634 2160 1704 interpretationibus

557 1710 957 1778 praedictorum
990 1716 1289 1784 nominum,
1332 1720 1583 1793 quisquis
1620 1722 1871 1792 voluerit,
1901 1727 2159 1783 facillime

558 1815 866 1874 cognoscet.
907 1805 1145 1865 Zabulon
1190 1812 1387 1883 quippe
1425 1815 1786 1872 habitaculum
1832 1820 2035 1875 virtutis
2077 1822 2159 1876 iu-

558 1904 911 1967 tct‘pretatur.
979 1900 1068 1956 Illa
1121 1902 1300 1974 itaque
1356 1906 1443 1961 lux
1479 1949 1493 1972 ,
1550 1924 1689 1978 quae
1746 1911 2059 1969 sedentibus
2103 1914 2157 1969 ist

560 1989 801 2047 tenebris
827 1998 946 2047 orta
974 2000 1077 2056 est,
1108 1994 1282 2051 virtus
1317 2005 1373 2051 et
1420 1999 1685 2066 sapientia
1725 2000 1904 2058 Patris
1949 2011 2050 2057 est.
2093 2001 2159 2057 Et

558 2077 702 2142 quod
754 2086 837 2133 est
866 2080 887 2111 ³
918 2081 1035 2149 ejus
1062 2084 1429 2141 habitaculum
1454 2089 1475 2141 ?
1511 2088 1697 2145 Nonne
1727 2104 1911 2147 nostra
1939 2104 2154 2158 natura,

560 2168 617 2223 in
664 2184 768 2239 qua
822 2187 922 2242 per
984 2175 1416 2233 incarnationem
1464 2180 1707 2239 habitare
1756 2184 1967 2239 voluit?
2020 2186 2157 2240 Audi

559 2261 960 2332 Evangehstam
1151 2266 1400 2334 Verbum,
1438 2271 1635 2340 inquit,
1670 2290 1794 2327 caro
1835 2274 2032 2343 factum
2061 2286 2158 2343 est,

559 2364 606 2407 et
656 2355 912 2411 habitavit
967 2358 1024 2412 in
1068 2360 1235 2415 nobis.
1299 2359 1535 2417 Proinde
1582 2365 1877 2433 spiritualis
1919 2367 2157 2425 Zabulon

560 2445 872 2501 humanitas
899 2447 1100 2504 Christi
1135 2459 1237 2515 est,
1269 2450 1325 2509 in
1352 2468 1456 2523 qua
1486 2470 1585 2509 nos
1613 2470 1803 2510 omnes
1852 2458 1984 2513 salvi
2033 2442 2158 2515 facti

559 2548 766 2601 sumus,
788 2545 845 2590 et
870 2537 1066 2592 salvati
1093 2539 1419 2606 habitamus,
1450 2552 1503 2596 et
1533 2542 1587 2597 in
1623 2553 1904 2600 aeternum
1949 2548 2160 2604 habita-

558 2625 775 2693 bimus;
834 2629 948 2698 ipse
1000 2640 1089 2687 est
1136 2632 1282 2689 estita
1326 2633 1499 2693 virtus
1546 2646 1727 2692 nostra
1778 2647 1833 2694 et
1876 2637 2154 2698 fortitudo.

561 2712 866 2785 Nepthalim
897 2718 917 2749 δ
948 2735 1167 2791 quoque
1214 2722 1438 2778 latitudo
1466 2724 1685 2782 dicitur.
1740 2728 1807 2782 Et
1851 2744 1990 2799 quae
2023 2739 2107 2786 est
2138 2733 2160 2765 ⁸

562 2812 747 2860 nostra
804 2805 1033 2865 latitudo
1081 2808 1125 2876 ⁸,
1181 2811 1285 2867 nisi
1337 2812 1604 2881 Christus,
1657 2815 1812 2885 cujus
1853 2820 2054 2877 caritas
2102 2832 2160 2877 et

562 2896 853 2954 clementia
888 2908 1058 2959 totan
1097 2917 1269 2972 genus
1305 2904 1652 2975 amplectitur
1691 2910 1987 2966 humanum
2013 2951 2029 2977 ,
2058 2915 2156 2983 qui

2254 354 2547 400 convertam
2578 345 2855 399 restituens
2869 360 2956 398 eas
2985 343 3315 397 conversione
3346 340 3700 397 Sodomorum
3728 355 3874 395 est.

2253 437 2462 506 ﬁliabus
2494 438 2625 502 suis,
2647 447 2692 491 ct
2720 434 3047 490 conversione
3079 432 3357 487 Samariae
3381 442 3426 486 et
3448 430 3686 501 ﬁliarum
3706 431 3869 501 ejus,

2253 537 2301 581 et
2342 538 2632 581 convertam
2691 526 3030 580 reversionem
3073 534 3217 576 tuam
3260 522 3301 553 “
3340 523 3392 575 in
3434 520 3602 575 medio
3641 536 3871 576 earum.

2253 614 2331 675 Ex
2365 631 2489 685 quo,
2521 626 2577 671 ut
2608 618 2684 670 ait
2712 623 2933 671 sanctus
2957 613 3343 685 Hieronymus,
3364 611 3712 683 perspicuum
3746 618 3861 675 est,

2253 722 2361 762 non
2392 722 2512 763 esse
2550 707 2845 761 naturalem
2877 706 3013 760 iram
3040 705 3159 772 Dei,
3193 705 3287 761 sed
3321 704 3517 760 nostris
3553 703 3704 759 vitiis
3756 700 3873 759 cle’

2255 797 2647 852 mentissimum
2686 808 2738 854 ct
2782 796 3276 851 mansnetissimum
3309 793 3478 852 Deum
3517 795 3586 850 ad
3636 794 3871 849 iracun-

2257 888 2397 944 diam
2429 890 2727 959 provocari.
2778 890 3034 960 Sequitur
3068 908 3078 941 :
3109 884 3177 942 Et
3217 904 3370 943 soror
3407 898 3498 943 tua
3532 884 3773 943 Sodoma
3812 894 3865 941 et

2254 981 2397 1053 ﬁliae
2416 982 2530 1052 ejus
2556 992 2870 1036 revertentur
2893 982 2961 1038 ad
2990 983 3352 1054 antiquitatem
3376 997 3551 1045 suam,
3579 988 3626 1033 et
3656 977 3861 1035 Sama-

2257 1074 2339 1133 ria
2370 1082 2419 1126 et
2447 1073 2589 1141 ﬁliae
2620 1073 2734 1144 ejus
2762 1084 3079 1145 revertentur
3102 1072 3171 1125 ad
3202 1073 3566 1144 antiquitatem
3588 1088 3766 1135 suam,
3809 1076 3865 1123 et

2256 1176 2313 1243 tu
2354 1176 2401 1229 et
2444 1166 2587 1237 ﬁliae
2615 1175 2735 1221 tuae
2777 1164 3100 1223 revertemini
3128 1167 3196 1221 ad
3224 1166 3584 1237 antiquitatem
3612 1175 3858 1219 vestram.

2260 1256 2610 1328 Septuaginta
2644 1273 2658 1311 :
2693 1256 2759 1311 Et
2785 1274 2989 1313 sorores
3015 1266 3137 1312 tuae
3160 1257 3204 1289 ²³
3232 1256 3462 1313 Sodoma
3496 1267 3542 1311 et
3575 1255 3720 1325 ﬁliae
3741 1256 3863 1325 ejus

2258 1348 2611 1412 restituentur,
2648 1348 2779 1401 sicut
2805 1348 3014 1417 fuerunt
3044 1366 3075 1402 a
3096 1348 3387 1419 principio;
3426 1357 3472 1401 ct
3518 1347 3767 1402 Samaria
3814 1359 3862 1401 et

2258 1436 2400 1508 ﬁliae
2427 1438 2541 1509 ejus
2566 1438 2913 1500 restituentur,
2948 1437 3080 1492 sicut
3107 1448 3255 1495 erant
3284 1455 3316 1490 a
3339 1436 3597 1507 principio
3622 1436 3697 1500 “;
3725 1447 3776 1490 et
3802 1446 3861 1491 tu

2259 1540 2304 1583 et
2327 1529 2471 1599 ﬁliae
2500 1540 2620 1584 tuae
2648 1529 3020 1596 restituemini,
3044 1530 3177 1583 sicut
3200 1528 3405 1600 fueritis
3425 1530 3479 1582 in
3505 1528 3761 1597 principio
3790 1530 3859 1581 ".

2191 1622 2233 1681 Β
2263 1620 2409 1676 llaec
2440 1626 2603 1676 verba
2658 1622 2970 1693 prophetae,
3003 1622 3111 1678 imo
3145 1620 3358 1676 Domini
3402 1636 3500 1693 per
3536 1621 3859 1694 prophetam

2265 1713 2452 1773 beatus
2484 1708 2841 1785 Hieronymus
2879 1712 3427 1784 exponens:.ludaei,
3485 1712 3673 1782 inquit,
3720 1713 3866 1765 inler

2260 1814 2456 1867 ceteras
2486 1803 2695 1873 fabulas
2726 1814 2772 1858 et
2800 1804 3210 1859 interminabiles
3235 1803 3567 1874 genealogias
3600 1812 3645 1856 et
3668 1802 3865 1857 delira-

2259 1904 2451 1958 menta,
2484 1910 2618 1965 quae
2645 1893 2869 1966 ﬁngunt,
2908 1896 3064 1949 etiam
3092 1895 3188 1949 hoc
3225 1895 3485 1949 somniant
3525 1894 3589 1949 de
3629 1895 3861 1948 adventu

2261 1988 2455 2045 Christi
2481 1990 2588 2055 sui,
2610 2006 2762 2061 queat
2794 2005 2887 2043 nos
2908 1989 3101 2044 scimus
3128 1987 3527 2052 Antichristum,
3556 1996 3604 2041 et
3630 1988 3683 2041 in
3713 1984 3863 2041 mille

2261 2094 2521 2137 annorum
2546 2095 2703 2150 regno
2733 2077 3019 2134 Sodomam
3061 2077 3432 2131 restituendam
3480 2078 3533 2130 in
3578 2077 3862 2146 antiquum

2259 2180 2479 2237 statum,
2511 2172 2587 2226 ita
2614 2180 2668 2224 ut
2694 2169 2760 2224 sit
2786 2169 2937 2240 quasi
2970 2167 3011 2200 ¹⁸
3031 2168 3311 2239 paradisus
3342 2165 3452 2230 Dei,
3476 2176 3521 2220 et
3543 2164 3862 2221 Samariam

2257 2266 2533 2335 pristinam
2561 2264 2785 2333 recipere
2805 2261 3128 2332 felicitatem,
3168 2270 3221 2313 ut
3249 2260 3313 2314 de
3337 2258 3553 2329 Assyriis
3577 2266 3860 2313 revertan—

2259 2366 2349 2412 tur
2382 2359 2435 2411 in
2458 2368 2653 2412 (errant
2677 2355 2971 2421 Judaeum;
3014 2353 3313 2409 Jerusalem
3351 2368 3547 2422 quoque
3589 2360 3711 2404 tunc
3742 2365 3863 2405 esse

2260 2451 2647 2521 fabricandum.
2697 2450 2761 2505 Et
2800 2449 2958 2521 paulo
2984 2458 3104 2521 post
3131 2466 3143 2501 :
3184 2446 3294 2501 Nos
3321 2458 3513 2511 autent,
3544 2444 3734 2513 inquit,
3761 2442 3860 2499 ho-

2261 2560 2376 2597 rum
2400 2543 2682 2613 perfectam
2717 2542 2986 2596 scientiam
3032 2539 3125 2596 Dei
3160 2539 3368 2611 judicio
3409 2537 3749 2609 relinquentes
3785 2530 3855 2599 ",

2262 2644 2366 2697 imo
2394 2632 2591 2700 liquido
2610 2631 2933 2699 conﬁtentes,
2952 2629 3196 2693 dicimus,
3218 2626 3332 2700 post
3352 2627 3637 2682 secundum
3660 2625 3851 2680 adven-

2259 2730 2370 2777 tum
2421 2722 2630 2776 Domini
2674 2719 2967 2776 Salratoris
3000 2718 3130 2774 nihil
3168 2718 3386 2786 humile,
3441 2720 3572 2775 nihil
3618 2719 3854 2789 futurum

2259 2830 2368 2868 esse
2398 2823 2680 2878 terrenum,
2710 2813 2799 2867 sed
2842 2829 3002 2883 regna
3052 2812 3318 2878 caelestia,
3353 2827 3489 2882 quae
3530 2809 3755 2879 primum
3794 2810 3853 2865 in

2261 2904 2545 2975 Evangelia
2572 2906 2946 2974 promittuntur
2967 2903 3032 2959 ¹⁸.
3067 2905 3257 2961 Celera
3285 2913 3487 2969 autem,
3515 2917 3652 2973 quae
3679 2902 3745 2955 de
3768 2900 3854 2956 his

563 3003 662 3058 pro
693 2989 874 3060 impiis
903 3001 1151 3051 mortuus
1178 3005 1283 3061 est,
1323 3013 1442 3055 cum
1464 3015 1561 3067 pro
1594 2998 1726 3055 bono
1769 3000 1997 3070 forsitan
2038 3006 2156 3073 quis
2185 2991 2229 3054 C
2261 2994 2537 3067 praefatus
2582 2994 2624 3027 ¹⁹
2665 2997 2932 3067 interpres
2976 2995 3219 3067 exponit,
3240 3005 3523 3068 propterea
3568 2993 3851 3048 intermisi-

563 3080 755 3141 audeat
788 3085 964 3139 mori?
985 3085 1078 3156 qui
1101 3086 1119 3116 ⁷
1142 3100 1332 3143 omnes
1353 3088 1601 3145 homines
1623 3090 1924 3161 aequaliter
1943 3092 2155 3159 dilexit,

563 3173 780 3241 quando
803 3189 904 3245 pro
931 3177 1181 3233 omnibus
1201 3180 1437 3249 seipsum
1465 3181 1707 3237 tradidit.
1735 3181 1881 3238 Haec
1903 3192 1987 3243 eet
2010 3184 2156 3243 enim

564 3267 898 3338 amplissima
936 3270 1024 3325 lex
1062 3280 1313 3340 naturae,
1357 3288 1520 3342 quam
1569 3274 1625 3331 in
1675 3276 1853 3345 seipso
1891 3276 2155 3348 implevit,

562 3366 791 3415 mortem
830 3374 929 3428 pro
969 3361 1218 3427 omnibus
1264 3362 1502 3419 subiens.
1542 3363 1655 3419 Lex
1694 3367 1891 3435 quippe
1930 3376 2156 3427 naturae

564 3460 649 3505 est
690 3450 991 3506 communis
1046 3454 1289 3508 omnium
1338 3454 1617 3510 hominum
1677 3456 1892 3512 dilectio
1951 3460 2155 3529 absque

558 3540 672 3595 ulla
703 3556 1053 3611 personarum
1080 3546 1394 3614 acceptione
1418 3585 1437 3613 ,
1463 3562 1609 3617 quae
1636 3548 1690 3603 in
1717 3548 1935 3607 Christe
1976 3551 2152 3621 perfe-

564 3633 806 3695 ctissime
836 3634 1053 3703 impleta
1080 3644 1185 3702 est,
1219 3645 1274 3691 et
1305 3653 1336 3692 a
1366 3635 1526 3693 Patre
1554 3641 1839 3709 processit,
1882 3641 1980 3711 qui
2029 3659 2155 3713 pro-

562 3724 680 3789 prio
702 3722 813 3792 ﬁlio
848 3741 953 3780 non
978 3729 1222 3797 pepercit,
1247 3730 1337 3784 sed
1359 3744 1454 3799 pro
1492 3731 1639 3787 nobis
1666 3732 1907 3787 omnibus
1931 3734 2151 3791 tradidit

564 3828 701 3869 eum.
746 3812 841 3869 Est
890 3816 1059 3872 etiam
1104 3817 1207 3873 alia
1253 3820 1412 3888 ratio,
1464 3836 1570 3892 qua
1618 3821 1869 3887 Christus
1918 3824 2152 3882 latitudo

562 3904 902 3977 intelligitur.
954 3907 1207 3966 Latitudo
1247 3911 1443 3982 quippe
1471 3923 1558 3970 est
1576 3916 1852 3985 apparitio
1876 3927 1933 3973 et
1964 3932 2151 3988 super-

560 3996 732 4065 ficies,
769 3998 997 4067 ideoque
1025 4002 1173 4073 graia
1197 4003 1591 4075 signiﬁcatione
1625 4008 1906 4077 epiphania
1930 4008 2147 4065 dicitur.

563 4086 810 4153 Christus
840 4090 1020 4162 itaque
1054 4103 1138 4150 est
1177 4104 1361 4151 nostra
1384 4097 1673 4167 epiphania
1694 4138 1710 4164 ,
1741 4101 1845 4155 hoc
1872 4108 1956 4157 est
1985 4116 2149 4173 appa-

565 4181 689 4243 ritio
720 4192 775 4239 et
801 4185 1136 4255 superﬁcies,
1164 4189 1290 4260 quia
1321 4206 1445 4249 cum
1489 4200 1602 4248 tres
1631 4193 1739 4249 sint
1763 4201 1786 4234 ο
1810 4195 2147 4253 substantiae

562 4278 756 4332 summi
784 4278 932 4344 boui,
960 4296 1066 4335 una
1093 4280 1305 4338 illarum
1335 4283 1388 4338 in
1417 4284 1637 4340 homine
1673 4284 1924 4353 Christo,
1969 4288 2147 4345 Verbo

2260 3103 2398 3154 mus,
2432 3089 2555 3158 quia
2587 3086 2812 3143 moralia
2840 3096 2985 3153 sunt,
3018 3096 3072 3142 et
3100 3085 3167 3141 de
3202 3085 3374 3141 reditu
3412 3083 3689 3158 gentilium
3728 3082 3854 3138 hae-

2261 3180 2663 3250 reticorumque
2697 3189 2753 3236 et
2792 3179 3151 3250 peccatricum
3188 3178 3522 3233 solummodo
3552 3175 3849 3230 animarum

2258 3272 2326 3337 ad
2376 3273 2697 3333 catholicam
2747 3274 2906 3328 tidem
2959 3271 3256 3341 disputant.
3317 3268 3598 3341 Hysticam
3642 3278 3851 3338 quoque

2257 3365 2589 3436 legalemquc
2627 3365 3005 3435 septimanam,
3047 3378 3210 3434 quam
3248 3361 3720 3432 quinquagesimus
3757 3372 3847 3412 se-

2257 3458 2735 3531 quebaturaunus,
2766 3459 2855 3527 qui
2881 3457 2927 3489 ’θ
2956 3456 3209 3512 hebraice
3239 3470 3430 3522 JOBEL,
3462 3456 3564 3509 hoc
3590 3462 3673 3509 est
3693 3451 3846 3507 liber-

2256 3560 2336 3616 tas
2356 3553 2671 3621 vocabatur,
2687 3551 2942 3621 quoniam
2964 3551 3017 3606 in
3042 3550 3154 3621 ipso
3175 3565 3366 3606 omnes
3388 3547 3687 3603 libertatem
3711 3543 3850 3600 acci-

2254 3642 2498 3713 piebant,
2521 3650 2574 3697 et
2595 3642 2962 3713 unusquisque
2985 3640 3051 3695 ad
3073 3641 3354 3710 pristinam
3370 3639 3751 3695 habitationem
3766 3651 3849 3690 re-

2253 3734 2584 3799 vertebatur,
2599 3732 2743 3788 omni
2761 3733 2894 3802 lege,
2911 3747 3010 3802 qua
3028 3731 3385 3794 detinebatur,
3405 3727 3685 3790 absolutus,
3700 3725 3844 3782 hunc

2254 3810 2485 3885 reditum
2504 3867 2521 3894 ,
2547 3828 2612 3881 de
2635 3840 2741 3897 quo
2768 3825 2945 3895 agitur
2963 3865 2978 3887 ,
3001 3831 3185 3895 aperte
3206 3821 3513 3894 signiﬁcare
3535 3835 3639 3876 non
3661 3820 3843 3875 incon-

2253 3917 2749 3992 gruequisdixerit,
2784 3917 2931 3971 [inita
2952 3916 3254 3987 septenaria
3279 3914 3579 3986 praesentis
3603 3913 3745 3967 vitae
3763 3926 3841 3967 re-

2254 4010 2541 4067 volutiOne.
2576 4009 2742 4071 David
2770 4026 2864 4065 rex
2883 4018 2937 4065 et
2959 4009 3220 4079 pr0pheta
3252 4006 3658 4062 renovatiouem
3683 4012 3835 4058 natu-

2254 4119 2344 4161 rae
2372 4104 2659 4174 promittit,
2680 4102 2866 4158 diceus
2891 4121 2902 4155 :
2932 4100 3125 4155 Emitte
3151 4100 3407 4170 Spiritum
3433 4110 3604 4163 tuum,
3631 4107 3679 4151 et
3703 4112 3838 4150 crea-

2253 4196 2465 4261 buntur,
2514 4205 2560 4249 et
2604 4194 2875 4249 renovabis
2924 4192 3113 4263 faciem
3162 4200 3354 4247 terrae.
3405 4190 3546 4258 Quid
3576 4188 3750 4245 dicam
3779 4186 3839 4242 de

2251 4286 2580 4359 evangelicis
2620 4286 2914 4358 parabolis,
2958 4285 3023 4341 de
3064 4285 3290 4356 prodigo
3312 4283 3563 4351 videlicet
3588 4282 3713 4346 lilio,
3753 4279 3838 4350 qui

560 4365 811 4437 videlicet
854 4368 1140 4426 iucarualo
1178 4411 1194 4438 ,
1251 4373 1404 4428 nobis
1456 4376 1706 4445 apparuit
1730 4416 1746 4441 ,
1794 4378 2152 4450 sensibusque
2179 4375 2231 4434 D
2256 4378 2312 4434 in
2340 4390 2486 4433 terra
2515 4378 2689 4434 aliena
2714 4384 2921 4447 partem
2949 4375 3303 4442 substantiae,
3327 4390 3492 4447 quant
3518 4389 3548 4427 a
3576 4383 3732 4444 patre
3756 4386 3840 4427 ao-

561 4462 838 4530 eorporeis
881 4466 1424 4533 comprehensibilem
1472 4482 1531 4523 se
1576 4468 1725 4525 fecit.
1795 4469 1963 4529 Nemo
2003 4473 2149 4527 enim

560 4549 797 4617 Patrem,
838 4568 999 4608 nemo
1040 4554 1301 4623 Spiritum
1324 4567 1570 4613 sanctum
1593 4560 1648 4613 in
1670 4560 1877 4625 unitate
1900 4562 2153 4623 substan-

566 4641 671 4693 tiae
719 4656 842 4695 cum
886 4652 1137 4698 creatura
1164 4643 1185 4673 °
1217 4645 1370 4700 vidit.
1416 4647 1483 4702 Et
1520 4648 1771 4706 Ezechiel
1797 4666 2015 4723 quoque
2051 4653 2153 4709 sub

563 4730 735 4798 tigura
798 4731 958 4786 trium
1026 4732 1305 4790 civitatum
1370 4737 1603 4797 reditum
1658 4742 1825 4799 totius
1888 4745 2157 4801 humanae

563 4826 795 4876 naturae
829 4821 1145 4892 prophetico
1180 4824 1483 4883 denuntiat.
1542 4829 1751 4887 Dicitur
1788 4834 1933 4889 enim
1961 4848 1975 4887 :
2003 4834 2158 4888 Jeru-

561 4908 722 4964 salem
753 4911 821 4976 ι’,
846 4920 894 4967 et
917 4921 975 4967 tu
999 4914 1338 4984 confundere,
1367 4927 1416 4974 et
1435 4930 1587 4991 porta
1620 4922 1962 4993 ignominiam
1986 4933 2155 4985 tuam,

561 5015 696 5069 quae
706 5000 1016 5070 justi/iocati
1035 5021 1239 5064 sorores
1261 5018 1413 5076 tuas;
1433 5026 1498 5068 ac
1517 5010 1771 5084 deinceps
1786 5014 2040 5075 subditur
2069 5014 2110 5044 ¹¹
2140 5028 2153 5063 :

2258 4477 2496 4538 ceperat,
2538 4468 2828 4538 dissipans,
2875 4475 3113 4538 egestate
3154 4475 3374 4520 coactus
3422 4465 3660 4533 seipsum
3696 4476 3838 4517 reco-

2259 4575 2529 4633 gnoscens
2551 4601 2565 4626 ,
2610 4561 3053 4631 poenitentiaque
3087 4559 3298 4624 ductus,
3324 4560 3391 4614 ad
3420 4568 3631 4628 patrem
3687 4569 3837 4611 suum

2262 4668 2515 4713 reversus
2539 4662 2642 4719 est,
2676 4669 2705 4709 a
2736 4669 2844 4724 quo
2865 4654 3107 4723 piissime
3132 4653 3665 4721 clementissimeque
3691 4664 3839 4706 rece-

2259 4752 2385 4815 ptus
2402 4760 2513 4801 non
2534 4743 2711 4799 solum
2724 4746 3008 4814 pristinam
3030 4746 3252 4814 adeptus
3274 4753 3357 4798 est
3370 4743 3626 4815 gratiam,
3650 4754 3834 4809 verum

2259 4833 2426 4889 etiam
2465 4849 2563 4906 pro
2601 4834 2906 4890 reverentia
2949 4835 3035 4890 sui
3075 4834 3277 4890 vitulus
3319 4834 3587 4903 saginatus
3617 4828 3834 4885 occisus

2259 4926 2379 4981 8⁸ιῖ
2410 4925 2547 4993 Quis
2572 4938 2658 4983 est
2690 4943 2819 4999 ergo
2865 4927 3008 4984 filius
3036 4928 3175 4983 iste?
3210 4925 3395 4984 Nonne
3422 4925 3581 4980 homo
3608 4921 3675 4976 ad
3702 4922 3834 4977 ima-

2258 5016 2440 5087 ginem
2463 5018 2558 5074 Dei
2581 5017 2793 5075 factus?
2824 5018 2986 5075 Pater
3012 5018 3275 5089 siquidem
3301 5015 3547 5074 caelestis
3575 5012 3715 5071 duas
3743 5002 3835 5075 na:-

1844 5146 2102 5203 VARIAE
2158 5148 2563 5239 LECTIONES.

640 5253 777 5341 [Sic
803 5254 1214 5341 CriAhdiluit.
1289 5264 1583 5341 {SicACli}
1614 5265 1940 5341 .§_Inﬁnite.
2020 5267 2139 5341 ’_es_t
2172 5284 2281 5325 om.
2335 5270 2399 5323 A.
2472 5267 2500 5341 7‘
2528 5268 2611 5341 CF
2645 5268 2962 5341 Neptaleim.
2990 5339 3003 5341 _
3039 5269 3061 5301 ⁸
3082 5277 3157 5323 est
3195 5267 3495 5341 om:_A.__'
3533 5265 3581 5341 A_
3616 5260 3831 5341 latitudo

563 5333 761 5415 '39:?!“
797 5327 1199 5415 ..'.Si9CF:A
1228 5337 1374 5415 quia:
1448 5336 1469 5367 ⁸
1500 5327 1807 5415 δίόοΜ
1836 5348 1977 5415 εωιέ
2052 5338 2364 5415 Ἀστερία.
2431 5339 2599 5415 ,πρε
2653 5327 3143 5415 θίξιωυειξιριης.
3195 5335 3510 5415 “-Sic_(.1F_;
3541 5335 3583 5389 Α
3613 5334 3828 5415 89bit!-

561 5396 731 5464 gitur.
773 5394 841 5464 ,7“
872 5396 919 5451 A
949 5394 1182 5458 tuarum.
1240 5394 1305 5437 ’³⁸
1333 5406 1378 5460 Α
1407 5422 1559 5462 soror
1583 5416 1694 5460 tua.
1723 5394 1734 5401 ’
1774 5405 1817 5438 ³⁸
1851 5418 1898 5462 et
1930 5394 2265 5464 Samaria—4
2287 5429 2318 5464 a

562 5462 672 5517 tim.
700 5462 809 5519 CF.
887 5467 932 5500 ¹⁰

563 5534 763 5589 beatus.
840 5535 889 5570 ⁸⁸
914 5534 1000 5597 CF
1035 5545 1177 5614 quia.

2359 5412 2615 5481 principio
2655 5425 2764 5465 om.
2795 5410 2899 5465 CF.
2981 5411 3025 5442 "
3059 5399 3190 5464 sicut
3214 5408 3447 5481 fueritis
3481 5399 3537 5460 in
3580 5399 3832 5481 principi:

1063 5473 1245 5553 si_om.
1274 5475 1381 5533 CF.
1459 5476 1502 5510 "
1532 5474 1625 5534 Sic
1651 5474 1767 5544 CF;
1796 5478 1838 5534 Α
1870 5477 2238 5551 relinquemus.
2319 5466 2370 5516 η’
2398 5466 2623 5548 SicCF;
2655 5480 2699 5535 A
2740 5483 3131 5553 promittuntur.
3206 5466 3253 5521 *⁸
3294 5478 3408 5534 Pro
3455 5466 3831 5549 praefatus“
