4168 6284
382 142 521 197 1005

1235 145 1322 202 DE
1358 145 1699 204 DIVISIONE
1739 144 2090 202 NATURAE.
2133 138 2201 186 -ὲ
2238 145 2440 202 LIBER
2479 143 2794 215 QUINTUS.

3515 143 3655 203 1000

383 265 534 310 turas
563 252 631 310 ad
653 266 713 310 se
745 255 1178 327 cognoscendum
1217 258 1442 323 ereavit,
1492 260 1788 328 angelicam
1819 259 1968 316 vitle-
1994 267 2043 325 Α
2069 259 2137 316 de
2161 275 2261 328 ove
2288 263 2580 318 centesima
2609 259 2867 332 tntellige,
2894 273 3032 330 quae
3061 267 3339 316 erraverat
3364 260 3653 318 caelestem
3721 267 3727 274 '

380 346 508 402 licet
531 356 586 404 et
614 349 932 417 humanam,
981 349 1177 420 quibus
1214 347 1425 405 duabus
1459 351 1472 381 ⁸
1509 352 1789 407 ﬁliolitatis
1839 368 1964 424 gra-

383 438 514 494 tiam
543 441 776 496 donavit.
813 431 922 497 sed
961 441 1124 497 homo
1147 440 1543 498 adolescentior
1577 443 1718 498 illius
1749 445 1964 510 dicitur,

383 533 611 604 angelus
632 548 764 601 vero
787 534 962 605 major
991 544 1190 601 aetate,
1218 536 1474 607 quoniam
1498 537 1650 606 prius
1684 537 1984 608 Scriptura-

383 627 748 682 conditionem
774 627 970 699 angeli,
991 628 1267 698 posterius
1291 627 1529 683 hominis
1556 639 1966 685 commemorat.

384 716 599 772 Partem
647 719 827 788 itaque
867 718 1148 790 angelicae
1193 720 1620 785 numerositatis,
1662 736 1800 788 quae
1831 737 1970 776 nun-

382 823 544 877 quam
587 808 922 865 conditorem
958 795 1114 864 suum
1159 809 1416 876 deseruit,
1451 811 1624 881 major
1645 809 1808 874 Illius,
1837 812 1969 868 ado-

381 897 673 956 lescentior
696 907 870 955 totum
899 899 1172 957 hominem
1202 900 1407 970 lapsum
1447 911 1504 956 et
1529 918 1558 955 a
1585 901 1844 958 Creatore
1870 918 1969 958 suo

377 995 816 1064 peregrinantem
865 996 1132 1061 insinuat;
1177 996 1518 1065 postmodum
1569 1005 1744 1051 tamen
1775 996 1840 1050 ad
1863 995 1967 1050 Pa-

381 1095 518 1140 trem
571 1102 731 1142 suum
775 1101 1138 1154 reversurus,
1202 1096 1257 1141 et
1311 1088 1542 1158 primam
1611 1087 1845 1152 stolam,
1914 1087 1967 1141 id

377 1184 485 1240 est,
533 1177 771 1246 primum
810 1176 1058 1232 habitum
1101 1187 1326 1232 naturae
1358 1187 1695 1247 recepturus.
1743 1176 1971 1248 insuper

378 1266 546 1322 etiam
581 1268 845 1324 ambitum
882 1268 1122 1335 virtutis,
1163 1285 1302 1339 quae
1329 1286 1426 1340 per
1453 1269 1671 1324 anulum
1698 1270 1974 1340 signiﬁca-

381 1366 492 1423 tur,
541 1360 842 1428 praemium
897 1373 1111 1430 quoque
1159 1362 1350 1416 mortis
1393 1360 1622 1426 Christi,
1654 1362 1796 1431 quod
1824 1363 1846 1394 ³
1873 1377 1970 1432 per

381 1449 749 1506 calceamenta
792 1452 844 1506 in
887 1453 1114 1521 pedibus
1163 1453 1458 1519 formatur,
1501 1453 1748 1522 accipiet,
1795 1463 1970 1509 aeter-

383 1556 506 1594 nam
556 1541 812 1596 videlicet
859 1543 1058 1609 vitam,
1113 1559 1254 1613 quae
1304 1544 1685 1598 universaliter
1729 1544 1970 1600 humano

2072 368 2288 424 gregem
2319 353 2597 416 deserens,
2632 367 2795 423 quam
2829 354 3000 407 bonus
3037 361 3242 422 pastor,
3277 352 3368 421 qui
3396 360 3478 406 est
3498 351 3655 406 Chri-

2071 453 2206 510 stus,
2249 443 2519 513 quaesivit
2547 450 2603 497 et
2641 441 2860 512 reperit,
2903 450 3281 512 repertamque
3327 442 3382 496 in
3411 441 3432 474 '
3461 442 3654 496 imme-

2071 557 2164 599 ros
2187 555 2314 598 suos
2354 548 2634 611 acceptam
2678 537 2744 593 ad
2781 553 3020 610 gregem,
3050 552 3209 608 quem
3237 538 3470 592 errando
3491 537 3653 591 dese-

2071 645 2280 701 ruerat,
2312 642 2572 706 reportat.
2613 631 2763 700 Quae
2799 640 3082 702 prepterca
3113 631 3407 687 centesima
3450 644 3657 686 connu-

2072 734 2332 790 meratur,
2384 724 2640 796 quoniam
2690 730 2810 794 post
2857 721 3067 793 lapsum
3116 722 3385 776 humanae
3430 730 3658 775 naturae

2070 814 2357 886 perfectio,
2385 831 2522 884 quae
2547 829 2645 885 per
2670 812 3044 868 centenarium
3074 827 3359 867 numerum
3389 811 3656 875 innuitur,

2074 906 2323 962 caelestis
2347 905 2670 971 Jerusalem,
2720 920 2858 974 quae
2899 913 2983 960 est
3034 913 3210 959 mater
3256 912 3464 969 nostra,
3498 902 3658 957 dimi-

2076 1008 2204 1054 nuta
2231 1008 2338 1062 est,
2389 999 2543 1069 cujus
2590 999 2974 1061 numerositas,
3015 996 3179 1051 veluti
3224 995 3520 1052 centenarii
3557 1009 3664 1048 nu-

2075 1093 2208 1147 meri
2241 1090 2488 1156 latitudo,
2539 1092 2605 1144 ad
2651 1091 2920 1159 integrum
2955 1088 3278 1158 implebitur,
3313 1089 3438 1142 dum
3469 1087 3661 1142 huma-

2073 1199 2203 1238 num
2230 1196 2400 1251 genus
2423 1182 2476 1235 in
2507 1180 2684 1283 capite
2707 1195 2828 1244 suo,
2857 1180 2998 1248 quod
3027 1187 3111 1232 est
3139 1177 3408 1242 Christus,
3460 1178 3511 1231 in
3539 1191 3662 1231 eam

2077 1281 2398 1328 revertetur.
2426 1271 2545 1338 Quo
2569 1268 2622 1325 in
2648 1271 2768 1325 loco
2805 1270 2891 1323 illa
2925 1284 3034 1324 non
3066 1284 3235 1338 parva
3269 1268 3513 1337 quaestio
3544 1268 3660 1322 ori-

2076 1373 2182 1425 tur,
2207 1363 2319 1433 jam
2343 1359 2638 1430 divulgata,
2665 1360 2759 1416 sed
2786 1375 2890 1414 non
2914 1360 3052 1428 jam,
3081 1365 3145 1412 ut
3170 1357 3425 1421 arbitror,
3451 1357 3660 1422 soluta;

2076 1453 2210 1508 etsi
2249 1451 2446 1516 soluta,
2494 1449 2732 1505 nondum
2780 1449 2832 1504 in
2884 1458 3098 1504 nostras
3148 1462 3342 1503 manus
3384 1447 3406 1478 ⁶
3448 1447 3663 1503 venisse

2077 1545 2333 1600 fatemur.
2363 1543 2658 1612 Quaeritur
2681 1542 2849 1607 enim,
2890 1542 2934 1596 si
2966 1549 3146 1596 tantus
3187 1555 3446 1596 numerus
3488 1539 3664 1594 homi-

381 1631 564 1698 gcneri
608 1633 802 1686 merito
841 1633 1030 1689 mortis
1075 1635 1289 1689 Domini
1341 1637 1672 1704 rependitur.
1725 1635 1792 1690 Et
1837 1645 1968 1692 tunc
1998 1621 2046 1681 Β
2073 1644 2201 1691 n‘um
2231 1635 2285 1690 in
2312 1634 2642 1690 consortium
2671 1633 2924 1688 caelestis
2947 1632 3204 1696 civitatis,
3231 1632 3334 1686 hoc
3356 1639 3463 1695 est,
3493 1629 3664 1684 socie-

381 1719 582 1775 \iltlltls
631 1721 909 1792 saginatus
951 1723 1252 1780 adducetur
1297 1733 1352 1780 et
1389 1726 1685 1781 occidetur.
1733 1725 1799 1780 Et
1849 1726 1971 1796 quis

378 1820 464 1864 est
511 1810 600 1866 ille
643 1811 866 1878 vitulus,
899 1814 1005 1870 nisi
1044 1815 1206 1870 homo
1230 1815 1500 1882 Christus,
1535 1823 1755 1886 septena
1792 1816 1969 1872 sancti

379 1902 613 1972 Spiritus
637 1903 812 1974 gratia
848 1903 1058 1974 plenus,
1100 1906 1186 1961 vel
1213 1918 1362 1962 certe
1405 1907 1732 1978 pinguedine
1773 1906 1972 1965 literae

379 1995 718 2066 visibilisque
754 2003 981 2053 naturae
1013 1995 1390 2053 incrsssatus?
1425 1996 1522 2052 llis
1562 1998 1706 2052 enim
1736 1997 1967 2064 duobus,

383 2086 536 2141 litera
584 2087 835 2143 videlicet
878 2095 935 2142 et
966 2085 1163 2144 visibill
1195 2097 1470 2153 creatura,
1504 2087 1669 2144 veluti
1699 2089 1970 2158 quaedam

377 2175 713 2246 corpulentia
739 2175 946 2232 Christi
971 2181 996 2220 ³
1029 2183 1273 2247 apparet,
1303 2177 1560 2246 quoniam
1604 2176 1660 2231 in
1689 2177 1770 2232 eis
1794 2185 1851 2230 et
1872 2191 1972 2246 per

377 2282 470 2323 eas
515 2267 851 2340 intelligitur,
898 2277 1159 2340 quantum
1197 2268 1428 2340 intelligi
1475 2276 1673 2339 potest.
1733 2268 1971 2340 Spiritus

380 2358 525 2412 enim
551 2358 684 2428 lcgis
712 2368 798 2415 est
818 2356 1090 2424 Christus,
1115 2368 1163 2414 et
1181 2358 1465 2414 invisibilia
1487 2357 1584 2413 Dei
1614 2375 1707 2428 per
1730 2374 1812 2421 ea,
1835 2374 1974 2428 quae

382 2447 525 2516 facta
559 2457 704 2513 sunt,
745 2448 1011 2503 intellecta
1038 2449 1454 2517 conspiciuntur,
1479 2449 1797 2519 sempiterna
1833 2465 1969 2516 quo-

380 2556 479 2611 que
499 2540 614 2612 ejus
638 2541 803 2596 virtus
824 2553 871 2596 et
897 2542 1212 2606 aeternitas;
1247 2555 1362 2605 seu,
1393 2549 1455 2594 ut
1476 2539 1670 2596 beatus
1701 2539 1970 2596 Maximus

383 2633 532 2698 dicit,
559 2649 837 2705 exponens
849 2631 1170 2704 Gregorium
1199 2635 1530 2706 Theologum
1552 2636 1608 2692 in
1631 2649 1882 2691 sermone
1903 2637 1970 2691 de

380 2724 676 2784 Nativitate
702 2728 974 2784 dicentem
1009 2748 1029 2780 ι
1067 2729 1300 2786 Verbum
1325 2741 1642 2787 crassatur.
1673 2749 1686 2785 :
1722 2730 1964 2796 Verbum,

382 2819 576 2890 inquit,
595 2821 722 2875 dum
743 2821 808 2876 sit
825 2821 1044 2892 simplex
1065 2832 1112 2877 et
1134 2823 1518 2894 incorporeum,
1533 2833 1582 2878 et
1597 2841 1774 2880 omnes
1789 2840 1969 2879 conse-

379 2924 594 2982 quenter
610 2930 673 2967 ac
691 2915 1035 2984 spiritualiter
1053 2917 1312 2982 nutriens,
1332 2918 1538 2972 divinas
1559 2919 1611 2972 in
1627 2917 1769 2972 caelo
1783 2928 1964 2989 poten-

2079 1728 2206 1783 tatis
2249 1727 2441 1783 beatae
2482 1725 2844 1781 multitudinis
2879 1726 2978 1780 sub
3018 1739 3122 1780 uno
3155 1725 3268 1778 Deo
3299 1722 3543 1790 degentis
3572 1736 3662 1776 re-

2077 1833 2335 1875 versurus
2381 1825 2490 1880 est,
2549 1824 2783 1885 quantus
2830 1813 3317 1886 praevaricantlum
3349 1811 3662 1882 angelorum

2076 1908 2202 1964 inde
2230 1906 2433 1979 lapsus.
2474 1906 2753 1977 Sequitur,
2781 1914 2961 1962 utaut
2990 1904 3352 1960 numerositas
3391 1891 3663 1958 humanae

2074 1997 2540 2070 multiplicationis
2578 2012 2608 2052 a
2653 1997 2830 2068 primo
2882 1996 3100 2052 homine
3146 2005 3327 2064 usque
3375 1994 3442 2047 ad
3496 1993 3662 2047 ﬁnem

2074 2090 2262 2148 mundi
2291 2099 2437 2146 tanta
2463 2089 2552 2156 sit,
2593 2098 2793 2160 quanta
2829 2097 3198 2158 apostatarum
3225 2085 3559 2155 angelorum,
3586 2083 3664 2137 ita

2073 2193 2136 2240 ut
2178 2184 2391 2239 illorum
2433 2183 2702 2240 caelestes
2743 2181 2922 2248 sedes,
2966 2195 3103 2250 quas
3139 2177 3503 2250 superbiendo
3532 2175 3662 2230 reli-

2075 2285 2332 2345 querant,
2364 2275 2430 2328 ad
2465 2282 2634 2329 totum
2675 2287 2843 2344 genus
2872 2273 3170 2328 humanum
3201 2269 3520 2340 capiendum
3552 2266 3662 2322 illic

2075 2366 2351 2422 redeundo
2389 2366 2743 2422 sull‘ecerint:
2775 2373 2892 2427 aut.
2928 2365 2972 2420 si
3005 2365 3182 2419 minor
3228 2371 3312 2418 est
3351 2361 3660 2416 cadentium

2075 2459 2392 2528 angelorum
2427 2459 2810 2524 numerositas,
2845 2473 3006 2527 quam
3037 2456 3258 2512 humani
3283 2453 3497 2527 generis
3525 2449 3663 2506 mul—

2075 2550 2351 2620 tiplicitas,
2381 2565 2506 2620 pars
2533 2549 2802 2603 humanae
2823 2556 3050 2602 naturae
3072 2561 3179 2601 non
3204 2544 3532 2607 necessaria,
3555 2556 3663 2611 qua

2075 2639 2369 2694 labentium
2421 2639 2735 2708 angelorum
2782 2651 3069 2692 numerum
3098 2644 3385 2704 exuperat,
3411 2647 3664 2688 remane-

2071 2731 2152 2786 bit
2181 2742 2335 2787 extra
2368 2745 2594 2802 superae
2633 2731 2652 2762 "
2683 2728 2919 2784 civitatis
2941 2725 3353 2781 consortium—
3372 2740 3475 2777 non
3514 2721 3663 2776 enim

2072 2821 2198 2877 illuc
2241 2821 2440 2891 poterit
2491 2819 2810 2882 ascendere,
2860 2832 2966 2886 qua
2998 2815 3181 2871 sedem
3211 2829 3318 2869 non
3351 2814 3547 2867 sinitur
3572 2811 3661 2865 in-

2070 2915 2258 2972 venire
2276 2949 2342 2957 —
2363 2932 2487 2987 pars
2513 2925 2717 2979 autem,
2742 2927 2881 2983 quae
2904 2913 3002 2976 eis,
3031 2911 3200 2980 lapsis
3230 2909 3371 2973 dico,
3404 2907 3666 2975 aequipa-

385 3005 486 3058 tias
516 3019 609 3073 per
633 3021 784 3058 suam
811 3007 866 3058 in
901 3023 1060 3061 carne
1083 3011 1433 3078 praesentiam
1463 3024 1527 3063 ea:
1549 3009 1717 3077 nobis,
1752 3019 1965 3081 propter
1991 2977 2038 3039 Ε
2073 3018 2244 3075 ratur,
2293 3024 2575 3065 reversura
2618 3017 2731 3072 est;
2785 3023 2848 3062 ac
2884 3023 2978 3077 per
3016 3006 3115 3060 hoc
3161 3005 3538 3058 incunctanter
3560 3001 3658 3055 da-

385 3108 496 3159 nos,
525 3095 809 3149 secundum
837 3112 952 3162 nos,
988 3097 1099 3152 sine
1127 3107 1337 3168 peccato
1370 3099 1656 3154 incrassari
1689 3099 1962 3169 dignatum

382 3193 477 3239 est.
528 3185 681 3254 Quod
722 3195 901 3243 autem
937 3188 1039 3244 iste
1075 3189 1220 3246 ﬁlius
1247 3190 1472 3261 ﬁguram
1498 3190 1710 3262 generis
1741 3192 1964 3246 humani

381 3288 574 3348 gestat,
601 3289 663 3335 ut
689 3295 797 3335 non
823 3280 998 3336 dicam
1024 3280 1246 3338 Joannis
1267 3283 1638 3354 Chrysostomi
1665 3283 1965 3339 sententias

379 3369 446 3424 de
478 3371 579 3425 hac
614 3371 894 3439 parabole,
933 3374 1190 3443 quoniam
1237 3373 1475 3445 prolixae
1519 3382 1666 3441 sunt,
1721 3375 1964 3430 testimo-

379 3462 529 3516 nium
577 3463 722 3517 beati
774 3464 1049 3520 Ambrosii
1091 3466 1142 3520 in
1175 3467 1513 3536 expositione
1561 3466 1614 3520 in
1642 3465 1844 3521 Lucam
1878 3473 1964 3521 sat

378 3561 461 3609 est
494 3568 712 3625 ponere.
743 3553 938 3621 Potest,
965 3557 1157 3628 inquit,
1187 3559 1241 3612 in
1266 3575 1392 3624 uno,
1417 3559 1530 3615 ﬁlio
1555 3559 1808 3615 videlicet
1836 3573 1961 3631 pro-

379 3645 520 3715 digo,
567 3646 759 3716 species
809 3647 976 3718 accipi
997 3648 1203 3718 generis
1232 3650 1472 3705 humani.
1516 3648 1646 3704 Fuit
1677 3651 1870 3716 Adam,
1914 3658 1964 3705 et

377 3734 432 3787 in
454 3733 548 3787 illo
571 3733 767 3801 fuimus
793 3751 1008 3802 omnes;
1030 3739 1181 3807 periit
1211 3740 1404 3806 Adam,
1433 3751 1480 3794 et
1505 3743 1558 3794 in
1583 3739 1675 3794 illo
1698 3741 1965 3812 perierunt

381 3839 580 3876 omnes.
608 3823 781 3882 Homo
805 3826 970 3896 igitur
1007 3829 1064 3881 in
1089 3828 1182 3882 illo
1221 3831 1450 3896 homine,
1481 3831 1571 3901 qui
1598 3834 1846 3902 perierat,
1876 3848 1963 3886 re-

381 3913 666 3982 formatur,
687 3926 739 3978 et
764 3917 874 3984 ille,
898 3920 968 3973 ad
996 3919 1390 3976 similitudinem
1416 3924 1514 3978 Dei
1553 3925 1726 3993 factus
1750 3934 1800 3978 et
1829 3927 1965 3978 ima-

381 4005 578 4072 ginem,
617 4007 795 4062 divina
825 4010 1078 4078 patientia
1105 4022 1154 4065 et
1187 4015 1620 4083 magnanimitate
1663 4025 1962 4084 reparatur.

382 4095 615 4153 Videsne
644 4099 827 4169 igitur,
851 4102 996 4170 quod
1023 4102 1124 4158 ista
1149 4104 1403 4174 parabole
1427 4123 1532 4161 non
1555 4115 1764 4177 partem
1797 4122 1962 4175 gene-

381 4189 458 4245 ris
480 4189 722 4258 humani,
751 4193 846 4249 sed
876 4202 1046 4250 totum
1071 4199 1488 4253 restaurandum
1521 4213 1642 4256 esse
1667 4198 1723 4252 in
1743 4197 1964 4254 Christo

383 4283 560 4352 typice
594 4284 825 4340 doceat?
855 4286 1059 4343 Eadem
1090 4289 1467 4358 interpretatio
1495 4300 1578 4344 est
1607 4290 1676 4344 de
1705 4289 1965 4344 drachma

379 4375 613 4444 perdita,
641 4385 698 4433 et
717 4385 844 4446 post
877 4380 1218 4436 eversi-onem
1251 4381 1409 4450 hujus
1443 4381 1649 4447 mundi,
1679 4381 1844 4435 veluti
1869 4396 1966 4438 cu-

376 4465 590 4535 jusdam
634 4468 846 4537 domus,
888 4471 1157 4530 inventaa
1185 4473 1434 4539 muliere,
1473 4473 1566 4528 Dei
1603 4473 1852 4534 videlicet
1874 4488 1967 4529 sav

381 4557 607 4628 pientia,
643 4575 782 4631 quae
821 4577 942 4618 eam
983 4564 1114 4621 iecit
1154 4574 1210 4619 et
1254 4567 1512 4635 possedit.
1555 4565 1769 4621 Decima
1801 4567 1966 4620 etiam

1991 4330 2046 4391 D

2066 3102 2232 3166 bitur,
2282 3118 2384 3156 non
2427 3117 2616 3156 omnes
2659 3101 2910 3157 homines
2945 3099 3250 3168 redemptos
3286 3096 3452 3150 fuisse
3483 3095 3536 3147 in
3567 3108 3656 3156 eo,

2069 3193 2161 3264 qui
2183 3193 2297 3246 vult
2323 3208 2508 3248 omnes
2554 3193 2803 3248 homines
2829 3191 2851 3224 ⁸
2883 3191 3060 3246 salvos
3090 3188 3226 3255 ﬁeri,
3258 3197 3307 3242 et
3344 3188 3396 3241 in
3430 3185 3658 3256 agnitio-

2070 3301 2192 3340 nem
2209 3285 2452 3339 veritatis
2467 3284 2673 3340 venire.
2693 3283 2757 3338 Et
2771 3282 3176 3354 quidetn;paene
3201 3294 3390 3336 omnes
3411 3285 3663 3331 auctores

2067 3379 2349 3448 utriusque
2388 3379 2600 3449 linguae
2624 3378 2993 3432 indubitanter
3014 3383 3282 3438 astruunt,
3315 3380 3394 3426 tot
3415 3369 3662 3424 homines

2069 3471 2122 3525 in
2159 3471 2442 3526 caelestem
2471 3470 2747 3526 civitatem
2778 3469 3098 3534 intraturos,
3160 3474 3291 3538 quot
3321 3462 3493 3534 angeli
3525 3461 3664 3531 fugi—

2072 3560 2165 3614 tivi
2189 3560 2256 3615 ab
2285 3575 2346 3615 ea
2385 3561 2588 3633 egressi
2619 3569 2762 3616 sunt.
2795 3559 2863 3616 Et
2883 3560 2928 3616 si
2970 3560 3044 3614 ita
3074 3565 3178 3622 est,
3203 3571 3369 3611 unum
3391 3570 3422 3608 e
3453 3551 3663 3608 duobus

2069 3649 2270 3720 eligere
2306 3664 2583 3721 cogemur,
2623 3657 2720 3706 aut
2760 3650 3038 3720 aequalem
3068 3645 3511 3702 numerositatem
3536 3655 3661 3698 esse

2069 3741 2309 3795 omnium
2367 3741 2648 3798 hominum
2700 3739 3076 3796 numerositati
3128 3738 3394 3794 malorum
3437 3733 3661 3806 angelo-

2070 3847 2215 3897 rum,
2238 3839 2331 3885 aut
2353 3833 2776 3889 numerosiorem
2795 3831 3018 3888 humani
3034 3831 3247 3901 generis
3262 3826 3660 3883 multitudinem

2069 3932 2351 3994 apostatae
2398 3925 2756 3980 multitudinis
2797 3923 3185 3979 numerositate
3214 3962 3229 3987 ,
3279 3936 3342 3975 ac
3406 3933 3504 3989 per
3554 3918 3658 3972 hoc

2069 4029 2177 4067 non
2199 4029 2388 4068 omnes
2413 4014 2764 4068 humanitatis
2785 4014 3076 4083 participes
3097 4013 3162 4066 ad
3184 4009 3504 4081 principium
3528 4021 3659 4061 suae

2071 4103 2397 4160 conditionis
2425 4105 2711 4168 redituros,
2739 4104 2884 4172 quod
2913 4101 3300 4174 praecedentes
3329 4099 3565 4153 rationes
3588 4097 3658 4151 de

2071 4198 2245 4256 salute
2293 4199 2456 4254 totius
2501 4199 2855 4253 humanitatis
2908 4200 2960 4252 in
3009 4195 3228 4252 Christo
3283 4195 3662 4248 incunctanter

2072 4291 2360 4346 roboratae
2395 4290 2614 4348 omnino
2635 4288 2920 4361 prohibent
2943 4286 3166 4342 assmni.
3211 4286 3282 4340 Et
3308 4282 3560 4353 quoniam
3591 4280 3662 4335 de

2072 4382 2177 4437 hac
2209 4379 2438 4445 ratione,
2494 4381 2596 4435 hoc
2636 4387 2736 4442 est,
2779 4375 3235 4432 restituendorum
3273 4372 3552 4428 hominum
3600 4376 3658 4424 et

2074 4473 2346 4542 lapsorum
2374 4469 2686 4542 angelorum
2734 4468 3154 4538 comparatione,
3207 4471 3516 4518 sanctorum
3555 4459 3655 4513 Pa-

2074 4575 2215 4617 trum
2265 4563 2560 4619 sententias
2604 4559 2944 4614 introducere
2991 4555 3276 4627 prolixum,
3322 4567 3429 4607 uno
3481 4549 3657 4605 sancti

383 4649 505 4706 ideo
548 4662 914 4725 eoruputatur,
954 4657 1210 4726 quatiam
1244 4657 1479 4712 humana
1508 4668 1703 4713 natura
1740 4674 1848 4712 non
1877 4672 1970 4712 so-
2075 4655 2256 4710 Patris
2302 4653 2588 4723 Augustini
2640 4651 2950 4706 testimonio
3005 4648 3242 4704 contenti
3291 4645 3460 4700 simus
3507 4645 3551 4694 '.
3596 4641 3655 4697 in

379 4739 488 4815 lum
513 4757 706 4799 novem
736 4746 1016 4802 ordinibus
1044 4748 1354 4818 angelorum
1401 4749 1640 4820 aequalis
1686 4748 1824 4803 facta
1859 4756 1963 4814 est,
2072 4745 2252 4817 primo
2270 4743 2505 4815 capitulo
2525 4743 2764 4799 vicesimi
2795 4740 3016 4798 secundi
3047 4739 3170 4795 libri
3197 4739 3263 4793 de
3279 4735 3514 4792 Civitate
3535 4734 3658 4799 Dei,

378 4846 568 4888 verum
589 4837 754 4892 etiam
781 4837 963 4892 nullus
997 4840 1276 4910 angelicas
1305 4843 1439 4897 ordo
1469 4853 1574 4906 est,
1607 4842 1694 4896 cui
1726 4843 1963 4897 humana
2079 4838 2146 4892 de
2181 4846 2375 4891 natura
2427 4836 2752 4892 daemonum
2801 4847 3096 4901 eorumque
3151 4830 3300 4898 lapsu
3348 4827 3659 4897 disputans'

384 4930 574 4977 “am”
615 4935 742 4994 Ροει
785 4932 1239 4986 ηθῑὲυηιὶοηθηι
1269 4932 1294 4963 ⁵
1322 4947 1474 4986 suam
1519 4930 1669 4999 juxta
1710 4933 1972 5004 intelligi.
2082 4931 2316 4996 Natura,
2347 4929 2539 5000 inquit,
2573 4945 2707 4998 quae
2745 4927 3008 4997 frueretur
3045 4923 3170 4986 Deo,
3215 4923 3463 4991 optimam
3493 4935 3546 4972 se
3576 4920 3658 4969 in-

383 5008 521 5064 hiles
541 5017 742 5081 gradus
776 5033 884 5074 non
913 5021 1301 5087 interserawr,
1337 5022 1507 5078 donec
1535 5020 1833 5088 perfectum
1871 5025 1967 5079 de-
2078 5023 2316 5077 stitntam
2344 5021 2492 5075 docet
2531 5021 2690 5074 etiam
2737 5020 2851 5088 ipso
2895 5017 3042 5079 vitio,
3073 5013 3212 5083 quod
3254 5013 3298 5044 ιθ
3325 5013 3440 5065 ideo
3469 5009 3656 5062 miser.

387 5100 599 5156 "illiilli
627 5106 880 5166 caelestis
913 5115 1188 5185 compleat
1227 5113 1484 5176 civitatis,
1537 5121 1671 5167 teste
1708 5114 1966 5184 Dionysio
2077 5123 2172 5181 est,
2201 5115 2326 5185 quia
2355 5128 2458 5168 non
2495 5109 2692 5180 fruitur
2728 5108 2860 5173 Deo,
2900 5106 2988 5176 qui
3016 5119 3195 5157 casum
3237 5101 3541 5170 angelorum
3571 5115 3629 5151 ro

383 5189 708 5264 Ανθορθδίιξ
761 5199 816 5253 in
865 5201 1008 5260 libro
1057 5206 1126 5270 de
1177 5205 1397 5261 caelesti
1454 5203 1752 5260 lerarehia.
1807 5204 1966 5271 Quod
2077 5209 2368 5265 lnntarium
2417 5208 2715 5278 justissima
2747 5221 2914 5276 poena
2953 5200 3298 5271 sempiternae
3335 5193 3658 5264 infelicitatis

383 5283 548 5339 etiam
575 5287 622 5342 ei
647 5287 892 5349 futurum
917 5309 1060 5366 erat,
1087 5299 1132 5354 si
1163 5315 1269 5354 non
1298 5306 1569 5367 peccaret.
1599 5294 1772 5350 Simili
1803 5296 1968 5353 modo
2078 5301 2380 5370 obstrinwit,
2425 5310 2578 5371 atque
2629 5301 2685 5352 in
2735 5313 2798 5353 eo
2841 5310 3042 5351 sunmto
3080 5293 3210 5346 bono
3243 5283 3664 5358 permanentibus

1719 5411 1975 5474 YARIAE
2006 5411 2418 5478 LECTIONES.

459 5519 562 5574 ‘.A.
594 5521 818 5580 duabus.
896 5525 987 5599 *Α
1015 5541 1172 5599 ηερε.
1231 5524 1270 5599 ,³
1295 5524 1339 5578 Α
1371 5524 1566 5580 Christi
1609 5526 1954 5599 corpulentia.
2031 5526 2056 5560 ‘
2098 5525 2185 5584 CF
2217 5501 2369 5597 .post
2417 5523 2848 5599 resurrectionem
2899 5517 3188 5599 suauia“:
3211 5516 3282 5599 Α.
3311 5529 3482 5584 mque.
3561 5511 3583 5544 ⁸

385 5607 572 5649 manus
603 5605 829 5654 nostras.
905 5607 926 5640 τ
951 5587 1042 5657 Sic
1068 5595 1186 5666 CF;
1215 5596 1260 5652 A
1285 5613 1554 5668 supernae.
1633 5597 1654 5629 ⁸
1674 5587 1908 5654 homines
1930 5613 2040 5655 om.
2074 5600 2139 5654 Α.
2229 5587 2263 5630 ⁹“
2281 5599 2346 5652 Α.
2376 5596 2619 5654 contenti
2642 5608 2844 5651 sumus.
2923 5590 2966 5623 '°
2989 5588 3081 5648 Sic
3103 5587 3226 5653 CF;
3259 5587 3301 5640 Α
3327 5600 3448 5643 auo.
