4168 6284
476 276 615 342 1007

1849 270 2139 331 JOANNIS
2179 267 2378 353 SCOTI

3621 270 3769 329 i008

475 393 677 458 ceteris,
709 401 765 446 ut
796 392 861 446 de
901 389 1160 457 suasisse
1188 388 1294 460 fine
1312 389 1677 461 permansione
1717 387 1845 443 certi
1873 396 2059 452 essent,
2088 388 2144 451 Α
2167 399 2297 441 vero
2343 382 2581 451 uberior,
2641 382 2951 440 uberiorem
2983 382 3244 454 profecto
3294 378 3509 440 laudem
3555 386 3775 456 gratiae

475 493 726 553 tanquam
764 483 935 553 ipsum
975 481 1266 550 praemium
1304 481 1575 535 scientiam
1621 479 1637 510 ⁸
1676 479 2087 555 ρενηιαηηςὶοηὶεη

476 573 639 638 dedit,
680 573 771 644 qui
812 572 931 641 fecit
963 571 1226 627 hominem
1281 573 1439 627 etiam
1488 573 1661 643 ipsum
1699 580 1896 625 rectum
1944 585 2089 645 cum.

474 664 657 719 eodem
683 662 844 717 libero
880 662 1120 730 arbitrio,
1165 672 1429 737 terrenum
1466 663 1679 734 quidem
1720 662 1943 728 animal,
1972 661 2062 719 sed

478 756 624 812 caelo
672 756 910 826 dignum,
949 757 995 810 si
1054 771 1152 810 suo
1214 754 1511 810 cohaereret
1560 756 1803 822 auctori,
1851 756 2091 811 miseria.

473 848 737 913 similiter,
767 847 813 901 si
830 863 948 900 eum
990 847 1269 913 desereret,
1299 845 1471 918 qualis
1499 856 1720 902 naturae
1754 847 2064 918 hujusmodi

474 938 805 1003 conveniret;
841 954 993 1009 quem
1041 938 1276 992 videlicet
1325 938 1771 1008 praevaricatione
1798 938 1924 1009 legis
1964 937 2089 1015 Dei

470 1046 566 1100 per
598 1029 697 1083 Dei
721 1028 1067 1083 desertionem
1096 1038 1435 1098 peccaturum
1470 1030 1491 1060 ¹¹
1519 1045 1631 1083 esse
1679 1031 1997 1100 praescierat
2019 1029 2060 1085 ³.

475 1116 590 1174 Nec
615 1117 695 1173 illi
723 1119 917 1194 ademit
942 1119 1094 1175 liberi
1118 1121 1324 1175 arbitrii
1343 1130 1667 1191 potestatem,
1692 1120 1849 1175 simul
1861 1123 2067 1190 praevi-

476 1213 628 1277 dcns,
664 1212 791 1282 quid
816 1212 936 1265 boni
978 1212 1042 1283 de
1078 1210 1217 1267 malo
1242 1211 1363 1285 ejus
1397 1223 1526 1268 esset
1553 1196 1661 1282 ihe
1690 1213 1950 1282 facturus,
1977 1211 2090 1289 qui.

474 1304 542 1358 de
566 1305 780 1358 mortali
793 1303 1060 1375 progenie,
1084 1304 1270 1358 merito
1295 1306 1540 1376 justeque
1562 1305 1837 1370 damnata,
1860 1313 2068 1361 tantum
2090 1372 2091 1375 η

472 1393 725 1464 populum
747 1395 923 1464 gratia
962 1411 1062 1449 sua
1099 1394 1327 1465 collegit,
1360 1394 1499 1448 unde
1529 1392 1765 1464 suppleat
1791 1403 1841 1447 et
1867 1394 2068 1449 instau-

473 1494 551 1541 ret
569 1493 791 1554 partem,
818 1502 952 1555 quae
993 1485 1141 1555 lapsa
1172 1495 1267 1552 est,
1310 1484 1639 1557 angelorum,
1666 1501 1728 1540 ac
1751 1484 1827 1539 sic
1852 1483 1946 1538 illa
1977 1483 2069 1539 de-

474 1574 610 1635 lecta
632 1585 680 1630 et
708 1593 937 1648 superna
966 1578 1148 1633 civitas
1189 1593 1405 1632 numero
1433 1577 1625 1633 civium
1663 1592 1767 1632 non
1792 1575 2071 1646 fraudare-

475 1679 587 1736 tur,
613 1671 741 1742 quin
779 1672 939 1727 etiam
974 1671 1216 1743 fortassis
1242 1682 1293 1741 et
1317 1672 1554 1728 uberiore
1575 1671 1879 1726 laetaretur.
1918 1670 2067 1738 Quae

2165 467 2337 547 ipsius
2373 475 2632 531 debemus
2660 476 2680 507 '
2715 475 2947 542 solvere,
2993 476 3086 545 qui
3116 490 3227 532 non
3256 474 3431 531 solum
3458 475 3778 545 possessio-

2166 583 2264 625 nes
2283 568 2491 639 antiqui
2514 568 2686 624 nostri
2717 568 2892 624 hostis
2917 568 3074 624 nobis
3095 568 3151 623 in
3178 566 3332 623 caelo
3352 566 3559 632 divisit,
3575 582 3773 625 verum

2165 660 2332 716 etiam
2374 660 2779 716 numerosiores
2824 674 2924 717 nos
2957 660 3027 715 ad
3072 659 3468 716 habitationem
3516 659 3779 719 caelestis

2165 752 2376 824 patriae
2399 753 2745 824 praeparavit
2772 752 2878 819 his,
2902 751 2995 821 qui
3031 767 3094 807 ea
3138 750 3277 822 lapsi
3314 761 3464 808 sunt.
3496 751 3576 810 De
3601 767 3775 824 gene-

2168 842 2266 897 rali
2316 842 2491 899 reditu
2528 843 2581 897 in
2636 841 2944 913 paradisum
2991 841 3265 913 praefataj
3297 840 3573 898 sulllciunt
3600 858 3768 915 para-

2168 933 2424 1003 digmata,
2460 940 2516 987 ut
2558 934 2769 1003 opinor.
2800 932 2946 990 Dlsc.
2994 931 3280 988 Sulliciunt
3331 931 3532 1003 plane;
3583 934 3770 989 omnia

2169 1025 2311 1081 enim
2331 1024 2518 1102 talium
2539 1023 2802 1095 symbola,
2825 1038 2965 1095 quae
2990 1025 3222 1094 sparsim
3240 1038 3427 1081 sacrae
3448 1022 3771 1095 Scripturae

2170 1117 2332 1174 insita
2364 1125 2508 1184 sunt,
2532 1118 2586 1173 iu
2612 1134 2778 1173 unum
2812 1119 3067 1191 colligere
3103 1127 3160 1175 et
3187 1119 3406 1191 longum
3435 1129 3542 1186 est,
3565 1129 3622 1175 et
3650 1120 3768 1176 for-

2170 1210 2331 1267 tassis
2359 1210 2720 1267 fastidiosum.
2749 1210 2955 1267 Vellem
2983 1220 3163 1267 tamen
3189 1212 3350 1277 scire,
3382 1211 3514 1283 quid
3534 1212 3773 1270 senioris

2171 1302 2268 1357 ﬁlii
2321 1302 2523 1358 invidia
2579 1303 2839 1360 adversus
2886 1302 3375 1359 adolescentiorem
3435 1304 3505 1359 ad
3553 1311 3773 1374 patrem

2172 1408 2332 1447 suum
2363 1402 2745 1461 revertentem,
2786 1393 3064 1465 vituloque
3113 1395 3363 1465 saginata
3413 1394 3595 1450 occiso
3630 1410 3771 1466 epu-

2173 1482 2375 1538 lantem
2398 1483 2656 1541 insinuat.
2681 1483 2904 1539 Multum
2939 1485 3207 1554 siquidem
3243 1499 3332 1541 me
3357 1492 3559 1551 movet,
3588 1486 3635 1542 si
3660 1486 3774 1542 duo

2173 1574 2247 1630 illi
2279 1574 2475 1631 fratres
2515 1577 2807 1632 humanam
2835 1577 3246 1649 angelicamque
3283 1584 3535 1632 naturam
3564 1577 3773 1648 signiﬁ-

2175 1676 2322 1734 cant,
2356 1668 2533 1740 qualis
2581 1669 2782 1725 invidia
2813 1670 3080 1725 bonorum
3124 1667 3445 1739 angelorum
3486 1668 3554 1723 de
3592 1668 3773 1724 salute

475 1758 597 1825 sola,
625 1740 915 1817 conclusio
954 1740 1293 1819 sanctissimi
1341 1762 1586 1833 magistri
1612 1759 1887 1817 suil‘ecerit
1914 1758 2071 1815 nobis
2096 1740 2146 1801 Β
2173 1759 2395 1815 humani
2452 1760 2667 1830 generis
2708 1758 3053 1831 intelligitur,
3106 1759 3280 1829 deque
3330 1757 3451 1829 ejus
3495 1756 3667 1814 reditu
3697 1758 3773 1813 ad

478 1851 549 1906 ad
577 1850 1010 1924 intelligendum,
1057 1855 1361 1911 uberiorem
1392 1868 1678 1909 numerum
1726 1851 1948 1907 humani
1978 1865 2070 1923 ge-

477 1944 628 1998 neris
657 1944 711 1999 in
740 1953 986 2002 sanctam
1017 1944 1294 2001 civitatem
1318 1945 1605 2005 caelestem
1628 1958 1977 1999 reversurum
2003 1957 2095 2013 eo

478 2048 732 2098 numero,
763 2034 859 2102 qui
881 2048 948 2088 ex
990 2050 1051 2090 ea
1088 2035 1271 2106 lapsus
1314 2044 1417 2092 est.
1445 2035 1514 2090 Et
1540 2034 1593 2090 id
1634 2036 1806 2104 ipsum
1835 2035 2073 2090 arbitror

475 2122 648 2179 David
674 2126 994 2196 prophetam
1042 2126 1241 2183 dixisse
1270 2114 1658 2193 :AAnnuntiavi,
1687 2128 1882 2197 inquit,
1913 2138 1959 2181 et
1990 2126 2069 2181 lo-

477 2224 631 2271 cutus
671 2233 808 2283 sum,
840 2218 1180 2288 multiplicati
1210 2229 1331 2275 sunt
1374 2236 1531 2291 super
1550 2236 1846 2275 numerum.
1881 2221 1958 2276 De
1986 2220 2072 2277 his

478 2306 625 2360 enim
656 2306 807 2372 dixit,
837 2308 928 2377 qui
956 2322 1055 2378 per
1082 2308 1408 2381 sacriﬁcium
1438 2310 1685 2380 corporis
1711 2309 1922 2365 Domini
1947 2326 2095 2380 pure

479 2398 589 2467 gati
633 2406 687 2453 et
713 2400 975 2469 redempti
1012 2408 1158 2465 sunt,
1199 2401 1292 2472 qui
1346 2402 1684 2472 multiplicati
1735 2411 1862 2457 sunt
1907 2419 2073 2473 super

477 2501 767 2543 numerum
810 2489 1136 2560 angelicum,
1183 2505 1282 2560 per
1305 2491 1614 2560 superbiam
1660 2492 1819 2547 unius
1850 2492 2099 2564 refugae,

480 2584 548 2638 de
599 2580 944 2638 beatitudinis
998 2583 1168 2655 gloria
1212 2593 1478 2640 ruentem.
1532 2583 1686 2652 Quod
1732 2586 2097 2657 apertissime,

478 2689 717 2744 sequens
764 2690 955 2730 versus
1008 2675 1290 2732 insinuat:
1350 2675 1706 2746 Sacriﬁcium,
1766 2677 1963 2747 inquit,
2022 2688 2071 2733 et

481 2766 798 2822 oblationem
828 2767 1044 2823 noluisti
1060 2784 1080 2834 ,'
1104 2783 1293 2837 corpus
1325 2777 1502 2823 autem
1523 2768 1787 2838 perfecisti
1818 2769 1951 2822 mihi
1978 2770 2099 2824 Ito-.

476 2859 795 2915 locaustum.
824 2859 906 2916 Ac
933 2861 979 2916 si
1009 2860 1215 2916 diceret
1242 2874 1260 2917 :
1308 2860 1637 2917 sacrificium
1673 2860 1807 2932 legis
1834 2869 1889 2916 et
1914 2860 2069 2919 obla-
2094 2900 2099 2905 .

476 2952 681 3007 tionem
706 2968 806 3023 pro
829 2953 1149 3024 purgatione
1172 2960 1228 3008 et
1275 2953 1644 3023 redemptione
1671 2953 1878 3024 peccati
1911 2967 2074 3022 gene-

473 3041 555 3097 ris
603 3043 829 3098 humani
898 3042 1031 3099 dare
1095 3044 1339 3111 noluisti,
1393 3058 1592 3114 corpus
1640 3053 1818 3101 autem
1870 3043 2071 3100 Christi

2173 1852 2389 1908 Patrem
2420 1868 2597 1920 suum,
2630 1854 2782 1923 cujus
2811 1853 3191 1918 substantiam,
3244 1852 3350 1909 hoc
3371 1860 3474 1919 est,
3516 1851 3771 1923 imaginis

2173 1942 2402 2014 gratiam
2454 1943 2508 1998 in
2558 1943 2684 1999 villa
2720 1942 2973 2009 mortalis,
3012 1941 3172 2012 hujus
3197 1942 3345 1997 vitae
3376 1942 3621 2005 serviens
3647 1942 3769 1996 dia-

2173 2035 2297 2093 bolo
2323 2036 2601 2106 dissipavit
2626 2048 2673 2089 ι.
2705 2035 2960 2108 Legimus
2990 2036 3156 2102 enim,
3194 2043 3414 2092 sanctos
3450 2035 3668 2108 angelos
3696 2035 3774 2092 de

2175 2127 2397 2184 interitu
2446 2128 2680 2183 hominis
2727 2128 3040 2195 condolere,
3075 2127 3125 2183 ei
3177 2136 3362 2183 autem
3398 2126 3631 2183 invidere
3661 2141 3770 2183 ne-

2174 2233 2485 2289 quaquam;
2539 2218 2793 2276 concives
2838 2220 2983 2276 enim
3030 2228 3160 2275 sunt
3205 2220 3448 2275 caelestis
3495 2218 3757 2285 civitatis,

2173 2318 2541 2379 paternaequc
2565 2311 2903 2367 substantiae
2928 2319 2983 2365 et
3030 2310 3384 2366 haereditatis
3403 2322 3763 2380 possessores.

2174 2402 2253 2460 De
2327 2413 2542 2473 reperta
2620 2406 2819 2475 quippe
2879 2416 3001 2469 ove,
3077 2403 3241 2474 inque
3295 2403 3532 2459 humeris
3582 2408 3769 2471 pasto-

2176 2496 2251 2552 ris
2319 2495 2404 2552 sui
2475 2496 2699 2553 reducta
2731 2537 2747 2563 ,
2823 2495 3099 2568 angelicas
3137 2494 3364 2551 virtutes
3422 2491 3767 2563 congratula’

2174 2591 2221 2646 ri
2280 2589 2539 2647 Dominus
2581 2592 2697 2660 ipse
2752 2598 3019 2656 testatur,
3068 2602 3168 2661 per
3208 2603 3378 2644 unum
3426 2594 3768 2657 peccatorem

2176 2683 2467 2737 humanum
2529 2697 2700 2753 genus
2746 2682 2769 2713 ⁸
2830 2683 3133 2740 insinuans.
3192 2681 3262 2737 Et
3305 2680 3353 2735 si
3396 2679 3580 2736 senior
3628 2677 3766 2734 ﬁlius

2174 2775 2609 2835 universitatem,
2660 2774 2922 2829 bonorum
3008 2772 3322 2845 angelorum
3399 2768 3716 2842 symbolizat
3743 2804 3767 2835 ,

2175 2864 2447 2934 quomodo
2495 2862 2566 2919 de
2602 2877 2732 2933 agro
2780 2862 2977 2934 legitur
3012 2862 3247 2924 venisse.
3291 2860 3634 2929 haedumque
3672 2872 3765 2927 po-

2174 2957 2382 3012 stulans
2407 2957 2550 3026 patri
2578 2956 2991 3020 suscensuisse,
3037 2962 3330 3023 ceteraque
3367 2949 3646 3023 angelicae
3671 2964 3763 3004 ca-

2176 3048 2327 3103 ritati
2359 3046 2758 3119 repugnantia?
2786 3045 2927 3102 ΜΑσ.
2978 3044 3187 3103 Nodum
3233 3042 3394 3114 hujus
3432 3040 3767 3111 quaestionis

473 3132 751 3205 perfeciin
783 3134 1074 3211 mihi,_boc
1119 3145 1223 3201 est,
1268 3150 1366 3206 pro
1413 3152 1500 3192 me
1537 3136 1911 3193 holocaustum
1951 3136 2073 3200 iane

2178 3142 2246 3196 ad
2276 3140 2592 3197 solvendum
2622 3140 2890 3196 dilllcilem
2938 3154 3047 3195 uno
3093 3138 3255 3195 modo
3283 3137 3521 3193 arbitror
3545 3133 3766 3192 enodari

474 3227 747 3298 passionis
784 3229 839 3283 in
867 3227 1040 3285 altare
1083 3229 1290 3293 crucis;
1331 3244 1397 3283 ac
1433 3244 1531 3298 per
1559 3229 1662 3285 hoc
1711 3243 1809 3299 pro
1847 3236 2072 3299 peccato

477 3330 669 3377 nostro
719 3320 854 3376 nihil
902 3320 1047 3377 aliud
1107 3320 1412 3392 postulasti.
1469 3320 1887 3391 Superabundat
1925 3321 2071 3375 enim

478 3414 653 3483 gratia
679 3413 934 3469 delictum
962 3431 977 3480 ;
1010 3414 1513 3483 incomparabiliter
1546 3415 1744 3483 quippe
1772 3414 1892 3482 plus
1914 3412 2074 3470 nobis

478 3504 709 3559 contulit
744 3503 949 3559 Christi
969 3505 1155 3574 passio
1178 3505 1247 3559 ad
1271 3505 1460 3570 vitam,
1499 3518 1663 3571 quam
1692 3504 1862 3559 Adam
1888 3511 2071 3565 trans-

476 3595 688 3667 gressio
714 3595 783 3651 ad
809 3605 1062 3651 mortem.
1095 3594 1222 3650 Sive
1249 3597 1435 3667 itaque
1461 3596 1705 3667 aequalis
1726 3597 1797 3652 sit
1815 3611 2073 3653 numerus
2098 3646 2103 3653 .

474 3686 973 3757 praevaricantium
1015 3688 1300 3743 hominum
1329 3695 1386 3744 et
1427 3688 1767 3759 angelorum,
1799 3688 1914 3743 sive
1944 3689 2070 3744 nhe-

475 3775 593 3830 rior
615 3783 672 3831 et
700 3775 1067 3846 multiplieior,
1112 3778 1187 3833 nil
1216 3778 1395 3836 obstat
1427 3780 1676 3845 credere,
1709 3787 1880 3835 totum
1905 3792 2097 3851 genus.

474 3869 775 3923 humanum
802 3876 859 3924 et
886 3867 942 3923 in
967 3868 1189 3926 Christo
1221 3871 1587 3943 redemptum,
1622 3879 1680 3925 et
1699 3870 1754 3926 in
1785 3870 2101 3937 caelestem,

475 3959 777 4016 Jerusalem
838 3976 1206 4019 reversurum.
1252 3962 1311 4020 Si
1356 3965 1502 4021 enim
1555 3964 1797 4036 aequalis
1839 3964 1911 4021 sit
1941 3962 1983 4031 ‘,
2016 3973 2078 4020 ut

476 4051 684 4119 mullis,
727 4053 819 4123 qui
846 4054 912 4110 de
952 4054 1150 4112 talibus
1188 4065 1444 4122 tractant,
1477 4056 1711 4125 videtur,
1742 4058 1810 4113 ad
1858 4057 2073 4115 laudem

477 4144 837 4215 redemptoris
885 4147 1056 4204 nostri
1104 4149 1125 4182 '
1166 4148 1472 4215 suffecerit,
1522 4151 1676 4220 cujus
1734 4153 2075 4221 providentia

476 4242 689 4291 tantum
713 4238 986 4295 humanae
1009 4242 1417 4299 numerositatis
1440 4243 1866 4314 praeordiuavit,
1898 4261 2072 4315 quan-

475 4332 592 4380 tum
623 4337 810 4397 posset
856 4332 1043 4388 mundi
1090 4331 1250 4403 hujus
1292 4332 1528 4405 Principi
1582 4335 1866 4403 insultare,
1906 4353 1937 4391 a
1966 4353 2076 4407 quo

2173 3248 2362 3304 posse,
2391 3232 2493 3303 qui.
2513 3231 2892 3301 parabolarum
2926 3231 3186 3289 transitus
3222 3229 3407 3285 vocari
3434 3235 3635 3300 potest.
3666 3225 3768 3281 Pa-

2177 3324 2486 3381 rabolarum
2515 3324 2782 3393 siquidem
2812 3325 2951 3380 duae
2978 3323 3189 3394 Species
3209 3330 3358 3379 sunt.
3388 3321 3631 3389 Quarum
3657 3331 3764 3372 una

2176 3425 2260 3472 cst
2276 3457 2291 3481 ,
2320 3432 2461 3485 quae
2485 3416 2807 3471 continuum
2832 3415 3078 3487 vigorem
3109 3413 3547 3482 uniformemque
3572 3412 3638 3466 de
3658 3423 3767 3465 una

2176 3507 2473 3576 eademque
2503 3521 2561 3561 re
2590 3506 2794 3576 absque
2839 3506 2946 3561 ullo
2987 3505 3220 3561 transitu
3247 3505 3303 3560 in
3345 3504 3508 3559 aliam
3538 3502 3767 3573 ﬁguram

2177 3602 2424 3668 obtinet,
2456 3602 2623 3658 altera
2642 3641 2657 3669 ,
2687 3616 2826 3672 quae
2856 3601 3147 3658 transitum
3177 3601 3232 3656 in
3269 3600 3517 3655 diversas
3546 3594 3762 3653 confor-

2177 3702 2289 3749 mat
2317 3693 2553 3763 figuras,
2583 3707 2689 3762 qua
2721 3692 2903 3762 specie
2930 3691 3130 3747 multos
3155 3698 3469 3748 sanctorum
3507 3687 3759 3753 Patrum,

2176 3789 2525 3859 maximeque
2577 3788 2795 3845 beatum
2847 3789 3194 3845 Ambrosium
3250 3789 3398 3844 hanc
3450 3784 3766 3859 parabolam

2177 3882 2500 3951 exposuisse
2550 3882 2936 3953 comperimus.
3002 3881 3186 3937 Prima
3240 3882 3425 3951 itaque
3473 3878 3767 3951 parabolae

2176 3991 2338 4046 pars,
2390 3990 2531 4046 quae
2582 3976 2637 4031 in
2683 3976 2949 4032 divisione
2994 3984 3257 4047 paternae
3297 3973 3669 4038 substantiae,
3711 3978 3770 4027 et

2178 4069 2412 4126 senioris
2452 4070 2547 4124 filii
2578 4085 2700 4125 cum
2728 4077 2883 4138 patre
2908 4070 3341 4141 perseverantia,
3375 4065 3767 4124 adolescentio-

2178 4161 2363 4232 risque
2410 4161 2847 4231 peregrinatione
2877 4200 2892 4227 ,
2943 4160 3117 4231 partis
3164 4174 3381 4230 quoque
3428 4156 3767 4214 substantiae

2177 4268 2340 4319 suae,
2373 4267 2536 4322 quam
2568 4268 2597 4305 a
2628 4260 2781 4323 patre
2826 4259 3176 4323 susceperat,
3206 4250 3587 4322 dissipatione,
3620 4253 3768 4304 cete-

2178 4345 2363 4416 risque
2390 4343 2748 4399 incommodis
2767 4382 2781 4410 ,
2810 4357 2950 4411 quae
2975 4358 3162 4398 casum
3190 4339 3551 4397 humanitatis
3579 4344 3768 4395 secuta

408 4447 414 4455 -
480 4433 587 4474 non
616 4421 789 4477 solum
835 4432 1004 4479 totum
1052 4440 1274 4494 regnum
1319 4436 1541 4482 nostrae
1578 4436 1804 4484 naturae
1830 4429 2076 4505 abstulit,
2105 4470 2160 4530 Β
2186 4447 2343 4505 sunt,
2387 4437 2774 4507 complasmala
2815 4443 2933 4502 est,
2961 4434 3229 4505 duplicem
3271 4434 3646 4490 incunctanter
3671 4446 3770 4487 tta-

483 4528 675 4569 verum
701 4514 864 4568 etiam
899 4514 1015 4583 ejus
1046 4515 1457 4583 haereditatem,
1489 4532 1557 4573 ex
1586 4534 1690 4589 qua
1738 4518 1951 4576 inﬂatus
1975 4536 2069 4576 su-

482 4603 671 4674 perbia
699 4604 939 4673 dejectus
981 4602 1001 4632 °
1031 4616 1134 4667 est,
1168 4605 1323 4660 nobis
1365 4606 1420 4661 in
1473 4618 1746 4663 aeternam
1775 4612 2072 4680 possessio-

477 4709 605 4750 nem
629 4693 927 4759 distribuit,
964 4702 1022 4748 ut
1050 4694 1279 4763 duplicis
1326 4697 1581 4754 tristitiae
1631 4715 1803 4769 poena
1852 4709 2071 4771 torque-

477 4792 650 4851 retur,
700 4800 804 4840 una
853 4785 1091 4855 quidem,
1140 4801 1246 4856 qua
1298 4791 1447 4859 regni
1504 4792 1607 4855 sui,
1656 4792 1798 4861 quod
1834 4793 2068 4861 primum

479 4876 756 4933 hominem
801 4877 1107 4932 seducendo
1156 4878 1381 4948 adeptus
1427 4886 1532 4945 est,
1571 4878 1718 4948 juste
1778 4882 2071 4943 amissione

479 4966 777 5022 secundum
822 4967 1095 5023 hominem
1133 4968 1429 5026 occidendo
1469 4969 1696 5053 injuste;
1730 4972 1924 5041 altera,
1958 4992 2069 5047 qua

478 5059 715 5116 inimicis
751 5062 864 5118 suis
907 5062 1196 5120 caelestem
1235 5080 1391 5120 suam
1444 5066 1856 5134 haereditatem,
1904 5084 2070 5139 quam

480 5149 813 5221 deseruerat,
863 5156 1261 5227 possidentibus
1307 5157 1594 5216 invidendo
1630 5160 1924 5217 cruciatur.
1970 5160 2068 5218 Sin

2185 4541 2361 4586 turam
2381 4569 2394 4593 ,
2426 4527 2848 4583 intellectualem
2874 4527 2994 4583 dico
3020 4526 3077 4581 in
3102 4525 3308 4594 angelis
3350 4533 3405 4579 et
3446 4520 3766 4579 rationalem

2177 4623 2233 4678 in
2262 4620 2578 4677 hominibus
2596 4659 2611 4685 ,
2642 4619 2960 4690 speciiicat;
2990 4620 3045 4674 in
3075 4618 3389 4675 reversione
3412 4625 3596 4679 autem
3633 4629 3764 4687 pro-

2177 4711 2288 4783 digi
2314 4709 2410 4765 ﬁlii
2436 4708 2693 4780 parabola
2727 4709 2951 4765 inchoat
2980 4709 3268 4766 transitum
3295 4707 3496 4765 facere.
3528 4706 3645 4777 Ipsa
3683 4704 3765 4760 si-

2177 4802 2396 4873 quidem
2425 4801 2665 4856 reversio
2689 4799 2976 4857 bilormem
3003 4799 3398 4872 interpretandi
3428 4796 3618 4866 recipit
3638 4807 3761 4850 mo—

2176 4895 2303 4950 dum
2336 4907 2351 4946 :
2399 4891 2720 4964 intelligitur
2762 4891 2909 4948 enim
2936 4892 3264 4963 generaliter
3292 4892 3358 4947 de
3384 4888 3554 4945 reditu
3588 4884 3765 4941 totius

2175 4983 2402 5040 humani
2430 4986 2646 5055 generis
2679 4993 2903 5056 propter
2939 4984 3093 5040 vituli
3128 4982 3357 5055 saginati
3391 4978 3765 5044 occisionem,

2176 5077 2381 5147 Christi
2408 5077 2659 5134 videlicet
2683 5094 2782 5150 pro
2809 5078 2984 5133 salute
3006 5077 3177 5134 totius
3201 5076 3389 5133 mundi
3411 5072 3762 5147 passionem;

2176 5177 2233 5225 et
2261 5167 2593 5239 specialiter,
2620 5169 2713 5227 ubi
2754 5169 3016 5227 transitus
3047 5169 3397 5241 parabolicae
3438 5165 3646 5238 ﬁgurae
3686 5161 3770 5218 in-

1768 5297 2027 5355 VARIAE
2064 5300 2470 5359 LECTIONES.

551 5406 571 5437 ⁸
606 5406 883 5482 scientiam
930 5421 1060 5482 om._
1093 5410 1177 5482 A._
1235 5413 1255 5443 ⁸
1308 5409 1393 5465 CF
1447 5420 1772 5482 peccatorem
1814 5425 1952 5467 esse.
2029 5412 2051 5445 ⁸
2092 5411 2185 5469 Sic
2237 5415 2363 5482 CF;
2414 5415 2459 5471 Α

2540 5417 2807 5472 raesciret.
2882 5417 2908 5450 ⁸
2934 5418 3002 5474 sit
3055 5432 3166 5475 om.
3236 5417 3344 5474 CF.
3420 5417 3443 5449 ⁸
3482 5413 3576 5472 Sic
3637 5410 3729 5473 Cl"
3744 5431 3768 5483 ,'

476 5473 526 5531 Δ
566 5475 669 5531 sui.
749 5476 769 5508 ⁸
799 5476 891 5534 Stc
915 5479 994 5534 A:
1021 5478 1063 5533 C
1086 5480 1323 5551 adjectus
1346 5473 1467 5548 est';
1505 5481 1545 5536 F
1578 5482 1813 5552 abjectus
1861 5490 1965 5538 est.
2044 5484 2066 5516 τ
2094 5483 2186 5540 Sic
2237 5485 2321 5542 CF
2347 5473 2361 5517 ί
2404 5486 2448 5542 Α
2476 5473 2797 5545 deberemus.
2874 5489 2898 5523 ⁸
2928 5473 2975 5545 Α
2996 5473 3159 5561 genus
3189 5473 3501 5546 humanam.

1998 5592 2251 5653 NOTAE.

541 5694 571 5726 ι
603 5683 841 5747 Verbis:
887 5692 942 5747 in
999 5691 1125 5745 villa
1163 5659 1406 5746 mortalis
1453 5690 1613 5761 hujus
1659 5691 1797 5749 vitae
1842 5692 2067 5751 serviens
2104 5693 2312 5750 diabolo
2350 5695 2621 5767 dissipavit
2645 5695 2827 5753 ﬁnitur
2849 5695 2969 5753 cod.
3000 5694 3062 5752 C.
