  <div class='ocr_page' id='page_1' title='image "/cluster/home/n/w/nwhite01/storage/ocr_20150623/122/pst.000018028355/542.png"; bbox 0 0 4168 6284; ppageno 0'>
   <div class='ocr_carea' id='block_1_1' title="bbox 348 288 3653 380">
    <p class='ocr_par' dir='ltr' id='par_1_1' title="bbox 348 288 3653 380">
     <span class='ocr_line' id='line_1_1' title="bbox 348 288 3653 380; baseline 0.005 -19"><span class='ocrx_word' id='word_1_1' title='bbox 348 305 492 364; x_wconf 72' lang='lat' dir='ltr'><strong>mea</strong></span> <span class='ocrx_word' id='word_1_2' title='bbox 1176 304 1267 362; x_wconf 88' lang='lat' dir='ltr'><strong>DE</strong></span> <span class='ocrx_word' id='word_1_3' title='bbox 1300 305 1643 366; x_wconf 76' lang='lat' dir='ltr'><strong>mvrsrons</strong></span> <span class='ocrx_word' id='word_1_4' title='bbox 1680 307 2038 368; x_wconf 78' lang='lat' dir='ltr'><strong>NATURAE.</strong></span> <span class='ocrx_word' id='word_1_5' title='bbox 2078 306 2148 354; x_wconf 80' lang='lat'><strong>—&#39;—</strong></span> <span class='ocrx_word' id='word_1_6' title='bbox 2182 309 2383 367; x_wconf 74' lang='lat' dir='ltr'><strong>uana</strong></span> <span class='ocrx_word' id='word_1_7' title='bbox 2424 312 2749 380; x_wconf 73' lang='lat' dir='ltr'><strong>QUINTUS.</strong></span> <span class='ocrx_word' id='word_1_8' title='bbox 3246 370 3255 376; x_wconf 80' lang='grc'><strong><em>,</em></strong></span> <span class='ocrx_word' id='word_1_9' title='bbox 3499 288 3653 376; x_wconf 72' lang='lat' dir='ltr'><strong>uno</strong></span> 
     </span>
    </p>
   </div>
   <div class='ocr_carea' id='block_1_2' title="bbox 346 422 3637 504">
    <p class='ocr_par' dir='ltr' id='par_1_2' title="bbox 346 422 3637 504">
     <span class='ocr_line' id='line_1_2' title="bbox 346 422 3637 504; baseline 0.003 -24"><span class='ocrx_word' id='word_1_10' title='bbox 346 426 510 496; x_wconf 80' lang='lat' dir='ltr'><strong>cipit,</strong></span> <span class='ocrx_word' id='word_1_11' title='bbox 551 424 621 481; x_wconf 86' lang='lat' dir='ltr'><strong>de</strong></span> <span class='ocrx_word' id='word_1_12' title='bbox 660 424 841 481; x_wconf 85' lang='lat' dir='ltr'><strong>reditu</strong></span> <span class='ocrx_word' id='word_1_13' title='bbox 865 422 1085 497; x_wconf 76' lang='lat' dir='ltr'><strong>gentilis</strong></span> <span class='ocrx_word' id='word_1_14' title='bbox 1124 424 1339 495; x_wconf 86' lang='lat' dir='ltr'><strong>populi,</strong></span> <span class='ocrx_word' id='word_1_15' title='bbox 1372 426 1528 496; x_wconf 87' lang='lat' dir='ltr'><strong>quasi</strong></span> <span class='ocrx_word' id='word_1_16' title='bbox 1549 427 1783 497; x_wconf 90' lang='lat' dir='ltr'><strong>junioris</strong></span> <span class='ocrx_word' id='word_1_17' title='bbox 1823 427 1943 496; x_wconf 94' lang='lat' dir='ltr'><strong>ﬁlii,</strong></span> <span class='ocrx_word' id='word_1_18' title='bbox 1971 433 2025 504; x_wconf 74' lang='grc' dir='ltr'>Α</span> <span class='ocrx_word' id='word_1_19' title='bbox 2050 427 2500 499; x_wconf 87' lang='lat' dir='ltr'><strong>philosophorum</strong></span> <span class='ocrx_word' id='word_1_20' title='bbox 2552 431 2775 487; x_wconf 86' lang='lat' dir='ltr'><strong>semitas</strong></span> <span class='ocrx_word' id='word_1_21' title='bbox 2823 429 3101 502; x_wconf 81' lang='lat' dir='ltr'><strong>carpentis</strong></span> <span class='ocrx_word' id='word_1_22' title='bbox 3152 429 3223 498; x_wconf 71' lang='grc' dir='ltr'><strong>ι’,</strong></span> <span class='ocrx_word' id='word_1_23' title='bbox 3253 431 3520 502; x_wconf 88' lang='lat' dir='ltr'><strong>exposita,</strong></span> <span class='ocrx_word' id='word_1_24' title='bbox 3571 434 3637 489; x_wconf 87' lang='lat' dir='ltr'><strong>de</strong></span> 
     </span>
    </p>
   </div>
   <div class='ocr_carea' id='block_1_3' title="bbox 348 515 3647 592">
    <p class='ocr_par' dir='ltr' id='par_1_3' title="bbox 348 515 3647 592">
     <span class='ocr_line' id='line_1_3' title="bbox 348 515 3647 592; baseline 0.002 -20"><span class='ocrx_word' id='word_1_25' title='bbox 348 532 449 588; x_wconf 86' lang='lat' dir='ltr'><strong>per</strong></span> <span class='ocrx_word' id='word_1_26' title='bbox 479 517 644 572; x_wconf 85' lang='lat' dir='ltr'><strong>ﬁdem</strong></span> <span class='ocrx_word' id='word_1_27' title='bbox 673 516 876 573; x_wconf 78' lang='lat' dir='ltr'><strong>Christi</strong></span> <span class='ocrx_word' id='word_1_28' title='bbox 906 516 975 571; x_wconf 90' lang='lat' dir='ltr'><strong>ad</strong></span> <span class='ocrx_word' id='word_1_29' title='bbox 1004 515 1221 572; x_wconf 84' lang='lat' dir='ltr'><strong>Patrem</strong></span> <span class='ocrx_word' id='word_1_30' title='bbox 1262 518 1582 584; x_wconf 83' lang='lat' dir='ltr'><strong>caelestem,</strong></span> <span class='ocrx_word' id='word_1_31' title='bbox 1610 518 1764 589; x_wconf 88' lang='lat' dir='ltr'><strong>cujus</strong></span> <span class='ocrx_word' id='word_1_32' title='bbox 1808 521 1942 575; x_wconf 86' lang='lat' dir='ltr'><strong>ima-</strong></span> <span class='ocrx_word' id='word_1_33' title='bbox 2045 519 2307 589; x_wconf 87' lang='lat' dir='ltr'><strong>symbolis</strong></span> <span class='ocrx_word' id='word_1_34' title='bbox 2337 519 2586 590; x_wconf 82' lang='lat' dir='ltr'><strong>specialis</strong></span> <span class='ocrx_word' id='word_1_35' title='bbox 2617 520 2889 577; x_wconf 84' lang='lat' dir='ltr'><strong>humanae</strong></span> <span class='ocrx_word' id='word_1_36' title='bbox 2915 529 3143 578; x_wconf 89' lang='lat' dir='ltr'><strong>naturae</strong></span> <span class='ocrx_word' id='word_1_37' title='bbox 3172 522 3375 579; x_wconf 89' lang='lat' dir='ltr'><strong>reditus</strong></span> <span class='ocrx_word' id='word_1_38' title='bbox 3400 520 3647 592; x_wconf 41' lang='lat' dir='ltr'><strong>breviter,</strong></span> 
     </span>
    </p>
   </div>
   <div class='ocr_carea' id='block_1_4' title="bbox 349 602 3645 697">
    <p class='ocr_par' dir='ltr' id='par_1_4' title="bbox 349 602 3645 697">
     <span class='ocr_line' id='line_1_4' title="bbox 349 602 3645 697; baseline 0.003 -36"><span class='ocrx_word' id='word_1_39' title='bbox 349 607 529 678; x_wconf 91' lang='lat' dir='ltr'><strong>ginem</strong></span> <span class='ocrx_word' id='word_1_40' title='bbox 556 606 897 686; x_wconf 78' lang='lat' dir='ltr'><strong>idololatriae</strong></span> <span class='ocrx_word' id='word_1_41' title='bbox 935 607 1190 663; x_wconf 85' lang='lat' dir='ltr'><strong>sordibus</strong></span> <span class='ocrx_word' id='word_1_42' title='bbox 1232 608 1705 680; x_wconf 86' lang='lat' dir='ltr'><strong>monstruosisque</strong></span> <span class='ocrx_word' id='word_1_43' title='bbox 1748 602 1974 682; x_wconf 54' lang='lat' dir='ltr'><strong>imagi-&#39;</strong></span> <span class='ocrx_word' id='word_1_44' title='bbox 2045 608 2412 669; x_wconf 87' lang='lat' dir='ltr'><strong>tractandum.</strong></span> <span class='ocrx_word' id='word_1_45' title='bbox 2446 613 2592 669; x_wconf 87' lang='lat' dir='ltr'><strong>Dtsc.</strong></span> <span class='ocrx_word' id='word_1_46' title='bbox 2627 612 2861 685; x_wconf 87' lang='lat' dir='ltr'><strong>Tempus</strong></span> <span class='ocrx_word' id='word_1_47' title='bbox 2891 613 3057 685; x_wconf 81' lang='lat' dir='ltr'><strong>exigit</strong></span> <span class='ocrx_word' id='word_1_48' title='bbox 3098 615 3170 671; x_wconf 91' lang='lat' dir='ltr'><strong>ita</strong></span> <span class='ocrx_word' id='word_1_49' title='bbox 3202 614 3353 682; x_wconf 88' lang='lat' dir='ltr'><strong>ﬁeri,</strong></span> <span class='ocrx_word' id='word_1_50' title='bbox 3384 612 3645 697; x_wconf 41' lang='lat' dir='ltr'><strong>nostraeﬁ</strong></span> 
     </span>
    </p>
   </div>
   <div class='ocr_carea' id='block_1_5' title="bbox 346 700 3644 779">
    <p class='ocr_par' dir='ltr' id='par_1_5' title="bbox 346 700 3644 779">
     <span class='ocr_line' id='line_1_5' title="bbox 346 700 3644 779; baseline 0.002 -22"><span class='ocrx_word' id='word_1_51' title='bbox 346 702 657 759; x_wconf 83' lang='lat' dir='ltr'><strong>nationibus</strong></span> <span class='ocrx_word' id='word_1_52' title='bbox 683 702 1095 767; x_wconf 79' lang='lat' dir='ltr'><strong>contaminavit,</strong></span> <span class='ocrx_word' id='word_1_53' title='bbox 1147 711 1372 774; x_wconf 84' lang='lat' dir='ltr'><strong>propter</strong></span> <span class='ocrx_word' id='word_1_54' title='bbox 1420 703 1679 759; x_wconf 88' lang='lat' dir='ltr'><strong>invidiam</strong></span> <span class='ocrx_word' id='word_1_55' title='bbox 1731 701 1942 762; x_wconf 89' lang='lat' dir='ltr'><strong>Judaici</strong></span> <span class='ocrx_word' id='word_1_56' title='bbox 2045 719 2151 775; x_wconf 92' lang='lat' dir='ltr'><strong>que</strong></span> <span class='ocrx_word' id='word_1_57' title='bbox 2181 705 2565 777; x_wconf 88' lang='lat' dir='ltr'><strong>disputationis</strong></span> <span class='ocrx_word' id='word_1_58' title='bbox 2590 721 2788 764; x_wconf 90' lang='lat' dir='ltr'><strong>cursus</strong></span> <span class='ocrx_word' id='word_1_59' title='bbox 2812 706 3130 777; x_wconf 87' lang='lat' dir='ltr'><strong>jamdudum</strong></span> <span class='ocrx_word' id='word_1_60' title='bbox 3163 708 3323 765; x_wconf 89' lang='lat' dir='ltr'><strong>ﬁnem</strong></span> <span class='ocrx_word' id='word_1_61' title='bbox 3361 700 3644 779; x_wconf 58' lang='lat' dir='ltr'><strong>expectat.’</strong></span> 
     </span>
    </p>
   </div>
   <div class='ocr_carea' id='block_1_6' title="bbox 345 789 3639 873">
    <p class='ocr_par' dir='ltr' id='par_1_6' title="bbox 345 789 3639 873">
     <span class='ocr_line' id='line_1_6' title="bbox 345 789 3639 873; baseline 0.002 -25"><span class='ocrx_word' id='word_1_62' title='bbox 345 792 566 865; x_wconf 92' lang='lat' dir='ltr'><strong>populi,</strong></span> <span class='ocrx_word' id='word_1_63' title='bbox 593 792 1022 848; x_wconf 87' lang='lat' dir='ltr'><strong>veluti&#39;senioris</strong></span> <span class='ocrx_word' id='word_1_64' title='bbox 1051 791 1185 859; x_wconf 86' lang='lat' dir='ltr'><strong>ﬁlii,</strong></span> <span class='ocrx_word' id='word_1_65' title='bbox 1213 793 1281 848; x_wconf 91' lang='lat' dir='ltr'><strong>de</strong></span> <span class='ocrx_word' id='word_1_66' title='bbox 1311 793 1670 849; x_wconf 77' lang='lat' dir='ltr'><strong>conversione</strong></span> <span class='ocrx_word' id='word_1_67' title='bbox 1697 794 1940 865; x_wconf 91' lang='lat' dir='ltr'><strong>gentium</strong></span> <span class='ocrx_word' id='word_1_68' title='bbox 2044 796 2114 851; x_wconf 89' lang='lat' dir='ltr'><strong>Et</strong></span> <span class='ocrx_word' id='word_1_69' title='bbox 2133 796 2264 851; x_wconf 88' lang='lat' dir='ltr'><strong>mihi</strong></span> <span class='ocrx_word' id='word_1_70' title='bbox 2286 795 2437 852; x_wconf 81' lang='lat' dir='ltr'><strong>valde</strong></span> <span class='ocrx_word' id='word_1_71' title='bbox 2460 798 2662 853; x_wconf 84' lang='lat' dir='ltr'><strong>arridet</strong></span> <span class='ocrx_word' id='word_1_72' title='bbox 2688 798 2885 869; x_wconf 87' lang='lat' dir='ltr'><strong>duplex</strong></span> <span class='ocrx_word' id='word_1_73' title='bbox 2901 800 3005 855; x_wconf 89' lang='lat' dir='ltr'><strong>ista</strong></span> <span class='ocrx_word' id='word_1_74' title='bbox 3020 799 3467 873; x_wconf 87' lang='lat' dir='ltr'><strong>Evangelicarum</strong></span> <span class='ocrx_word' id='word_1_75' title='bbox 3479 789 3639 870; x_wconf 55' lang='lat' dir='ltr'><strong>para?</strong></span> 
     </span>
    </p>
   </div>
   <div class='ocr_carea' id='block_1_7' title="bbox 344 872 3633 967">
    <p class='ocr_par' dir='ltr' id='par_1_7' title="bbox 344 872 3633 967">
     <span class='ocr_line' id='line_1_7' title="bbox 344 872 3633 967; baseline 0.002 -27"><span class='ocrx_word' id='word_1_76' title='bbox 344 886 414 952; x_wconf 88' lang='lat' dir='ltr'><strong>ad</strong></span> <span class='ocrx_word' id='word_1_77' title='bbox 437 884 596 939; x_wconf 86' lang='lat' dir='ltr'><strong>ﬁdem</strong></span> <span class='ocrx_word' id='word_1_78' title='bbox 621 898 719 955; x_wconf 86' lang='lat' dir='ltr'><strong>per</strong></span> <span class='ocrx_word' id='word_1_79' title='bbox 738 883 1092 954; x_wconf 87' lang='lat' dir='ltr'><strong>apostolicam</strong></span> <span class='ocrx_word' id='word_1_80' title='bbox 1114 885 1597 955; x_wconf 83' lang='lat' dir='ltr'><strong>praedicationem.</strong></span> <span class='ocrx_word' id='word_1_81' title='bbox 1624 886 1726 954; x_wconf 81' lang='lat' dir='ltr'><strong>Qui</strong></span> <span class='ocrx_word' id='word_1_82' title='bbox 1753 872 1971 967; x_wconf 20' lang='lat' dir='ltr'><strong>videli-i</strong></span> <span class='ocrx_word' id='word_1_83' title='bbox 2042 876 2289 945; x_wconf 89' lang='lat' dir='ltr'><strong>bolarum</strong></span> <span class='ocrx_word' id='word_1_84' title='bbox 2315 890 2547 961; x_wconf 86' lang='lat' dir='ltr'><strong>species.</strong></span> <span class='ocrx_word' id='word_1_85' title='bbox 2579 890 2695 949; x_wconf 85' lang='lat' dir='ltr'><strong>Non</strong></span> <span class='ocrx_word' id='word_1_86' title='bbox 2717 893 2862 948; x_wconf 91' lang='lat' dir='ltr'><strong>enim</strong></span> <span class='ocrx_word' id='word_1_87' title='bbox 2893 872 3231 949; x_wconf 87' lang='lat' dir='ltr'><strong>solummodo</strong></span> <span class='ocrx_word' id='word_1_88' title='bbox 3254 893 3308 948; x_wconf 90' lang='lat' dir='ltr'><strong>in</strong></span> <span class='ocrx_word' id='word_1_89' title='bbox 3339 891 3633 964; x_wconf 86' lang='lat' dir='ltr'><strong>parabolis,</strong></span> 
     </span>
    </p>
   </div>
   <div class='ocr_carea' id='block_1_8' title="bbox 343 974 3634 1055">
    <p class='ocr_par' dir='ltr' id='par_1_8' title="bbox 343 974 3634 1055">
     <span class='ocr_line' id='line_1_8' title="bbox 343 974 3634 1055; baseline 0.002 -25"><span class='ocrx_word' id='word_1_90' title='bbox 343 982 428 1030; x_wconf 88' lang='lat' dir='ltr'><strong>cet</strong></span> <span class='ocrx_word' id='word_1_91' title='bbox 473 974 726 1045; x_wconf 91' lang='lat' dir='ltr'><strong>populus,</strong></span> <span class='ocrx_word' id='word_1_92' title='bbox 752 976 1006 1045; x_wconf 87' lang='lat' dir='ltr'><strong>quamvis</strong></span> <span class='ocrx_word' id='word_1_93' title='bbox 1052 975 1369 1046; x_wconf 84' lang='lat' dir='ltr'><strong>saepissime</strong></span> <span class='ocrx_word' id='word_1_94' title='bbox 1415 976 1561 1031; x_wconf 91' lang='lat' dir='ltr'><strong>cultu</strong></span> <span class='ocrx_word' id='word_1_95' title='bbox 1614 976 1939 1031; x_wconf 89' lang='lat' dir='ltr'><strong>daemonum</strong></span> <span class='ocrx_word' id='word_1_96' title='bbox 2043 993 2233 1034; x_wconf 89' lang='lat' dir='ltr'><strong>verum</strong></span> <span class='ocrx_word' id='word_1_97' title='bbox 2259 981 2424 1036; x_wconf 92' lang='lat' dir='ltr'><strong>etiam</strong></span> <span class='ocrx_word' id='word_1_98' title='bbox 2453 982 2505 1036; x_wconf 95' lang='lat' dir='ltr'><strong>in</strong></span> <span class='ocrx_word' id='word_1_99' title='bbox 2536 982 2723 1038; x_wconf 91' lang='lat' dir='ltr'><strong>multis</strong></span> <span class='ocrx_word' id='word_1_100' title='bbox 2747 983 2960 1040; x_wconf 88' lang='lat' dir='ltr'><strong>divinae</strong></span> <span class='ocrx_word' id='word_1_101' title='bbox 2986 982 3302 1055; x_wconf 87' lang='lat' dir='ltr'><strong>Scripturae</strong></span> <span class='ocrx_word' id='word_1_102' title='bbox 3327 983 3463 1040; x_wconf 91' lang='lat' dir='ltr'><strong>locis</strong></span> <span class='ocrx_word' id='word_1_103' title='bbox 3509 983 3634 1039; x_wconf 85' lang='lat' dir='ltr'><strong>talis</strong></span> 
     </span>
    </p>
   </div>
   <div class='ocr_carea' id='block_1_9' title="bbox 343 1056 3637 1147">
    <p class='ocr_par' dir='ltr' id='par_1_9' title="bbox 343 1056 3637 1147">
     <span class='ocr_line' id='line_1_9' title="bbox 343 1056 3637 1147; baseline 0.005 -30"><span class='ocrx_word' id='word_1_104' title='bbox 343 1063 513 1119; x_wconf 81' lang='lat' dir='ltr'><strong>fuerit</strong></span> <span class='ocrx_word' id='word_1_105' title='bbox 538 1074 831 1135; x_wconf 87' lang='lat' dir='ltr'><strong>corruptus</strong></span> <span class='ocrx_word' id='word_1_106' title='bbox 857 1073 912 1119; x_wconf 91' lang='lat' dir='ltr'><strong>et</strong></span> <span class='ocrx_word' id='word_1_107' title='bbox 935 1066 1385 1135; x_wconf 86' lang='lat' dir='ltr'><strong>praevaricatus,</strong></span> <span class='ocrx_word' id='word_1_108' title='bbox 1430 1081 1709 1137; x_wconf 87' lang='lat' dir='ltr'><strong>nunquam</strong></span> <span class='ocrx_word' id='word_1_109' title='bbox 1754 1074 1937 1122; x_wconf 89' lang='lat' dir='ltr'><strong>tamen</strong></span> <span class='ocrx_word' id='word_1_110' title='bbox 2043 1056 2252 1126; x_wconf 86' lang='lat' dir='ltr'><strong>formae</strong></span> <span class='ocrx_word' id='word_1_111' title='bbox 2275 1071 2564 1127; x_wconf 90' lang='lat' dir='ltr'><strong>locutionis</strong></span> <span class='ocrx_word' id='word_1_112' title='bbox 2588 1073 2824 1127; x_wconf 84' lang='lat' dir='ltr'><strong>divinum</strong></span> <span class='ocrx_word' id='word_1_113' title='bbox 2854 1082 3045 1129; x_wconf 89' lang='lat' dir='ltr'><strong>nectar</strong></span> <span class='ocrx_word' id='word_1_114' title='bbox 3064 1082 3296 1142; x_wconf 85' lang='lat' dir='ltr'><strong>eructat,</strong></span> <span class='ocrx_word' id='word_1_115' title='bbox 3315 1074 3637 1147; x_wconf 79' lang='lat' dir='ltr'><strong>facilemque</strong></span> 
     </span>
    </p>
   </div>
   <div class='ocr_carea' id='block_1_10' title="bbox 342 1156 3633 1236">
    <p class='ocr_par' dir='ltr' id='par_1_10' title="bbox 342 1156 3633 1236">
     <span class='ocr_line' id='line_1_10' title="bbox 342 1156 3633 1236; baseline 0.003 -24"><span class='ocrx_word' id='word_1_116' title='bbox 342 1157 566 1212; x_wconf 90' lang='lat' dir='ltr'><strong>omnino</strong></span> <span class='ocrx_word' id='word_1_117' title='bbox 594 1157 769 1212; x_wconf 84' lang='lat' dir='ltr'><strong>Deum</strong></span> <span class='ocrx_word' id='word_1_118' title='bbox 799 1156 1026 1212; x_wconf 91' lang='lat' dir='ltr'><strong>Patrum</strong></span> <span class='ocrx_word' id='word_1_119' title='bbox 1057 1173 1280 1213; x_wconf 92' lang='lat' dir='ltr'><strong>suorum</strong></span> <span class='ocrx_word' id='word_1_120' title='bbox 1300 1199 1316 1224; x_wconf 94' lang='lat'><strong>,</strong></span> <span class='ocrx_word' id='word_1_121' title='bbox 1345 1166 1407 1214; x_wconf 92' lang='lat' dir='ltr'><strong>ut</strong></span> <span class='ocrx_word' id='word_1_122' title='bbox 1432 1159 1483 1213; x_wconf 92' lang='lat' dir='ltr'><strong>ei</strong></span> <span class='ocrx_word' id='word_1_123' title='bbox 1510 1159 1745 1224; x_wconf 88' lang='lat' dir='ltr'><strong>videtur,</strong></span> <span class='ocrx_word' id='word_1_124' title='bbox 1777 1158 1941 1213; x_wconf 86' lang='lat' dir='ltr'><strong>abne-</strong></span> <span class='ocrx_word' id='word_1_125' title='bbox 2045 1163 2514 1233; x_wconf 89' lang='lat' dir='ltr'><strong>interpretationis</strong></span> <span class='ocrx_word' id='word_1_126' title='bbox 2544 1164 2685 1218; x_wconf 91' lang='lat' dir='ltr'><strong>viam</strong></span> <span class='ocrx_word' id='word_1_127' title='bbox 2729 1164 2990 1221; x_wconf 89' lang='lat' dir='ltr'><strong>studiosis</strong></span> <span class='ocrx_word' id='word_1_128' title='bbox 3030 1166 3386 1236; x_wconf 88' lang='lat' dir='ltr'><strong>mysticorum</strong></span> <span class='ocrx_word' id='word_1_129' title='bbox 3428 1182 3633 1222; x_wconf 89' lang='lat' dir='ltr'><strong>sermo-</strong></span> 
     </span>
    </p>
   </div>
   <div class='ocr_carea' id='block_1_11' title="bbox 343 1250 1937 1322">
    <p class='ocr_par' dir='ltr' id='par_1_11' title="bbox 343 1250 1937 1322">
     <span class='ocr_line' id='line_1_11' title="bbox 343 1250 1937 1322; baseline 0.003 -18"><span class='ocrx_word' id='word_1_130' title='bbox 343 1250 531 1320; x_wconf 88' lang='lat' dir='ltr'><strong>gavit;</strong></span> <span class='ocrx_word' id='word_1_131' title='bbox 560 1250 848 1322; x_wconf 87' lang='lat' dir='ltr'><strong>abnegavit</strong></span> <span class='ocrx_word' id='word_1_132' title='bbox 888 1259 1070 1306; x_wconf 92' lang='lat' dir='ltr'><strong>autem</strong></span> <span class='ocrx_word' id='word_1_133' title='bbox 1099 1259 1153 1307; x_wconf 90' lang='lat' dir='ltr'><strong>et</strong></span> <span class='ocrx_word' id='word_1_134' title='bbox 1181 1252 1356 1308; x_wconf 90' lang='lat' dir='ltr'><strong>adhuc</strong></span> <span class='ocrx_word' id='word_1_135' title='bbox 1381 1254 1617 1322; x_wconf 77' lang='lat' dir='ltr'><strong>abnegat</strong></span> <span class='ocrx_word' id='word_1_136' title='bbox 1661 1252 1937 1309; x_wconf 88' lang='lat' dir='ltr'><strong>Christum</strong></span> 
     </span>
    </p>
   </div>
   <div class='ocr_carea' id='block_1_12' title="bbox 343 1339 1939 1412">
    <p class='ocr_par' dir='ltr' id='par_1_12' title="bbox 343 1339 1939 1412">
     <span class='ocr_line' id='line_1_12' title="bbox 343 1339 1939 1412; baseline 0.003 -19"><span class='ocrx_word' id='word_1_137' title='bbox 343 1339 545 1395; x_wconf 90' lang='lat' dir='ltr'><strong>Filium</strong></span> <span class='ocrx_word' id='word_1_138' title='bbox 574 1341 670 1397; x_wconf 86' lang='lat' dir='ltr'><strong>Dei</strong></span> <span class='ocrx_word' id='word_1_139' title='bbox 697 1355 851 1407; x_wconf 90' lang='lat' dir='ltr'><strong>esse,</strong></span> <span class='ocrx_word' id='word_1_140' title='bbox 897 1356 960 1397; x_wconf 89' lang='lat' dir='ltr'><strong>ac</strong></span> <span class='ocrx_word' id='word_1_141' title='bbox 998 1357 1095 1412; x_wconf 89' lang='lat' dir='ltr'><strong>per</strong></span> <span class='ocrx_word' id='word_1_142' title='bbox 1142 1344 1245 1398; x_wconf 85' lang='lat' dir='ltr'><strong>hoc</strong></span> <span class='ocrx_word' id='word_1_143' title='bbox 1292 1350 1347 1398; x_wconf 91' lang='lat' dir='ltr'><strong>et</strong></span> <span class='ocrx_word' id='word_1_144' title='bbox 1394 1342 1612 1398; x_wconf 89' lang='lat' dir='ltr'><strong>Patrem</strong></span> <span class='ocrx_word' id='word_1_145' title='bbox 1653 1342 1788 1412; x_wconf 84' lang='lat' dir='ltr'><strong>ejus.</strong></span> <span class='ocrx_word' id='word_1_146' title='bbox 1835 1343 1939 1411; x_wconf 87' lang='lat' dir='ltr'><strong>Qui</strong></span> 
     </span>
    </p>
   </div>
   <div class='ocr_carea' id='block_1_13' title="bbox 344 1432 1940 1504">
    <p class='ocr_par' dir='ltr' id='par_1_13' title="bbox 344 1432 1940 1504">
     <span class='ocr_line' id='line_1_13' title="bbox 344 1432 1940 1504; baseline 0.003 -17"><span class='ocrx_word' id='word_1_147' title='bbox 344 1432 493 1487; x_wconf 87' lang='lat' dir='ltr'><strong>enim</strong></span> <span class='ocrx_word' id='word_1_148' title='bbox 540 1432 739 1487; x_wconf 87' lang='lat' dir='ltr'><strong>Filium</strong></span> <span class='ocrx_word' id='word_1_149' title='bbox 779 1441 974 1504; x_wconf 87' lang='lat' dir='ltr'><strong>negat,</strong></span> <span class='ocrx_word' id='word_1_150' title='bbox 1020 1442 1181 1504; x_wconf 86' lang='lat' dir='ltr'><strong>negat</strong></span> <span class='ocrx_word' id='word_1_151' title='bbox 1223 1441 1277 1491; x_wconf 88' lang='lat' dir='ltr'><strong>et</strong></span> <span class='ocrx_word' id='word_1_152' title='bbox 1319 1435 1571 1498; x_wconf 87' lang='lat' dir='ltr'><strong>Patrem,</strong></span> <span class='ocrx_word' id='word_1_153' title='bbox 1616 1434 1706 1504; x_wconf 91' lang='lat' dir='ltr'><strong>qui</strong></span> <span class='ocrx_word' id='word_1_154' title='bbox 1742 1436 1758 1466; x_wconf 84' lang='grc'>¹</span> <span class='ocrx_word' id='word_1_155' title='bbox 1799 1434 1940 1491; x_wconf 87' lang='lat' dir='ltr'><strong>Filio</strong></span> 
     </span>
    </p>
   </div>
   <div class='ocr_carea' id='block_1_14' title="bbox 343 1520 1936 1592">
    <p class='ocr_par' dir='ltr' id='par_1_14' title="bbox 343 1520 1936 1592">
     <span class='ocr_line' id='line_1_14' title="bbox 343 1520 1936 1592; baseline 0.003 -18"><span class='ocrx_word' id='word_1_156' title='bbox 343 1529 542 1592; x_wconf 89' lang='lat' dir='ltr'><strong>negato</strong></span> <span class='ocrx_word' id='word_1_157' title='bbox 590 1520 753 1577; x_wconf 89' lang='lat' dir='ltr'><strong>Pater</strong></span> <span class='ocrx_word' id='word_1_158' title='bbox 805 1537 912 1577; x_wconf 94' lang='lat' dir='ltr'><strong>non</strong></span> <span class='ocrx_word' id='word_1_159' title='bbox 967 1531 1070 1578; x_wconf 88' lang='lat' dir='ltr'><strong>est.</strong></span> <span class='ocrx_word' id='word_1_160' title='bbox 1125 1522 1365 1579; x_wconf 85' lang='lat' dir='ltr'><strong>Haedum</strong></span> <span class='ocrx_word' id='word_1_161' title='bbox 1412 1540 1442 1578; x_wconf 90' lang='lat' dir='ltr'><strong>a</strong></span> <span class='ocrx_word' id='word_1_162' title='bbox 1490 1525 1653 1580; x_wconf 87' lang='lat' dir='ltr'><strong>Patre</strong></span> <span class='ocrx_word' id='word_1_163' title='bbox 1699 1524 1936 1590; x_wconf 84' lang='lat' dir='ltr'><strong>Christi,</strong></span> 
     </span>
    </p>
   </div>
   <div class='ocr_carea' id='block_1_15' title="bbox 342 1612 1967 1685">
    <p class='ocr_par' dir='ltr' id='par_1_15' title="bbox 342 1612 1967 1685">
     <span class='ocr_line' id='line_1_15' title="bbox 342 1612 1967 1685; baseline 0.003 -20"><span class='ocrx_word' id='word_1_164' title='bbox 342 1626 504 1681; x_wconf 86' lang='lat' dir='ltr'><strong>quem</strong></span> <span class='ocrx_word' id='word_1_165' title='bbox 548 1620 743 1683; x_wconf 86' lang='lat' dir='ltr'><strong>negat,</strong></span> <span class='ocrx_word' id='word_1_166' title='bbox 788 1612 1029 1682; x_wconf 88' lang='lat' dir='ltr'><strong>perﬁdus</strong></span> <span class='ocrx_word' id='word_1_167' title='bbox 1065 1612 1427 1684; x_wconf 87' lang='lat' dir='ltr'><strong>ﬁagitat:sed</strong></span> <span class='ocrx_word' id='word_1_168' title='bbox 1469 1629 1500 1669; x_wconf 89' lang='lat' dir='ltr'><strong>a</strong></span> <span class='ocrx_word' id='word_1_169' title='bbox 1539 1613 1699 1671; x_wconf 88' lang='lat' dir='ltr'><strong>Patre</strong></span> <span class='ocrx_word' id='word_1_170' title='bbox 1736 1614 1967 1685; x_wconf 66' lang='lat' dir='ltr'><strong>Christi~</strong></span> 
     </span>
    </p>
   </div>
   <div class='ocr_carea' id='block_1_16' title="bbox 340 1703 1938 1777">
    <p class='ocr_par' dir='ltr' id='par_1_16' title="bbox 340 1703 1938 1777">
     <span class='ocr_line' id='line_1_16' title="bbox 340 1703 1938 1777; baseline 0.005 -21"><span class='ocrx_word' id='word_1_171' title='bbox 340 1703 570 1757; x_wconf 88' lang='lat' dir='ltr'><strong>haedum</strong></span> <span class='ocrx_word' id='word_1_172' title='bbox 601 1719 708 1759; x_wconf 90' lang='lat' dir='ltr'><strong>non</strong></span> <span class='ocrx_word' id='word_1_173' title='bbox 738 1704 968 1774; x_wconf 88' lang='lat' dir='ltr'><strong>accipiet</strong></span> <span class='ocrx_word' id='word_1_174' title='bbox 995 1706 1046 1772; x_wconf 80' lang='lat'><strong>&#39;;</strong></span> <span class='ocrx_word' id='word_1_175' title='bbox 1104 1707 1335 1777; x_wconf 89' lang='lat' dir='ltr'><strong>accipiet</strong></span> <span class='ocrx_word' id='word_1_176' title='bbox 1365 1718 1547 1762; x_wconf 91' lang='lat' dir='ltr'><strong>autem</strong></span> <span class='ocrx_word' id='word_1_177' title='bbox 1573 1724 1604 1762; x_wconf 91' lang='lat' dir='ltr'><strong>a</strong></span> <span class='ocrx_word' id='word_1_178' title='bbox 1630 1709 1790 1763; x_wconf 82' lang='lat' dir='ltr'><strong>Patre</strong></span> <span class='ocrx_word' id='word_1_179' title='bbox 1816 1724 1938 1775; x_wconf 91' lang='lat' dir='ltr'><strong>suo,</strong></span> 
     </span>
    </p>
   </div>
   <div class='ocr_carea' id='block_1_17' title="bbox 2044 1252 3632 1322">
    <p class='ocr_par' dir='ltr' id='par_1_17' title="bbox 2044 1252 3632 1322">
     <span class='ocr_line' id='line_1_17' title="bbox 2044 1252 3632 1322; baseline 0.004 -16"><span class='ocrx_word' id='word_1_180' title='bbox 2044 1267 2175 1307; x_wconf 91' lang='lat' dir='ltr'><strong>num</strong></span> <span class='ocrx_word' id='word_1_181' title='bbox 2201 1252 2447 1307; x_wconf 91' lang='lat' dir='ltr'><strong>theoriae</strong></span> <span class='ocrx_word' id='word_1_182' title='bbox 2471 1260 2773 1322; x_wconf 83' lang='lat' dir='ltr'><strong>praestant.</strong></span> <span class='ocrx_word' id='word_1_183' title='bbox 2800 1253 2913 1308; x_wconf 80' lang='lat' dir='ltr'><strong>Non</strong></span> <span class='ocrx_word' id='word_1_184' title='bbox 2936 1253 3080 1309; x_wconf 90' lang='lat' dir='ltr'><strong>enim</strong></span> <span class='ocrx_word' id='word_1_185' title='bbox 3096 1254 3214 1319; x_wconf 83' lang='lat' dir='ltr'><strong>alio</strong></span> <span class='ocrx_word' id='word_1_186' title='bbox 3236 1255 3395 1312; x_wconf 94' lang='lat' dir='ltr'><strong>modo</strong></span> <span class='ocrx_word' id='word_1_187' title='bbox 3419 1265 3632 1313; x_wconf 87' lang='lat' dir='ltr'><strong>sancto-</strong></span> 
     </span>
    </p>
   </div>
   <div class='ocr_carea' id='block_1_18' title="bbox 2042 1343 3632 1413">
    <p class='ocr_par' dir='ltr' id='par_1_18' title="bbox 2042 1343 3632 1413">
     <span class='ocr_line' id='line_1_18' title="bbox 2042 1343 3632 1413; baseline 0.004 -16"><span class='ocrx_word' id='word_1_188' title='bbox 2042 1358 2166 1398; x_wconf 87' lang='lat' dir='ltr'><strong>rum</strong></span> <span class='ocrx_word' id='word_1_189' title='bbox 2195 1343 2582 1413; x_wconf 88' lang='lat' dir='ltr'><strong>prophetarum</strong></span> <span class='ocrx_word' id='word_1_190' title='bbox 2610 1343 2890 1413; x_wconf 83' lang='lat' dir='ltr'><strong>multiplex</strong></span> <span class='ocrx_word' id='word_1_191' title='bbox 2920 1344 2977 1399; x_wconf 90' lang='lat' dir='ltr'><strong>in</strong></span> <span class='ocrx_word' id='word_1_192' title='bbox 3021 1345 3220 1401; x_wconf 88' lang='lat' dir='ltr'><strong>divinis</strong></span> <span class='ocrx_word' id='word_1_193' title='bbox 3265 1345 3632 1403; x_wconf 79' lang='lat' dir='ltr'><strong>intellectibus</strong></span> 
     </span>
    </p>
   </div>
   <div class='ocr_carea' id='block_1_19' title="bbox 2044 1431 3628 1505">
    <p class='ocr_par' dir='ltr' id='par_1_19' title="bbox 2044 1431 3628 1505">
     <span class='ocr_line' id='line_1_19' title="bbox 2044 1431 3628 1505; baseline 0.001 -17"><span class='ocrx_word' id='word_1_194' title='bbox 2044 1441 2332 1488; x_wconf 82' lang='lat' dir='ltr'><strong>contextus</strong></span> <span class='ocrx_word' id='word_1_195' title='bbox 2362 1441 2543 1503; x_wconf 91' lang='lat' dir='ltr'><strong>potest</strong></span> <span class='ocrx_word' id='word_1_196' title='bbox 2588 1431 2857 1499; x_wconf 89' lang='lat' dir='ltr'><strong>discerni,</strong></span> <span class='ocrx_word' id='word_1_197' title='bbox 2891 1433 2993 1489; x_wconf 91' lang='lat' dir='ltr'><strong>nisi</strong></span> <span class='ocrx_word' id='word_1_198' title='bbox 3025 1449 3124 1505; x_wconf 91' lang='lat' dir='ltr'><strong>per</strong></span> <span class='ocrx_word' id='word_1_199' title='bbox 3153 1431 3628 1503; x_wconf 89' lang='lat' dir='ltr'><strong>frequentissimos</strong></span> 
     </span>
    </p>
   </div>
   <div class='ocr_carea' id='block_1_20' title="bbox 2045 1521 3635 1595">
    <p class='ocr_par' dir='ltr' id='par_1_20' title="bbox 2045 1521 3635 1595">
     <span class='ocr_line' id='line_1_20' title="bbox 2045 1521 3635 1595; baseline 0.001 -17"><span class='ocrx_word' id='word_1_200' title='bbox 2045 1538 2154 1578; x_wconf 88' lang='lat' dir='ltr'><strong>non</strong></span> <span class='ocrx_word' id='word_1_201' title='bbox 2204 1523 2376 1578; x_wconf 89' lang='lat' dir='ltr'><strong>solum</strong></span> <span class='ocrx_word' id='word_1_202' title='bbox 2417 1537 2516 1594; x_wconf 91' lang='lat' dir='ltr'><strong>per</strong></span> <span class='ocrx_word' id='word_1_203' title='bbox 2555 1524 2840 1593; x_wconf 90' lang='lat' dir='ltr'><strong>periodos,</strong></span> <span class='ocrx_word' id='word_1_204' title='bbox 2870 1537 3058 1578; x_wconf 90' lang='lat' dir='ltr'><strong>verum</strong></span> <span class='ocrx_word' id='word_1_205' title='bbox 3110 1523 3274 1579; x_wconf 88' lang='lat' dir='ltr'><strong>etiam</strong></span> <span class='ocrx_word' id='word_1_206' title='bbox 3306 1538 3405 1595; x_wconf 88' lang='lat' dir='ltr'><strong>per</strong></span> <span class='ocrx_word' id='word_1_207' title='bbox 3433 1521 3548 1578; x_wconf 82' lang='lat' dir='ltr'><strong>cola</strong></span> <span class='ocrx_word' id='word_1_208' title='bbox 3580 1531 3635 1579; x_wconf 87' lang='lat' dir='ltr'><strong>et</strong></span> 
     </span>
    </p>
   </div>
   <div class='ocr_carea' id='block_1_21' title="bbox 2047 1613 3633 1680">
    <p class='ocr_par' dir='ltr' id='par_1_21' title="bbox 2047 1613 3633 1680">
     <span class='ocr_line' id='line_1_21' title="bbox 2047 1613 3633 1680; baseline -0.002 -8"><span class='ocrx_word' id='word_1_209' title='bbox 2047 1625 2316 1672; x_wconf 90' lang='lat' dir='ltr'><strong>commata</strong></span> <span class='ocrx_word' id='word_1_210' title='bbox 2357 1615 2620 1671; x_wconf 90' lang='lat' dir='ltr'><strong>transitus</strong></span> <span class='ocrx_word' id='word_1_211' title='bbox 2644 1631 2713 1671; x_wconf 86' lang='lat' dir='ltr'><strong>ex</strong></span> <span class='ocrx_word' id='word_1_212' title='bbox 2742 1615 2971 1670; x_wconf 87' lang='lat' dir='ltr'><strong>diversis</strong></span> <span class='ocrx_word' id='word_1_213' title='bbox 2999 1615 3246 1671; x_wconf 89' lang='lat' dir='ltr'><strong>sensibus</strong></span> <span class='ocrx_word' id='word_1_214' title='bbox 3274 1615 3324 1669; x_wconf 91' lang='lat' dir='ltr'><strong>in</strong></span> <span class='ocrx_word' id='word_1_215' title='bbox 3357 1613 3633 1680; x_wconf 76' lang='lat' dir='ltr'><strong>diversos,</strong></span> 
     </span>
    </p>
   </div>
   <div class='ocr_carea' id='block_1_22' title="bbox 2048 1706 3635 1778">
    <p class='ocr_par' dir='ltr' id='par_1_22' title="bbox 2048 1706 3635 1778">
     <span class='ocr_line' id='line_1_22' title="bbox 2048 1706 3635 1778; baseline 0 -17"><span class='ocrx_word' id='word_1_216' title='bbox 2048 1706 2184 1762; x_wconf 91' lang='lat' dir='ltr'><strong>etab</strong></span> <span class='ocrx_word' id='word_1_217' title='bbox 2198 1706 2400 1762; x_wconf 90' lang='lat' dir='ltr'><strong>eisdem</strong></span> <span class='ocrx_word' id='word_1_218' title='bbox 2419 1707 2613 1761; x_wconf 88' lang='lat' dir='ltr'><strong>iterum</strong></span> <span class='ocrx_word' id='word_1_219' title='bbox 2632 1706 2684 1760; x_wconf 93' lang='lat' dir='ltr'><strong>in</strong></span> <span class='ocrx_word' id='word_1_220' title='bbox 2698 1707 2915 1762; x_wconf 90' lang='lat' dir='ltr'><strong>eosdem</strong></span> <span class='ocrx_word' id='word_1_221' title='bbox 2933 1721 3031 1778; x_wconf 89' lang='lat' dir='ltr'><strong>per</strong></span> <span class='ocrx_word' id='word_1_222' title='bbox 3044 1707 3086 1738; x_wconf 91' lang='grc'>¹¹</span> <span class='ocrx_word' id='word_1_223' title='bbox 3104 1706 3501 1762; x_wconf 87' lang='lat' dir='ltr'><strong>occultissimas</strong></span> <span class='ocrx_word' id='word_1_224' title='bbox 3515 1721 3635 1767; x_wconf 68' lang='lat' dir='ltr'><strong>cre-</strong></span> 
     </span>
    </p>
   </div>
   <div class='ocr_carea' id='block_1_23' title="bbox 339 1785 3630 1868">
    <p class='ocr_par' dir='ltr' id='par_1_23' title="bbox 339 1785 3630 1868">
     <span class='ocr_line' id='line_1_23' title="bbox 339 1785 3630 1868; baseline 0.002 -22"><span class='ocrx_word' id='word_1_225' title='bbox 339 1793 406 1847; x_wconf 89' lang='lat' dir='ltr'><strong>dc</strong></span> <span class='ocrx_word' id='word_1_226' title='bbox 435 1808 541 1864; x_wconf 90' lang='lat' dir='ltr'><strong>quo</strong></span> <span class='ocrx_word' id='word_1_227' title='bbox 570 1792 728 1850; x_wconf 87' lang='lat' dir='ltr'><strong>Jesus</strong></span> <span class='ocrx_word' id='word_1_228' title='bbox 755 1794 1006 1852; x_wconf 88' lang='lat' dir='ltr'><strong>Christus</strong></span> <span class='ocrx_word' id='word_1_229' title='bbox 1024 1837 1039 1862; x_wconf 90' lang='lat'><strong>,</strong></span> <span class='ocrx_word' id='word_1_230' title='bbox 1072 1812 1233 1867; x_wconf 90' lang='lat' dir='ltr'><strong>quem</strong></span> <span class='ocrx_word' id='word_1_231' title='bbox 1260 1797 1455 1853; x_wconf 90' lang='lat' dir='ltr'><strong>Filium</strong></span> <span class='ocrx_word' id='word_1_232' title='bbox 1485 1798 1664 1854; x_wconf 90' lang='lat' dir='ltr'><strong>Patris</strong></span> <span class='ocrx_word' id='word_1_233' title='bbox 1689 1814 1813 1855; x_wconf 91' lang='lat' dir='ltr'><strong>esse</strong></span> <span class='ocrx_word' id='word_1_234' title='bbox 1843 1813 1938 1854; x_wconf 89' lang='lat' dir='ltr'><strong>ne—</strong></span> <span class='ocrx_word' id='word_1_235' title='bbox 1967 1785 2019 1845; x_wconf 80' lang='grc' dir='ltr'><strong>Β</strong></span> <span class='ocrx_word' id='word_1_236' title='bbox 2045 1790 2438 1868; x_wconf 69' lang='lat' dir='ltr'><strong>brissimasque</strong></span> <span class='ocrx_word' id='word_1_237' title='bbox 2462 1798 2525 1863; x_wconf 61' lang='lat' dir='ltr'><strong>&quot;f‘</strong></span> <span class='ocrx_word' id='word_1_238' title='bbox 2554 1798 2914 1854; x_wconf 81' lang='lat' dir='ltr'><strong>reversiones.</strong></span> <span class='ocrx_word' id='word_1_239' title='bbox 2943 1798 3275 1868; x_wconf 89' lang='lat' dir='ltr'><strong>Saepissime</strong></span> <span class='ocrx_word' id='word_1_240' title='bbox 3298 1798 3443 1853; x_wconf 88' lang='lat' dir='ltr'><strong>enim</strong></span> <span class='ocrx_word' id='word_1_241' title='bbox 3468 1811 3630 1852; x_wconf 86' lang='lat' dir='ltr'><strong>unam</strong></span> 
     </span>
    </p>
   </div>
   <div class='ocr_carea' id='block_1_24' title="bbox 341 1884 1947 1962">
    <p class='ocr_par' dir='ltr' id='par_1_24' title="bbox 341 1884 1947 1962">
     <span class='ocr_line' id='line_1_24' title="bbox 341 1884 1947 1962; baseline 0.005 -24"><span class='ocrx_word' id='word_1_242' title='bbox 341 1892 466 1954; x_wconf 85' lang='lat' dir='ltr'><strong>gat,</strong></span> <span class='ocrx_word' id='word_1_243' title='bbox 494 1884 571 1940; x_wconf 85' lang='lat' dir='ltr'><strong>ait</strong></span> <span class='ocrx_word' id='word_1_244' title='bbox 598 1903 612 1940; x_wconf 91' lang='lat'><strong>:</strong></span> <span class='ocrx_word' id='word_1_245' title='bbox 650 1885 756 1940; x_wconf 80' lang='lat' dir='ltr'><strong>Vos</strong></span> <span class='ocrx_word' id='word_1_246' title='bbox 781 1903 846 1941; x_wconf 78' lang='lat' dir='ltr'><strong>ex</strong></span> <span class='ocrx_word' id='word_1_247' title='bbox 875 1897 1022 1958; x_wconf 85' lang='lat' dir='ltr'><strong>patre</strong></span> <span class='ocrx_word' id='word_1_248' title='bbox 1049 1888 1260 1943; x_wconf 78' lang='lat' dir='ltr'><strong>diabolo</strong></span> <span class='ocrx_word' id='word_1_249' title='bbox 1287 1889 1411 1944; x_wconf 80' lang='lat' dir='ltr'><strong>estis</strong></span> <span class='ocrx_word' id='word_1_250' title='bbox 1430 1931 1443 1955; x_wconf 93' lang='lat'><strong>,</strong></span> <span class='ocrx_word' id='word_1_251' title='bbox 1473 1890 1646 1959; x_wconf 88' lang='lat' dir='ltr'><strong>deque</strong></span> <span class='ocrx_word' id='word_1_252' title='bbox 1676 1891 1781 1946; x_wconf 90' lang='lat' dir='ltr'><strong>ﬁde</strong></span> <span class='ocrx_word' id='word_1_253' title='bbox 1817 1906 1947 1962; x_wconf 88' lang='lat' dir='ltr'><strong>gen-</strong></span> 
     </span>
    </p>
   </div>
   <div class='ocr_carea' id='block_1_25' title="bbox 282 1972 1942 2052">
    <p class='ocr_par' dir='ltr' id='par_1_25' title="bbox 282 1972 1942 2052">
     <span class='ocr_line' id='line_1_25' title="bbox 282 1972 1942 2052; baseline 0.005 -23"><span class='ocrx_word' id='word_1_254' title='bbox 282 1989 295 1999; x_wconf 89' lang='grc'><strong>·</strong></span> <span class='ocrx_word' id='word_1_255' title='bbox 345 1972 459 2031; x_wconf 91' lang='lat' dir='ltr'><strong>tilis</strong></span> <span class='ocrx_word' id='word_1_256' title='bbox 499 1977 681 2047; x_wconf 84' lang='lat' dir='ltr'><strong>populi</strong></span> <span class='ocrx_word' id='word_1_257' title='bbox 733 1978 785 2033; x_wconf 91' lang='lat' dir='ltr'><strong>in</strong></span> <span class='ocrx_word' id='word_1_258' title='bbox 827 1994 950 2034; x_wconf 87' lang='lat' dir='ltr'><strong>eum</strong></span> <span class='ocrx_word' id='word_1_259' title='bbox 986 1989 1287 2050; x_wconf 87' lang='lat' dir='ltr'><strong>torquetur.</strong></span> <span class='ocrx_word' id='word_1_260' title='bbox 1321 1981 1550 2052; x_wconf 90' lang='lat' dir='ltr'><strong>Ideoque</strong></span> <span class='ocrx_word' id='word_1_261' title='bbox 1576 1997 1682 2037; x_wconf 91' lang='lat' dir='ltr'><strong>non</strong></span> <span class='ocrx_word' id='word_1_262' title='bbox 1714 1984 1942 2038; x_wconf 84' lang='lat' dir='ltr'><strong>vitulum</strong></span> 
     </span>
    </p>
   </div>
   <div class='ocr_carea' id='block_1_26' title="bbox 342 2067 1944 2144">
    <p class='ocr_par' dir='ltr' id='par_1_26' title="bbox 342 2067 1944 2144">
     <span class='ocr_line' id='line_1_26' title="bbox 342 2067 1944 2144; baseline 0.006 -24"><span class='ocrx_word' id='word_1_263' title='bbox 342 2067 695 2138; x_wconf 87' lang='lat' dir='ltr'><strong>saginatum,</strong></span> <span class='ocrx_word' id='word_1_264' title='bbox 729 2069 780 2123; x_wconf 88' lang='lat' dir='ltr'><strong>id</strong></span> <span class='ocrx_word' id='word_1_265' title='bbox 806 2079 921 2136; x_wconf 88' lang='lat' dir='ltr'><strong>est,</strong></span> <span class='ocrx_word' id='word_1_266' title='bbox 967 2071 1240 2127; x_wconf 87' lang='lat' dir='ltr'><strong>Christum</strong></span> <span class='ocrx_word' id='word_1_267' title='bbox 1278 2071 1497 2127; x_wconf 87' lang='lat' dir='ltr'><strong>Domini</strong></span> <span class='ocrx_word' id='word_1_268' title='bbox 1531 2074 1665 2144; x_wconf 89' lang='lat' dir='ltr'><strong>petit</strong></span> <span class='ocrx_word' id='word_1_269' title='bbox 1704 2089 1735 2127; x_wconf 93' lang='lat' dir='ltr'><strong>a</strong></span> <span class='ocrx_word' id='word_1_270' title='bbox 1779 2074 1944 2129; x_wconf 87' lang='lat' dir='ltr'><strong>Patre</strong></span> 
     </span>
    </p>
   </div>
   <div class='ocr_carea' id='block_1_27' title="bbox 337 2158 1938 2234">
    <p class='ocr_par' dir='ltr' id='par_1_27' title="bbox 337 2158 1938 2234">
     <span class='ocr_line' id='line_1_27' title="bbox 337 2158 1938 2234; baseline 0.004 -21"><span class='ocrx_word' id='word_1_271' title='bbox 337 2158 407 2213; x_wconf 74' lang='lat' dir='ltr'><strong>ad</strong></span> <span class='ocrx_word' id='word_1_272' title='bbox 434 2158 758 2230; x_wconf 88' lang='lat' dir='ltr'><strong>epulandum</strong></span> <span class='ocrx_word' id='word_1_273' title='bbox 781 2201 796 2224; x_wconf 89' lang='lat'><strong>,</strong></span> <span class='ocrx_word' id='word_1_274' title='bbox 825 2161 917 2215; x_wconf 88' lang='lat' dir='ltr'><strong>sed</strong></span> <span class='ocrx_word' id='word_1_275' title='bbox 946 2160 1177 2215; x_wconf 89' lang='lat' dir='ltr'><strong>haedum</strong></span> <span class='ocrx_word' id='word_1_276' title='bbox 1219 2160 1479 2217; x_wconf 88' lang='lat' dir='ltr'><strong>foetidum</strong></span> <span class='ocrx_word' id='word_1_277' title='bbox 1519 2162 1938 2234; x_wconf 87' lang='lat' dir='ltr'><strong>petulcumque,</strong></span> 
     </span>
    </p>
   </div>
   <div class='ocr_carea' id='block_1_28' title="bbox 340 2247 1937 2322">
    <p class='ocr_par' dir='ltr' id='par_1_28' title="bbox 340 2247 1937 2322">
     <span class='ocr_line' id='line_1_28' title="bbox 340 2247 1937 2322; baseline 0.006 -20"><span class='ocrx_word' id='word_1_278' title='bbox 340 2247 395 2302; x_wconf 92' lang='lat' dir='ltr'><strong>in</strong></span> <span class='ocrx_word' id='word_1_279' title='bbox 423 2262 745 2318; x_wconf 90' lang='lat' dir='ltr'><strong>omnemque</strong></span> <span class='ocrx_word' id='word_1_280' title='bbox 770 2249 1047 2305; x_wconf 91' lang='lat' dir='ltr'><strong>libidinem</strong></span> <span class='ocrx_word' id='word_1_281' title='bbox 1073 2267 1303 2322; x_wconf 88' lang='lat' dir='ltr'><strong>promun</strong></span> <span class='ocrx_word' id='word_1_282' title='bbox 1325 2293 1339 2317; x_wconf 92' lang='lat'><strong>,</strong></span> <span class='ocrx_word' id='word_1_283' title='bbox 1368 2253 1766 2309; x_wconf 86' lang='lat' dir='ltr'><strong>Antichristum</strong></span> <span class='ocrx_word' id='word_1_284' title='bbox 1794 2255 1937 2321; x_wconf 89' lang='lat' dir='ltr'><strong>dico,</strong></span> 
     </span>
    </p>
   </div>
   <div class='ocr_carea' id='block_1_29' title="bbox 342 2337 1942 2413">
    <p class='ocr_par' dir='ltr' id='par_1_29' title="bbox 342 2337 1942 2413">
     <span class='ocr_line' id='line_1_29' title="bbox 342 2337 1942 2413; baseline 0.006 -22"><span class='ocrx_word' id='word_1_285' title='bbox 342 2337 398 2391; x_wconf 93' lang='lat' dir='ltr'><strong>in</strong></span> <span class='ocrx_word' id='word_1_286' title='bbox 450 2353 554 2407; x_wconf 87' lang='lat' dir='ltr'><strong>quo</strong></span> <span class='ocrx_word' id='word_1_287' title='bbox 601 2354 660 2393; x_wconf 89' lang='lat' dir='ltr'><strong>se</strong></span> <span class='ocrx_word' id='word_1_288' title='bbox 702 2339 723 2371; x_wconf 83' lang='grc'>³</span> <span class='ocrx_word' id='word_1_289' title='bbox 760 2340 1101 2409; x_wconf 85' lang='lat' dir='ltr'><strong>epulaturum</strong></span> <span class='ocrx_word' id='word_1_290' title='bbox 1150 2350 1205 2395; x_wconf 88' lang='lat' dir='ltr'><strong>et</strong></span> <span class='ocrx_word' id='word_1_291' title='bbox 1246 2354 1596 2413; x_wconf 80' lang='lat' dir='ltr'><strong>regnaturum</strong></span> <span class='ocrx_word' id='word_1_292' title='bbox 1645 2345 1942 2401; x_wconf 85' lang='lat' dir='ltr'><strong>vanissime</strong></span> 
     </span>
    </p>
   </div>
   <div class='ocr_carea' id='block_1_30' title="bbox 342 2426 1963 2505">
    <p class='ocr_par' dir='ltr' id='par_1_30' title="bbox 342 2426 1963 2505">
     <span class='ocr_line' id='line_1_30' title="bbox 342 2426 1963 2505; baseline 0.004 -18"><span class='ocrx_word' id='word_1_293' title='bbox 342 2433 617 2497; x_wconf 88' lang='lat' dir='ltr'><strong>somniat,</strong></span> <span class='ocrx_word' id='word_1_294' title='bbox 644 2433 882 2502; x_wconf 91' lang='lat' dir='ltr'><strong>postulat</strong></span> <span class='ocrx_word' id='word_1_295' title='bbox 908 2443 964 2489; x_wconf 90' lang='lat' dir='ltr'><strong>et</strong></span> <span class='ocrx_word' id='word_1_296' title='bbox 989 2442 1280 2504; x_wconf 77' lang='lat' dir='ltr'><strong>expectat:</strong></span> <span class='ocrx_word' id='word_1_297' title='bbox 1316 2451 1379 2490; x_wconf 89' lang='lat' dir='ltr'><strong>ac</strong></span> <span class='ocrx_word' id='word_1_298' title='bbox 1405 2437 1473 2490; x_wconf 92' lang='lat' dir='ltr'><strong>de</strong></span> <span class='ocrx_word' id='word_1_299' title='bbox 1516 2452 1647 2505; x_wconf 84' lang='lat' dir='ltr'><strong>agro</strong></span> <span class='ocrx_word' id='word_1_300' title='bbox 1684 2426 1963 2505; x_wconf 70' lang='lat' dir='ltr'><strong>veniens,</strong></span> 
     </span>
    </p>
   </div>
   <div class='ocr_carea' id='block_1_31' title="bbox 345 2514 1943 2596">
    <p class='ocr_par' dir='ltr' id='par_1_31' title="bbox 345 2514 1943 2596">
     <span class='ocr_line' id='line_1_31' title="bbox 345 2514 1943 2596; baseline 0.004 -21"><span class='ocrx_word' id='word_1_301' title='bbox 345 2522 450 2576; x_wconf 87' lang='lat' dir='ltr'><strong>hoc</strong></span> <span class='ocrx_word' id='word_1_302' title='bbox 476 2514 651 2577; x_wconf 84' lang='lat' dir='ltr'><strong>estde</strong></span> <span class='ocrx_word' id='word_1_303' title='bbox 677 2524 909 2578; x_wconf 88' lang='lat' dir='ltr'><strong>terrenis</strong></span> <span class='ocrx_word' id='word_1_304' title='bbox 930 2523 1202 2593; x_wconf 88' lang='lat' dir='ltr'><strong>operibus,</strong></span> <span class='ocrx_word' id='word_1_305' title='bbox 1233 2524 1610 2596; x_wconf 87' lang='lat' dir='ltr'><strong>laboriosoque</strong></span> <span class='ocrx_word' id='word_1_306' title='bbox 1636 2526 1659 2557; x_wconf 75' lang='grc'>⁸</span> <span class='ocrx_word' id='word_1_307' title='bbox 1686 2527 1943 2582; x_wconf 88' lang='lat' dir='ltr'><strong>colendae</strong></span> 
     </span>
    </p>
   </div>
   <div class='ocr_carea' id='block_1_32' title="bbox 341 2610 1965 2696">
    <p class='ocr_par' dir='ltr' id='par_1_32' title="bbox 341 2610 1965 2696">
     <span class='ocr_line' id='line_1_32' title="bbox 341 2610 1965 2696; baseline 0.006 -33"><span class='ocrx_word' id='word_1_308' title='bbox 341 2610 477 2681; x_wconf 82' lang='lat' dir='ltr'><strong>legis</strong></span> <span class='ocrx_word' id='word_1_309' title='bbox 502 2612 805 2667; x_wconf 78' lang='lat' dir='ltr'><strong>secundum</strong></span> <span class='ocrx_word' id='word_1_310' title='bbox 837 2613 1052 2669; x_wconf 90' lang='lat' dir='ltr'><strong>literam</strong></span> <span class='ocrx_word' id='word_1_311' title='bbox 1108 2615 1333 2670; x_wconf 87' lang='lat' dir='ltr'><strong>servitio</strong></span> <span class='ocrx_word' id='word_1_312' title='bbox 1361 2616 1402 2683; x_wconf 82' lang='grc'><strong>⁸,</strong></span> <span class='ocrx_word' id='word_1_313' title='bbox 1433 2618 1610 2672; x_wconf 92' lang='lat' dir='ltr'><strong>audivi</strong></span> <span class='ocrx_word' id='word_1_314' title='bbox 1642 2618 1663 2649; x_wconf 75' lang='grc'>⁸</span> <span class='ocrx_word' id='word_1_315' title='bbox 1692 2620 1965 2696; x_wconf 34' lang='grc' dir='ltr'><strong>εγωριιψ.</strong></span> 
     </span>
    </p>
   </div>
   <div class='ocr_carea' id='block_1_33' title="bbox 340 2704 1963 2783">
    <p class='ocr_par' dir='ltr' id='par_1_33' title="bbox 340 2704 1963 2783">
     <span class='ocr_line' id='line_1_33' title="bbox 340 2704 1963 2783; baseline 0.005 -25"><span class='ocrx_word' id='word_1_316' title='bbox 340 2704 484 2758; x_wconf 91' lang='lat' dir='ltr'><strong>niam</strong></span> <span class='ocrx_word' id='word_1_317' title='bbox 509 2712 565 2760; x_wconf 92' lang='lat' dir='ltr'><strong>et</strong></span> <span class='ocrx_word' id='word_1_318' title='bbox 585 2707 832 2771; x_wconf 88' lang='lat' dir='ltr'><strong>chorum,</strong></span> <span class='ocrx_word' id='word_1_319' title='bbox 854 2707 959 2762; x_wconf 88' lang='lat' dir='ltr'><strong>hoc</strong></span> <span class='ocrx_word' id='word_1_320' title='bbox 971 2715 1074 2772; x_wconf 90' lang='lat' dir='ltr'><strong>est,</strong></span> <span class='ocrx_word' id='word_1_321' title='bbox 1092 2722 1387 2763; x_wconf 89' lang='lat' dir='ltr'><strong>consonam</strong></span> <span class='ocrx_word' id='word_1_322' title='bbox 1411 2710 1754 2780; x_wconf 91' lang='lat' dir='ltr'><strong>undiqueque</strong></span> <span class='ocrx_word' id='word_1_323' title='bbox 1769 2710 1791 2743; x_wconf 82' lang='lat'>&#39;</span> <span class='ocrx_word' id='word_1_324' title='bbox 1806 2726 1939 2766; x_wconf 89' lang='lat' dir='ltr'><strong>con-</strong></span> <span class='ocrx_word' id='word_1_325' title='bbox 1959 2775 1963 2783; x_wconf 32' lang='lat'><em>‘</em></span> 
     </span>
    </p>
   </div>
   <div class='ocr_carea' id='block_1_34' title="bbox 343 2796 1941 2870">
    <p class='ocr_par' dir='ltr' id='par_1_34' title="bbox 343 2796 1941 2870">
     <span class='ocr_line' id='line_1_34' title="bbox 343 2796 1941 2870; baseline 0.006 -23"><span class='ocrx_word' id='word_1_326' title='bbox 343 2796 651 2851; x_wconf 88' lang='lat' dir='ltr'><strong>venientem</strong></span> <span class='ocrx_word' id='word_1_327' title='bbox 684 2798 904 2869; x_wconf 78' lang='lat' dir='ltr'><strong>gentilis</strong></span> <span class='ocrx_word' id='word_1_328' title='bbox 934 2798 1117 2869; x_wconf 88' lang='lat' dir='ltr'><strong>populi</strong></span> <span class='ocrx_word' id='word_1_329' title='bbox 1150 2799 1200 2852; x_wconf 94' lang='lat' dir='ltr'><strong>in</strong></span> <span class='ocrx_word' id='word_1_330' title='bbox 1230 2798 1449 2854; x_wconf 87' lang='lat' dir='ltr'><strong>Christo</strong></span> <span class='ocrx_word' id='word_1_331' title='bbox 1480 2801 1748 2870; x_wconf 87' lang='lat' dir='ltr'><strong>epulantis</strong></span> <span class='ocrx_word' id='word_1_332' title='bbox 1774 2811 1829 2857; x_wconf 92' lang='lat' dir='ltr'><strong>et</strong></span> <span class='ocrx_word' id='word_1_333' title='bbox 1871 2804 1941 2857; x_wconf 91' lang='lat' dir='ltr'><strong>ad</strong></span> 
     </span>
    </p>
   </div>
   <div class='ocr_carea' id='block_1_35' title="bbox 341 2880 1963 2961">
    <p class='ocr_par' dir='ltr' id='par_1_35' title="bbox 341 2880 1963 2961">
     <span class='ocr_line' id='line_1_35' title="bbox 341 2880 1963 2961; baseline 0.004 -21"><span class='ocrx_word' id='word_1_334' title='bbox 341 2880 559 2943; x_wconf 89' lang='lat' dir='ltr'><strong>Patrem</strong></span> <span class='ocrx_word' id='word_1_335' title='bbox 589 2903 745 2943; x_wconf 88' lang='lat' dir='ltr'><strong>suum</strong></span> <span class='ocrx_word' id='word_1_336' title='bbox 774 2889 1057 2944; x_wconf 83' lang='lat' dir='ltr'><strong>redeuntis</strong></span> <span class='ocrx_word' id='word_1_337' title='bbox 1086 2890 1405 2945; x_wconf 87' lang='lat' dir='ltr'><strong>catholicam</strong></span> <span class='ocrx_word' id='word_1_338' title='bbox 1437 2892 1490 2946; x_wconf 94' lang='lat' dir='ltr'><strong>in</strong></span> <span class='ocrx_word' id='word_1_339' title='bbox 1522 2892 1624 2946; x_wconf 90' lang='lat' dir='ltr'><strong>ﬁde</strong></span> <span class='ocrx_word' id='word_1_340' title='bbox 1659 2891 1897 2961; x_wconf 88' lang='lat' dir='ltr'><strong>perfecta</strong></span> <span class='ocrx_word' id='word_1_341' title='bbox 1918 2882 1963 2958; x_wconf 68' lang='grc'><em>,’</em></span> 
     </span>
    </p>
   </div>
   <div class='ocr_carea' id='block_1_36' title="bbox 342 2976 1940 3048">
    <p class='ocr_par' dir='ltr' id='par_1_36' title="bbox 342 2976 1940 3048">
     <span class='ocr_line' id='line_1_36' title="bbox 342 2976 1940 3048; baseline 0.004 -18"><span class='ocrx_word' id='word_1_342' title='bbox 342 2976 509 3047; x_wconf 91' lang='lat' dir='ltr'><strong>inque</strong></span> <span class='ocrx_word' id='word_1_343' title='bbox 534 2977 555 3008; x_wconf 81' lang='lat'><strong><em>&quot;</em></strong></span> <span class='ocrx_word' id='word_1_344' title='bbox 583 2978 846 3048; x_wconf 89' lang='lat' dir='ltr'><strong>spirituali</strong></span> <span class='ocrx_word' id='word_1_345' title='bbox 875 2980 1182 3048; x_wconf 81' lang='lat' dir='ltr'><strong>cognitione</strong></span> <span class='ocrx_word' id='word_1_346' title='bbox 1206 2980 1449 3036; x_wconf 88' lang='lat' dir='ltr'><strong>veritatis</strong></span> <span class='ocrx_word' id='word_1_347' title='bbox 1475 2982 1810 3047; x_wconf 82' lang='lat' dir='ltr'><strong>harmoniam</strong></span> <span class='ocrx_word' id='word_1_348' title='bbox 1831 3022 1845 3048; x_wconf 90' lang='lat'><strong>,</strong></span> <span class='ocrx_word' id='word_1_349' title='bbox 1874 2996 1940 3036; x_wconf 88' lang='lat' dir='ltr'><strong>ac</strong></span> 
     </span>
    </p>
   </div>
   <div class='ocr_carea' id='block_1_37' title="bbox 342 3067 1933 3140">
    <p class='ocr_par' dir='ltr' id='par_1_37' title="bbox 342 3067 1933 3140">
     <span class='ocr_line' id='line_1_37' title="bbox 342 3067 1933 3140; baseline 0.001 -18"><span class='ocrx_word' id='word_1_350' title='bbox 342 3067 411 3122; x_wconf 89' lang='lat' dir='ltr'><strong>de</strong></span> <span class='ocrx_word' id='word_1_351' title='bbox 442 3084 573 3124; x_wconf 88' lang='lat' dir='ltr'><strong>suae</strong></span> <span class='ocrx_word' id='word_1_352' title='bbox 602 3069 869 3125; x_wconf 88' lang='lat' dir='ltr'><strong>libertatis</strong></span> <span class='ocrx_word' id='word_1_353' title='bbox 895 3078 951 3124; x_wconf 91' lang='lat' dir='ltr'><strong>et</strong></span> <span class='ocrx_word' id='word_1_354' title='bbox 982 3071 1371 3140; x_wconf 87' lang='lat' dir='ltr'><strong>redemptionis</strong></span> <span class='ocrx_word' id='word_1_355' title='bbox 1394 3085 1616 3126; x_wconf 90' lang='lat' dir='ltr'><strong>munere</strong></span> <span class='ocrx_word' id='word_1_356' title='bbox 1646 3071 1933 3126; x_wconf 89' lang='lat' dir='ltr'><strong>laetitiam.</strong></span> 
     </span>
    </p>
   </div>
   <div class='ocr_carea' id='block_1_38' title="bbox 2047 1891 3631 1963">
    <p class='ocr_par' dir='ltr' id='par_1_38' title="bbox 2047 1891 3631 1963">
     <span class='ocr_line' id='line_1_38' title="bbox 2047 1891 3631 1963; baseline -0.001 -16"><span class='ocrx_word' id='word_1_357' title='bbox 2047 1893 2387 1963; x_wconf 88' lang='lat' dir='ltr'><strong>eandemque</strong></span> <span class='ocrx_word' id='word_1_358' title='bbox 2408 1891 2764 1962; x_wconf 85' lang='lat' dir='ltr'><strong>expositionis</strong></span> <span class='ocrx_word' id='word_1_359' title='bbox 2788 1892 3022 1962; x_wconf 89' lang='lat' dir='ltr'><strong>speciem</strong></span> <span class='ocrx_word' id='word_1_360' title='bbox 3043 1892 3249 1962; x_wconf 90' lang='lat' dir='ltr'><strong>absque</strong></span> <span class='ocrx_word' id='word_1_361' title='bbox 3265 1891 3375 1947; x_wconf 90' lang='lat' dir='ltr'><strong>ullo</strong></span> <span class='ocrx_word' id='word_1_362' title='bbox 3401 1891 3631 1945; x_wconf 78' lang='lat' dir='ltr'><strong>transitu</strong></span> 
     </span>
    </p>
   </div>
   <div class='ocr_carea' id='block_1_39' title="bbox 2048 1980 3634 2053">
    <p class='ocr_par' dir='ltr' id='par_1_39' title="bbox 2048 1980 3634 2053">
     <span class='ocr_line' id='line_1_39' title="bbox 2048 1980 3634 2053; baseline -0.002 -16"><span class='ocrx_word' id='word_1_363' title='bbox 2048 1983 2102 2037; x_wconf 92' lang='lat' dir='ltr'><strong>in</strong></span> <span class='ocrx_word' id='word_1_364' title='bbox 2147 1983 2388 2037; x_wconf 86' lang='lat' dir='ltr'><strong>diversas</strong></span> <span class='ocrx_word' id='word_1_365' title='bbox 2430 1980 2781 2053; x_wconf 86' lang='lat' dir='ltr'><strong>ﬁgurationes</strong></span> <span class='ocrx_word' id='word_1_366' title='bbox 2820 1982 3175 2052; x_wconf 88' lang='lat' dir='ltr'><strong>sequentibus</strong></span> <span class='ocrx_word' id='word_1_367' title='bbox 3215 1991 3305 2035; x_wconf 89' lang='lat' dir='ltr'><strong>aut</strong></span> <span class='ocrx_word' id='word_1_368' title='bbox 3350 1995 3503 2035; x_wconf 85' lang='lat' dir='ltr'><strong>error</strong></span> <span class='ocrx_word' id='word_1_369' title='bbox 3540 1986 3634 2034; x_wconf 88' lang='lat' dir='ltr'><strong>aut</strong></span> 
     </span>
    </p>
   </div>
   <div class='ocr_carea' id='block_1_40' title="bbox 2048 2069 3634 2141">
    <p class='ocr_par' dir='ltr' id='par_1_40' title="bbox 2048 2069 3634 2141">
     <span class='ocr_line' id='line_1_40' title="bbox 2048 2069 3634 2141; baseline -0.003 -13"><span class='ocrx_word' id='word_1_370' title='bbox 2048 2075 2287 2128; x_wconf 70' lang='lat' dir='ltr'><strong>maxima</strong></span> <span class='ocrx_word' id='word_1_371' title='bbox 2339 2071 2625 2127; x_wconf 81' lang='lat' dir='ltr'><strong>ditlicultas</strong></span> <span class='ocrx_word' id='word_1_372' title='bbox 2676 2072 2982 2128; x_wconf 86' lang='lat' dir='ltr'><strong>innascitur</strong></span> <span class='ocrx_word' id='word_1_373' title='bbox 3028 2069 3462 2141; x_wconf 88' lang='lat' dir='ltr'><strong>interpretandi;</strong></span> <span class='ocrx_word' id='word_1_374' title='bbox 3509 2084 3634 2124; x_wconf 87' lang='lat' dir='ltr'><strong>con-</strong></span> 
     </span>
    </p>
   </div>
   <div class='ocr_carea' id='block_1_41' title="bbox 2047 2160 3633 2232">
    <p class='ocr_par' dir='ltr' id='par_1_41' title="bbox 2047 2160 3633 2232">
     <span class='ocr_line' id='line_1_41' title="bbox 2047 2160 3633 2232; baseline -0.003 -13"><span class='ocrx_word' id='word_1_375' title='bbox 2047 2172 2334 2219; x_wconf 86' lang='lat' dir='ltr'><strong>catenatus</strong></span> <span class='ocrx_word' id='word_1_376' title='bbox 2364 2163 2563 2232; x_wconf 88' lang='lat' dir='ltr'><strong>quippe</strong></span> <span class='ocrx_word' id='word_1_377' title='bbox 2590 2170 2673 2217; x_wconf 91' lang='lat' dir='ltr'><strong>est</strong></span> <span class='ocrx_word' id='word_1_378' title='bbox 2709 2162 2925 2217; x_wconf 87' lang='lat' dir='ltr'><strong>divinae</strong></span> <span class='ocrx_word' id='word_1_379' title='bbox 2957 2160 3274 2231; x_wconf 90' lang='lat' dir='ltr'><strong>Scripturae</strong></span> <span class='ocrx_word' id='word_1_380' title='bbox 3305 2168 3594 2215; x_wconf 84' lang='lat' dir='ltr'><strong>contextus</strong></span> <span class='ocrx_word' id='word_1_381' title='bbox 3616 2198 3633 2225; x_wconf 92' lang='lat'><strong>,</strong></span> 
     </span>
    </p>
   </div>
   <div class='ocr_carea' id='block_1_42' title="bbox 2047 2250 3637 2325">
    <p class='ocr_par' dir='ltr' id='par_1_42' title="bbox 2047 2250 3637 2325">
     <span class='ocr_line' id='line_1_42' title="bbox 2047 2250 3637 2325; baseline -0.003 -15"><span class='ocrx_word' id='word_1_382' title='bbox 2047 2254 2457 2325; x_wconf 90' lang='lat' dir='ltr'><strong>Daedalicisque</strong></span> <span class='ocrx_word' id='word_1_383' title='bbox 2506 2254 2845 2309; x_wconf 90' lang='lat' dir='ltr'><strong>diverticulis</strong></span> <span class='ocrx_word' id='word_1_384' title='bbox 2881 2262 2937 2309; x_wconf 91' lang='lat' dir='ltr'><strong>et</strong></span> <span class='ocrx_word' id='word_1_385' title='bbox 2970 2252 3380 2323; x_wconf 90' lang='lat' dir='ltr'><strong>obliquitatibus</strong></span> <span class='ocrx_word' id='word_1_386' title='bbox 3424 2250 3637 2321; x_wconf 57' lang='lat' dir='ltr'><strong>perplec</strong></span> 
     </span>
    </p>
   </div>
   <div class='ocr_carea' id='block_1_43' title="bbox 2047 2339 3633 2415">
    <p class='ocr_par' dir='ltr' id='par_1_43' title="bbox 2047 2339 3633 2415">
     <span class='ocr_line' id='line_1_43' title="bbox 2047 2339 3633 2415; baseline -0.004 -14"><span class='ocrx_word' id='word_1_387' title='bbox 2047 2361 2168 2401; x_wconf 82' lang='lat' dir='ltr'><strong>xus.</strong></span> <span class='ocrx_word' id='word_1_388' title='bbox 2202 2345 2389 2415; x_wconf 87' lang='lat' dir='ltr'><strong>Neque</strong></span> <span class='ocrx_word' id='word_1_389' title='bbox 2420 2345 2525 2398; x_wconf 93' lang='lat' dir='ltr'><strong>hoc</strong></span> <span class='ocrx_word' id='word_1_390' title='bbox 2552 2342 2791 2414; x_wconf 88' lang='lat' dir='ltr'><strong>Spiritus</strong></span> <span class='ocrx_word' id='word_1_391' title='bbox 2819 2351 3042 2399; x_wconf 91' lang='lat' dir='ltr'><strong>sanctus</strong></span> <span class='ocrx_word' id='word_1_392' title='bbox 3069 2342 3271 2397; x_wconf 85' lang='lat' dir='ltr'><strong>invidia</strong></span> <span class='ocrx_word' id='word_1_393' title='bbox 3301 2340 3471 2396; x_wconf 87' lang='lat' dir='ltr'><strong>voluit</strong></span> <span class='ocrx_word' id='word_1_394' title='bbox 3491 2339 3633 2395; x_wconf 74' lang='lat' dir='ltr'><strong>&quot;in-</strong></span> 
     </span>
    </p>
   </div>
   <div class='ocr_carea' id='block_1_44' title="bbox 2048 2431 3634 2506">
    <p class='ocr_par' dir='ltr' id='par_1_44' title="bbox 2048 2431 3634 2506">
     <span class='ocr_line' id='line_1_44' title="bbox 2048 2431 3634 2506; baseline -0.001 -18"><span class='ocrx_word' id='word_1_395' title='bbox 2048 2434 2361 2506; x_wconf 89' lang='lat' dir='ltr'><strong>telligendi,</strong></span> <span class='ocrx_word' id='word_1_396' title='bbox 2391 2434 2535 2503; x_wconf 88' lang='lat' dir='ltr'><strong>quod</strong></span> <span class='ocrx_word' id='word_1_397' title='bbox 2589 2434 2735 2490; x_wconf 90' lang='lat' dir='ltr'><strong>absit</strong></span> <span class='ocrx_word' id='word_1_398' title='bbox 2781 2434 3127 2501; x_wconf 83' lang='lat' dir='ltr'><strong>existimari,</strong></span> <span class='ocrx_word' id='word_1_399' title='bbox 3176 2432 3270 2489; x_wconf 89' lang='lat' dir='ltr'><strong>sed</strong></span> <span class='ocrx_word' id='word_1_400' title='bbox 3313 2431 3492 2487; x_wconf 90' lang='lat' dir='ltr'><strong>studio</strong></span> <span class='ocrx_word' id='word_1_401' title='bbox 3535 2446 3634 2487; x_wconf 87' lang='lat' dir='ltr'><strong>no-</strong></span> 
     </span>
    </p>
   </div>
   <div class='ocr_carea' id='block_1_45' title="bbox 2047 2524 3634 2597">
    <p class='ocr_par' dir='ltr' id='par_1_45' title="bbox 2047 2524 3634 2597">
     <span class='ocr_line' id='line_1_45' title="bbox 2047 2524 3634 2597; baseline -0.001 -15"><span class='ocrx_word' id='word_1_402' title='bbox 2047 2536 2215 2583; x_wconf 91' lang='lat' dir='ltr'><strong>stram</strong></span> <span class='ocrx_word' id='word_1_403' title='bbox 2264 2526 2684 2597; x_wconf 85' lang='lat' dir='ltr'><strong>intelligentiam</strong></span> <span class='ocrx_word' id='word_1_404' title='bbox 2733 2526 3042 2592; x_wconf 77' lang='lat' dir='ltr'><strong>exercendi,</strong></span> <span class='ocrx_word' id='word_1_405' title='bbox 3085 2524 3403 2593; x_wconf 85' lang='lat' dir='ltr'><strong>sudorisque</strong></span> <span class='ocrx_word' id='word_1_406' title='bbox 3452 2531 3506 2580; x_wconf 90' lang='lat' dir='ltr'><strong>et</strong></span> <span class='ocrx_word' id='word_1_407' title='bbox 3549 2525 3634 2581; x_wconf 89' lang='lat' dir='ltr'><strong>in-</strong></span> 
     </span>
    </p>
   </div>
   <div class='ocr_carea' id='block_1_46' title="bbox 2045 2612 3634 2687">
    <p class='ocr_par' dir='ltr' id='par_1_46' title="bbox 2045 2612 3634 2687">
     <span class='ocr_line' id='line_1_46' title="bbox 2045 2612 3634 2687; baseline 0 -20"><span class='ocrx_word' id='word_1_408' title='bbox 2045 2612 2317 2670; x_wconf 89' lang='lat' dir='ltr'><strong>ventionis</strong></span> <span class='ocrx_word' id='word_1_409' title='bbox 2338 2614 2565 2684; x_wconf 85' lang='lat' dir='ltr'><strong>praemii</strong></span> <span class='ocrx_word' id='word_1_410' title='bbox 2597 2613 2890 2679; x_wconf 89' lang='lat' dir='ltr'><strong>reddendi;</strong></span> <span class='ocrx_word' id='word_1_411' title='bbox 2923 2615 3224 2683; x_wconf 87' lang='lat' dir='ltr'><strong>praemium</strong></span> <span class='ocrx_word' id='word_1_412' title='bbox 3252 2616 3450 2687; x_wconf 89' lang='lat' dir='ltr'><strong>quippe</strong></span> <span class='ocrx_word' id='word_1_413' title='bbox 3471 2621 3553 2670; x_wconf 89' lang='lat' dir='ltr'><strong>est</strong></span> <span class='ocrx_word' id='word_1_414' title='bbox 3578 2612 3634 2668; x_wconf 91' lang='lat' dir='ltr'><strong>in</strong></span> 
     </span>
    </p>
   </div>
   <div class='ocr_carea' id='block_1_47' title="bbox 2045 2703 3635 2777">
    <p class='ocr_par' dir='ltr' id='par_1_47' title="bbox 2045 2703 3635 2777">
     <span class='ocr_line' id='line_1_47' title="bbox 2045 2703 3635 2777; baseline -0.002 -16"><span class='ocrx_word' id='word_1_415' title='bbox 2045 2720 2200 2761; x_wconf 89' lang='lat' dir='ltr'><strong>sacra</strong></span> <span class='ocrx_word' id='word_1_416' title='bbox 2233 2703 2516 2775; x_wconf 84' lang='lat' dir='ltr'><strong>Scriptura</strong></span> <span class='ocrx_word' id='word_1_417' title='bbox 2549 2703 2906 2760; x_wconf 88' lang='lat' dir='ltr'><strong>laborantium</strong></span> <span class='ocrx_word' id='word_1_418' title='bbox 2937 2719 3073 2775; x_wconf 88' lang='lat' dir='ltr'><strong>pura</strong></span> <span class='ocrx_word' id='word_1_419' title='bbox 3100 2705 3449 2777; x_wconf 79' lang='lat' dir='ltr'><strong>perfectaque</strong></span> <span class='ocrx_word' id='word_1_420' title='bbox 3477 2704 3635 2760; x_wconf 87' lang='lat' dir='ltr'><strong>intel-</strong></span> 
     </span>
    </p>
   </div>
   <div class='ocr_carea' id='block_1_48' title="bbox 2044 2794 3630 2868">
    <p class='ocr_par' dir='ltr' id='par_1_48' title="bbox 2044 2794 3630 2868">
     <span class='ocr_line' id='line_1_48' title="bbox 2044 2794 3630 2868; baseline -0.002 -18"><span class='ocrx_word' id='word_1_421' title='bbox 2044 2796 2289 2868; x_wconf 86' lang='lat' dir='ltr'><strong>ligentia.</strong></span> <span class='ocrx_word' id='word_1_422' title='bbox 2321 2796 2365 2851; x_wconf 92' lang='grc' dir='ltr'><strong>Ο</strong></span> <span class='ocrx_word' id='word_1_423' title='bbox 2394 2795 2617 2851; x_wconf 82' lang='lat' dir='ltr'><strong>Domine</strong></span> <span class='ocrx_word' id='word_1_424' title='bbox 2660 2794 2822 2863; x_wconf 84' lang='lat' dir='ltr'><strong>Jcsu,</strong></span> <span class='ocrx_word' id='word_1_425' title='bbox 2869 2795 3071 2850; x_wconf 88' lang='lat' dir='ltr'><strong>nullum</strong></span> <span class='ocrx_word' id='word_1_426' title='bbox 3118 2796 3262 2851; x_wconf 91' lang='lat' dir='ltr'><strong>aliud</strong></span> <span class='ocrx_word' id='word_1_427' title='bbox 3304 2795 3630 2866; x_wconf 86' lang='lat' dir='ltr'><strong>praemium,</strong></span> 
     </span>
    </p>
   </div>
   <div class='ocr_carea' id='block_1_49' title="bbox 2044 2884 3632 2958">
    <p class='ocr_par' dir='ltr' id='par_1_49' title="bbox 2044 2884 3632 2958">
     <span class='ocr_line' id='line_1_49' title="bbox 2044 2884 3632 2958; baseline -0.001 -17"><span class='ocrx_word' id='word_1_428' title='bbox 2044 2886 2247 2941; x_wconf 88' lang='lat' dir='ltr'><strong>nullam</strong></span> <span class='ocrx_word' id='word_1_429' title='bbox 2277 2886 2438 2941; x_wconf 86' lang='lat' dir='ltr'><strong>aliam</strong></span> <span class='ocrx_word' id='word_1_430' title='bbox 2487 2885 2875 2941; x_wconf 83' lang='lat' dir='ltr'><strong>beatitudinem</strong></span> <span class='ocrx_word' id='word_1_431' title='bbox 2901 2927 2916 2952; x_wconf 93' lang='lat'><strong>,</strong></span> <span class='ocrx_word' id='word_1_432' title='bbox 2954 2885 3160 2941; x_wconf 88' lang='lat' dir='ltr'><strong>nullum</strong></span> <span class='ocrx_word' id='word_1_433' title='bbox 3192 2885 3338 2941; x_wconf 89' lang='lat' dir='ltr'><strong>aliud</strong></span> <span class='ocrx_word' id='word_1_434' title='bbox 3377 2884 3632 2958; x_wconf 89' lang='lat' dir='ltr'><strong>gaudium</strong></span> 
     </span>
    </p>
   </div>
   <div class='ocr_carea' id='block_1_50' title="bbox 2043 2975 3632 3048">
    <p class='ocr_par' dir='ltr' id='par_1_50' title="bbox 2043 2975 3632 3048">
     <span class='ocr_line' id='line_1_50' title="bbox 2043 2975 3632 3048; baseline -0.001 -17"><span class='ocrx_word' id='word_1_435' title='bbox 2043 2993 2074 3031; x_wconf 93' lang='lat' dir='ltr'><strong>a</strong></span> <span class='ocrx_word' id='word_1_436' title='bbox 2105 2986 2155 3033; x_wconf 92' lang='lat' dir='ltr'><strong>te</strong></span> <span class='ocrx_word' id='word_1_437' title='bbox 2189 2977 2420 3048; x_wconf 90' lang='lat' dir='ltr'><strong>postulo,</strong></span> <span class='ocrx_word' id='word_1_438' title='bbox 2454 2977 2561 3031; x_wconf 90' lang='lat' dir='ltr'><strong>nisi</strong></span> <span class='ocrx_word' id='word_1_439' title='bbox 2591 2985 2652 3031; x_wconf 88' lang='lat' dir='ltr'><strong>ut</strong></span> <span class='ocrx_word' id='word_1_440' title='bbox 2696 2977 2765 3033; x_wconf 91' lang='lat' dir='ltr'><strong>ad</strong></span> <span class='ocrx_word' id='word_1_441' title='bbox 2811 2991 3006 3047; x_wconf 87' lang='lat' dir='ltr'><strong>purum</strong></span> <span class='ocrx_word' id='word_1_442' title='bbox 3060 2977 3262 3048; x_wconf 88' lang='lat' dir='ltr'><strong>absque</strong></span> <span class='ocrx_word' id='word_1_443' title='bbox 3305 2975 3413 3031; x_wconf 91' lang='lat' dir='ltr'><strong>ullo</strong></span> <span class='ocrx_word' id='word_1_444' title='bbox 3441 2988 3632 3030; x_wconf 85' lang='lat' dir='ltr'><strong>errore</strong></span> 
     </span>
    </p>
   </div>
   <div class='ocr_carea' id='block_1_51' title="bbox 2044 3067 3630 3139">
    <p class='ocr_par' dir='ltr' id='par_1_51' title="bbox 2044 3067 3630 3139">
     <span class='ocr_line' id='line_1_51' title="bbox 2044 3067 3630 3139; baseline -0.002 -16"><span class='ocrx_word' id='word_1_445' title='bbox 2044 3068 2254 3124; x_wconf 86' lang='lat' dir='ltr'><strong>fallacis</strong></span> <span class='ocrx_word' id='word_1_446' title='bbox 2283 3067 2525 3123; x_wconf 87' lang='lat' dir='ltr'><strong>theoriae</strong></span> <span class='ocrx_word' id='word_1_447' title='bbox 2560 3069 2724 3123; x_wconf 85' lang='lat' dir='ltr'><strong>verba</strong></span> <span class='ocrx_word' id='word_1_448' title='bbox 2766 3076 2877 3135; x_wconf 88' lang='lat' dir='ltr'><strong>tua,</strong></span> <span class='ocrx_word' id='word_1_449' title='bbox 2905 3083 3046 3139; x_wconf 88' lang='lat' dir='ltr'><strong>quae</strong></span> <span class='ocrx_word' id='word_1_450' title='bbox 3072 3081 3170 3138; x_wconf 92' lang='lat' dir='ltr'><strong>per</strong></span> <span class='ocrx_word' id='word_1_451' title='bbox 3200 3078 3350 3122; x_wconf 92' lang='lat' dir='ltr'><strong>tuum</strong></span> <span class='ocrx_word' id='word_1_452' title='bbox 3381 3070 3630 3121; x_wconf 88' lang='lat' dir='ltr'><strong>sanctutn</strong></span> 
     </span>
    </p>
   </div>
   <div class='ocr_carea' id='block_1_52' title="bbox 343 3133 3631 3229">
    <p class='ocr_par' dir='ltr' id='par_1_52' title="bbox 343 3133 3631 3229">
     <span class='ocr_line' id='line_1_52' title="bbox 343 3133 3631 3229; baseline -0.001 -15"><span class='ocrx_word' id='word_1_453' title='bbox 343 3159 414 3214; x_wconf 86' lang='lat' dir='ltr'><strong>Et</strong></span> <span class='ocrx_word' id='word_1_454' title='bbox 441 3159 512 3214; x_wconf 93' lang='lat' dir='ltr'><strong>oh</strong></span> <span class='ocrx_word' id='word_1_455' title='bbox 537 3160 641 3215; x_wconf 91' lang='lat' dir='ltr'><strong>hoc</strong></span> <span class='ocrx_word' id='word_1_456' title='bbox 668 3159 868 3214; x_wconf 83' lang='lat' dir='ltr'><strong>invidia</strong></span> <span class='ocrx_word' id='word_1_457' title='bbox 900 3133 1203 3215; x_wconf 76' lang='lat' dir='ltr'><strong>commotus</strong></span> <span class='ocrx_word' id='word_1_458' title='bbox 1244 3159 1398 3215; x_wconf 81' lang='lat' dir='ltr'><strong>fratri</strong></span> <span class='ocrx_word' id='word_1_459' title='bbox 1438 3175 1537 3217; x_wconf 92' lang='lat' dir='ltr'><strong>suo</strong></span> <span class='ocrx_word' id='word_1_460' title='bbox 1581 3160 1935 3216; x_wconf 90' lang='lat' dir='ltr'><strong>similitudine</strong></span> <span class='ocrx_word' id='word_1_461' title='bbox 1962 3133 2011 3195; x_wconf 73' lang='lat' dir='ltr'>C</span> <span class='ocrx_word' id='word_1_462' title='bbox 2042 3158 2303 3229; x_wconf 84' lang='lat' dir='ltr'><strong>Spiritum</strong></span> <span class='ocrx_word' id='word_1_463' title='bbox 2336 3158 2598 3227; x_wconf 89' lang='lat' dir='ltr'><strong>inspirata</strong></span> <span class='ocrx_word' id='word_1_464' title='bbox 2629 3166 2784 3225; x_wconf 90' lang='lat' dir='ltr'><strong>sunt,</strong></span> <span class='ocrx_word' id='word_1_465' title='bbox 2828 3133 3142 3229; x_wconf 75' lang='lat' dir='ltr'><strong>intelligam.</strong></span> <span class='ocrx_word' id='word_1_466' title='bbox 3189 3156 3335 3213; x_wconf 84' lang='lat' dir='ltr'><strong>Haec</strong></span> <span class='ocrx_word' id='word_1_467' title='bbox 3364 3165 3448 3213; x_wconf 90' lang='lat' dir='ltr'><strong>est</strong></span> <span class='ocrx_word' id='word_1_468' title='bbox 3482 3155 3631 3212; x_wconf 85' lang='lat' dir='ltr'><strong>enim</strong></span> 
     </span>
    </p>
   </div>
   <div class='ocr_carea' id='block_1_53' title="bbox 344 3251 1958 3326">
    <p class='ocr_par' dir='ltr' id='par_1_53' title="bbox 344 3251 1958 3326">
     <span class='ocr_line' id='line_1_53' title="bbox 344 3251 1958 3326; baseline 0.003 -22"><span class='ocrx_word' id='word_1_469' title='bbox 344 3258 583 3306; x_wconf 90' lang='lat' dir='ltr'><strong>naturae</strong></span> <span class='ocrx_word' id='word_1_470' title='bbox 601 3293 616 3318; x_wconf 93' lang='lat'><strong>,</strong></span> <span class='ocrx_word' id='word_1_471' title='bbox 650 3251 872 3307; x_wconf 91' lang='lat' dir='ltr'><strong>inimico</strong></span> <span class='ocrx_word' id='word_1_472' title='bbox 901 3265 1034 3306; x_wconf 92' lang='lat' dir='ltr'><strong>vero</strong></span> <span class='ocrx_word' id='word_1_473' title='bbox 1062 3253 1497 3309; x_wconf 88' lang='lat' dir='ltr'><strong>dissimilitudine</strong></span> <span class='ocrx_word' id='word_1_474' title='bbox 1525 3252 1782 3310; x_wconf 77' lang='lat' dir='ltr'><strong>Iudaicae</strong></span> <span class='ocrx_word' id='word_1_475' title='bbox 1812 3251 1958 3326; x_wconf 50' lang='lat' dir='ltr'><strong>per-5</strong></span> 
     </span>
    </p>
   </div>
   <div class='ocr_carea' id='block_1_54' title="bbox 339 3338 1955 3418">
    <p class='ocr_par' dir='ltr' id='par_1_54' title="bbox 339 3338 1955 3418">
     <span class='ocr_line' id='line_1_54' title="bbox 339 3338 1955 3418; baseline 0.005 -24"><span class='ocrx_word' id='word_1_476' title='bbox 339 3340 504 3396; x_wconf 86' lang='lat' dir='ltr'><strong>ﬁdiae</strong></span> <span class='ocrx_word' id='word_1_477' title='bbox 551 3350 605 3396; x_wconf 93' lang='lat' dir='ltr'><strong>et</strong></span> <span class='ocrx_word' id='word_1_478' title='bbox 634 3341 980 3398; x_wconf 89' lang='lat' dir='ltr'><strong>Christianae</strong></span> <span class='ocrx_word' id='word_1_479' title='bbox 1008 3343 1286 3414; x_wconf 83' lang='lat' dir='ltr'><strong>religionis</strong></span> <span class='ocrx_word' id='word_1_480' title='bbox 1314 3346 1586 3412; x_wconf 88' lang='lat' dir='ltr'><strong>irascitur,</strong></span> <span class='ocrx_word' id='word_1_481' title='bbox 1617 3338 1955 3418; x_wconf 72' lang='lat' dir='ltr'><strong>patremque</strong></span> 
     </span>
    </p>
   </div>
   <div class='ocr_carea' id='block_1_55' title="bbox 339 3431 1937 3509">
    <p class='ocr_par' dir='ltr' id='par_1_55' title="bbox 339 3431 1937 3509">
     <span class='ocr_line' id='line_1_55' title="bbox 339 3431 1937 3509; baseline 0.006 -24"><span class='ocrx_word' id='word_1_482' title='bbox 339 3444 497 3485; x_wconf 88' lang='lat' dir='ltr'><strong>suum</strong></span> <span class='ocrx_word' id='word_1_483' title='bbox 526 3431 593 3486; x_wconf 90' lang='lat' dir='ltr'><strong>de</strong></span> <span class='ocrx_word' id='word_1_484' title='bbox 612 3432 937 3502; x_wconf 74' lang='lat' dir='ltr'><strong>receptione</strong></span> <span class='ocrx_word' id='word_1_485' title='bbox 960 3433 1088 3499; x_wconf 92' lang='lat' dir='ltr'><strong>ﬁlii,</strong></span> <span class='ocrx_word' id='word_1_486' title='bbox 1118 3435 1208 3504; x_wconf 92' lang='lat' dir='ltr'><strong>qui</strong></span> <span class='ocrx_word' id='word_1_487' title='bbox 1237 3436 1376 3490; x_wconf 89' lang='lat' dir='ltr'><strong>bona</strong></span> <span class='ocrx_word' id='word_1_488' title='bbox 1404 3444 1633 3492; x_wconf 90' lang='lat' dir='ltr'><strong>naturae</strong></span> <span class='ocrx_word' id='word_1_489' title='bbox 1662 3451 1794 3493; x_wconf 91' lang='lat' dir='ltr'><strong>suae</strong></span> <span class='ocrx_word' id='word_1_490' title='bbox 1817 3454 1937 3509; x_wconf 90' lang='lat' dir='ltr'><strong>per-</strong></span> 
     </span>
    </p>
   </div>
   <div class='ocr_carea' id='block_1_56' title="bbox 338 3521 1936 3595">
    <p class='ocr_par' dir='ltr' id='par_1_56' title="bbox 338 3521 1936 3595">
     <span class='ocr_line' id='line_1_56' title="bbox 338 3521 1936 3595; baseline 0.006 -20"><span class='ocrx_word' id='word_1_491' title='bbox 338 3521 505 3586; x_wconf 85' lang='lat' dir='ltr'><strong>didit,</strong></span> <span class='ocrx_word' id='word_1_492' title='bbox 536 3521 813 3593; x_wconf 88' lang='lat' dir='ltr'><strong>increpat,</strong></span> <span class='ocrx_word' id='word_1_493' title='bbox 846 3525 972 3578; x_wconf 90' lang='lat' dir='ltr'><strong>dum</strong></span> <span class='ocrx_word' id='word_1_494' title='bbox 1002 3523 1125 3594; x_wconf 87' lang='lat' dir='ltr'><strong>plus</strong></span> <span class='ocrx_word' id='word_1_495' title='bbox 1154 3524 1269 3595; x_wconf 91' lang='lat' dir='ltr'><strong>ipse</strong></span> <span class='ocrx_word' id='word_1_496' title='bbox 1300 3534 1526 3581; x_wconf 89' lang='lat' dir='ltr'><strong>naturae</strong></span> <span class='ocrx_word' id='word_1_497' title='bbox 1556 3542 1689 3584; x_wconf 91' lang='lat' dir='ltr'><strong>suae</strong></span> <span class='ocrx_word' id='word_1_498' title='bbox 1715 3529 1936 3585; x_wconf 89' lang='lat' dir='ltr'><strong>divitias</strong></span> 
     </span>
    </p>
   </div>
   <div class='ocr_carea' id='block_1_57' title="bbox 339 3610 1955 3681">
    <p class='ocr_par' dir='ltr' id='par_1_57' title="bbox 339 3610 1955 3681">
     <span class='ocr_line' id='line_1_57' title="bbox 339 3610 1955 3681; baseline 0.004 -17"><span class='ocrx_word' id='word_1_499' title='bbox 339 3610 598 3680; x_wconf 82' lang='lat' dir='ltr'><strong>dissipat,</strong></span> <span class='ocrx_word' id='word_1_500' title='bbox 628 3612 720 3681; x_wconf 88' lang='lat' dir='ltr'><strong>qui</strong></span> <span class='ocrx_word' id='word_1_501' title='bbox 749 3613 967 3668; x_wconf 91' lang='lat' dir='ltr'><strong>unicum</strong></span> <span class='ocrx_word' id='word_1_502' title='bbox 998 3612 1094 3679; x_wconf 80' lang='lat' dir='ltr'><strong>Dei</strong></span> <span class='ocrx_word' id='word_1_503' title='bbox 1124 3613 1323 3669; x_wconf 90' lang='lat' dir='ltr'><strong>Filium</strong></span> <span class='ocrx_word' id='word_1_504' title='bbox 1357 3614 1674 3670; x_wconf 87' lang='lat' dir='ltr'><strong>Creatorem</strong></span> <span class='ocrx_word' id='word_1_505' title='bbox 1715 3626 1772 3672; x_wconf 91' lang='lat' dir='ltr'><strong>et</strong></span> <span class='ocrx_word' id='word_1_506' title='bbox 1810 3616 1955 3673; x_wconf 71' lang='lat' dir='ltr'><strong>Sal-&#39;</strong></span> 
     </span>
    </p>
   </div>
   <div class='ocr_carea' id='block_1_58' title="bbox 338 3703 1938 3779">
    <p class='ocr_par' dir='ltr' id='par_1_58' title="bbox 338 3703 1938 3779">
     <span class='ocr_line' id='line_1_58' title="bbox 338 3703 1938 3779; baseline 0.008 -26"><span class='ocrx_word' id='word_1_507' title='bbox 338 3709 582 3756; x_wconf 89' lang='lat' dir='ltr'><strong>vatorem</strong></span> <span class='ocrx_word' id='word_1_508' title='bbox 609 3703 853 3757; x_wconf 87' lang='lat' dir='ltr'><strong>omnium</strong></span> <span class='ocrx_word' id='word_1_509' title='bbox 881 3712 1063 3775; x_wconf 85' lang='lat' dir='ltr'><strong>negat.</strong></span> <span class='ocrx_word' id='word_1_510' title='bbox 1095 3703 1296 3760; x_wconf 89' lang='lat' dir='ltr'><strong>Perﬁdi</strong></span> <span class='ocrx_word' id='word_1_511' title='bbox 1330 3705 1597 3776; x_wconf 87' lang='lat' dir='ltr'><strong>siquidem</strong></span> <span class='ocrx_word' id='word_1_512' title='bbox 1625 3706 1813 3764; x_wconf 85' lang='lat' dir='ltr'><strong>Judaei</strong></span> <span class='ocrx_word' id='word_1_513' title='bbox 1838 3725 1938 3779; x_wconf 86' lang='lat' dir='ltr'><strong>per</strong></span> 
     </span>
    </p>
   </div>
   <div class='ocr_carea' id='block_1_59' title="bbox 339 3792 1953 3868">
    <p class='ocr_par' dir='ltr' id='par_1_59' title="bbox 339 3792 1953 3868">
     <span class='ocr_line' id='line_1_59' title="bbox 339 3792 1953 3868; baseline 0.004 -21"><span class='ocrx_word' id='word_1_514' title='bbox 339 3792 623 3858; x_wconf 87' lang='lat' dir='ltr'><strong>invidiam,</strong></span> <span class='ocrx_word' id='word_1_515' title='bbox 642 3792 891 3849; x_wconf 90' lang='lat' dir='ltr'><strong>nationes</strong></span> <span class='ocrx_word' id='word_1_516' title='bbox 912 3803 1094 3849; x_wconf 90' lang='lat' dir='ltr'><strong>autem</strong></span> <span class='ocrx_word' id='word_1_517' title='bbox 1120 3794 1432 3852; x_wconf 89' lang='lat' dir='ltr'><strong>incredulae</strong></span> <span class='ocrx_word' id='word_1_518' title='bbox 1449 3810 1547 3868; x_wconf 87' lang='lat' dir='ltr'><strong>per</strong></span> <span class='ocrx_word' id='word_1_519' title='bbox 1570 3797 1953 3868; x_wconf 86' lang='lat' dir='ltr'><strong>ignorantiam</strong></span> 
     </span>
    </p>
   </div>
   <div class='ocr_carea' id='block_1_60' title="bbox 339 3880 1953 3961">
    <p class='ocr_par' dir='ltr' id='par_1_60' title="bbox 339 3880 1953 3961">
     <span class='ocr_line' id='line_1_60' title="bbox 339 3880 1953 3961; baseline 0.007 -26"><span class='ocrx_word' id='word_1_520' title='bbox 339 3880 583 3937; x_wconf 84' lang='lat' dir='ltr'><strong>Verbum</strong></span> <span class='ocrx_word' id='word_1_521' title='bbox 629 3883 723 3938; x_wconf 89' lang='lat' dir='ltr'><strong>Dei</strong></span> <span class='ocrx_word' id='word_1_522' title='bbox 754 3885 1020 3942; x_wconf 87' lang='lat' dir='ltr'><strong>abnuunt.</strong></span> <span class='ocrx_word' id='word_1_523' title='bbox 1050 3884 1118 3940; x_wconf 90' lang='lat' dir='ltr'><strong>Et</strong></span> <span class='ocrx_word' id='word_1_524' title='bbox 1143 3886 1399 3957; x_wconf 89' lang='lat' dir='ltr'><strong>quoniam</strong></span> <span class='ocrx_word' id='word_1_525' title='bbox 1436 3887 1771 3945; x_wconf 88' lang='lat' dir='ltr'><strong>tolerabilius</strong></span> <span class='ocrx_word' id='word_1_526' title='bbox 1808 3893 1953 3961; x_wconf 78' lang='lat' dir='ltr'><strong>pee-&#39;</strong></span> 
     </span>
    </p>
   </div>
   <div class='ocr_carea' id='block_1_61' title="bbox 340 3977 1935 4053">
    <p class='ocr_par' dir='ltr' id='par_1_61' title="bbox 340 3977 1935 4053">
     <span class='ocr_line' id='line_1_61' title="bbox 340 3977 1935 4053; baseline 0.006 -26"><span class='ocrx_word' id='word_1_527' title='bbox 340 3983 522 4029; x_wconf 90' lang='lat' dir='ltr'><strong>catum</strong></span> <span class='ocrx_word' id='word_1_528' title='bbox 555 3984 641 4033; x_wconf 84' lang='lat' dir='ltr'><strong>est.</strong></span> <span class='ocrx_word' id='word_1_529' title='bbox 671 3977 1010 4047; x_wconf 89' lang='lat' dir='ltr'><strong>ignorantiae</strong></span> <span class='ocrx_word' id='word_1_530' title='bbox 1035 3994 1199 4051; x_wconf 79' lang='lat' dir='ltr'><strong>quam</strong></span> <span class='ocrx_word' id='word_1_531' title='bbox 1231 3981 1467 4036; x_wconf 89' lang='lat' dir='ltr'><strong>invidiae</strong></span> <span class='ocrx_word' id='word_1_532' title='bbox 1488 4022 1503 4047; x_wconf 90' lang='lat'><strong>,</strong></span> <span class='ocrx_word' id='word_1_533' title='bbox 1547 3982 1729 4037; x_wconf 90' lang='lat' dir='ltr'><strong>minus</strong></span> <span class='ocrx_word' id='word_1_534' title='bbox 1758 3984 1935 4053; x_wconf 67' lang='lat' dir='ltr'><strong>genti~</strong></span> 
     </span>
    </p>
   </div>
   <div class='ocr_carea' id='block_1_62' title="bbox 337 4065 1937 4143">
    <p class='ocr_par' dir='ltr' id='par_1_62' title="bbox 337 4065 1937 4143">
     <span class='ocr_line' id='line_1_62' title="bbox 337 4065 1937 4143; baseline 0.006 -24"><span class='ocrx_word' id='word_1_535' title='bbox 337 4065 470 4120; x_wconf 90' lang='lat' dir='ltr'><strong>lium</strong></span> <span class='ocrx_word' id='word_1_536' title='bbox 517 4081 678 4136; x_wconf 90' lang='lat' dir='ltr'><strong>quam</strong></span> <span class='ocrx_word' id='word_1_537' title='bbox 720 4067 1047 4125; x_wconf 82' lang='lat' dir='ltr'><strong>Jttdaeorum</strong></span> <span class='ocrx_word' id='word_1_538' title='bbox 1096 4071 1327 4142; x_wconf 91' lang='lat' dir='ltr'><strong>populus</strong></span> <span class='ocrx_word' id='word_1_539' title='bbox 1373 4072 1649 4127; x_wconf 81' lang='lat' dir='ltr'><strong>naturales</strong></span> <span class='ocrx_word' id='word_1_540' title='bbox 1693 4074 1937 4143; x_wconf 88' lang='lat' dir='ltr'><strong>perdidit</strong></span> 
     </span>
    </p>
   </div>
   <div class='ocr_carea' id='block_1_63' title="bbox 337 4159 1952 4235">
    <p class='ocr_par' dir='ltr' id='par_1_63' title="bbox 337 4159 1952 4235">
     <span class='ocr_line' id='line_1_63' title="bbox 337 4159 1952 4235; baseline 0.007 -24"><span class='ocrx_word' id='word_1_541' title='bbox 337 4159 648 4216; x_wconf 87' lang='lat' dir='ltr'><strong>thesauros.</strong></span> <span class='ocrx_word' id='word_1_542' title='bbox 704 4160 940 4232; x_wconf 84' lang='lat' dir='ltr'><strong>Ideoque</strong></span> <span class='ocrx_word' id='word_1_543' title='bbox 990 4171 1240 4234; x_wconf 85' lang='lat' dir='ltr'><strong>receptae</strong></span> <span class='ocrx_word' id='word_1_544' title='bbox 1290 4172 1415 4220; x_wconf 87' lang='lat' dir='ltr'><strong>sunt</strong></span> <span class='ocrx_word' id='word_1_545' title='bbox 1459 4172 1665 4235; x_wconf 85' lang='lat' dir='ltr'><strong>gentes,</strong></span> <span class='ocrx_word' id='word_1_546' title='bbox 1695 4166 1952 4222; x_wconf 80' lang='lat' dir='ltr'><strong>tenebris</strong></span> 
     </span>
    </p>
   </div>
   <div class='ocr_carea' id='block_1_64' title="bbox 337 4250 1936 4322">
    <p class='ocr_par' dir='ltr' id='par_1_64' title="bbox 337 4250 1936 4322">
     <span class='ocr_line' id='line_1_64' title="bbox 337 4250 1936 4322; baseline 0.005 -18"><span class='ocrx_word' id='word_1_547' title='bbox 337 4250 679 4321; x_wconf 84' lang='lat' dir='ltr'><strong>ignorantiae</strong></span> <span class='ocrx_word' id='word_1_548' title='bbox 723 4254 1039 4322; x_wconf 83' lang='lat' dir='ltr'><strong>absolutae,</strong></span> <span class='ocrx_word' id='word_1_549' title='bbox 1085 4265 1141 4311; x_wconf 89' lang='lat' dir='ltr'><strong>ct</strong></span> <span class='ocrx_word' id='word_1_550' title='bbox 1181 4256 1235 4310; x_wconf 93' lang='lat' dir='ltr'><strong>in</strong></span> <span class='ocrx_word' id='word_1_551' title='bbox 1279 4255 1455 4312; x_wconf 90' lang='lat' dir='ltr'><strong>lucem</strong></span> <span class='ocrx_word' id='word_1_552' title='bbox 1493 4256 1739 4313; x_wconf 89' lang='lat' dir='ltr'><strong>veritatis</strong></span> <span class='ocrx_word' id='word_1_553' title='bbox 1778 4272 1936 4312; x_wconf 88' lang='lat' dir='ltr'><strong>revo-</strong></span> 
     </span>
    </p>
   </div>
   <div class='ocr_carea' id='block_1_65' title="bbox 336 4344 1934 4421">
    <p class='ocr_par' dir='ltr' id='par_1_65' title="bbox 336 4344 1934 4421">
     <span class='ocr_line' id='line_1_65' title="bbox 336 4344 1934 4421; baseline 0.004 -20"><span class='ocrx_word' id='word_1_554' title='bbox 336 4354 531 4401; x_wconf 88' lang='lat' dir='ltr'><strong>catae:</strong></span> <span class='ocrx_word' id='word_1_555' title='bbox 562 4344 751 4403; x_wconf 74' lang='lat' dir='ltr'><strong>Judaéi</strong></span> <span class='ocrx_word' id='word_1_556' title='bbox 784 4364 914 4405; x_wconf 89' lang='lat' dir='ltr'><strong>vero</strong></span> <span class='ocrx_word' id='word_1_557' title='bbox 940 4349 1161 4421; x_wconf 91' lang='lat' dir='ltr'><strong>perﬁdi,</strong></span> <span class='ocrx_word' id='word_1_558' title='bbox 1193 4349 1390 4405; x_wconf 88' lang='lat' dir='ltr'><strong>Filium</strong></span> <span class='ocrx_word' id='word_1_559' title='bbox 1419 4359 1696 4421; x_wconf 87' lang='lat' dir='ltr'><strong>negantes,</strong></span> <span class='ocrx_word' id='word_1_560' title='bbox 1731 4351 1785 4405; x_wconf 91' lang='lat' dir='ltr'><strong>in</strong></span> <span class='ocrx_word' id='word_1_561' title='bbox 1809 4364 1934 4421; x_wconf 90' lang='lat' dir='ltr'><strong>pas-</strong></span> 
     </span>
    </p>
   </div>
   <div class='ocr_carea' id='block_1_66' title="bbox 336 4443 1933 4516">
    <p class='ocr_par' dir='ltr' id='par_1_66' title="bbox 336 4443 1933 4516">
     <span class='ocr_line' id='line_1_66' title="bbox 336 4443 1933 4516; baseline 0 -17"><span class='ocrx_word' id='word_1_562' title='bbox 336 4443 582 4499; x_wconf 88' lang='lat' dir='ltr'><strong>sionibus</strong></span> <span class='ocrx_word' id='word_1_563' title='bbox 608 4443 936 4515; x_wconf 87' lang='lat' dir='ltr'><strong>ignominiae</strong></span> <span class='ocrx_word' id='word_1_564' title='bbox 976 4445 1319 4515; x_wconf 87' lang='lat' dir='ltr'><strong>invidiaeque</strong></span> <span class='ocrx_word' id='word_1_565' title='bbox 1356 4444 1694 4516; x_wconf 82' lang='lat' dir='ltr'><strong>gravissimis</strong></span> <span class='ocrx_word' id='word_1_566' title='bbox 1728 4444 1933 4500; x_wconf 88' lang='lat' dir='ltr'><strong>dolori-</strong></span> 
     </span>
    </p>
   </div>
   <div class='ocr_carea' id='block_1_67' title="bbox 333 4533 1932 4602">
    <p class='ocr_par' dir='ltr' id='par_1_67' title="bbox 333 4533 1932 4602">
     <span class='ocr_line' id='line_1_67' title="bbox 333 4533 1932 4602; baseline 0.002 -13"><span class='ocrx_word' id='word_1_567' title='bbox 333 4533 439 4590; x_wconf 89' lang='lat' dir='ltr'><strong>bus</strong></span> <span class='ocrx_word' id='word_1_568' title='bbox 469 4534 643 4590; x_wconf 90' lang='lat' dir='ltr'><strong>relicti</strong></span> <span class='ocrx_word' id='word_1_569' title='bbox 675 4544 838 4602; x_wconf 91' lang='lat' dir='ltr'><strong>sunt,</strong></span> <span class='ocrx_word' id='word_1_570' title='bbox 868 4535 1040 4592; x_wconf 83' lang='lat' dir='ltr'><strong>donec</strong></span> <span class='ocrx_word' id='word_1_571' title='bbox 1089 4536 1142 4592; x_wconf 90' lang='lat' dir='ltr'><strong>in</strong></span> <span class='ocrx_word' id='word_1_572' title='bbox 1186 4536 1293 4592; x_wconf 91' lang='lat' dir='ltr'><strong>ﬁne</strong></span> <span class='ocrx_word' id='word_1_573' title='bbox 1334 4536 1521 4591; x_wconf 90' lang='lat' dir='ltr'><strong>mundi</strong></span> <span class='ocrx_word' id='word_1_574' title='bbox 1564 4534 1823 4593; x_wconf 70' lang='lat' dir='ltr'><strong>ineffabili</strong></span> <span class='ocrx_word' id='word_1_575' title='bbox 1852 4535 1932 4592; x_wconf 91' lang='lat' dir='ltr'><strong>di-</strong></span> 
     </span>
    </p>
   </div>
   <div class='ocr_carea' id='block_1_68' title="bbox 332 4623 1932 4697">
    <p class='ocr_par' dir='ltr' id='par_1_68' title="bbox 332 4623 1932 4697">
     <span class='ocr_line' id='line_1_68' title="bbox 332 4623 1932 4697; baseline 0.004 -19"><span class='ocrx_word' id='word_1_576' title='bbox 332 4623 492 4678; x_wconf 90' lang='lat' dir='ltr'><strong>vinae</strong></span> <span class='ocrx_word' id='word_1_577' title='bbox 521 4625 785 4680; x_wconf 88' lang='lat' dir='ltr'><strong>bonitatis</strong></span> <span class='ocrx_word' id='word_1_578' title='bbox 828 4626 1275 4697; x_wconf 85' lang='lat' dir='ltr'><strong>magnanimitate</strong></span> <span class='ocrx_word' id='word_1_579' title='bbox 1318 4626 1673 4697; x_wconf 89' lang='lat' dir='ltr'><strong>recipiantur,</strong></span> <span class='ocrx_word' id='word_1_580' title='bbox 1714 4627 1932 4697; x_wconf 90' lang='lat' dir='ltr'><strong>quando</strong></span> 
     </span>
    </p>
   </div>
   <div class='ocr_carea' id='block_1_69' title="bbox 336 4714 1940 4790">
    <p class='ocr_par' dir='ltr' id='par_1_69' title="bbox 336 4714 1940 4790">
     <span class='ocr_line' id='line_1_69' title="bbox 336 4714 1940 4790; baseline 0.004 -21"><span class='ocrx_word' id='word_1_581' title='bbox 336 4727 703 4772; x_wconf 83' lang='lat' dir='ltr'><strong>convertentur</strong></span> <span class='ocrx_word' id='word_1_582' title='bbox 727 4719 797 4771; x_wconf 87' lang='lat' dir='ltr'><strong>ad</strong></span> <span class='ocrx_word' id='word_1_583' title='bbox 826 4735 1090 4789; x_wconf 76' lang='lat' dir='ltr'><strong>vesperam</strong></span> <span class='ocrx_word' id='word_1_584' title='bbox 1109 4759 1123 4784; x_wconf 91' lang='lat'><strong>,</strong></span> <span class='ocrx_word' id='word_1_585' title='bbox 1157 4729 1203 4774; x_wconf 84' lang='lat' dir='ltr'><strong>et</strong></span> <span class='ocrx_word' id='word_1_586' title='bbox 1231 4720 1422 4789; x_wconf 75' lang='lat' dir='ltr'><strong>famem</strong></span> <span class='ocrx_word' id='word_1_587' title='bbox 1446 4722 1731 4790; x_wconf 80' lang='lat' dir='ltr'><strong>patientur,</strong></span> <span class='ocrx_word' id='word_1_588' title='bbox 1758 4730 1817 4775; x_wconf 83' lang='lat' dir='ltr'><strong>ut</strong></span> <span class='ocrx_word' id='word_1_589' title='bbox 1843 4714 1940 4776; x_wconf 26' lang='lat' dir='ltr'><strong>ca-l</strong></span> 
     </span>
    </p>
   </div>
   <div class='ocr_carea' id='block_1_70' title="bbox 333 4809 1933 4879">
    <p class='ocr_par' dir='ltr' id='par_1_70' title="bbox 333 4809 1933 4879">
     <span class='ocr_line' id='line_1_70' title="bbox 333 4809 1933 4879; baseline 0.007 -21"><span class='ocrx_word' id='word_1_590' title='bbox 333 4820 458 4871; x_wconf 85' lang='lat' dir='ltr'><strong>nes,</strong></span> <span class='ocrx_word' id='word_1_591' title='bbox 500 4817 547 4862; x_wconf 86' lang='lat' dir='ltr'><strong>et</strong></span> <span class='ocrx_word' id='word_1_592' title='bbox 586 4809 937 4865; x_wconf 83' lang='lat' dir='ltr'><strong>circumibunt</strong></span> <span class='ocrx_word' id='word_1_593' title='bbox 981 4812 1274 4879; x_wconf 80' lang='lat' dir='ltr'><strong>civitatem,</strong></span> <span class='ocrx_word' id='word_1_594' title='bbox 1323 4813 1640 4868; x_wconf 88' lang='lat' dir='ltr'><strong>societatem</strong></span> <span class='ocrx_word' id='word_1_595' title='bbox 1681 4812 1933 4869; x_wconf 77' lang='lat' dir='ltr'><strong>videlicet</strong></span> 
     </span>
    </p>
   </div>
   <div class='ocr_carea' id='block_1_71' title="bbox 337 4896 1931 4975">
    <p class='ocr_par' dir='ltr' id='par_1_71' title="bbox 337 4896 1931 4975">
     <span class='ocr_line' id='line_1_71' title="bbox 337 4896 1931 4975; baseline 0.009 -28"><span class='ocrx_word' id='word_1_596' title='bbox 337 4896 638 4954; x_wconf 88' lang='lat' dir='ltr'><strong>catholicae</strong></span> <span class='ocrx_word' id='word_1_597' title='bbox 679 4899 847 4966; x_wconf 90' lang='lat' dir='ltr'><strong>ﬁdei,</strong></span> <span class='ocrx_word' id='word_1_598' title='bbox 889 4901 1137 4959; x_wconf 88' lang='lat' dir='ltr'><strong>volentes</strong></span> <span class='ocrx_word' id='word_1_599' title='bbox 1179 4904 1235 4958; x_wconf 89' lang='lat' dir='ltr'><strong>in</strong></span> <span class='ocrx_word' id='word_1_600' title='bbox 1275 4918 1394 4957; x_wconf 91' lang='lat' dir='ltr'><strong>eam</strong></span> <span class='ocrx_word' id='word_1_601' title='bbox 1436 4903 1640 4972; x_wconf 86' lang='lat' dir='ltr'><strong>recipi,</strong></span> <span class='ocrx_word' id='word_1_602' title='bbox 1671 4896 1758 4970; x_wconf 91' lang='lat' dir='ltr'><strong>et,</strong></span> <span class='ocrx_word' id='word_1_603' title='bbox 1787 4904 1931 4975; x_wconf 89' lang='lat' dir='ltr'><strong>quod</strong></span> 
     </span>
    </p>
   </div>
   <div class='ocr_carea' id='block_1_72' title="bbox 338 4982 1933 5064">
    <p class='ocr_par' dir='ltr' id='par_1_72' title="bbox 338 4982 1933 5064">
     <span class='ocr_line' id='line_1_72' title="bbox 338 4982 1933 5064; baseline 0.009 -30"><span class='ocrx_word' id='word_1_604' title='bbox 338 4982 466 5036; x_wconf 91' lang='lat' dir='ltr'><strong>alibi</strong></span> <span class='ocrx_word' id='word_1_605' title='bbox 494 4986 632 5041; x_wconf 90' lang='lat' dir='ltr'><strong>idem</strong></span> <span class='ocrx_word' id='word_1_606' title='bbox 662 4990 739 5045; x_wconf 91' lang='lat' dir='ltr'><strong>ait</strong></span> <span class='ocrx_word' id='word_1_607' title='bbox 756 4993 1020 5062; x_wconf 88' lang='lat' dir='ltr'><strong>propheta</strong></span> <span class='ocrx_word' id='word_1_608' title='bbox 1044 5035 1058 5059; x_wconf 89' lang='lat'><strong>,</strong></span> <span class='ocrx_word' id='word_1_609' title='bbox 1084 4992 1428 5064; x_wconf 87' lang='lat' dir='ltr'><strong>implebitur:</strong></span> <span class='ocrx_word' id='word_1_610' title='bbox 1453 4990 1862 5060; x_wconf 80' lang='lat' dir='ltr'><strong>Confundantur</strong></span> <span class='ocrx_word' id='word_1_611' title='bbox 1881 5003 1933 5049; x_wconf 82' lang='lat' dir='ltr'><strong>et</strong></span> 
     </span>
    </p>
   </div>
   <div class='ocr_carea' id='block_1_73' title="bbox 338 5080 1940 5146">
    <p class='ocr_par' dir='ltr' id='par_1_73' title="bbox 338 5080 1940 5146">
     <span class='ocr_line' id='line_1_73' title="bbox 338 5080 1940 5146; baseline 0.007 -22"><span class='ocrx_word' id='word_1_612' title='bbox 338 5086 673 5129; x_wconf 83' lang='lat' dir='ltr'><strong>revereantur</strong></span> <span class='ocrx_word' id='word_1_613' title='bbox 695 5080 717 5112; x_wconf 78' lang='lat'><strong>’</strong></span> <span class='ocrx_word' id='word_1_614' title='bbox 746 5096 924 5135; x_wconf 87' lang='lat' dir='ltr'><strong>omnes</strong></span> <span class='ocrx_word' id='word_1_615' title='bbox 951 5084 1153 5137; x_wconf 83' lang='lat' dir='ltr'><strong>inimici</strong></span> <span class='ocrx_word' id='word_1_616' title='bbox 1179 5082 1312 5146; x_wconf 81' lang='lat' dir='ltr'><strong>mei,</strong></span> <span class='ocrx_word' id='word_1_617' title='bbox 1346 5090 1718 5134; x_wconf 82' lang='lat' dir='ltr'><strong>convertantur</strong></span> <span class='ocrx_word' id='word_1_618' title='bbox 1746 5092 1940 5137; x_wconf 86' lang='lat' dir='ltr'><strong>retror-</strong></span> 
     </span>
    </p>
   </div>
   <div class='ocr_carea' id='block_1_74' title="bbox 337 5167 1939 5240">
    <p class='ocr_par' dir='ltr' id='par_1_74' title="bbox 337 5167 1939 5240">
     <span class='ocr_line' id='line_1_74' title="bbox 337 5167 1939 5240; baseline 0.006 -25"><span class='ocrx_word' id='word_1_619' title='bbox 337 5177 485 5226; x_wconf 77' lang='lat' dir='ltr'><strong>sum,</strong></span> <span class='ocrx_word' id='word_1_620' title='bbox 521 5174 570 5218; x_wconf 86' lang='lat' dir='ltr'><strong>et</strong></span> <span class='ocrx_word' id='word_1_621' title='bbox 602 5167 998 5235; x_wconf 79' lang='lat' dir='ltr'><strong>confundantur</strong></span> <span class='ocrx_word' id='word_1_622' title='bbox 1026 5174 1179 5228; x_wconf 74' lang='lat' dir='ltr'><strong>ualde</strong></span> <span class='ocrx_word' id='word_1_623' title='bbox 1210 5170 1474 5227; x_wconf 83' lang='lat' dir='ltr'><strong>velociter.</strong></span> <span class='ocrx_word' id='word_1_624' title='bbox 1508 5167 1622 5223; x_wconf 84' lang='lat' dir='ltr'><strong>Hac</strong></span> <span class='ocrx_word' id='word_1_625' title='bbox 1652 5169 1817 5240; x_wconf 89' lang='lat' dir='ltr'><strong>igitur</strong></span> <span class='ocrx_word' id='word_1_626' title='bbox 1843 5185 1939 5239; x_wconf 85' lang='lat' dir='ltr'><strong>pa-</strong></span> 
     </span>
    </p>
   </div>
   <div class='ocr_carea' id='block_1_75' title="bbox 338 5253 1937 5350">
    <p class='ocr_par' dir='ltr' id='par_1_75' title="bbox 338 5253 1937 5350">
     <span class='ocr_line' id='line_1_75' title="bbox 338 5253 1937 5350; baseline 0.008 -42"><span class='ocrx_word' id='word_1_627' title='bbox 338 5253 529 5310; x_wconf 86' lang='lat' dir='ltr'><strong>rabola</strong></span> <span class='ocrx_word' id='word_1_628' title='bbox 556 5272 659 5327; x_wconf 92' lang='lat' dir='ltr'><strong>pro</strong></span> <span class='ocrx_word' id='word_1_629' title='bbox 686 5271 1011 5330; x_wconf 89' lang='lat' dir='ltr'><strong>paupertate</strong></span> <span class='ocrx_word' id='word_1_630' title='bbox 1038 5264 1292 5339; x_wconf 90' lang='lat' dir='ltr'><strong>ingenioli</strong></span> <span class='ocrx_word' id='word_1_631' title='bbox 1321 5264 1531 5331; x_wconf 89' lang='lat' dir='ltr'><strong>nostri,</strong></span> <span class='ocrx_word' id='word_1_632' title='bbox 1572 5263 1937 5350; x_wconf 78' lang='lat' dir='ltr'><strong>spiritualium</strong></span> 
     </span>
    </p>
   </div>
   <div class='ocr_carea' id='block_1_76' title="bbox 2040 3246 3631 3319">
    <p class='ocr_par' dir='ltr' id='par_1_76' title="bbox 2040 3246 3631 3319">
     <span class='ocr_line' id='line_1_76' title="bbox 2040 3246 3631 3319; baseline -0.002 -15"><span class='ocrx_word' id='word_1_633' title='bbox 2040 3263 2251 3304; x_wconf 88' lang='lat' dir='ltr'><strong>summa</strong></span> <span class='ocrx_word' id='word_1_634' title='bbox 2292 3246 2569 3303; x_wconf 85' lang='lat' dir='ltr'><strong>felicitatis</strong></span> <span class='ocrx_word' id='word_1_635' title='bbox 2610 3262 2785 3314; x_wconf 87' lang='lat' dir='ltr'><strong>meae,</strong></span> <span class='ocrx_word' id='word_1_636' title='bbox 2820 3248 3049 3318; x_wconf 90' lang='lat' dir='ltr'><strong>ﬁnisque</strong></span> <span class='ocrx_word' id='word_1_637' title='bbox 3083 3246 3357 3319; x_wconf 79' lang='lat' dir='ltr'><strong>perfectae</strong></span> <span class='ocrx_word' id='word_1_638' title='bbox 3387 3253 3474 3302; x_wconf 92' lang='lat' dir='ltr'><strong>est</strong></span> <span class='ocrx_word' id='word_1_639' title='bbox 3501 3260 3631 3301; x_wconf 86' lang='lat' dir='ltr'><strong>con-</strong></span> 
     </span>
    </p>
   </div>
   <div class='ocr_carea' id='block_1_77' title="bbox 2043 3336 3631 3411">
    <p class='ocr_par' dir='ltr' id='par_1_77' title="bbox 2043 3336 3631 3411">
     <span class='ocr_line' id='line_1_77' title="bbox 2043 3336 3631 3411; baseline -0.002 -15"><span class='ocrx_word' id='word_1_640' title='bbox 2043 3339 2490 3411; x_wconf 79' lang='lat' dir='ltr'><strong>templationis&quot;,</strong></span> <span class='ocrx_word' id='word_1_641' title='bbox 2526 3340 2781 3409; x_wconf 90' lang='lat' dir='ltr'><strong>quoniam</strong></span> <span class='ocrx_word' id='word_1_642' title='bbox 2817 3339 2955 3395; x_wconf 90' lang='lat' dir='ltr'><strong>nihil</strong></span> <span class='ocrx_word' id='word_1_643' title='bbox 2984 3339 3123 3395; x_wconf 90' lang='lat' dir='ltr'><strong>ultra</strong></span> <span class='ocrx_word' id='word_1_644' title='bbox 3146 3338 3482 3394; x_wconf 89' lang='lat' dir='ltr'><strong>rationabilis</strong></span> <span class='ocrx_word' id='word_1_645' title='bbox 3513 3336 3631 3393; x_wconf 90' lang='lat' dir='ltr'><strong>ani-</strong></span> 
     </span>
    </p>
   </div>
   <div class='ocr_carea' id='block_1_78' title="bbox 2040 3428 3632 3502">
    <p class='ocr_par' dir='ltr' id='par_1_78' title="bbox 2040 3428 3632 3502">
     <span class='ocr_line' id='line_1_78' title="bbox 2040 3428 3632 3502; baseline -0.003 -17"><span class='ocrx_word' id='word_1_646' title='bbox 2040 3447 2129 3487; x_wconf 91' lang='lat' dir='ltr'><strong>ma</strong></span> <span class='ocrx_word' id='word_1_647' title='bbox 2159 3431 2323 3486; x_wconf 91' lang='lat' dir='ltr'><strong>etiam</strong></span> <span class='ocrx_word' id='word_1_648' title='bbox 2361 3430 2652 3502; x_wconf 88' lang='lat' dir='ltr'><strong>purissima</strong></span> <span class='ocrx_word' id='word_1_649' title='bbox 2698 3430 2940 3485; x_wconf 86' lang='lat' dir='ltr'><strong>inveniet</strong></span> <span class='ocrx_word' id='word_1_650' title='bbox 2967 3470 2982 3496; x_wconf 93' lang='lat'><strong>,</strong></span> <span class='ocrx_word' id='word_1_651' title='bbox 3034 3429 3162 3500; x_wconf 91' lang='lat' dir='ltr'><strong>quia</strong></span> <span class='ocrx_word' id='word_1_652' title='bbox 3193 3428 3329 3484; x_wconf 88' lang='lat' dir='ltr'><strong>nihil</strong></span> <span class='ocrx_word' id='word_1_653' title='bbox 3356 3428 3498 3482; x_wconf 89' lang='lat' dir='ltr'><strong>ultra</strong></span> <span class='ocrx_word' id='word_1_654' title='bbox 3525 3435 3632 3481; x_wconf 74' lang='lat' dir='ltr'><strong>est.</strong></span> 
     </span>
    </p>
   </div>
   <div class='ocr_carea' id='block_1_79' title="bbox 2041 3517 3632 3595">
    <p class='ocr_par' dir='ltr' id='par_1_79' title="bbox 2041 3517 3632 3595">
     <span class='ocr_line' id='line_1_79' title="bbox 2041 3517 3632 3595; baseline -0.004 -12"><span class='ocrx_word' id='word_1_655' title='bbox 2041 3526 2114 3584; x_wconf 93' lang='lat' dir='ltr'><strong>Ut</strong></span> <span class='ocrx_word' id='word_1_656' title='bbox 2138 3526 2283 3582; x_wconf 90' lang='lat' dir='ltr'><strong>enim</strong></span> <span class='ocrx_word' id='word_1_657' title='bbox 2330 3540 2437 3580; x_wconf 92' lang='lat' dir='ltr'><strong>non</strong></span> <span class='ocrx_word' id='word_1_658' title='bbox 2479 3524 2607 3580; x_wconf 89' lang='lat' dir='ltr'><strong>alibi</strong></span> <span class='ocrx_word' id='word_1_659' title='bbox 2637 3524 2815 3595; x_wconf 89' lang='lat' dir='ltr'><strong>aptius</strong></span> <span class='ocrx_word' id='word_1_660' title='bbox 2840 3523 3144 3595; x_wconf 89' lang='lat' dir='ltr'><strong>quaereris,</strong></span> <span class='ocrx_word' id='word_1_661' title='bbox 3171 3537 3332 3592; x_wconf 86' lang='lat' dir='ltr'><strong>quam</strong></span> <span class='ocrx_word' id='word_1_662' title='bbox 3362 3521 3419 3575; x_wconf 92' lang='lat' dir='ltr'><strong>in</strong></span> <span class='ocrx_word' id='word_1_663' title='bbox 3447 3517 3632 3576; x_wconf 75' lang='lat' dir='ltr'><strong>verbis</strong></span> 
     </span>
    </p>
   </div>
   <div class='ocr_carea' id='block_1_80' title="bbox 2041 3612 3623 3688">
    <p class='ocr_par' dir='ltr' id='par_1_80' title="bbox 2041 3612 3623 3688">
     <span class='ocr_line' id='line_1_80' title="bbox 2041 3612 3623 3688; baseline -0.004 -16"><span class='ocrx_word' id='word_1_664' title='bbox 2041 3619 2170 3685; x_wconf 91' lang='lat' dir='ltr'><strong>tuis,</strong></span> <span class='ocrx_word' id='word_1_665' title='bbox 2201 3620 2275 3674; x_wconf 90' lang='lat' dir='ltr'><strong>ita</strong></span> <span class='ocrx_word' id='word_1_666' title='bbox 2303 3633 2412 3673; x_wconf 89' lang='lat' dir='ltr'><strong>non</strong></span> <span class='ocrx_word' id='word_1_667' title='bbox 2450 3616 2578 3674; x_wconf 90' lang='lat' dir='ltr'><strong>alibi</strong></span> <span class='ocrx_word' id='word_1_668' title='bbox 2609 3617 2848 3688; x_wconf 84' lang='lat' dir='ltr'><strong>apertius</strong></span> <span class='ocrx_word' id='word_1_669' title='bbox 2871 3615 3220 3681; x_wconf 75' lang='lat' dir='ltr'><strong>“inveniris,</strong></span> <span class='ocrx_word' id='word_1_670' title='bbox 3248 3629 3411 3685; x_wconf 88' lang='lat' dir='ltr'><strong>quant</strong></span> <span class='ocrx_word' id='word_1_671' title='bbox 3443 3614 3497 3669; x_wconf 91' lang='lat' dir='ltr'><strong>in</strong></span> <span class='ocrx_word' id='word_1_672' title='bbox 3522 3612 3623 3669; x_wconf 86' lang='lat' dir='ltr'><strong>eis.</strong></span> 
     </span>
    </p>
   </div>
   <div class='ocr_carea' id='block_1_81' title="bbox 2037 3700 3632 3780">
    <p class='ocr_par' dir='ltr' id='par_1_81' title="bbox 2037 3700 3632 3780">
     <span class='ocr_line' id='line_1_81' title="bbox 2037 3700 3632 3780; baseline -0.004 -15"><span class='ocrx_word' id='word_1_673' title='bbox 2037 3708 2113 3765; x_wconf 85' lang='lat' dir='ltr'><strong>lbi</strong></span> <span class='ocrx_word' id='word_1_674' title='bbox 2134 3710 2331 3780; x_wconf 89' lang='lat' dir='ltr'><strong>quippe</strong></span> <span class='ocrx_word' id='word_1_675' title='bbox 2350 3708 2586 3775; x_wconf 87' lang='lat' dir='ltr'><strong>habitas,</strong></span> <span class='ocrx_word' id='word_1_676' title='bbox 2603 3716 2657 3765; x_wconf 93' lang='lat' dir='ltr'><strong>et</strong></span> <span class='ocrx_word' id='word_1_677' title='bbox 2668 3708 2796 3764; x_wconf 92' lang='lat' dir='ltr'><strong>illuc</strong></span> <span class='ocrx_word' id='word_1_678' title='bbox 2813 3715 3139 3778; x_wconf 87' lang='lat' dir='ltr'><strong>quaerentes</strong></span> <span class='ocrx_word' id='word_1_679' title='bbox 3154 3715 3210 3762; x_wconf 90' lang='lat' dir='ltr'><strong>et</strong></span> <span class='ocrx_word' id='word_1_680' title='bbox 3222 3705 3504 3777; x_wconf 84' lang='lat' dir='ltr'><strong>diligentes</strong></span> <span class='ocrx_word' id='word_1_681' title='bbox 3517 3711 3569 3759; x_wconf 90' lang='lat' dir='ltr'><strong>te</strong></span> <span class='ocrx_word' id='word_1_682' title='bbox 3584 3700 3632 3735; x_wconf 79' lang='lat'>&quot;</span> 
     </span>
    </p>
   </div>
   <div class='ocr_carea' id='block_1_82' title="bbox 2038 3784 3632 3869">
    <p class='ocr_par' dir='ltr' id='par_1_82' title="bbox 2038 3784 3632 3869">
     <span class='ocr_line' id='line_1_82' title="bbox 2038 3784 3632 3869; baseline 0 -17"><span class='ocrx_word' id='word_1_683' title='bbox 2038 3784 2368 3865; x_wconf 86' lang='lat' dir='ltr'><strong>introducis;</strong></span> <span class='ocrx_word' id='word_1_684' title='bbox 2420 3799 2494 3853; x_wconf 91' lang='lat' dir='ltr'><strong>ibi</strong></span> <span class='ocrx_word' id='word_1_685' title='bbox 2546 3799 2854 3868; x_wconf 86' lang='lat' dir='ltr'><strong>spirituales</strong></span> <span class='ocrx_word' id='word_1_686' title='bbox 2904 3799 3092 3869; x_wconf 88' lang='lat' dir='ltr'><strong>epulas</strong></span> <span class='ocrx_word' id='word_1_687' title='bbox 3116 3788 3278 3853; x_wconf 85' lang='lat' dir='ltr'><strong>verae</strong></span> <span class='ocrx_word' id='word_1_688' title='bbox 3307 3793 3632 3867; x_wconf 73' lang='lat' dir='ltr'><strong>cognitionis</strong></span> 
     </span>
    </p>
   </div>
   <div class='ocr_carea' id='block_1_83' title="bbox 2039 3880 3626 3959">
    <p class='ocr_par' dir='ltr' id='par_1_83' title="bbox 2039 3880 3626 3959">
     <span class='ocr_line' id='line_1_83' title="bbox 2039 3880 3626 3959; baseline -0.001 -17"><span class='ocrx_word' id='word_1_689' title='bbox 2039 3888 2228 3943; x_wconf 90' lang='lat' dir='ltr'><strong>electis</strong></span> <span class='ocrx_word' id='word_1_690' title='bbox 2269 3889 2376 3943; x_wconf 89' lang='lat' dir='ltr'><strong>tuis</strong></span> <span class='ocrx_word' id='word_1_691' title='bbox 2417 3903 2732 3959; x_wconf 89' lang='lat' dir='ltr'><strong>praeparas,</strong></span> <span class='ocrx_word' id='word_1_692' title='bbox 2773 3888 2881 3944; x_wconf 90' lang='lat' dir='ltr'><strong>illic</strong></span> <span class='ocrx_word' id='word_1_693' title='bbox 2915 3880 3188 3944; x_wconf 83' lang='lat' dir='ltr'><strong>transiens</strong></span> <span class='ocrx_word' id='word_1_694' title='bbox 3217 3886 3497 3941; x_wconf 88' lang='lat' dir='ltr'><strong>ministras</strong></span> <span class='ocrx_word' id='word_1_695' title='bbox 3523 3886 3626 3942; x_wconf 88' lang='lat' dir='ltr'><strong>eis.</strong></span> 
     </span>
    </p>
   </div>
   <div class='ocr_carea' id='block_1_84' title="bbox 2038 3977 3631 4049">
    <p class='ocr_par' dir='ltr' id='par_1_84' title="bbox 2038 3977 3631 4049">
     <span class='ocr_line' id='line_1_84' title="bbox 2038 3977 3631 4049; baseline -0.003 -15"><span class='ocrx_word' id='word_1_696' title='bbox 2038 3980 2107 4034; x_wconf 89' lang='lat' dir='ltr'><strong>Et</strong></span> <span class='ocrx_word' id='word_1_697' title='bbox 2134 3980 2257 4049; x_wconf 90' lang='lat' dir='ltr'><strong>quis</strong></span> <span class='ocrx_word' id='word_1_698' title='bbox 2294 3988 2377 4035; x_wconf 91' lang='lat' dir='ltr'><strong>est</strong></span> <span class='ocrx_word' id='word_1_699' title='bbox 2414 3980 2517 4035; x_wconf 90' lang='lat' dir='ltr'><strong>iste</strong></span> <span class='ocrx_word' id='word_1_700' title='bbox 2538 3980 2606 4045; x_wconf 86' lang='lat'><strong>“,</strong></span> <span class='ocrx_word' id='word_1_701' title='bbox 2639 3980 2886 4046; x_wconf 88' lang='lat' dir='ltr'><strong>Domine,</strong></span> <span class='ocrx_word' id='word_1_702' title='bbox 2919 3980 3182 4035; x_wconf 89' lang='lat' dir='ltr'><strong>transitus</strong></span> <span class='ocrx_word' id='word_1_703' title='bbox 3215 3986 3368 4042; x_wconf 87' lang='lat' dir='ltr'><strong>tuus,</strong></span> <span class='ocrx_word' id='word_1_704' title='bbox 3403 3977 3506 4031; x_wconf 92' lang='lat' dir='ltr'><strong>nisi</strong></span> <span class='ocrx_word' id='word_1_705' title='bbox 3531 3991 3631 4045; x_wconf 90' lang='lat' dir='ltr'><strong>per</strong></span> 
     </span>
    </p>
   </div>
   <div class='ocr_carea' id='block_1_85' title="bbox 2040 4065 3631 4141">
    <p class='ocr_par' dir='ltr' id='par_1_85' title="bbox 2040 4065 3631 4141">
     <span class='ocr_line' id='line_1_85' title="bbox 2040 4065 3631 4141; baseline -0.003 -15"><span class='ocrx_word' id='word_1_706' title='bbox 2040 4071 2280 4127; x_wconf 89' lang='lat' dir='ltr'><strong>inﬁnitos</strong></span> <span class='ocrx_word' id='word_1_707' title='bbox 2330 4071 2803 4140; x_wconf 85' lang='lat' dir='ltr'><strong>contemplationis</strong></span> <span class='ocrx_word' id='word_1_708' title='bbox 2877 4079 3002 4125; x_wconf 91' lang='lat' dir='ltr'><strong>tuae</strong></span> <span class='ocrx_word' id='word_1_709' title='bbox 3036 4069 3266 4141; x_wconf 84' lang='lat' dir='ltr'><strong>gradus</strong></span> <span class='ocrx_word' id='word_1_710' title='bbox 3322 4079 3579 4122; x_wconf 87' lang='lat' dir='ltr'><strong>ascensus</strong></span> <span class='ocrx_word' id='word_1_711' title='bbox 3603 4065 3631 4121; x_wconf 66' lang='grc' dir='ltr'>ἵ</span> 
     </span>
    </p>
   </div>
   <div class='ocr_carea' id='block_1_86' title="bbox 2041 4158 3629 4233">
    <p class='ocr_par' dir='ltr' id='par_1_86' title="bbox 2041 4158 3629 4233">
     <span class='ocr_line' id='line_1_86' title="bbox 2041 4158 3629 4233; baseline -0.004 -14"><span class='ocrx_word' id='word_1_712' title='bbox 2041 4163 2269 4233; x_wconf 90' lang='lat' dir='ltr'><strong>Semper</strong></span> <span class='ocrx_word' id='word_1_713' title='bbox 2292 4162 2437 4217; x_wconf 90' lang='lat' dir='ltr'><strong>enim</strong></span> <span class='ocrx_word' id='word_1_714' title='bbox 2462 4161 2518 4217; x_wconf 91' lang='lat' dir='ltr'><strong>in</strong></span> <span class='ocrx_word' id='word_1_715' title='bbox 2537 4161 2580 4195; x_wconf 80' lang='lat'>&quot;</span> <span class='ocrx_word' id='word_1_716' title='bbox 2608 4161 2971 4218; x_wconf 87' lang='lat' dir='ltr'><strong>intellectibus</strong></span> <span class='ocrx_word' id='word_1_717' title='bbox 2989 4158 3366 4230; x_wconf 88' lang='lat' dir='ltr'><strong>quaerentium</strong></span> <span class='ocrx_word' id='word_1_718' title='bbox 3397 4167 3451 4212; x_wconf 90' lang='lat' dir='ltr'><strong>et</strong></span> <span class='ocrx_word' id='word_1_719' title='bbox 3479 4158 3629 4212; x_wconf 88' lang='lat' dir='ltr'><strong>inve-</strong></span> 
     </span>
    </p>
   </div>
   <div class='ocr_carea' id='block_1_87' title="bbox 2039 4244 3628 4318">
    <p class='ocr_par' dir='ltr' id='par_1_87' title="bbox 2039 4244 3628 4318">
     <span class='ocr_line' id='line_1_87' title="bbox 2039 4244 3628 4318; baseline -0.004 -9"><span class='ocrx_word' id='word_1_720' title='bbox 2039 4253 2305 4310; x_wconf 90' lang='lat' dir='ltr'><strong>nientium</strong></span> <span class='ocrx_word' id='word_1_721' title='bbox 2339 4261 2390 4308; x_wconf 89' lang='lat' dir='ltr'><strong>te</strong></span> <span class='ocrx_word' id='word_1_722' title='bbox 2421 4252 2709 4306; x_wconf 83' lang='lat' dir='ltr'><strong>transitum</strong></span> <span class='ocrx_word' id='word_1_723' title='bbox 2754 4251 2913 4306; x_wconf 84' lang='lat' dir='ltr'><strong>facis.</strong></span> <span class='ocrx_word' id='word_1_724' title='bbox 2943 4248 3236 4318; x_wconf 84' lang='lat' dir='ltr'><strong>Quaereris</strong></span> <span class='ocrx_word' id='word_1_725' title='bbox 3264 4248 3409 4303; x_wconf 89' lang='lat' dir='ltr'><strong>enim</strong></span> <span class='ocrx_word' id='word_1_726' title='bbox 3452 4247 3521 4303; x_wconf 87' lang='lat' dir='ltr'><strong>ab</strong></span> <span class='ocrx_word' id='word_1_727' title='bbox 3545 4244 3628 4303; x_wconf 75' lang='lat' dir='ltr'><strong>eis</strong></span> 
     </span>
    </p>
   </div>
   <div class='ocr_carea' id='block_1_88' title="bbox 2040 4338 3628 4417">
    <p class='ocr_par' dir='ltr' id='par_1_88' title="bbox 2040 4338 3628 4417">
     <span class='ocr_line' id='line_1_88' title="bbox 2040 4338 3628 4417; baseline -0.006 -15"><span class='ocrx_word' id='word_1_728' title='bbox 2040 4338 2274 4417; x_wconf 82' lang='lat' dir='ltr'><strong>semper,</strong></span> <span class='ocrx_word' id='word_1_729' title='bbox 2307 4355 2362 4401; x_wconf 90' lang='lat' dir='ltr'><strong>et</strong></span> <span class='ocrx_word' id='word_1_730' title='bbox 2401 4358 2613 4416; x_wconf 89' lang='lat' dir='ltr'><strong>semper</strong></span> <span class='ocrx_word' id='word_1_731' title='bbox 2639 4342 2921 4410; x_wconf 89' lang='lat' dir='ltr'><strong>inveniris,</strong></span> <span class='ocrx_word' id='word_1_732' title='bbox 2965 4350 3021 4397; x_wconf 89' lang='lat' dir='ltr'><strong>et</strong></span> <span class='ocrx_word' id='word_1_733' title='bbox 3047 4356 3158 4397; x_wconf 92' lang='lat' dir='ltr'><strong>non</strong></span> <span class='ocrx_word' id='word_1_734' title='bbox 3195 4340 3456 4396; x_wconf 87' lang='lat' dir='ltr'><strong>inveniris</strong></span> <span class='ocrx_word' id='word_1_735' title='bbox 3483 4352 3628 4393; x_wconf 87' lang='lat' dir='ltr'><strong>sem-</strong></span> 
     </span>
    </p>
   </div>
   <div class='ocr_carea' id='block_1_89' title="bbox 2038 4428 3627 4509">
    <p class='ocr_par' dir='ltr' id='par_1_89' title="bbox 2038 4428 3627 4509">
     <span class='ocr_line' id='line_1_89' title="bbox 2038 4428 3627 4509; baseline -0.006 -17"><span class='ocrx_word' id='word_1_736' title='bbox 2038 4453 2173 4509; x_wconf 89' lang='lat' dir='ltr'><strong>per:</strong></span> <span class='ocrx_word' id='word_1_737' title='bbox 2208 4436 2467 4492; x_wconf 89' lang='lat' dir='ltr'><strong>inveniris</strong></span> <span class='ocrx_word' id='word_1_738' title='bbox 2493 4434 2708 4506; x_wconf 88' lang='lat' dir='ltr'><strong>quidem</strong></span> <span class='ocrx_word' id='word_1_739' title='bbox 2734 4434 2787 4489; x_wconf 93' lang='lat' dir='ltr'><strong>in</strong></span> <span class='ocrx_word' id='word_1_740' title='bbox 2821 4434 2927 4490; x_wconf 92' lang='lat' dir='ltr'><strong>tuis</strong></span> <span class='ocrx_word' id='word_1_741' title='bbox 2954 4432 3314 4503; x_wconf 89' lang='lat' dir='ltr'><strong>theophaniis,</strong></span> <span class='ocrx_word' id='word_1_742' title='bbox 3345 4431 3397 4485; x_wconf 92' lang='lat' dir='ltr'><strong>in</strong></span> <span class='ocrx_word' id='word_1_743' title='bbox 3428 4428 3627 4500; x_wconf 79' lang='lat' dir='ltr'><strong>quibus</strong></span> 
     </span>
    </p>
   </div>
   <div class='ocr_carea' id='block_1_90' title="bbox 2039 4519 3625 4599">
    <p class='ocr_par' dir='ltr' id='par_1_90' title="bbox 2039 4519 3625 4599">
     <span class='ocr_line' id='line_1_90' title="bbox 2039 4519 3625 4599; baseline -0.005 -14"><span class='ocrx_word' id='word_1_744' title='bbox 2039 4529 2430 4599; x_wconf 90' lang='lat' dir='ltr'><strong>multipliciter,</strong></span> <span class='ocrx_word' id='word_1_745' title='bbox 2460 4526 2624 4583; x_wconf 90' lang='lat' dir='ltr'><strong>veluti</strong></span> <span class='ocrx_word' id='word_1_746' title='bbox 2656 4528 2709 4583; x_wconf 93' lang='lat' dir='ltr'><strong>in</strong></span> <span class='ocrx_word' id='word_1_747' title='bbox 2732 4526 3055 4598; x_wconf 86' lang='lat' dir='ltr'><strong>quibusdam</strong></span> <span class='ocrx_word' id='word_1_748' title='bbox 3095 4523 3347 4595; x_wconf 90' lang='lat' dir='ltr'><strong>speculis,</strong></span> <span class='ocrx_word' id='word_1_749' title='bbox 3379 4519 3625 4578; x_wconf 80' lang='lat' dir='ltr'><strong>occurrls</strong></span> 
     </span>
    </p>
   </div>
   <div class='ocr_carea' id='block_1_91' title="bbox 2038 4612 3623 4691">
    <p class='ocr_par' dir='ltr' id='par_1_91' title="bbox 2038 4612 3623 4691">
     <span class='ocr_line' id='line_1_91' title="bbox 2038 4612 3623 4691; baseline -0.004 -14"><span class='ocrx_word' id='word_1_750' title='bbox 2038 4621 2311 4677; x_wconf 89' lang='lat' dir='ltr'><strong>mentibus</strong></span> <span class='ocrx_word' id='word_1_751' title='bbox 2357 4619 2770 4691; x_wconf 85' lang='lat' dir='ltr'><strong>intelligentium</strong></span> <span class='ocrx_word' id='word_1_752' title='bbox 2807 4628 2880 4686; x_wconf 87' lang='lat' dir='ltr'><strong>te,</strong></span> <span class='ocrx_word' id='word_1_753' title='bbox 2917 4634 2984 4676; x_wconf 84' lang='lat' dir='ltr'><strong>eo</strong></span> <span class='ocrx_word' id='word_1_754' title='bbox 3026 4617 3223 4683; x_wconf 90' lang='lat' dir='ltr'><strong>modo,</strong></span> <span class='ocrx_word' id='word_1_755' title='bbox 3269 4631 3378 4686; x_wconf 90' lang='lat' dir='ltr'><strong>quo</strong></span> <span class='ocrx_word' id='word_1_756' title='bbox 3407 4623 3459 4671; x_wconf 91' lang='lat' dir='ltr'><strong>te</strong></span> <span class='ocrx_word' id='word_1_757' title='bbox 3487 4612 3623 4671; x_wconf 71' lang='lat' dir='ltr'><strong>sini!</strong></span> 
     </span>
    </p>
   </div>
   <div class='ocr_carea' id='block_1_92' title="bbox 2037 4705 3620 4781">
    <p class='ocr_par' dir='ltr' id='par_1_92' title="bbox 2037 4705 3620 4781">
     <span class='ocr_line' id='line_1_92' title="bbox 2037 4705 3620 4781; baseline -0.003 -15"><span class='ocrx_word' id='word_1_758' title='bbox 2037 4711 2285 4781; x_wconf 78' lang='lat' dir='ltr'><strong>intelligi,</strong></span> <span class='ocrx_word' id='word_1_759' title='bbox 2310 4726 2415 4765; x_wconf 88' lang='lat' dir='ltr'><strong>non</strong></span> <span class='ocrx_word' id='word_1_760' title='bbox 2444 4710 2572 4780; x_wconf 90' lang='lat' dir='ltr'><strong>quid</strong></span> <span class='ocrx_word' id='word_1_761' title='bbox 2599 4725 2678 4778; x_wconf 87' lang='lat' dir='ltr'><strong>es,</strong></span> <span class='ocrx_word' id='word_1_762' title='bbox 2711 4710 2806 4766; x_wconf 85' lang='lat' dir='ltr'><strong>sed</strong></span> <span class='ocrx_word' id='word_1_763' title='bbox 2834 4710 2963 4781; x_wconf 89' lang='lat' dir='ltr'><strong>quid</strong></span> <span class='ocrx_word' id='word_1_764' title='bbox 2988 4724 3095 4765; x_wconf 89' lang='lat' dir='ltr'><strong>non</strong></span> <span class='ocrx_word' id='word_1_765' title='bbox 3119 4723 3195 4772; x_wconf 86' lang='lat' dir='ltr'><strong>es,</strong></span> <span class='ocrx_word' id='word_1_766' title='bbox 3227 4718 3282 4763; x_wconf 91' lang='lat' dir='ltr'><strong>et</strong></span> <span class='ocrx_word' id='word_1_767' title='bbox 3309 4707 3433 4778; x_wconf 88' lang='lat' dir='ltr'><strong>quia</strong></span> <span class='ocrx_word' id='word_1_768' title='bbox 3463 4721 3523 4761; x_wconf 91' lang='lat' dir='ltr'><strong>es</strong></span> <span class='ocrx_word' id='word_1_769' title='bbox 3537 4705 3620 4773; x_wconf 83' lang='grc'><strong>¹⁸;</strong></span> 
     </span>
    </p>
   </div>
   <div class='ocr_carea' id='block_1_93' title="bbox 2038 4797 3617 4872">
    <p class='ocr_par' dir='ltr' id='par_1_93' title="bbox 2038 4797 3617 4872">
     <span class='ocr_line' id='line_1_93' title="bbox 2038 4797 3617 4872; baseline -0.006 -11"><span class='ocrx_word' id='word_1_770' title='bbox 2038 4820 2146 4861; x_wconf 91' lang='lat' dir='ltr'><strong>non</strong></span> <span class='ocrx_word' id='word_1_771' title='bbox 2190 4802 2452 4859; x_wconf 88' lang='lat' dir='ltr'><strong>inveniris</strong></span> <span class='ocrx_word' id='word_1_772' title='bbox 2493 4812 2670 4859; x_wconf 90' lang='lat' dir='ltr'><strong>autem</strong></span> <span class='ocrx_word' id='word_1_773' title='bbox 2717 4801 2771 4857; x_wconf 93' lang='lat' dir='ltr'><strong>in</strong></span> <span class='ocrx_word' id='word_1_774' title='bbox 2833 4810 2924 4857; x_wconf 91' lang='lat' dir='ltr'><strong>tua</strong></span> <span class='ocrx_word' id='word_1_775' title='bbox 2967 4797 3521 4872; x_wconf 87' lang='lat' dir='ltr'><strong>superessentialitate</strong></span> <span class='ocrx_word' id='word_1_776' title='bbox 3553 4797 3617 4863; x_wconf 70' lang='grc' dir='ltr'><strong>ιο,</strong></span> 
     </span>
    </p>
   </div>
   <div class='ocr_carea' id='block_1_94' title="bbox 2036 4888 3620 4967">
    <p class='ocr_par' dir='ltr' id='par_1_94' title="bbox 2036 4888 3620 4967">
     <span class='ocr_line' id='line_1_94' title="bbox 2036 4888 3620 4967; baseline -0.003 -19"><span class='ocrx_word' id='word_1_777' title='bbox 2036 4909 2142 4967; x_wconf 88' lang='lat' dir='ltr'><strong>qua</strong></span> <span class='ocrx_word' id='word_1_778' title='bbox 2170 4894 2371 4949; x_wconf 89' lang='lat' dir='ltr'><strong>transis</strong></span> <span class='ocrx_word' id='word_1_779' title='bbox 2413 4902 2465 4949; x_wconf 89' lang='lat' dir='ltr'><strong>et</strong></span> <span class='ocrx_word' id='word_1_780' title='bbox 2496 4908 2761 4965; x_wconf 89' lang='lat' dir='ltr'><strong>exuperas</strong></span> <span class='ocrx_word' id='word_1_781' title='bbox 2808 4908 3024 4950; x_wconf 90' lang='lat' dir='ltr'><strong>omnem</strong></span> <span class='ocrx_word' id='word_1_782' title='bbox 3072 4891 3403 4947; x_wconf 90' lang='lat' dir='ltr'><strong>intellectum</strong></span> <span class='ocrx_word' id='word_1_783' title='bbox 3435 4888 3620 4944; x_wconf 88' lang='lat' dir='ltr'><strong>volen-</strong></span> 
     </span>
    </p>
   </div>
   <div class='ocr_carea' id='block_1_95' title="bbox 2040 4980 3624 5057">
    <p class='ocr_par' dir='ltr' id='par_1_95' title="bbox 2040 4980 3624 5057">
     <span class='ocr_line' id='line_1_95' title="bbox 2040 4980 3624 5057; baseline -0.005 -14"><span class='ocrx_word' id='word_1_784' title='bbox 2040 4996 2150 5043; x_wconf 90' lang='lat' dir='ltr'><strong>tem</strong></span> <span class='ocrx_word' id='word_1_785' title='bbox 2199 4997 2254 5044; x_wconf 93' lang='lat' dir='ltr'><strong>et</strong></span> <span class='ocrx_word' id='word_1_786' title='bbox 2299 4989 2677 5044; x_wconf 85' lang='lat' dir='ltr'><strong>ascendentem</strong></span> <span class='ocrx_word' id='word_1_787' title='bbox 2732 4985 3189 5057; x_wconf 85' lang='lat' dir='ltr'><strong>comprehendere</strong></span> <span class='ocrx_word' id='word_1_788' title='bbox 3243 4991 3314 5036; x_wconf 88' lang='lat' dir='ltr'><strong>te.</strong></span> <span class='ocrx_word' id='word_1_789' title='bbox 3350 4980 3624 5035; x_wconf 82' lang='lat' dir='ltr'><strong>Ministras</strong></span> 
     </span>
    </p>
   </div>
   <div class='ocr_carea' id='block_1_96' title="bbox 2040 5071 3623 5152">
    <p class='ocr_par' dir='ltr' id='par_1_96' title="bbox 2040 5071 3623 5152">
     <span class='ocr_line' id='line_1_96' title="bbox 2040 5071 3623 5152; baseline -0.008 -17"><span class='ocrx_word' id='word_1_790' title='bbox 2040 5081 2204 5151; x_wconf 89' lang='lat' dir='ltr'><strong>igitur</strong></span> <span class='ocrx_word' id='word_1_791' title='bbox 2226 5081 2334 5137; x_wconf 91' lang='lat' dir='ltr'><strong>tuis</strong></span> <span class='ocrx_word' id='word_1_792' title='bbox 2360 5080 2718 5152; x_wconf 89' lang='lat' dir='ltr'><strong>praesentiam</strong></span> <span class='ocrx_word' id='word_1_793' title='bbox 2749 5087 2896 5133; x_wconf 89' lang='lat' dir='ltr'><strong>tuam</strong></span> <span class='ocrx_word' id='word_1_794' title='bbox 2919 5074 3173 5132; x_wconf 84' lang='lat' dir='ltr'><strong>ineﬁ&#39;ahili</strong></span> <span class='ocrx_word' id='word_1_795' title='bbox 3200 5073 3433 5143; x_wconf 88' lang='lat' dir='ltr'><strong>quodam</strong></span> <span class='ocrx_word' id='word_1_796' title='bbox 3463 5071 3623 5126; x_wconf 89' lang='lat' dir='ltr'><strong>modo</strong></span> 
     </span>
    </p>
   </div>
   <div class='ocr_carea' id='block_1_97' title="bbox 2038 5158 3622 5245">
    <p class='ocr_par' dir='ltr' id='par_1_97' title="bbox 2038 5158 3622 5245">
     <span class='ocr_line' id='line_1_97' title="bbox 2038 5158 3622 5245; baseline -0.008 -18"><span class='ocrx_word' id='word_1_797' title='bbox 2038 5175 2394 5245; x_wconf 90' lang='lat' dir='ltr'><strong>apparitionis</strong></span> <span class='ocrx_word' id='word_1_798' title='bbox 2429 5182 2583 5240; x_wconf 89' lang='lat' dir='ltr'><strong>tuae;</strong></span> <span class='ocrx_word' id='word_1_799' title='bbox 2631 5172 2833 5227; x_wconf 88' lang='lat' dir='ltr'><strong>transis</strong></span> <span class='ocrx_word' id='word_1_800' title='bbox 2871 5170 2939 5224; x_wconf 91' lang='lat' dir='ltr'><strong>ah</strong></span> <span class='ocrx_word' id='word_1_801' title='bbox 2977 5167 3059 5224; x_wconf 90' lang='lat' dir='ltr'><strong>eis</strong></span> <span class='ocrx_word' id='word_1_802' title='bbox 3093 5158 3622 5233; x_wconf 82' lang='lat' dir='ltr'><strong>incomprehensibili</strong></span> 
     </span>
    </p>
   </div>
   <div class='ocr_carea' id='block_1_98' title="bbox 2037 5249 3622 5322">
    <p class='ocr_par' dir='ltr' id='par_1_98' title="bbox 2037 5249 3622 5322">
     <span class='ocr_line' id='line_1_98' title="bbox 2037 5249 3622 5322; baseline -0.009 -2"><span class='ocrx_word' id='word_1_803' title='bbox 2037 5264 2428 5322; x_wconf 82' lang='lat' dir='ltr'><strong>excelsitudine</strong></span> <span class='ocrx_word' id='word_1_804' title='bbox 2480 5272 2535 5320; x_wconf 91' lang='lat' dir='ltr'><strong>et</strong></span> <span class='ocrx_word' id='word_1_805' title='bbox 2583 5261 2849 5318; x_wconf 88' lang='lat' dir='ltr'><strong>inﬁnitate</strong></span> <span class='ocrx_word' id='word_1_806' title='bbox 2896 5256 3161 5316; x_wconf 88' lang='lat' dir='ltr'><strong>essentiae</strong></span> <span class='ocrx_word' id='word_1_807' title='bbox 3208 5262 3352 5309; x_wconf 90' lang='lat' dir='ltr'><strong>tuae.</strong></span> <span class='ocrx_word' id='word_1_808' title='bbox 3408 5249 3622 5318; x_wconf 83' lang='lat' dir='ltr'><strong>Quaeso</strong></span> 
     </span>
    </p>
   </div>
   <div class='ocr_carea' id='block_1_99' title="bbox 1014 5395 2342 5470">
    <p class='ocr_par' dir='ltr' id='par_1_99' title="bbox 1014 5395 2342 5470">
     <span class='ocr_line' id='line_1_99' title="bbox 1014 5395 2342 5470; baseline 0 -17"><span class='ocrx_word' id='word_1_809' title='bbox 1014 5460 1019 5467; x_wconf 55' lang='grc'><em>,</em></span> <span class='ocrx_word' id='word_1_810' title='bbox 1577 5466 1581 5470; x_wconf 15' lang='grc' dir='ltr'>ι</span> <span class='ocrx_word' id='word_1_811' title='bbox 1639 5396 1896 5453; x_wconf 80' lang='lat' dir='ltr'><strong>VARIAE</strong></span> <span class='ocrx_word' id='word_1_812' title='bbox 1935 5395 2342 5454; x_wconf 86' lang='lat' dir='ltr'><strong>LECTlONES.</strong></span> 
     </span>
    </p>
   </div>
   <div class='ocr_carea' id='block_1_100' title="bbox 410 5495 3615 5580">
    <p class='ocr_par' dir='ltr' id='par_1_100' title="bbox 410 5495 3615 5580">
     <span class='ocr_line' id='line_1_100' title="bbox 410 5495 3615 5580; baseline 0 -22"><span class='ocrx_word' id='word_1_813' title='bbox 410 5500 429 5580; x_wconf 65' lang='grc' dir='ltr'><strong>ξ</strong></span> <span class='ocrx_word' id='word_1_814' title='bbox 461 5500 554 5559; x_wconf 90' lang='lat' dir='ltr'><strong>Sic</strong></span> <span class='ocrx_word' id='word_1_815' title='bbox 582 5501 661 5580; x_wconf 38' lang='lat' dir='ltr'><strong>F‘;</strong></span> <span class='ocrx_word' id='word_1_816' title='bbox 689 5504 735 5559; x_wconf 78' lang='grc' dir='ltr'>Α</span> <span class='ocrx_word' id='word_1_817' title='bbox 757 5506 903 5580; x_wconf 85' lang='lat' dir='ltr'><strong>quia.</strong></span> <span class='ocrx_word' id='word_1_818' title='bbox 976 5506 1070 5580; x_wconf 71' lang='lat' dir='ltr'><strong>_’-F</strong></span> <span class='ocrx_word' id='word_1_819' title='bbox 1121 5495 1360 5580; x_wconf 64' lang='lat' dir='ltr'><strong>accipiat.</strong></span> <span class='ocrx_word' id='word_1_820' title='bbox 1438 5507 1459 5540; x_wconf 82' lang='grc'>³</span> <span class='ocrx_word' id='word_1_821' title='bbox 1480 5524 1545 5580; x_wconf 10' lang='lat' dir='ltr'><strong>se,</strong></span> <span class='ocrx_word' id='word_1_822' title='bbox 1564 5522 1672 5563; x_wconf 92' lang='lat' dir='ltr'><strong>om.</strong></span> <span class='ocrx_word' id='word_1_823' title='bbox 1709 5506 1769 5561; x_wconf 88' lang='lat' dir='ltr'><strong>F.</strong></span> <span class='ocrx_word' id='word_1_824' title='bbox 1847 5510 1869 5539; x_wconf 69' lang='grc'><strong>⁸</strong></span> <span class='ocrx_word' id='word_1_825' title='bbox 1893 5508 1940 5564; x_wconf 81' lang='grc' dir='ltr'><strong>Α</strong></span> <span class='ocrx_word' id='word_1_826' title='bbox 1958 5507 2339 5580; x_wconf 82' lang='lat' dir='ltr'><strong>laborioseque.</strong></span> <span class='ocrx_word' id='word_1_827' title='bbox 2419 5507 2440 5540; x_wconf 84' lang='lat'><strong>&#39;</strong></span> <span class='ocrx_word' id='word_1_828' title='bbox 2466 5506 2749 5580; x_wconf 9' lang='lat' dir='ltr'><strong>Arservitii.</strong></span> <span class='ocrx_word' id='word_1_829' title='bbox 2806 5504 2828 5537; x_wconf 80' lang='lat'><strong><em>‘</em></strong></span> <span class='ocrx_word' id='word_1_830' title='bbox 2856 5504 2898 5580; x_wconf 71' lang='grc' dir='ltr'><strong><em>Ε</em></strong></span> <span class='ocrx_word' id='word_1_831' title='bbox 2924 5504 3170 5580; x_wconf 64' lang='lat' dir='ltr'><strong>audiunt.</strong></span> <span class='ocrx_word' id='word_1_832' title='bbox 3190 5574 3200 5580; x_wconf 87' lang='lat'>_</span> <span class='ocrx_word' id='word_1_833' title='bbox 3220 5503 3269 5580; x_wconf 90' lang='lat'><strong>_&quot;</strong></span> <span class='ocrx_word' id='word_1_834' title='bbox 3291 5498 3338 5557; x_wconf 79' lang='grc' dir='ltr'><strong>Α</strong></span> <span class='ocrx_word' id='word_1_835' title='bbox 3364 5502 3615 5580; x_wconf 57' lang='lat' dir='ltr'><strong>undique.</strong></span> 
     </span>
    </p>
   </div>
   <div class='ocr_carea' id='block_1_101' title="bbox 337 5567 2430 5706">
    <p class='ocr_par' dir='ltr' id='par_1_101' title="bbox 337 5567 2430 5706">
     <span class='ocr_line' id='line_1_101' title="bbox 337 5567 2430 5650; baseline 0.003 -25"><span class='ocrx_word' id='word_1_836' title='bbox 337 5568 362 5602; x_wconf 84' lang='grc'><strong><em>⁸</em></strong></span> <span class='ocrx_word' id='word_1_837' title='bbox 388 5567 495 5627; x_wconf 86' lang='lat' dir='ltr'><strong>Pro</strong></span> <span class='ocrx_word' id='word_1_838' title='bbox 520 5567 751 5643; x_wconf 69' lang='lat' dir='ltr'><strong>perfecta</strong></span> <span class='ocrx_word' id='word_1_839' title='bbox 768 5567 934 5647; x_wconf 62' lang='lat' dir='ltr'><strong>&#39;inque</strong></span> <span class='ocrx_word' id='word_1_840' title='bbox 959 5577 1001 5633; x_wconf 72' lang='grc' dir='ltr'>Α</span> <span class='ocrx_word' id='word_1_841' title='bbox 1032 5567 1434 5649; x_wconf 64' lang='lat' dir='ltr'><strong>perfectumque.</strong></span> <span class='ocrx_word' id='word_1_842' title='bbox 1476 5578 1497 5609; x_wconf 86' lang='lat'><strong>’</strong></span> <span class='ocrx_word' id='word_1_843' title='bbox 1522 5579 1567 5633; x_wconf 85' lang='lat' dir='ltr'><strong>A</strong></span> <span class='ocrx_word' id='word_1_844' title='bbox 1594 5588 1941 5634; x_wconf 77' lang='lat' dir='ltr'><strong>reuertantur.</strong></span> <span class='ocrx_word' id='word_1_845' title='bbox 1998 5580 2041 5611; x_wconf 86' lang='grc'><strong>¹⁰</strong></span> <span class='ocrx_word' id='word_1_846' title='bbox 2075 5580 2114 5634; x_wconf 85' lang='lat' dir='ltr'><strong>F</strong></span> <span class='ocrx_word' id='word_1_847' title='bbox 2141 5567 2430 5650; x_wconf 62' lang='lat' dir='ltr'><strong>carpentes.</strong></span> 
     </span>
     <span class='ocr_line' id='line_1_102' title="bbox 337 5644 2383 5706; baseline 0.004 -13"><span class='ocrx_word' id='word_1_848' title='bbox 337 5656 448 5694; x_wconf 87' lang='lat' dir='ltr'><strong>om.</strong></span> <span class='ocrx_word' id='word_1_849' title='bbox 483 5644 524 5696; x_wconf 86' lang='lat' dir='ltr'><strong>A</strong></span> <span class='ocrx_word' id='word_1_850' title='bbox 628 5644 672 5677; x_wconf 85' lang='grc'><strong>¹⁸</strong></span> <span class='ocrx_word' id='word_1_851' title='bbox 704 5646 750 5700; x_wconf 86' lang='grc' dir='ltr'><strong>Α</strong></span> <span class='ocrx_word' id='word_1_852' title='bbox 783 5647 1057 5706; x_wconf 84' lang='lat' dir='ltr'><strong>perfectae</strong></span> <span class='ocrx_word' id='word_1_853' title='bbox 1088 5660 1161 5705; x_wconf 82' lang='lat' dir='ltr'><strong>est</strong></span> <span class='ocrx_word' id='word_1_854' title='bbox 1212 5648 1701 5706; x_wconf 73' lang='lat' dir='ltr'><strong>contemplationis.</strong></span> <span class='ocrx_word' id='word_1_855' title='bbox 1807 5648 1851 5680; x_wconf 60' lang='grc' dir='ltr'><strong>ιι</strong></span> <span class='ocrx_word' id='word_1_856' title='bbox 1883 5650 1932 5706; x_wconf 83' lang='grc' dir='ltr'><strong>Α</strong></span> <span class='ocrx_word' id='word_1_857' title='bbox 1960 5651 2154 5706; x_wconf 76' lang='lat' dir='ltr'><strong>aptius.</strong></span> <span class='ocrx_word' id='word_1_858' title='bbox 2257 5649 2300 5682; x_wconf 86' lang='grc'><strong>¹¹¹</strong></span> <span class='ocrx_word' id='word_1_859' title='bbox 2334 5659 2383 5702; x_wconf 84' lang='lat' dir='ltr'><strong>te</strong></span> 
     </span>
    </p>
   </div>
   <div class='ocr_carea' id='block_1_102' title="bbox 1960 5660 2154 5704">
    <p class='ocr_par' dir='ltr' id='par_1_102' title="bbox 1960 5660 2154 5704">
     <span class='ocr_line' id='line_1_103' title="bbox 1960 5660 2154 5704; baseline -0.01 0"><span class='ocrx_word' id='word_1_860' title='bbox 1960 5660 2154 5704; x_wconf 80' lang='lat' dir='ltr'><strong>almus.</strong></span> 
     </span>
    </p>
   </div>
   <div class='ocr_carea' id='block_1_103' title="bbox 336 5644 1701 5718">
    <p class='ocr_par' dir='ltr' id='par_1_103' title="bbox 336 5644 1701 5718">
     <span class='ocr_line' id='line_1_104' title="bbox 336 5644 1701 5718; baseline 0.007 -25"><span class='ocrx_word' id='word_1_861' title='bbox 336 5656 461 5718; x_wconf 49' lang='lat' dir='ltr'><strong>om;</strong></span> <span class='ocrx_word' id='word_1_862' title='bbox 483 5644 524 5696; x_wconf 87' lang='lat' dir='ltr'><strong>A</strong></span> <span class='ocrx_word' id='word_1_863' title='bbox 628 5644 672 5677; x_wconf 85' lang='grc'><strong>¹⁸</strong></span> <span class='ocrx_word' id='word_1_864' title='bbox 704 5646 750 5700; x_wconf 85' lang='grc' dir='ltr'>Α</span> <span class='ocrx_word' id='word_1_865' title='bbox 783 5644 1057 5716; x_wconf 80' lang='lat' dir='ltr'><strong>perfectae</strong></span> <span class='ocrx_word' id='word_1_866' title='bbox 1088 5644 1161 5705; x_wconf 73' lang='lat' dir='ltr'><strong>est</strong></span> <span class='ocrx_word' id='word_1_867' title='bbox 1212 5644 1701 5718; x_wconf 83' lang='lat' dir='ltr'><strong>contemplationis.</strong></span> 
     </span>
    </p>
   </div>
   <div class='ocr_carea' id='block_1_104' title="bbox 2513 5572 3620 5631">
    <p class='ocr_par' dir='ltr' id='par_1_104' title="bbox 2513 5572 3620 5631">
     <span class='ocr_line' id='line_1_105' title="bbox 2513 5572 3620 5631; baseline 0 0"><span class='ocrx_word' id='word_1_868' title='bbox 2513 5578 2553 5608; x_wconf 83' lang='lat'>“</span> <span class='ocrx_word' id='word_1_869' title='bbox 2581 5594 2673 5631; x_wconf 75' lang='lat' dir='ltr'><strong>per</strong></span> <span class='ocrx_word' id='word_1_870' title='bbox 2701 5572 2810 5631; x_wconf 89' lang='lat' dir='ltr'><strong>om.</strong></span> <span class='ocrx_word' id='word_1_871' title='bbox 2842 5576 2908 5630; x_wconf 80' lang='grc' dir='ltr'><strong>Α.</strong></span> <span class='ocrx_word' id='word_1_872' title='bbox 2965 5575 3028 5607; x_wconf 83' lang='grc'><strong>¹¹”</strong></span> <span class='ocrx_word' id='word_1_873' title='bbox 3056 5574 3149 5629; x_wconf 90' lang='lat' dir='ltr'><strong>Sic</strong></span> <span class='ocrx_word' id='word_1_874' title='bbox 3174 5572 3285 5629; x_wconf 81' lang='lat' dir='ltr'><strong>AF.</strong></span> <span class='ocrx_word' id='word_1_875' title='bbox 3367 5574 3407 5605; x_wconf 83' lang='lat'>“</span> <span class='ocrx_word' id='word_1_876' title='bbox 3458 5572 3620 5631; x_wconf 70' lang='lat' dir='ltr'><strong>voluit</strong></span> 
     </span>
    </p>
   </div>
   <div class='ocr_carea' id='block_1_105' title="bbox 2257 5640 3616 5703">
    <p class='ocr_par' dir='ltr' id='par_1_105' title="bbox 2257 5640 3616 5703">
     <span class='ocr_line' id='line_1_106' title="bbox 2257 5640 3616 5703; baseline 0.001 -1"><span class='ocrx_word' id='word_1_877' title='bbox 2257 5649 2300 5682; x_wconf 85' lang='grc'><strong>¹¹¹</strong></span> <span class='ocrx_word' id='word_1_878' title='bbox 2334 5648 2383 5702; x_wconf 83' lang='lat' dir='ltr'><strong>te</strong></span> <span class='ocrx_word' id='word_1_879' title='bbox 2432 5663 2541 5702; x_wconf 91' lang='lat' dir='ltr'><strong>om.</strong></span> <span class='ocrx_word' id='word_1_880' title='bbox 2575 5640 2637 5700; x_wconf 64' lang='grc' dir='ltr'><strong>Ρ.</strong></span> <span class='ocrx_word' id='word_1_881' title='bbox 2742 5640 2921 5703; x_wconf 68' lang='lat' dir='ltr'><strong>“iste</strong></span> <span class='ocrx_word' id='word_1_882' title='bbox 2948 5662 3058 5702; x_wconf 87' lang='lat' dir='ltr'><strong>om.</strong></span> <span class='ocrx_word' id='word_1_883' title='bbox 3091 5642 3155 5700; x_wconf 86' lang='lat' dir='ltr'><strong>F.</strong></span> <span class='ocrx_word' id='word_1_884' title='bbox 3243 5644 3288 5679; x_wconf 83' lang='lat'><strong>&quot;</strong></span> <span class='ocrx_word' id='word_1_885' title='bbox 3323 5644 3380 5701; x_wconf 73' lang='lat' dir='ltr'><strong>in</strong></span> <span class='ocrx_word' id='word_1_886' title='bbox 3405 5642 3529 5701; x_wconf 63' lang='lat'><strong>0111.4</strong></span> <span class='ocrx_word' id='word_1_887' title='bbox 3546 5644 3616 5703; x_wconf 79' lang='grc' dir='ltr'><strong>Α.</strong></span> 
     </span>
    </p>
   </div>
   <div class='ocr_carea' id='block_1_106' title="bbox 339 5708 2945 5794">
    <p class='ocr_par' dir='ltr' id='par_1_106' title="bbox 339 5708 2945 5794">
     <span class='ocr_line' id='line_1_107' title="bbox 339 5708 2945 5794; baseline 0.002 -25"><span class='ocrx_word' id='word_1_888' title='bbox 339 5708 387 5750; x_wconf 75' lang='grc'><strong><em>⁸⁸</em></strong></span> <span class='ocrx_word' id='word_1_889' title='bbox 419 5712 462 5770; x_wconf 93' lang='lat' dir='ltr'><strong>F</strong></span> <span class='ocrx_word' id='word_1_890' title='bbox 490 5730 599 5785; x_wconf 87' lang='lat' dir='ltr'><strong>quo</strong></span> <span class='ocrx_word' id='word_1_891' title='bbox 630 5726 681 5774; x_wconf 87' lang='lat' dir='ltr'><strong>te</strong></span> <span class='ocrx_word' id='word_1_892' title='bbox 704 5708 839 5778; x_wconf 75' lang='lat' dir='ltr'><strong>sinis</strong></span> <span class='ocrx_word' id='word_1_893' title='bbox 869 5719 1124 5794; x_wconf 88' lang='lat' dir='ltr'><strong>intelligi,</strong></span> <span class='ocrx_word' id='word_1_894' title='bbox 1151 5735 1255 5776; x_wconf 87' lang='lat' dir='ltr'><strong>non</strong></span> <span class='ocrx_word' id='word_1_895' title='bbox 1279 5719 1405 5790; x_wconf 82' lang='lat' dir='ltr'><strong>quid</strong></span> <span class='ocrx_word' id='word_1_896' title='bbox 1427 5708 1513 5790; x_wconf 66' lang='grc' dir='ltr'><strong><em>ἐι,</em></strong></span> <span class='ocrx_word' id='word_1_897' title='bbox 1538 5721 1629 5776; x_wconf 80' lang='lat' dir='ltr'><strong>sed</strong></span> <span class='ocrx_word' id='word_1_898' title='bbox 1657 5721 1784 5791; x_wconf 77' lang='lat' dir='ltr'><strong>quia</strong></span> <span class='ocrx_word' id='word_1_899' title='bbox 1810 5736 1885 5777; x_wconf 74' lang='lat' dir='ltr'><strong>es.</strong></span> <span class='ocrx_word' id='word_1_900' title='bbox 1962 5708 2006 5754; x_wconf 75' lang='grc'><strong>¹⁶</strong></span> <span class='ocrx_word' id='word_1_901' title='bbox 2040 5721 2168 5778; x_wconf 84' lang='lat' dir='ltr'><strong>Ain</strong></span> <span class='ocrx_word' id='word_1_902' title='bbox 2197 5728 2288 5777; x_wconf 84' lang='lat' dir='ltr'><strong>tua</strong></span> <span class='ocrx_word' id='word_1_903' title='bbox 2315 5733 2517 5789; x_wconf 74' lang='lat' dir='ltr'><strong>semper</strong></span> <span class='ocrx_word' id='word_1_904' title='bbox 2551 5715 2945 5775; x_wconf 78' lang='lat' dir='ltr'><strong>essentialitate.</strong></span> 
     </span>
    </p>
   </div>
  </div>
