4168 6284
494 157 622 211 4011

1902 152 2186 211 JOANNIS
2222 152 2427 211 SCOTI»

3631 159 3771 215 1012

495 274 677 339 itaque
705 272 772 325 ad
801 271 1051 347 speolalis
1097 270 1299 326 reditus
1339 268 1831 336 wmuem
1861 267 2074 326 aceele-
2103 272 2153 332 Α
2176 269 2373 332 siderat.
2408 280 2517 323 nou
2556 274 2736 325 autem
2783 268 2905 341 ipse
2941 268 3146 326 lumine
3193 270 3572 345 illuminantur
3599 284 3658 330 et
3680 290 3777 330 or-

497 376 639 427 rare,
673 371 732 418 ut
774 363 827 419 in
858 376 921 418 ea
952 371 1168 433 nostrae
1205 361 1583 433 disputationis
1624 360 1849 423 limitem
1877 359 2079 417 consti-

499 463 732 507 tuamus.
762 449 879 507 Non
923 450 1066 523 enim
1105 450 1304 507 diutius
1337 460 1420 508 est
1450 450 1845 517 immorandum
1887 449 1938 504 in
1972 450 2079 517 his,

497 556 638 611 quae
674 539 1042 611 multipliciter
1072 539 1359 611 apertioris
1392 539 1764 613 persuasionis
1791 540 1965 612 gratia
1996 526 2081 594 re;

501 635 668 706 pctita
694 642 840 697 sunt,
868 648 935 688 ne
964 632 1103 711 forte
1136 633 1258 705 plus
1289 633 1343 689 in
1372 634 1572 701 verbis,
1602 649 1763 703 quam
1797 633 1848 688 in
1878 636 1895 664 ¹
1926 632 2082 689 intel-

503 728 730 785 lectibus
757 735 997 781 nostram
1043 726 1460 796 disputationem
1500 725 1754 797 implesse
1779 726 2079 782 videamur.

501 823 641 883 Mss.
686 822 876 878 Totius
900 820 1240 889 rationabilis
1268 827 1576 886 creaturae,
1602 836 1742 890 quae
1774 821 2085 890 specialiter

503 911 556 967 in
590 911 811 967 homine
841 919 1026 968 creata
1054 917 1158 976 est,
1188 918 1244 964 et
1292 909 1377 963 cui
1424 910 1742 967 naturaliter
1777 911 1923 975 inest
1956 910 2085 975 affe-

503 1011 621 1058 ctus
642 1001 1014 1069 beatitudinis,
1035 1008 1089 1055 et
1110 998 1432 1070 cognitionis
1457 1001 1650 1055 summi
1681 1002 1804 1057 boni
1835 1001 2084 1068 facultas,

502 1093 606 1149 hoc
627 1101 711 1148 est
736 1090 1134 1149 excelsissimae
1159 1093 1464 1156 Trinitatis,
1496 1109 1562 1147 ex
1590 1110 1693 1163 qua
1721 1100 1906 1151 manat
1926 1104 2087 1149 omne

503 1188 729 1253 bonum,
750 1186 867 1257 ipse
890 1186 1150 1243 Dominus
1176 1186 1226 1241 in
1252 1186 1545 1258 Evangelia
1574 1186 1757 1240 decem
1788 1184 2088 1256 virginibus

504 1275 822 1331 assimilavit
840 1277 1244 1347 universitatem
1264 1295 1278 1343 ;
1302 1294 1439 1347 quae
1464 1277 1792 1346 accipientes
1814 1275 2090 1344 lampadas

505 1380 669 1432 suas,
716 1366 819 1422 hoc
863 1376 946 1427 est
990 1367 1349 1441 capacitatem
1395 1377 1648 1422 aeternae
1702 1366 1837 1421 lucis
1893 1380 2089 1435 cegno-

506 1456 759 1523 scendae,
780 1457 1035 1513 exierunt
1060 1459 1274 1514 obviam
1303 1473 1500 1528 sponso
1520 1465 1577 1512 et
1598 1472 1849 1526 sponsae,
1871 1456 2090 1514 Christo

506 1550 756 1606 videlicet
778 1560 835 1606 et
863 1550 1159 1618 Ecclesiae,
1190 1566 1331 1622 quae
1352 1549 1467 1619 jam
1495 1551 1548 1605 in
1577 1550 1728 1607 caelo
1762 1559 1865 1615 est,
1894 1548 2089 1620 partim

2182 369 2380 417 nuntur
2404 362 2450 431 ⁸,
2471 363 2689 425 obviam
2707 362 2924 437 Christo
2943 364 3257 449 precedent,
3268 363 3377 427 hoc
3392 374 3502 433 est,
3530 381 3637 431 non
3658 367 3775 437 solo

2180 453 2498 510 naturaliter
2525 454 2688 510 insito
2710 455 2731 487 ⁹
2767 455 3028 527 appetitu,
3059 455 3155 525 sed
3192 456 3356 515 etiam
3388 455 3571 527 reipsa
3596 464 3654 512 et
3678 473 3777 515 exs

2181 544 2484 613 perimento
2508 544 2576 599 ad
2602 544 2718 619 sola
2747 544 3015 603 naturalia
3052 544 3408 615 humanitatis
3435 546 3601 618 bona,
3636 564 3780 618 quae

2182 635 2237 691 in
2275 632 2493 713 Christo
2544 635 2864 705 subsistunt,
2913 633 3292 700 ascenderit“,
3329 650 3439 693 non
3486 644 3665 692 autem
3710 638 3781 695 ad

2182 726 2652 798 supernaturalem
2683 725 3043 785 deiﬁcationis
3078 726 3133 783 in
3171 740 3237 781 eo
3264 726 3499 801 gratiam
3540 736 3591 784 et
3620 726 3780 782 laeti-

2184 820 2316 888 tiam
2344 819 2681 889 pervenient.
2721 819 2788 874 Et
2825 818 2930 875 hoc
2955 828 3061 885 est,
3097 819 3243 893 quod
3271 818 3529 891 denariae
3555 819 3779 896 quanti-

2185 911 2317 967 tatis
2353 911 2545 966 divisio
2570 909 2830 967 insinuat.
2872 910 2965 967 Ait
3000 910 3146 967 enim
3178 929 3191 966 :
3226 909 3468 983 Quinque
3496 920 3671 971 autem
3712 926 3781 969 ea:

2185 1005 2259 1058 eis
2286 1012 2433 1057 erant
2461 1001 2666 1070 fatuae,
2698 1001 2750 1056 id
2776 1011 2862 1061 est
2892 1001 3287 1073 imprudentes,
3320 1012 3368 1057 et
3394 1004 3615 1074 quinque
3642 1019 3778 1073 pru-

2187 1097 2384 1151 dentes.
2417 1093 2524 1152 Sed
2558 1094 2739 1151 fatuae
2761 1095 2906 1169 solas
2930 1095 3229 1168 lampadas,
3252 1112 3360 1154 non
3386 1107 3564 1167 autent
3593 1096 3779 1157 oleum

2189 1203 2373 1244 secum
2400 1196 2783 1257 sumpserunt;
2828 1188 3125 1263 prudentes
3148 1204 3278 1253 vero
3308 1204 3416 1259 non
3438 1189 3611 1245 solum
3640 1190 3779 1244 lam-

2189 1280 2377 1349 padas,
2408 1292 2597 1334 verum
2633 1280 2796 1335 etiam
2823 1279 3001 1335 oleum
3033 1280 3089 1334 in
3116 1279 3460 1350 lampadibus
3493 1280 3605 1341 suis
3631 1294 3783 1336 actae-

2190 1377 2405 1438 perunt.
2451 1369 2591 1426 Vasa
2634 1370 2816 1440 itaque
2845 1370 3041 1431 similia
3072 1381 3200 1426 sunt
3226 1371 3577 1443 prudentium
3602 1381 3660 1426 et
3683 1372 3781 1427 im-

2190 1459 2534 1535 prudentium
2583 1459 2874 1530 virginum,
2905 1460 3161 1532 quoniam
3209 1461 3382 1529 ratio,
3428 1476 3574 1532 quae
3617 1460 3783 1518 veluti

2193 1548 2457 1604 naturalis
2525 1548 2692 1605 divini
2762 1548 2983 1607 luminis
3034 1551 3189 1607 sedes
3257 1559 3372 1619 est,
3437 1549 3783 1609 uniformiter

505 1641 559 1694 in
587 1643 791 1698 sanctis
818 1643 1041 1714 angelis,
1071 1644 1269 1712 partim
1298 1643 1351 1697 in
1380 1641 1778 1717 purgatissimis
1807 1640 2086 1696 hominum
2118 1627 2165 1688 Β
2194 1638 2492 1711 integritati
2545 1638 2707 1695 veluti
2765 1640 2999 1710 cuipiam
3060 1639 3357 1711 virginitati
3413 1649 3641 1696 naturae
3700 1640 3784 1695 in-

506 1730 809 1798 animabus,
840 1731 896 1787 in
936 1733 1130 1805 quibus
1174 1732 1445 1801 primitiae
1491 1741 1717 1789 naturae
1747 1733 2015 1788 humanae
2042 1733 2086 1801 ²,

507 1836 645 1903 quae
677 1822 852 1878 adhuc
891 1823 947 1885 in
996 1822 1311 1894 captivitate
1348 1832 1451 1891 est,
1483 1822 1729 1879 mortalis
1754 1821 1898 1877 vitae
1924 1820 2087 1893 fragi-

506 1912 745 1984 liumque
789 1916 1151 1975 membrorum
1190 1916 1438 1975 caelestis
1478 1917 1684 1988 patriae
1710 1915 1920 1971 civibus
1950 1914 2091 1969 inse-

508 2014 720 2060 runtur.
745 2006 853 2065 Sed
874 2023 1043 2078 quare
1067 2007 1319 2073 obviam?
1342 2008 1479 2077 Quia
1506 2008 1754 2065 videlicet
1784 2007 2093 2078 redemptor

509 2105 563 2149 et
596 2112 827 2169 sponsus
864 2098 1146 2155 rationalis
1172 2108 1420 2157 naturae
1469 2098 1719 2156 inetl'abili
1772 2097 2093 2155 clementiae

510 2201 639 2242 εωιε
666 2189 1124 2247 condescensione
1149 2196 1206 2246 et
1234 2189 1451 2247 solertia
1492 2204 1706 2260 semper
1734 2188 1799 2243 ad
1828 2187 2093 2258 recipien-

511 2279 609 2333 dos
633 2294 732 2335 nos
757 2279 1111 2351 spiritualiter
1134 2280 1301 2353 venit,
1330 2279 1653 2337 caelestibus
1682 2280 1970 2335 virtutibus
1995 2287 2049 2334 et
2072 2279 2093 2311 ³

511 2367 793 2425 animabus
816 2370 1021 2427 sanctis
1045 2371 1095 2429 ei
1119 2373 1569 2439 commeantibus,
1596 2372 1881 2427 ali'ectione
1908 2371 2098 2429 salutis

513 2467 731 2515 nostrae
760 2469 1082 2520 commotae.
1135 2461 1230 2519 ille
1268 2462 1533 2533 siquidem
1579 2476 1809 2531 sponsus
1858 2461 1913 2515 in
1968 2475 2097 2517 aure

514 2550 694 2606 cordis
718 2551 1045 2622 generaliter
1090 2552 1342 2609 universo
1385 2552 1567 2623 generi
1618 2551 1857 2609 humano
1902 2550 2100 2615 clamat

514 2641 700 2701 (li-cens
732 2659 742 2695 :
783 2636 964 2701 Venite
992 2643 1061 2699 ad
1090 2660 1171 2703 me
1201 2659 1401 2710 omnes,
1426 2643 1517 2715 qui
1544 2642 1795 2699 laboratis
1822 2652 1870 2713 et
1899 2642 2100 2698 onerati

513 2732 667 2797 estis,
707 2740 756 2787 et
783 2745 875 2802 ego
901 2731 1135 2802 reﬁciam
1167 2750 1273 2807 uno.
1320 2731 1507 2791 Tollite
1528 2733 1717 2804 jugum
1741 2748 1913 2788 meum
1945 2747 2101 2801 super

515 2840 623 2889 vos,
654 2833 707 2879 et
736 2825 922 2881 discite
953 2844 985 2880 α
1011 2841 1110 2891 me,
1140 2825 1266 2896 quia
1298 2825 1437 2881 mitis
1465 2840 1581 2880 sum
1611 2834 1659 2879 et
1685 2822 1897 2878 humilis
1922 2822 2099 2890 corde,

516 2925 563 2971 et
586 2915 849 2973 invenietis
870 2918 1098 2990 requiem
1118 2916 1394 2975 animabus
1422 2916 1625 2972 vestris.
1657 2913 1816 2970 Venit
1844 2928 1975 2986 ergo
1999 2912 2097 2968 ob-

518 3007 659 3065 viam
687 2989 947 3066 omnibus
958 3024 1086 3081 cum
1112 3022 1308 3079 sponsa
1333 3022 1430 3063 sua
1454 3045 1473 3075 ,
1516 3005 1815 3063 Jerusalem
1853 3004 2105 3060 videlicet
2128 2989 2174 3053 Ο

520 3098 777 3169 caelesti,
827 3094 920 3171 qui
960 3101 1207 3174 recipere
1248 3114 1437 3158 omnes
1476 3099 1701 3157 devotus
1746 3107 1831 3156 est
1874 3099 1932 3155 in
1979 3113 2106 3156 con-

521 3193 748 3251 sortium
776 3207 907 3250 suae
934 3192 1190 3252 civitatis.
1232 3193 1303 3253 Et
1340 3192 1760 3263 animadverte,
1806 3192 1951 3264 quod
1994 3202 2108 3251 tota

522 3282 830 3347 humanitas
878 3279 1101 3355 denario
1151 3298 1381 3357 pumero
1433 3293 1804 3356 comparatur,
1849 3284 2106 3356 quoniam

525 3373 791 3443 decimam
814 3374 868 3428 in
893 3374 1269 3443 aediﬁcatione
1295 3390 1525 3447 superae
1553 3375 1574 3406 ⁸
1602 3374 1841 3445 civitatis
1868 3374 2108 3445 possidet

529 3465 826 3534 regionem.
867 3464 1065 3533 Decem
1102 3466 1285 3537 itaque
1311 3466 1570 3538 virgines,
1602 3467 1706 3523 hoc
1735 3474 1839 3534 est,
1870 3472 1980 3524 tota
2007 3466 2109 3527 hu-

529 3575 722 3623 manae
758 3569 989 3620 naturae
1028 3562 1395 3637 numerositas
1437 3561 1670 3617 naturali
1723 3560 1962 3632 appetitu
2006 3560 2106 3616 ob-

529 3652 671 3707 viam
714 3651 1047 3728 diligentiae
1066 3661 1130 3711 et
1157 3652 1223 3708 ad
1251 3666 1371 3711 eam
1404 3652 1637 3709 venienti
1667 3651 1805 3715 exit,
1832 3666 1936 3706 non
1962 3666 2109 3722 gres-

529 3745 679 3807 sibus
709 3744 987 3814 corporis,
1014 3744 1111 3802 sed
1152 3742 1432 3805 atl'eetibus
1462 3745 1676 3800 mentis.
1726 3743 2110 3814 Sedxquamvis

527 3836 774 3907 aequalis
796 3845 974 3893 motus
994 3836 1067 3893 sit
1087 3834 1372 3897 rationalis
1397 3848 1622 3891 naturae
1650 3836 1716 3895 ad
1746 3834 1905 3891 tinem
1929 3852 2104 3904 suum,

531 3928 622 4000 qui
656 3937 742 3985 est
766 3927 1036 3996 Christus,
1061 3927 1410 4000 aequalisque
1448 3929 1655 3984 aeterni
1707 3928 1944 3996 lurninis,
1971 3943 2112 4000 quae

2191 1718 2599 1800 corruptibilis,
2645 1744 2788 1800 quae
2851 1731 2905 1785 in
2980 1729 3129 1785 nullo
3177 1739 3401 1802 augetur
3448 1730 3535 1786 vel
3586 1732 3784 1787 minui-

2194 1820 2368 1885 tur“,
2419 1818 2709 1875 distributa
2761 1829 2886 1888 est,
2940 1821 3188 1891 quamvis
3214 1822 3255 1852 ¹¹³
3283 1836 3390 1877 non
3441 1820 3781 1897 uniformiter

2193 1910 2432 1967 divinum
2471 1911 2650 1966 lumen
2699 1911 2950 1982 accipiat.
3001 1910 3111 1967 Nec
3157 1912 3260 1968 hoc
3306 1913 3360 1967 in
3410 1911 3568 1984 culpa
3614 1912 3789 1983 ipsius

2193 2003 2429 2071 luminis,
2455 2013 2548 2059 aut
2568 2003 2793 2071 invidia,
2819 2013 2913 2060 aut
2939 2005 3114 2077 inopia
3134 2004 3503 2069 constituitur,
3528 2003 3784 2075 quamam

2193 2092 2443 2149 omnibus
2466 2108 2726 2163 praesens
2748 2100 2854 2163 est,
2879 2094 3231 2164 omnibusque
3256 2092 3560 2162 aequaliter
3584 2107 3785 2163 super-

2193 2174 2432 2257 fulgens,
2468 2195 2523 2241 et
2556 2186 2875 2242 inexhausta
2909 2183 3168 2241 etl‘usione
3204 2185 3454 2243 omnibus
3478 2183 3786 2254 aequaliter

2195 2278 2468 2349 proﬂuens
2496 2296 2512 2334 :
2540 2279 2635 2334 sed
2665 2278 2920 2349 quoniam
2946 2292 3051 2334 non
3076 2277 3264 2333 eadem
3294 2276 3472 2331 virtus
3491 2283 3578 2331 est
3600 2273 3787 2331 oculo-

2198 2385 2350 2435 rum,
2392 2367 2589 2439 quibus
2613 2368 2705 2424 lux
2739 2368 3000 2425 mentium
3029 2366 3359 2439 percipitur,
3400 2365 3684 2436 sequitur,
3730 2373 3789 2419 ut

2198 2460 2287 2518 alii
2322 2461 2475 2533 plus.
2508 2461 2596 2516 alii
2639 2462 2822 2518 minus
2849 2474 2912 2514 ea
2950 2458 3228 2525 fruantur,
3263 2456 3355 2513 alii
3384 2455 3605 2528 penitus
3634 2454 3700 2511 ab
3725 2468 3789 2509 ea

2199 2552 2591 2618 excludantur;
2629 2562 2690 2607 ut
2714 2549 2982 2607 immundi
3012 2549 3269 2622 spiritus,
3308 2547 3404 2619 qui
3438 2547 3507 2605 ad
3538 2561 3657 2604 eam
3687 2560 3786 2601 no-

2200 2648 2317 2713 lunt
2342 2647 2604 2712 converti,
2637 2661 2745 2703 non
2773 2646 2915 2719 quod
2935 2653 2990 2701 et
3007 2644 3109 2716 ipsi
3136 2643 3427 2703 secundum
3456 2641 3786 2703 intellectua-

2199 2736 2307 2792 lem
2336 2735 2688 2792 substantiam
2706 2777 2721 2800 ,
2752 2736 2802 2790 in
2834 2750 2940 2806 qua
2970 2750 2999 2788 a
3023 2748 3235 2790 summo
3263 2734 3402 2789 bono
3429 2732 3595 2788 creati
3624 2737 3781 2798 sunt,

2201 2828 2611 2898 participatione
2653 2842 2779 2882 vere
2817 2825 3103 2882 existentis
3149 2824 3363 2881 luminis
3407 2822 3779 2885 secludantur;

2204 2919 2439 2988 alioquin
2475 2917 2539 2972 ad
2566 2916 2793 2973 nihilum
2823 2917 3037 2989 penitus
3074 2915 3489 2987 redigerentur;
3527 2928 3689 2970 omne
3712 2913 3786 2969 si-

2204 3009 2422 3079 quidem
2459 3008 2871 3080 participatione
2900 3005 3017 3077 ejus
3037 3006 3309 3078 privatum
3346 3005 3572 3061 omnino
3606 3005 3661 3058 in
3692 3018 3787 3059 na-

2206 3109 2329 3157 tura
2352 3116 2534 3156 rerum
2564 3114 2669 3165 non
2693 3106 2798 3164 est,
2822 3097 2876 3153 in
2896 3104 3158 3171 quantum
3183 3110 3313 3151 vero
3335 3092 3792 3151 irrationabilihus

2204 3208 2493 3265 perversae
2514 3207 2646 3248 suae
2669 3189 2957 3249 voluntatis
2972 3189 3207 3249 motibus
3224 3185 3680 3251 contaminamur,
3711 3200 3794 3238 ve.

2205 3297 2300 3346 rae
2319 3283 2455 3340 lucis
2472 3281 2833 3338 excluduntur
2855 3278 3298 3350 participatione;
3333 3292 3441 3335 non
3463 3276 3606 3335 enim
3635 3274 3697 3330 ad
3725 3274 3792 3329 il-

2205 3376 2337 3446 lam,
2364 3377 2458 3435 sed
2490 3376 2559 3432 ad
2586 3375 2929 3445 semetipsos,
2960 3372 3064 3429 hoc
3092 3382 3199 3441 est,
3224 3371 3293 3428 ad
3316 3370 3617 3442 nequitiam
3641 3381 3796 3424 suam

2205 3475 2615 3537 convertuntur.
2645 3465 2703 3523 Si
2734 3466 2879 3522 enim
2901 3465 2969 3521 ad
2991 3472 3238 3521 naturam
3260 3476 3416 3518 suam
3444 3460 3794 3531 respicerent.

2206 3571 2262 3619 et
2281 3561 2349 3619 ad
2375 3559 2491 3632 eius
2502 3558 2840 3623 Creatorem,
2861 3553 3107 3629 profecto
3122 3554 3267 3611 beati
3288 3555 3496 3613 tierent.
3520 3551 3585 3606 Et
3610 3552 3653 3607 si
3676 3550 3797 3622 quis

2209 3652 2407 3715 dixerit
2439 3671 2453 3707 :
2484 3651 2663 3721 Quare
2706 3648 3004 3721 aequaliter
3022 3647 3267 3717 intuendi
3300 3644 3467 3703 divini
3499 3644 3542 3676 ¹³
3576 3643 3798 3701 luminis

2207 3745 2490 3813 upiversae
2534 3742 2787 3798 rationali
2818 3749 3045 3801 naturae
3070 3755 3177 3796 non
3196 3738 3354 3795 datur
3381 3738 3424 3769 ι’
3444 3735 3793 3807 possibilitas,

2207 3850 2317 3901 non
2332 3844 2517 3893 autem
2541 3833 2781 3891 intuendi
2810 3832 2942 3891 illud
2978 3832 3102 3901 data
3124 3839 3208 3903 est
3226 3828 3524 3900 aequaliter
3548 3827 3719 3895 virtus
3743 3835 3799 3883 et

2210 3925 2492 3993 actio,sive
2509 3924 2560 3979 in
2575 3924 2677 3979 hac
2696 3922 2944 3995 vita,_sive
2962 3921 3013 3976 in
3031 3919 3298 3977 futura“?
3316 3920 3611 3991 interroget
3626 3915 3792 3985 illum,

530 4033 627 4093 per
658 4019 936 4091 lampades
979 4020 1332 4093 signiﬁcatur,
1381 4020 1643 4091 appetitio
1666 4060 1685 4087 ,
1724 4035 1837 4077 non
1885 4027 2064 4077 tamen
2087 4021 2110 4052 ⁵
2210 4018 2303 4090 qui
2334 4016 2666 4087 stupefactus
2694 4022 2748 4083 et
2771 4010 3135 4077 inaccessibili
3165 4011 3284 4071 luce
3324 4023 3678 4082 repercussus
3706 4022 3795 4062 ac-

535 4114 833 4184 aequaliter
855 4113 1027 4175 lucem
1044 4114 1218 4181 illam,
1245 4130 1387 4185 quae
1406 4114 1674 4171 illuminat
1698 4129 1914 4177 omnem
1938 4113 2116 4175 botni-
2214 4109 2415 4177 clatuat
2454 4109 2521 4179 ⁸⁸,
2552 4107 2780 4177 dicens;
2809 4104 2852 4160 0
2882 4103 3109 4158 altitudo
3138 4103 3442 4157 divitiarum
3470 4101 3714 4159 scientiae
3748 4107 3795 4154 et

532 4217 655 4267 trem
676 4203 979 4263 venientem
996 4204 1057 4267 in
1076 4206 1221 4268 hunc
1246 4203 1267 4234 ⁸
1288 4204 1573 4270 mundum,
1601 4205 1910 4275 participat.
1938 4202 2112 4275 Unum
2216 4204 2504 4276 sapientiae
2535 4200 2666 4255 Dei!
2695 4198 2868 4268 Quam
2894 4194 3262 4265 inscrutabilia
3290 4204 3412 4253 sunt
3426 4192 3637 4265 judicia
3663 4191 3797 4263 ejus,

532 4305 605 4351 est
628 4297 774 4353 enim
798 4336 815 4363 ,
854 4305 914 4352 ut
937 4297 1128 4361 beatus
1155 4296 1442 4367 Dionysius
1470 4294 1792 4367 Areopagita
1818 4295 1936 4362 ait,
1970 4294 2113 4367 quod
2142 4340 2195 4401 Β
2218 4303 2265 4357 et
2316 4291 2694 4362 iuvestigabiles
2746 4290 2858 4345 viae
2900 4289 3013 4361 ejus
3062 4288 3121 4340 in
3168 4287 3312 4345 omni
3357 4280 3799 4401 temporslrQuis

535 4385 710 4449 milia
775 4386 1088 4445 naturaliter
1135 4387 1455 4457 participare
1508 4392 1800 4456 appetunt;
1872 4382 1963 4439 sed
2013 4399 2118 4439 non
2144 4374 2194 4401 υ
2223 4387 2359 4450 enim
2394 4386 2630 4455 cognovit
2665 4398 2875 4441 sensum
2901 4380 3150 4438 Domini?
3182 4379 3290 4433 Aut
3321 4378 3436 4452 quis
3472 4374 3801 4447 consiliarius

536 4475 823 4546 aequaliter
843 4477 1021 4533 omnia
1046 4492 1207 4546 unum
1226 4476 1564 4548 participant.
1590 4473 1805 4530 Nullum
1830 4480 2010 4545 tamen
2035 4480 2118 4528 est
2223 4474 2335 4545 ejus
2366 4474 2512 4544 fuit?
2552 4474 2618 4529 Et
2647 4473 2764 4544 quis
2788 4472 2934 4543 prior
2956 4470 3097 4525 dedit
3128 4468 3230 4537 illi,
3259 4479 3317 4522 ut
3356 4466 3674 4522 retribuatur
3708 4466 3756 4518 ei
3780 4465 3804 4519 2’

536 4567 591 4633 in
616 4554 816 4633 natura
857 4580 1062 4631 rerum,
1096 4568 1240 4637 quod
1286 4568 1403 4639 eius
1442 4567 1853 4638 participatione
1894 4564 2116 4625 omnino
2226 4562 2486 4639 Quoniam
2520 4580 2587 4619 ea:
2617 4563 2750 4635 ipso,
2785 4572 2833 4619 et
2856 4578 2949 4632 per
2971 4562 3175 4632 ipsum,
3211 4566 3262 4615 et
3290 4558 3343 4611 in
3374 4557 3521 4627 ipso,
3546 4563 3594 4611 et
3620 4552 3689 4606 ad
3717 4554 3799 4621 ip-

536 4656 803 4729 privetur.
834 4657 1061 4726 ideoque
1082 4672 1193 4717 non
1220 4660 1517 4728 aequaliter
1554 4659 1767 4715 obviam
1789 4659 1811 4691 ⁷
1834 4673 2032 4729 sponso
2060 4665 2118 4715 et
2221 4666 2476 4731 suntsunt
2505 4656 2701 4729 omnia.
2730 4653 3029 4724 lnterroget
3047 4653 3232 4720 etiam,
3260 4664 3356 4704 cur
3373 4646 3611 4703 omnium
3631 4645 3801 4700 bono-

538 4760 774 4818 sponsae
796 4746 1034 4816 virgines
1056 4747 1304 4811 exiliunt.
1334 4748 1471 4805 Nam
1506 4750 1598 4819 qui
1622 4766 1729 4804 non
1761 4750 1932 4806 solum
1964 4765 2121 4822 capa-
2223 4765 2344 4807 rum
2372 4749 2596 4823 largitor
2617 4760 2723 4802 non
2744 4743 3045 4825 aequaliter
3063 4742 3314 4799 omnibus
3336 4737 3611 4803 ordinibus
3633 4748 3800 4825 anget

541 4836 760 4899 citatam
791 4836 908 4892 veri
933 4834 1173 4901 luminis,
1202 4849 1389 4901 verum
1430 4836 1594 4905 etiam
1622 4845 1678 4891 et
1708 4838 1880 4907 ipsum
1913 4838 2117 4907 lmnen,
2221 4841 2396 4897 lorum
2449 4822 2701 4903 virtutem
2749 4822 3225 4909 contemplationis
3269 4846 3397 4891 suae
3423 4822 3801 4885 distribuerit?

540 4929 685 5001 quod
713 4929 894 4993 oleum
923 4927 1247 4997 coniuent,
1283 4929 1583 5000 possident,
1622 4931 1691 4985 ad
1734 4930 1912 5003 ipsum
1957 4944 2120 4999 spon-
2224 4930 2403 4987 Altius
2437 4916 2707 5002 siquidem
2742 4928 3107 5000 liquidiusque
3151 4922 3609 4998 propinquiusque
3653 4917 3803 4972 illum

538 5034 663 5081 sum
704 5022 1060 5093 pervenient,
1099 5031 1154 5080 et
1180 5038 1305 5081 cum
1334 5024 1452 5094 ipso
1486 5022 1539 5079 in
1570 5022 1881 5095 Spirituales
1908 5023 2123 5095 nuptias
2228 5011 2659 5097 contemplemur
2700 5018 2987 5088 Seraphim
3022 5024 3085 5073 et
3123 5013 3419 5071 Cherubim
3461 5018 3519 5067 et
3568 5005 3805 5071 Throni,

539 5110 842 5178 iambum.
874 5114 977 5187 Qui
1009 5131 1139 5175 vero
1162 5116 1333 5174 solam
1358 5115 1577 5173 luminis
1610 5117 1965 5190 capacitatem
1994 5130 2120 5187 pos-
2228 5111 2643 5185 quam_Vi.rtutes
2662 5108 3033 5184 ειΡοιεειδιθε
3054 5104 3563 5177 et_Domiuatione5'
3585 5108 3639 5157 el
3660 5097 3807 5169 59339

1823 5270 2076 5329 VARIAE
2111 5266 2512 5328 LECTIONES.

619 5425 634 5457 ¹
674 5424 726 5479 in
765 5437 878 5493 our.
904 5420 969 5479 A.
1046 5425 1067 5455 ²
1104 5423 1366 5485 humanae
1391 5438 1501 5479 om.
1528 5424 1592 5479 A.
1670 5424 1691 5456 ³
1729 5434 1776 5483 et
1812 5439 1920 5480 om.
1951 5424 2015 5478 A.
2092 5423 2116 5455 ‘
2153 5422 2201 5493 Α
2236 5438 2510 5492 supernae.
2584 5423 2821 5493 ltamen
2869 5431 2980 5493 om.
3011 5413 3076 5470 F.
3134 5413 3346 5493 ‘f‘hunc
3375 5426 3484 5493 om.
3657 5409 3691 5493 f
3719 5408 3809 5493 oft-

548 5501 681 5555 uiam
710 5508 823 5545 om.
852 5481 919 5548 Δ.
992 5500 1016 5534 ⁸
1055 5495 1098 5548 Α
1122 5481 1461 5550 coronantur.
1535 5495 1558 5530 '
1586 5495 1627 5549 Α
1661 5481 1763 5549 non
1792 5496 1961 5549 solum
1992 5481 2310 5549 naturaliter
2341 5493 2396 5547 in
2424 5509 2541 5547 suo.
2617 5490 2660 5523 ί*
2697 5482 2744 5544 Α
2770 5487 3080 5543 ascendunt.
3134 5481 3211 5555 “7
3240 5483 3286 5538 Δ
3316 5491 3470 5555 auget
3495 5481 3577 5540 vel
3599 5481 3808 5537 minuit.

546 5557 596 5605 δ’
631 5565 674 5620 Α
698 5579 877 5635 quant.
914 5636 919 5642 _
954 5565 999 5599 ⁸³
1029 5564 1193 5621 divini
1216 5567 1326 5621 om.
1350 5564 1413 5622 Ρ.
1491 5568 1537 5600 ¹⁴
1563 5583 1668 5624 non
1696 5566 1854 5624 datur
1887 5580 1996 5626 om.
2046 5564 2105 5621 ν’.
2184 5563 2230 5599 ³⁸
2267 5561 2312 5620 Α
2344 5564 2456 5627 sive
2478 5562 2540 5621 in
2564 5560 2747 5618 futura
2779 5558 2909 5617 vita.
2980 5555 3033 5597 ι’
3070 5556 3119 5615 Δ
3165 5554 3381 5611 clm.
