4168 6284
395 178 536 235 1015

1255 173 1342 227 ΒΕ
1381 159 2118 238 υινιειοκιεηΝΑτ-υιιικε.
2158 133 2228 200 .4
2265 159 2470 215 LIBER
2509 155 2835 226 QUINTUS.

3547 149 3682 208 lOl-i

398 292 591 346 iterum
624 287 975 344 excellentius
1003 286 1308 354 clariusque
1328 325 1343 350 ,
1378 301 1539 354 quam
1571 284 1910 352 Principatus
1935 285 1990 333 et
2015 277 2070 338 Α
2093 277 2394 346 appetitor;
2423 273 2718 344 praecessit
2748 256 2890 325 enim
2913 267 3220 337 Insipieutta
3249 275 3302 320 et
3325 275 3684 335 imprudentia

399 379 722 452 Archangeli
751 387 804 432 ct
825 377 1034 448 Angeli.
1057 376 1126 432 Et
1155 377 1276 445 quis
1303 375 1428 430 huic
1459 373 1868 446 interrogationi
1905 386 1990 426 rc-

400 470 684 540 Spondebit
707 470 731 523 ?
755 468 944 536 Nemo,
977 468 1080 524 nisi
1113 468 1356 537 cogitans
1381 467 1522 520 intra
1553 466 1821 535 seipsum,
1847 463 1992 534 quod

401 560 664 630 scriptum
691 567 811 616 est:
859 557 1050 612 Omnia
1089 559 1148 612 in
1187 573 1434 610 mensura
1461 565 1510 610 et
1535 572 1751 610 numero
1780 565 1827 608 et
1860 569 1992 624 pon-

402 653 544 718 dere,
582 652 636 706 id
661 660 744 706 est
771 650 978 714 ordine,
1011 649 1129 718 fecit
1160 647 1320 702 Deus.
1354 647 1420 702 Et
1451 647 1625 716 qualis
1649 647 1992 716 pulchritudo

403 744 770 800 universitatis
811 757 839 796 a
891 741 1003 796 Deo
1033 741 1286 796 conditae
1325 740 1489 808 foret,
1537 741 1583 796 si
1620 741 1800 796 omnia
1848 741 1990 794 Deus

403 834 702 906 aequaliter
723 831 1118 890 constitueret?
1145 831 1279 886 Nam
1304 841 1358 886 et
1384 830 1656 886 sensibilis
1673 829 1992 884 harmoniae

401 913 626 982 dulcedo
661 935 716 980 ct
745 925 1090 994 pulchritudo
1119 939 1225 978 non
1267 938 1334 978 ex
1371 923 1640 978 similibus
1683 922 1851 986 sonis,
1895 921 1992 992 sed

399 1035 460 1098 ei;
491 1019 758 1088 diversis,
789 1020 922 1074 ralis
947 1027 1129 1074 tamen
1170 1017 1606 1088 proportionibus
1629 1015 1728 1070 sibi
1761 1015 1990 1070 invicem

398 1113 696 1184 compactis
717 1113 1018 1166 ordinatur.
1047 1111 1322 1180 l’roponat
1343 1111 1470 1164 item
1500 1129 1510 1162 :
1537 1111 1580 1164 si
1601 1110 1805 1180 primus
1831 1109 1994 1162 homo

399 1219 506 1260 non
534 1213 811 1276 peccaret,
839 1204 994 1274 cujus
1023 1203 1228 1274 peccati
1261 1203 1466 1262 ultione
1491 1219 1587 1272 per
1615 1201 1910 1256 masculum
1941 1209 1998 1254 et

403 1297 658 1350 feminam
683 1295 1074 1366 multiplicatur
1099 1311 1269 1366 genus
1297 1295 1591 1348 huntanum
1615 1303 1742 1347 -ιιι
1763 1305 1872 1348 non
1897 1309 1996 1362 per

403 1383 700 1438 masculum
733 1393 788 1440 et
809 1383 1066 1438 feminam
1099 1389 1554 1454 propagaretur‘,
1583 1385 1674 1438 sed
1695 1399 1760 1438 ex
1793 1384 1995 1442 inlimis

403 1481 630 1528 naturae
653 1471 861 1528 sinibus
899 1483 992 1528 aut
1041 1473 1234 1526 simul’
1259 1488 1451 1528 otnncs
1493 1472 1740 1526 homines
1782 1473 1832 1526 in
1875 1487 1996 1540 spc-

399 1565 512 1619 cies
539 1566 784 1636 proprias
809 1581 1172 1636 numerosque
1197 1567 1498 1636 prodirent,
1545 1565 1995 1636 quentadutoduttt

2092 373 2398 438 peccatum.
2432 363 2618 432 Neque
2661 363 2765 418 hoc
2793 361 3000 430 accepit
3029 373 3093 414 ex
3123 357 3302 414 causis
3324 357 3684 424 condititmis,

2094 459 2186 514 sed
2215 456 2580 512 mutabilitate
2617 453 2867 524 propriae
2894 451 3220 516 voluntatis,
3257 464 3396 518 quae
3427 465 3489 504 ev
3527 459 3684 504 natu-

2093 549 2297 604 ralibus
2327 546 2508 602 causis
2552 557 2892 614 nequaquam
2923 541 3192 606 nascitur;
3231 540 3489 610 insipiens
3523 537 3688 608 igitur

2093 648 2232 703 erat,
2271 645 2325 692 et
2371 634 2686 708 imprudens
2735 640 2862 686 ante
2911 630 3400 701 trmtsgressioncm
3446 627 3684 682 mandati

2091 747 2190 802 per
2221 730 2454 798 scipsum
2497 727 2672 782 factus
2717 733 2820 780 est.
2861 723 3114 778 Attamen
3152 723 3197 776 si
3223 722 3534 776 mandatum
3579 733 3690 776 nou

2095 821 2588 892 transgrederetur,
2617 817 2866 872 fortassis
2891 831 3068 886 neque
3091 831 3156 870 ex
3183 814 3430 884 paradiso
3457 811 3692 882 expelle-

2097 925 2270 978 retur,
2293 916 2384 968 sed
2409 914 2539 969 solis
2560 923 2786 967 naturae
2809 925 2938 966 suae
2955 909 3131 973 bonis,
3149 924 3288 978 quae
3307 909 3356 961 in
3375 907 3547 976 prima
3565 920 3694 961 con-

2096 1006 2299 1060 ditione.
2323 1005 2404 1060 sui
2429 1011 2733 1074 acceperat,
2757 1001 3048 1062 frueretur,
3071 999 3232 1068 inque
3257 998 3337 1052 eis
3357 998 3588 1066 quadam
3619 993 3694 1051 feo

2097 1096 2298 1150 iicitatc
2317 1094 2638 1158 laetaretur,
2657 1091 2905 1162 quamvis
2921 1087 3338 1160 participatione
3350 1101 3594 1142 smmnac
3607 1101 3696 1141 sa-

2099 1189 2334 1260 pientiae
2372 1196 2427 1241 et
2457 1185 2776 1256 prudentiae
2827 1182 3023 1240 merito
3055 1195 3182 1234 suae
3235 1179 3495 1233 stultitiae
3519 1187 3575 1232 et
3613 1176 3697 1232 fa-

2102 1281 2306 1334 tuitatis
2336 1280 2664 1349 privaretur.
2691 1274 2887 1328 Multos
2915 1273 3181 1342 siquidem
3207 1286 3272 1325 ac
3307 1285 3480 1338 paene
3507 1285 3697 1325 omnes

2101 1372 2429 1446 it‘nprevidos
2463 1367 2862 1440 etinsipientcs,
2888 1365 3056 1418 laetos
3087 1371 3264 1416 tatnen
3293 1361 3314 1392 ⁸
3337 1370 3388 1414 et
3407 1368 3698 1414 contentos

2100 1478 2220 1528 esse
2247 1463 2488 1516 vitemus
2517 1457 2536 1489 °
2569 1459 2634 1512 dc
2661 1456 2944 1510 nobilitate
2971 1452 3206 1526 generis,
3227 1451 3292 1507 de
3311 1449 3556 1522 pluribus
3571 1463 3701 1504 eon-

2102 1553 2434 1624 sanguineis,
2460 1553 2528 1606 de
2551 1551 2835 1606 honestate
2863 1545 3106 1616 corporis
3126 1543 3440 1612 viribusque
3479 1549 3534 1596 et
3555 1539 3701 1596 sani-

383 1645 450 1712 ’ρι
491 1675 682 1715 omnes
715 1661 894 1732 angeli
939 1677 1006 1714 ex
1039 1663 1151 1716 suis
1181 1653 1362 1716 csusis
1396 1659 1554 1716 simul
1589 1661 1870 1728 prodiere,
1905 1669 2000 1714 ειυι
2029 1627 2074 1686 Β
2107 1654 2234 1710 tate,
2259 1645 2320 1698 (In
2341 1642 2538 1696 astutia
2557 1641 2775 1704 mentis,
2801 1639 2866 1694 de
2883 1638 3174 1694 verborum
3190 1634 3486 1706 lepiditate,
3509 1632 3575 1688 de
3590 1630 3702 1704 pul-

401 1751 590 1808 ordine
623 1761 926 1824 temporum
953 1754 1251 1809 constituto
1277 1754 1646 1823 unnsquisque
1671 1753 1872 1821 absque
1897 1751 2002 1804 ulla

402 1845 755 1913 corruptione
778 1854 834 1900 et
863 1845 1216 1900 similitudine
1243 1844 1610 1914 generationis
1633 1843 2002 1913 jumentorum

402 1935 452 1988 in
481 1936 626 1990 hunc
657 1938 916 1992 mundum
941 1938 1258 2007 procederet
1291 1967 1362 1978 -—
1397 1953 1522 1990 num
1549 1952 1739 1991 omnes
1763 1937 2006 1990 homines

401 2026 637 2094 aequalis
674 2025 1026 2097 ejusdemque
1063 2029 1280 2082 virtutis
1325 2036 1378 2082 et
1407 2028 1616 2083 ordinis
1645 2037 1825 2082 essent
1847 2069 1860 2090 ,
1895 2042 1964 2080 an
1987 2065 2004 2090 ,

402 2118 543 2171 sicut
569 2119 770 2186 angeli,
805 2118 878 2172 ita
897 2127 952 2174 et
981 2119 1229 2176 homines
1258 2119 1372 2176 suis
1397 2118 1682 2174 ordinibus
1710 2118 2006 2174 secundum

399 2208 636 2264 divinam
675 2211 1074 2280 providentiam
1109 2219 1164 2266 et
1193 2210 1512 2280 sapientiam
1550 2207 2010 2279 disponerentur?

405 2299 767 2370 Respondebit
795 2301 890 2366 illi,
919 2300 1098 2356 credo.
1131 2302 1222 2371 qui
1249 2302 1520 2368 promittit
1547 2300 1858 2354 hominibus
1887 2308 2011 2367 post

407 2391 880 2456 resurrectionem,
900 2392 1042 2460 quod
1072 2404 1222 2446 erum
1252 2393 1388 2446 sicut
1417 2392 1592 2463 angeli
1621 2393 1675 2446 in
1701 2391 1868 2444 caelo.
1897 2391 2008 2444 An-

405 2482 505 2551 geli
533 2491 716 2538 autem
739 2483 974 2554 propriis
995 2483 1274 2538 ordinibus
1297 2485 1692 2553 disponuntur;
1724 2482 2012 2550 disponen-

407 2584 494 2628 tur
511 2575 691 2644 itaque
712 2581 767 2628 et
780 2574 1026 2630 homines
1041 2575 1268 2630 diversis
1289 2575 1546 2630 virtutum
1563 2573 2010 2628 ordinationibus.

402 2666 470 2718 At
507 2665 551 2720 si
589 2667 659 2718 ita
695 2664 860 2720 futuri
905 2675 1053 2731 sunt,
1103 2666 1229 2722 licet
1265 2676 1385 2736 post.
1415 2675 1728 2736 peccatum,
1771 2665 2013 2734 profecto

405 2753 568 2811 futuri
599 2767 784 2814 essent
847 2759 894 2813 si
923 2774 1032 2814 non
1063 2769 1375 2829 peccarent,
1411 2760 1512 2815 hoc
1543 2770 1624 2815 est
1647 2800 1660 2824 ,
1693 2775 1798 2814 non
1823 2760 2012 2814 eodem

413 2849 569 2903 modo
592 2848 1057 2918 contemplatione
1079 2851 1328 2906 veritatis
1353 2849 1686 2906 fruerentur.
1713 2851 1884 2906 Porro
1919 2851 1964 2905 si
1993 2849 2014 2881 ³

407 2939 611 3008 primus
648 2939 831 3004 homo,
866 2949 924 2994 ut
965 2941 1040 2996 ait
1079 2949 1302 2998 sanctus
1341 2941 1700 3012 Augustinus,
1739 2941 1794 2995 in
1837 2941 2010 3012 prima

409 3045 504 3083 sua
537 3029 879 3094 conditione,
915 3031 1231 3102 priusquam
1259 3041 1545 3102 peccaret,
1575 3047 1752 3101 neque
1791 3032 2012 3100 sapiens

408 3127 524 3174 erat
554 3133 729 3190 neque
767 3120 1032 3188 insipiens
1060 3151 1129 3160 —-
1155 3121 1198 3176 si
1240 3122 1384 3176 enim
1418 3123 1654 3191 sapiens,
1695 3137 1800 3177 non
1843 3124 2010 3177 Deum

409 3210 703 3276 desereret,
735 3219 797 3264 ut
839 3212 993 3266 uxori
1023 3226 1154 3270 suae
1189 3213 1544 3278 consentiret,
1577 3225 1750 3280 neque
1799 3213 2012 3268 incaute

409 3308 618 3370 ageret,
647 3313 714 3354 ne
741 3300 1042 3358 diabolicae
1068 3303 1302 3358 astutiae
1324 3303 1636 3372 superbiam
1669 3303 2008 3368 imitaretur;

413 3406 516 3454 non
545 3391 689 3446 enim
719 3392 976 3448 seductus
1003 3404 1108 3459 est,
1151 3397 1245 3450 sed
1278 3397 1530 3465 superbia
1555 3393 1771 3450 intratus
1799 3411 1812 3448 :
1841 3397 1886 3452 si
1915 3412 2012 3452 au-

411 3495 514 3538 tem
545 3484 826 3554 insipiens,
856 3487 978 3556 quis
1009 3487 1486 3542 crediderilDeum
1511 3487 1705 3544 fecisse
1735 3489 2010 3543 hominem

409 3577 748 3646 insipientem
767 3575 832 3630 ad
850 3579 1140 3648 iu‘tagincm
1157 3587 1212 3632 et
1228 3579 1639 3636 similitudinem
1658 3594 2011 3652 suam-pro-

413 3670 550 3728 fecto
579 3672 814 3740 quadam
845 3673 1138 3728 medietate
1165 3673 1395 3730 libratus
1428 3673 1572 3728 inter
1602 3673 1928 3742 sapientiam
1960 3682 2016 3730 et

412 3757 775 3828 insipientiam
803 3760 1052 3814 conditus
1080 3771 1191 3826 est,
1219 3772 1271 3816 et
1301 3760 1544 3818 futurum
1575 3764 1622 3816 ei
1653 3773 1770 3816 erat.
1799 3763 2014 3834 sapiens

416 3850 555 3916 ﬁeri,
589 3851 634 3906 si
661 3853 972 3908 mandatum
999 3853 1094 3910 Dei
1123 3863 1386 3910 servaret.
1418 3853 1532 3910 Non
1557 3856 1702 3910 enim
1729 3857 1802 3910 ait
1831 3855 2016 3926 Scrip-

417 3955 538 3998 tura
569 3944 590 3974 ⁵
623 3961 634 3997 :
669 3943 954 4000 Faciamus
989 3946 1262 4000 hominem
1299 3948 1587 4018 imaginem
1622 3957 1676 4002 et
1701 3947 2015 4004 similitudi-

337 4049 344 4058 '
417 4049 540 4089 nem
569 4043 807 4092 nostram
833 4077 844 4101 ,
876 4037 972 4094 sed
1005 4038 1074 4092 ad
1103 4039 1382 4110 imaginth
1411 4049 1456 4094 et
1493 4038 1889 4094 similitudinem
1919 4055 2016 4094 ηυ-

414 4136 601 4180 stram.
637 4126 719 4182 Ac
751 4129 795 4182 si
823 4128 981 4198 plane
1022 4127 1298 4184 diceretur
1325 4147 1338 4182 ;
1369 4128 1451 4182 Ad
1489 4129 1592 4184 hoc
1625 4129 1888 4184 faciamus
1915 4131 2014 4183 ho-

416 4219 620 4276 minem
646 4220 688 4288 ',
705 4229 783 4286 ut,
809 4222 852 4278 'si
869 4231 1224 4294 praeceptum
1248 4230 1494 4277 nostrum
1519 4221 1862 4288 custodierit,
1881 4223 2017 4278 ima-

2106 1739 2234 1792 cln'a
2288 1734 2666 1806 morigeraque
2711 1731 2752 1760 ¹⁰
2799 1745 2992 1794 uxore,
3037 1727 3104 1781 de
3147 1725 3476 1782 fecunditate
3504 1723 3696 1794 prolis,

2110 1843 2561 1899 terrenarnmquc
2612 1842 2787 1884 rerum
2823 1824 3118 1890 ailluentia,
3181 1831 3239 1878 ut
3289 1837 3395 1878 non
3429 1821 3608 1876 dicam
3635 1819 3706 1876 de

2107 1925 2460 1998 dignitatibus
2482 1924 2520 1954 “
2549 1932 2604 1976 et
2631 1921 2952 1986 honoribus,
2977 1917 3300 1988 ceterisque,
3326 1915 3521 1984 quibus
3547 1927 3705 1968 mun-

2109 2020 2210 2074 dus
2241 2019 2342 2072 iste
2375 2015 2604 2079 arridet,
2637 2013 2688 2068 in
2720 2021 2950 2078 tantum,
2983 2019 3043 2064 ut
3068 2007 3308 2080 optarint
3338 2014 3600 2078 perpetuo
3625 2003 3705 2060 sic

2111 2109 2314 2174 vivere,
2353 2107 2484 2160 nihil
2515 2105 2580 2159 de
2624 2103 3000 2176 spiritualibus
3043 2099 3249 2156 deliciis
3288 2098 3476 2152 amiire
3501 2095 3584 2150 vel
3615 2107 3708 2148 cc-

2111 2199 2283 2270 gitare
2331 2196 2591 2250 volentes.
2639 2194 2720 2248 Ad
2755 2194 2900 2248 hunc
2926 2191 3112 2262 itaque
3147 2195 3351 2245 statum
3405 2185 3704 2256 primorum

2113 2289 2392 2364 hominum
2425 2299 2552 2342 ante
2593 2283 2874 2346 delictum,
2911 2283 3014 2338 hoc
3060 2287 3162 2346 est,
3188 2279 3254 2333 ad
3285 2276 3398 2333 sola
3437 2273 3704 2330 naturalia

2111 2381 2250 2454 bona
2285 2381 2490 2449 absque
2537 2377 2799 2432 virtutmn
2827 2373 3181 2434 ornamentis,
3211 2377 3427 2442 partem
3481 2365 3706 2422 hmnani

2114 2471 2328 2542 generis
2351 2485 2536 2534 unam,
2559 2481 2696 2540 quae
2741 2475 2866 2538 typo
2895 2465 3164 2520 fatuarum
3192 2462 3431 2534 quinque
3463 2456 3707 2530 “virgi-

2115 2579 2243 2618 num
2279 2561 2672 2632 cenliguratnr,
2711 2571 3089 2620 reversuram;
3137 2554 3205 2608 ad
3247 2553 3416 2624 ipsam
3447 2565 3580 2604 vero
3607 2561 3706 2602 ex-

2116 2654 2515 2716 celsitndinem,
2553 2651 2620 2704 ad
2657 2663 2820 2719 quam
2845 2647 3008 2702 homo
3037 2660 3134 2714 per
3165 2641 3396 2712 gratiam
3426 2639 3492 2704 ¹³,
3523 2639 3570 2694 si
3599 2652 3706 2691 non

2081 2749 2086 2756 ’
2117 2757 2390 2820 peccaret,
2423 2758 2750 2802 ascensurus
2783 2747 2948 2806 esset,
2978 2739 3082 2794 hoc
3103 2745 3204 2802 est,
3229 2735 3294 2788 ad
3335 2730 3707 2804 participatio-

2119 2859 2240 2898 nem
2259 2859 2376 2898 sum
2385 2856 2505 2896 mae
2525 2839 2826 2910 sapientiae
2843 2835 3194 2904 omniumque
3211 2831 3497 2894 virtutum,
3519 2842 3708 2897 quam,

2061 2985 2081 3004 η
2119 2935 2588 3006 participationem
2619 2932 2762 2996 dico,
2801 2928 3076 2986 deificatio
3103 2935 3158 2982 et
3181 2919 3564 2992 contemplatio
3611 2933 3706 2973 vc-

2119 3032 2294 3086 ritatis
2343 3029 2633 3098 sequitur,
2683 3023 2908 3078 alteram
2973 3021 3245 3082 humanae
3299 3011 3710 3070 numerositatis

2113 3131 2346 3193 partem,
2375 3119 2528 3190 cujus
2571 3113 2878 3188 symbolum
2915 3119 3000 3166 est
3033 3107 3317 3180 quinarius
3361 3101 3708 3174 prudentium

2111 3212 2382 3283 virginum
2415 3221 2692 3270 numerus,
2734 3201 3130 3260 sublimandam
3181 3197 3322 3252 ultra
3350 3193 3531 3250 omnia
3563 3193 3708 3246 bona

2113 3301 2405 3364 naturalia,
2437 3309 2494 3354 et
2519 3297 2586 3354 ad
2613 3293 2922 3366 spirituales
2946 3291 3163 3362 nuptias
3194 3286 3380 3358 sponsi
3407 3284 3492 3340 sui
3539 3283 3708 3336 intra~

2115 3407 2294 3452 turam
2327 3392 2391 3458 “‘,
2425 3407 2532 3446 non
2586 3391 2884 3460 incongrue
2913 3383 3332 3440 existimandum
3366 3379 3441 3446 ‘5;
3477 3377 3544 3432 ad
3575 3387 3712 3446 quas

2116 3500 2277 3542 nemo
2323 3481 2724 3544 intromittilur,
2763 3475 2867 3530 nisi
2911 3473 3212 3546 sapientiae
3257 3472 3377 3526 luce
3415 3467 3709 3536 refulgens,

2116 3576 2394 3646 divinique
2447 3571 2650 3628 amoris
2709 3565 3222 3624 inﬂammationibus
3275 3563 3502 3625 ardens,
3573 3571 3714 3627 quae

2119 3651 2244 3734 duo,
2313 3664 2640 3738 sapientiam
2697 3661 2818 3716 dico
2903 3666 2957 3714 et
3011 3657 3324 3717 caritatem,
3385 3649 3714 3724 pinguedine

2120 3759 2380 3816 scientiae
2409 3768 2464 3812 et
2501 3753 2732 3812 actionis
2776 3751 3127 3814 nutriuntur;
3179 3756 3232 3802 ct
3263 3746 3328 3802 ad
3359 3759 3453 3798 eas
3493 3741 3714 3810 nuptias

2119 3853 2298 3906 nullus
2339 3849 2598 3905 scientiae
2639 3855 2692 3902 et
2731 3845 2961 3900 actionis
3017 3857 3230 3912 expers,
3265 3837 3517 3910 quamvis
3557 3845 3686 3890 natu

2120 3943 2324 4008 ralibus
2353 3940 2511 3994 bonis
2562 3937 2916 4008 integerrime
2943 3942 2996 3989 et
3045 3929 3412 4004 pulcherrime
3443 3925 3712 3988 ﬂoruerit,
3743 3987 3746 3992 ι

2121 4035 2317 4098 sinitur
2339 4029 2648 4094 aScendere,
2678 4028 2776 4082 sed
2802 4025 3024 4080 omnino
3049 4023 3117 4077 ab
3137 4021 3217 4075 eis
3243 4017 3560 4074 secluditur.
3593 4013 3714 4068 Non

2123 4126 2268 4194 enim
2299 4122 2424 4176 illuc
2453 4130 2646 4175 natura
2704 4119 2999 4172 humanam
3049 4119 3288 4168 mentem
3325 4105 3714 4172 sublevat,scd

2120 4215 2314 4287 gratia,
2333 4224 2387 4268 et
2413 4210 2682 4268 mandatis
2703 4209 2796 4264 Dei
2811 4206 3172 4272 obedientiae,
3195 4200 3624 4274 purissituaeque
3639 4198 3710 4264 ¹⁶,

417 4327 484 4380 go
509 4320 692 4366 ttostra
723 4321 774 4368 et.
807 4313 1102 4370 similitudo
1129 4313 1247 4368 ﬁat.
1277 4311 1394 4367 Non
1429 4327 1557 4384 ergo
1592 4313 1808 4382 sapiens
1837 4313 2014 4367 iactus
2043 4340 2090 4398 D
2121 4317 2382 4382 qttantum
2411 4309 2464 4362 in
2491 4307 2592 4360 hac
2623 4305 2730 4357 vita
2757 4303 2936 4366 datur,
2971 4299 3064 4354 Dei
3093 4313 3191 4368 per
3239 4296 3452 4350 literam
3475 4301 3533 4346 et
3559 4305 3714 4346 crea-

416 4413 534 4466 est,
575 4405 670 4460 sed
717 4419 918 4476 capax,
963 4409 1014 4464 si
1061 4407 1245 4476 vellet,
1289 4407 1608 4478 sapientiae.
1645 4405 1826 4461 Potuit
1863 4407 2008 4462 enim

419 4496 738 4564 sapientiam
801 4514 1001 4570 capere
1019 4541 1038 4566 .,
1095 4510 1152 4556 et
1211 4500 1276 4556 ad
1345 4502 1588 4558 habitum
1643 4499 1760 4568 ejus
1806 4502 1827 4532 ⁶
1881 4516 2006 4570 per-

417 4587 636 4656 venire,
686 4589 730 4644 si
780 4591 1023 4654 divinum
1073 4593 1356 4650 consilium
1411 4593 1676 4650 noluisset
1723 4608 2005 4664 spernere.

417 4677 682 4745 Quoniam
731 4698 860 4738 vero
907 4701 1012 4740 non
1051 4700 1270 4742 sursum
1320 4701 1514 4743 versus
1565 4701 1663 4756 per
1703 4685 2006 4740 custddiam

417 4771 654 4827 mandati
703 4774 770 4828 ad
821 4775 1148 4846 sapientiam
1199 4792 1260 4834 se
1311 4787 1600 4844 erexerat,
1664 4777 1760 4832 sed
1807 4790 2011 4846 pronus

419 4873 514 4926 per
533 4861 1200 4936 ejus'transgressioncm
1243 4869 1298 4924 in
1333 4868 1615 4924 libidinem
1635 4865 2017 4936 temporalium

420 4954 474 4998 ct
495 4950 832 5008 sensibilium
853 4969 1038 5012 rerum
1059 4971 1158 5014 sua
1177 4958 1398 5028 propria
1419 4956 1696 5012 voluntate
1715 4964 2013 5022 corruerat,

419 5035 540 5103 plus
554 5037 812 5111 insipiens
824 5057 985 5118 atque
999 5045 1722 5120 imprudensexistimandus
1735 5056 1836 5114 est,
1855 5047 2019 5102 etiam

421 5128 738 5199 priusquam
765 5151 1046 5208 peccaret,
1079 5157 1244 5212 quam
1275 5139 1576 5211 sapientiae
1603 5149 1658 5194 et
1698 5140 2022 5209 prudentiae

2122 4415 2298 4458 turam
2333 4399 2659 4472 cognitionis
2689 4395 2942 4452 meritum
2975 4391 3247 4454 subvehit.
3283 4389 3500 4444 Intuere
3529 4385 3714 4452 itaque

2117 4499 2274 4568 hujus
2308 4494 2594 4566 parabolae
2651 4490 2964 4553 medullam,
3017 4497 3072 4543 et
3107 4484 3382 4557 quomodo
3422 4480 3714 4536 transitum

2119 4591 2247 4652 facit
2294 4591 2358 4643 de
2409 4603 2612 4658 genere
2646 4587 2684 4618 '7
2741 4585 2808 4640 ad
2857 4583 3116 4654 speciem,
3159 4576 3615 4650 quemadmodum
3653 4572 3710 4628 in

2116 4679 2357 4751 praelata
2387 4676 2640 4748 parabola
2669 4676 2736 4731 de
2765 4675 2974 4731 duobus
3004 4672 3130 4727 ﬁliis
3153 4669 3324 4742 patris
3349 4668 3432 4724 sui
3455 4666 3712 4723 substan-

2125 4775 2252 4830 tiam
2285 4773 2426 4826 inter
2473 4786 2532 4826 se
2583 4765 2964 4839 partientibus.
3007 4765 3066 4819 In
3113 4777 3177 4818 ea
3233 4759 3500 4830 siquidem
3549 4755 3714 4812 totius

2123 4863 2336 4936 generis
2359 4861 2578 4918 humani
2607 4857 2874 4930 generalis
2909 4855 3117 4911 reditus
3145 4852 3344 4924 primo,
3373 4848 3566 4905 deinde
3585 4861 3712 4936 spe-

2123 4935 2277 5016 cialis
2301 4953 2518 5026 gentilis
2546 4950 2726 5022 populi
2769 4947 3140 5005 conformatur
3171 4961 3183 4995 :
3217 4944 3272 4997 in
3305 4944 3410 4997 hac
3435 4947 3616 4994 autem
3641 4935 3714 4992 si—

2125 5047 2324 5102 militer
2351 5045 2394 5076 ³⁸
2417 5058 2513 5114 per
2543 5044 2728 5098 decem
2757 5040 2996 5110 virgines
3017 5034 3232 5090 obviam
3259 5047 3460 5101 sponso
3505 5041 3712 5083 excun-

2127 5147 2210 5196 tes
2241 5139 2405 5194 totius
2443 5137 2712 5192 humanae
2741 5127 3144 5187 numerositatis
3174 5123 3444 5196 generalis
3497 5121 3564 5174 ad
3593 5117 3713 5189 pri-

1711 5247 1970 5304 VARIAE
2008 5247 2414 5306 LECTIONES.

495 5359 735 5465 Lit.an
755 5373 848 5442 per
870 5365 1162 5465 masculum
1183 5395 1254 5447 :—
1279 5373 1660 5465 prokpagarcttp
1681 5377 1789 5465 pm.
1815 5363 1882 5418 Α.
1957 5373 1980 5404 ¹
2009 5364 2057 5420 Α
2097 5362 2355 5420 similiter.

495 5451 496 5454 η
727 5447 929 5465 nam...
1151 5451 1260 5465 ...ηρ
1303 5451 1350 5465 ιι.
1393 5447 1518 5465 ιιιηυ
1761 5437 1869 5465 αἱ...
1899 5451 1989 5465 ΜΔ..
2019 5432 2355 5465 oms-mamma}.

1381 5436 1540 5488 tilum.
1620 5435 1638 5465 "
1674 5434 1716 5487 A
1757 5437 1869 5490 eius
1899 5451 1989 5504 per
2019 5434 2526 5502 transgressionem.

1381 5506 1424 5536 “
1456 5505 1498 5558 A
1544 5505 1728 5576 quippe
1781 5505 2068 5576 virginum.
2151 5506 2194 5536 ¹³
2255 5520 2349 5576 per
2386 5501 2524 5572 grati

1651 5593 1677 5631 e
1735 5574 1919 5646 genere
1959 5576 2085 5635 facit
2115 5575 2183 5634 ad
2206 5574 2464 5644 speciem.

429 5425 618 5480 ninam
666 5425 949 5498 faciamus.

425 5503 474 5550 δι’
500 5501 782 5582 morigera.

427 5579 696 5626 ε.ειεηήιαι
705 5587 788 5628 ur.

1028 5436 1049 5466 ⁸
1078 5437 1117 5488 Α
1148 5435 1260 5488 eius
1284 5435 1540 5488 habitum.

865 5505 907 5535 “
935 5507 982 5559 Α
1029 5505 1302 5575 dignitate.

866 5575 912 5608 “
942 5577 986 5632 Α
1049 5575 1384 5648 purissimae.
1467 5577 1572 5633 "F

3499 5347 3521 5467 Ἰ
3550 5344 3713 5467 Ἐπίξῖ

3597 5487 3640 5518 η
3667 5487 3717 5541 Α.

2883 5355 2902 5385 ⁸
2945 5353 2985 5409 F
3027 5351 3298 5419 Scriptura
3327 5349 3421 5402 ait.

2607 5431 2627 5460 ⁸
2651 5437 2824 5480 tamen
2847 5441 2963 5504 ‘om.
3137 5420 3226 5504 ’.Α
3257 5419 3521 5473 audimus.

2151 5493 2203 5536 ‘5'
2255 5520 2348 5572 per
2386 5501 2614 5572 gratiam
2663 5513 2771 5550 om.
2834 5495 2898 5548 A.
2978 5493 3094 5546 “A
3157 5493 3209 5546 in
3251 5501 3516 5546 natiu'am.

2151 5575 2181 5626 ιι
2206 5574 2464 5626 sneciem.
2540 5570 2584 5602 “'
2612 5569 2656 5626 Δ
2686 5565 3044 5621 similitudine.

2439 5360 2458 5391 ³
2491 5361 2538 5414 si
2586 5373 2694 5412 om.
2741 5357 2802 5408 A.
