4168 6284
520 258 657 314 1015

1877 250 2162 309 JOANNIS
2201 243 2402 308 SCOTI

3649 250 3789 308 {016

516 370 718 425 stinum
773 377 1001 425 naturae
1042 373 1242 422 statum
1302 368 1569 436 reversio;
1622 367 1872 440 specialis
1918 376 2097 427 autem
2126 366 2178 429 Α
2202 365 2453 420 batorum
2479 364 2531 419 in
2556 363 2760 420 sanctis
2782 361 3008 435 angelis,
3032 359 3347 433 sanctisque
3367 362 3703 433 hominibus,
3734 377 3789 423 et

516 475 614 534 per
639 461 877 534 quinque
902 461 1192 531 prudentes
1232 462 1471 515 omnium
1500 461 1844 517 Sanctorum.
1874 459 2097 529 Species

517 549 661 604 enim
711 550 931 605 humani
972 550 1187 619 generis
1212 560 1295 605 est
1320 551 1618 608 electorum
1672 562 1946 605 numerus.
1980 546 2095 603 Non

520 640 697 695 solum
752 640 916 711 igitur
939 641 953 670 ³
984 640 1051 694 ad
1102 641 1381 711 antiquum
1410 652 1633 697 naturae
1661 641 1982 712 principium
2012 654 2097 694 re-

518 732 661 788 ditus
707 732 758 785 in
806 732 1211 801 generalitatem
1262 734 1634 800 humanitatis,
1695 748 1879 789 verum
1931 733 2095 788 etiam

516 824 654 877 ultra
700 830 947 878 naturam
981 823 1033 877 in
1066 823 1240 893 ipsum
1270 823 1438 878 Deum
1473 824 1524 878 in
1566 825 1902 894 specialitate
1942 824 2097 878 deiti-

514 915 743 970 cationis
819 914 1104 971 iueﬂ'abilis
1176 916 1482 972 insinuatur
1552 932 1830 973 ascensus.
1894 917 2096 972 Omnes

512 1006 709 1076 quippe
733 1006 785 1059 in
807 1007 1144 1077 paradisum,
1172 1008 1632 1076 utpraediximus,
1660 1008 2091 1071 suntreversuri,

511 1096 606 1150 sed
653 1110 759 1150 non
805 1111 994 1153 omnes
1043 1097 1109 1152 de
1157 1097 1178 1128 ¹
1222 1096 1366 1169 ligno
1407 1097 1552 1153 vitae
1590 1105 1715 1152 sunt
1737 1096 1982 1163 truituri;
2009 1096 2096 1152 vel

512 1202 657 1247 certe
683 1207 873 1249 omnes
921 1193 989 1249 de
1038 1193 1181 1264 ligno
1210 1193 1353 1248 vitae
1390 1202 1516 1249 sunt
1541 1194 1835 1264 accepturi,
1865 1194 1958 1249 sed
1986 1209 2095 1249 non

510 1283 829 1350 aequaliter.
873 1282 1007 1337 Nam
1053 1292 1109 1338 et
1149 1284 1415 1339 naturalia
1454 1284 1615 1349 bona,
1645 1299 1876 1354 quorum
1904 1299 2096 1341 omnes

512 1373 812 1441 aequaliter
835 1374 1126 1444 participes
1156 1384 1333 1437 erunt,
1368 1374 1603 1430 fructum
1633 1375 1762 1447 ligni
1782 1374 1928 1430 vitae
1949 1389 2093 1440 esse,

510 1464 705 1519 stultus
731 1465 820 1535 qui
865 1465 1100 1534 ignorat.
1133 1473 1237 1523 Πᾶν
1262 1466 1408 1532 ξύλον
1437 1467 1657 1538 quippe,
1690 1475 1750 1522 ut
1777 1467 1830 1522 in
1852 1468 2098 1538 superio-

510 1553 660 1608 ribus
714 1555 1085 1621 tractavimus,
1145 1557 1195 1610 id
1258 1565 1360 1621 est,
1399 1571 1559 1611 omne
1617 1557 1819 1627 lignum
1870 1565 2096 1612 vocatur

511 1641 789 1710 Christus;
815 1647 1012 1716 quippe
1034 1647 1274 1702 omnium
1301 1648 1562 1703 bonorum
1585 1648 1786 1720 lignum
1804 1656 1886 1705 est
1907 1645 2094 1703 fructi-

505 1733 703 1803 ferum,
734 1739 857 1807 quia
891 1740 1006 1808 ipse
1055 1749 1138 1795 est
1171 1756 1332 1797 onme
1374 1742 1574 1796 bonum
1605 1742 1953 1812 omniumque
1994 1741 2093 1797 bo-
2122 1722 2170 1783 Β

505 1842 696 1882 norum
730 1829 972 1901 largitor.
1012 1831 1283 1888 Fruenlur
1306 1834 1487 1904 itaque
1513 1849 1703 1890 omnes
1731 1833 1979 1890 homines
2014 1834 2096 1903 ip-

504 1919 618 1974 sius
633 1920 807 1976 l‘ructu
824 1924 1237 1993 participatione
1252 1924 1577 1980 naturalium
1593 1925 1855 1981 bonorum
1878 1941 2096 1997 genera-

503 2010 629 2065 liter
652 2012 944 2077 ;'frnentur
969 2015 1125 2071 electi
1156 2017 1240 2071 sui
1273 2018 1663 2073 excelsitudine
1693 2018 2093 2074 deiﬁcatiouum

503 2102 639 2156 ultra
655 2118 868 2159 omnem
888 2115 1134 2162 naturam
1153 2109 1482 2178 Specialiter.
1499 2109 1875 2166 Deilicationes
1892 2112 2091 2180 itaque,

504 2206 638 2262 quas
664 2195 761 2250 soli
783 2197 912 2267 justi
946 2200 1368 2269 participabunt,
1401 2201 1769 2271 spiritualihus
1792 2202 2094 2273 ﬁgurantur

505 2284 728 2351 nuptiis,
775 2286 826 2339 in
878 2301 1015 2355 quas
1061 2289 1353 2356 prudentes
1403 2289 1744 2346 intraverunt
1780 2292 2088 2362 virgines‘.

504 2369 618 2426 Non
644 2374 786 2427 enim
817 2390 1008 2431 omnes
1054 2378 1556 2447 supernaturalihus
1606 2380 1856 2434 fruentur
1913 2381 2090 2448 bonis,

504 2462 596 2516 sed
624 2462 695 2516 illi
728 2464 849 2530 soli,
880 2466 1090 2536 quibus,
1111 2476 1172 2523 ut
1190 2467 1487 2539 Gregorius
1511 2471 1588 2525 ait
1611 2468 1941 2542 Thcologus,
1970 2472 2091 2527 licet

500 2564 746 2623 superata
773 2558 1030 2611 materia‘
1057 2569 1106 2612 et
1135 2576 1314 2625 carne,
1340 2561 1497 2615 veluti
1525 2563 1838 2633 quibusdam
1868 2566 2090 2620 nubibus

500 2653 547 2696 et
589 2644 932 2701 velaminibus
967 2649 1305 2715 transcensis,
1352 2666 1447 2719 per
1490 2652 1746 2705 rationem
1780 2662 1828 2708 et
1860 2664 2089 2708 contem-

505 2734 787 2804 plationem
812 2755 931 2794 cum
958 2740 1065 2795 Deo
1103 2742 1241 2810 ﬁeri,
1270 2752 1316 2797 et
1338 2745 1618 2812 purissimo
1642 2745 1663 2777 '
1684 2746 1879 2802 lumine
1901 2751 2083 2814 teneri,

498 2840 753 2900 quantum
799 2834 1045 2902 possibile
1094 2845 1169 2890 est
1218 2837 1482 2892 humanae
1530 2852 1771 2894 naturae.
1820 2838 1912 2895 Isti
1962 2849 2090 2895 sunt

500 2920 663 2987 beati,
694 2922 820 2978 hinc
862 2926 1202 2989 ascensione,
1232 2934 1287 2982 et
1317 2926 1424 2983 illic
1444 2927 1805 2985 deilicatioue.
1840 2928 1950 2984 Sed
1982 2930 2086 2983 hu-

493 3010 585 3080 jus
614 3014 869 3080 nominis,
921 3016 1281 3073 deiﬁcationis
1309 3019 1448 3083 dico,
1502 3020 1554 3074 in
1596 3020 1778 3075 latinis
1807 3020 2085 3076 codicibus

500 3104 811 3161 rarissimus
855 3116 937 3162 est
993 3124 1154 3177 usus;
1212 3110 1544 3166 intellectum
1588 3127 1718 3168 vero
1775 3112 1893 3184 ejus
1944 3115 2083 3182 apud

502 3197 700 3253 multos
733 3209 786 3254 ct
816 3202 1049 3258 maxime
1079 3203 1219 3273 apud
1250 3204 1596 3260 Ambrosium
1624 3206 1950 3262 invenimus.
1978 3206 2085 3262 Sed

500 3304 671 3357 quare
711 3292 814 3349 hoc
840 3296 1041 3361 evenit,
1085 3311 1191 3352 non
1241 3299 1373 3353 satis
1418 3300 1576 3355 nobis
1620 3309 1787 3370 patet.
1833 3301 1914 3355 An
1950 3301 2087 3358 forte

501 3383 625 3450 quia
653 3385 674 3414 ⁸
699 3401 890 3442 sensus
918 3387 1087 3458 ipsius
1130 3391 1386 3457 nominis,
1422 3395 1565 3462 quod
1588 3404 1673 3448 est
1700 3394 1946 3459 Theosis,
1977 3409 2085 3465 quo

499 3474 735 3529 maxime
748 3475 939 3532 Graeci
959 3480 1574 3551 ntuntnr,siguilicantes
1590 3492 1897 3539 sanctorum
1917 3495 2086 3540 trans-

501 3563 636 3618 itum
669 3565 718 3619 in
753 3567 917 3622 Deum
942 3586 1048 3624 non
1071 3571 1243 3626 solum
1266 3574 1465 3640 anima,
1482 3577 1574 3631 sed
1589 3578 1752 3631 etiam
1768 3588 1821 3633 et
1836 3592 2081 3650 corpore,

500 3661 560 3707 ut
607 3670 772 3708 unum
822 3658 878 3711 in
910 3659 1026 3728 ipso
1054 3670 1251 3717 etcum
1283 3663 1400 3734 ipso
1430 3667 1558 3732 sint,
1591 3669 1806 3734 quando
1828 3670 1881 3726 in
1906 3672 1985 3727 eis
2008 3672 2084 3728 nil

500 3743 754 3811 animale,
774 3746 847 3800 nil
868 3762 1214 3818 corporeum,
1239 3752 1313 3807 nil
1340 3755 1657 3823 humanum,
1701 3758 1775 3813 nil
1797 3762 2044 3818 naturale
2060 3763 2084 3796 '

500 3835 824 3903 remanebit,
865 3838 1005 3895 altus
1031 3841 1254 3897 nimium
1282 3845 1433 3900 visus
1464 3844 1506 3911 ⁸,
1541 3848 1790 3920 ultraque
1835 3853 2081 3912 carnales

465 3967 479 3976 .
498 3928 853 3997 cogitationes
884 3934 1177 3991 ascendere
1201 3952 1307 3991 non
1336 3938 1641 3997 valentibus
1664 3943 2079 4015 incomprehen-

497 4017 671 4108 sibilis
712 4028 769 4076 et
813 4022 1159 4089 incredibilis,
1195 4041 1258 4083 ac
1288 4042 1384 4097 per
1426 4029 1531 4085 hoc
1557 4047 1661 4087 non
1688 4033 1903 4103 publice
1925 4053 2082 4108 prae-

498 4107 781 4167 dicandus.
839 4110 945 4169 Sed
996 4116 1062 4171 de
1110 4130 1176 4172 eo
1221 4117 1362 4173 inter
1412 4121 1686 4191 sapientes
1715 4107 2077 4185 tractandum.

498 4197 661 4256 Multa
687 4204 885 4275 quippe
921 4207 1101 4264 divina
1131 4212 1389 4281 mysteria
1421 4228 1449 4268 a
1480 4216 1685 4272 sanctis
1710 4216 1959 4276 Patribus
1990 4222 2078 4277 in-

497 4300 639 4350 tacta
686 4296 755 4352 ob
791 4298 929 4355 hanc
958 4315 1177 4358 causam
1227 4307 1611 4375 praetermissa
1658 4319 1819 4378 sunt;
1876 4313 2077 4370 inllrmi

492 4386 757 4476 siquidem
785 4393 928 4451 oculi
948 4395 1251 4453 claritatem
1280 4398 1500 4457 luminis
1521 4401 1746 4458 suﬂ'erre
1776 4416 2071 4476 nequeunt.

492 4475 798 4567 Sttﬂiciunt,
830 4494 890 4538 ut
932 4486 1190 4554 arbitror,
1216 4489 1350 4546 haec
1376 4506 1545 4561 pauca
1578 4475 1967 4568 paradigmata,
2003 4516 2070 4556 ex

490 4568 695 4658 divinis.
713 4574 985 4641 parabolis
1011 4587 1311 4649 assumpta,
1339 4584 1405 4638 ad
1426 4586 1730 4655 generalem
1755 4590 2072 4658 specialem-

489 4674 595 4754 que
633 4654 854 4718 humani
882 4669 1097 4736 generis
1125 4654 1456 4729 suadendum
1508 4679 1737 4736 reditum
1777 4654 1830 4738 in
1870 4685 2072 4754 princi-

488 4750 637 4818 pium
670 4767 847 4844 suum,
878 4756 1282 4824 primordialem
1308 4762 1428 4816 dico
1467 4750 1885 4837 conditionem;
1908 4774 2071 4844 inque

490 4843 665 4914 ipsum
716 4843 906 4912 Deum,
946 4847 998 4901 in
1029 4848 1136 4913 his,
1162 4851 1253 4920 qui
1306 4852 1671 4911 sincerissima
1705 4859 1822 4929 ejus
1848 4843 2070 4931 partici-

487 4935 708 5004 patione
739 4936 885 5007 digni
918 4949 1042 4995 sunt
1065 4940 1194 5009 l'rui,
1221 4943 1395 5013 deque
1428 4946 1594 5001 totius
1621 4950 1892 5007 sensibilis
1918 4968 2072 5008 crea-

491 5031 665 5109 turae,
688 5041 827 5096 quae
851 5026 904 5083 in
926 5028 1147 5088 homine
1176 5042 1230 5088 et
1250 5042 1473 5105 propter
1503 5036 1773 5094 hominem
1806 5040 2070 5100 fabricata

484 5124 587 5181 est,
620 5117 673 5173 in
700 5135 893 5177 causas
920 5138 1049 5180 suas
1079 5127 1409 5193 reversione,
1441 5131 1658 5199 quando
1688 5133 1794 5188 crit
1839 5151 1945 5191 non
1977 5152 2067 5193 so-

483 5208 594 5266 lum
638 5214 889 5284 generale
953 5219 1236 5275 sabbatum
1292 5220 1345 5276 in
1408 5223 1663 5279 omnibus
1707 5226 1902 5284 divinis
1942 5246 2069 5301 ope-

482 5301 656 5391 ribus,
715 5321 903 5363 verum
952 5311 1114 5367 etiam
1176 5320 1233 5368 et
1265 5384 1271 5390 _
1302 5315 1537 5385 speciale
1595 5317 1877 5376 sabbatum
1945 5324 2069 5380 sab-

2199 456 2509 528 implebitur
2551 457 2743 512 domus
2780 456 2896 522 Dei,
2948 456 3001 510 in
3045 470 3152 525 qua
3202 456 3580 527 unusquisque
3634 458 3787 514 ordi-

2194 560 2263 603 ne
2314 548 2415 603 sibi
2462 540 2701 618 congruo
2747 546 3109 602 constituetur
3145 548 3191 612 ',
3243 546 3336 601 alii
3388 546 3642 615 inferius,
3694 550 3784 606 alii

2195 639 2467 708 superius,
2519 639 2611 693 alii
2650 638 2721 693 in
2762 637 3094 694 sublimitate
3151 646 3408 706 naturae,
3467 640 3562 695 alii
3625 654 3789 713 super

2195 747 2407 788 omnem
2442 732 2743 787 naturalem
2775 732 3033 787 virtutem
3088 730 3236 787 circa
3284 732 3458 803 ipsum
3490 733 3681 791 Deum.
3711 738 3791 794 Ac

2194 826 2275 881 sic
2297 840 2463 881 coena
2502 825 2591 882 illa
2622 841 2818 898 magna
2850 825 3197 882 ordinabitur
3222 836 3278 882 et
3299 827 3687 898 celebrabitur,
3719 847 3790 889 ex

2194 928 2300 984 qua
2352 914 2552 969 nullius
2602 915 2928 981 substantia,
2989 915 3118 986 quia
3172 930 3242 972 ex
3308 915 3421 972 Deo
3486 916 3629 975 facta
3680 929 3787 988 est,

2196 1014 2481 1076 respuetur
2507 1047 2521 1072 ,
2570 1005 2767 1061 nullius
2796 1006 3009 1074 vitium,
3039 1007 3168 1077 quia
3200 1023 3266 1064 ex
3303 1008 3416 1064 Deo
3443 1009 3644 1066 factum
3675 1027 3788 1071 non

2195 1106 2300 1163 est,
2349 1098 2745 1154 introducetur.
2771 1098 3102 1170 Purgabitur
3123 1100 3269 1155 enim
3310 1110 3528 1168 natura,
3552 1104 3785 1159 ventila-

2195 1191 2245 1245 hi
2255 1200 2340 1244 tur
2358 1191 2568 1256 vitium,
2585 1191 2949 1246 recondentur
2967 1191 3343 1247 substantialia
3363 1207 3553 1263 grana,
3569 1192 3787 1251 ﬂamma

2194 1281 2411 1336 divinae
2455 1280 2758 1336 sententiae
2793 1280 3111 1337 delictorum
3142 1282 3355 1337 ardebit
3383 1282 3559 1352 palea,
3584 1283 3786 1339 illumi-

2195 1371 2467 1426 nabuntur
2494 1371 2809 1427 abscondita
2841 1373 3212 1438 tenebrarum,
3242 1373 3422 1427 omnia
3455 1373 3508 1428 in
3536 1374 3788 1433 omnibus

2194 1463 2464 1519 videbitur
2486 1463 2646 1519 Dens.
2683 1464 2827 1519 DISC.
2863 1462 3152 1520 Sulliciunt
3182 1480 3346 1530 sane;
3376 1466 3471 1520 sed
3507 1465 3667 1535 hujus
3694 1483 3788 1537 pa-

2195 1556 2414 1612 rabolae
2442 1557 2657 1612 residua
2687 1557 2926 1613 breviter
2958 1572 3199 1627 exponas
3226 1558 3429 1630 ﬂagito.
3465 1558 3604 1615 Msa.
3634 1560 3790 1628 Quae

2195 1653 2320 1700 sunt
2346 1644 2470 1699 illa?
2496 1644 2641 1701 Disc.
2670 1645 2819 1701 Mora
2847 1647 3052 1716 sponsi,
3077 1647 3364 1711 dormitus,
3389 1655 3443 1702 et
3469 1648 3787 1707 dormitatio

2196 1738 2439 1794 omnium
2462 1738 2751 1810 virginum,
2778 1746 3088 1809 ceteraque,
3112 1754 3251 1810 quae
3274 1741 3470 1796 intacta
3497 1742 3777 1812 reliquisti.

2196 1829 2337 1885 ΜΑο.
2368 1829 2512 1884 Mora
2545 1831 2727 1900 sponsi
2759 1838 2861 1896 est,
2895 1840 2954 1885 ut
2979 1832 3257 1898 existimo,
3289 1833 3578 1903 temporale
3608 1834 3781 1888 inter-

2196 1921 2414 1988 vallum,
2466 1923 2608 1993 quod
2653 1922 2794 1977 inter
2844 1922 3079 1993 primum
3126 1923 3340 1979 Domini
3390 1934 3446 1980 et
3484 1925 3779 1981 secundum

2198 2013 2523 2069 transcurrit
2566 2014 2887 2079 adventum;
2942 2013 3027 2067 vel
3073 2023 3226 2069 certe
3275 2016 3342 2070 ab
3386 2014 3545 2070 initio
3593 2014 3783 2070 mundi

2195 2120 2363 2176 usque
2404 2105 2472 2159 ad
2512 2104 2672 2160 linem
2714 2103 2850 2173 ejus.
2897 2104 3108 2160 Nullum
3145 2107 3288 2161 enim
3333 2117 3540 2177 tempus
3589 2116 3776 2163 trans-

2194 2209 2373 2256 actum
2403 2209 2506 2265 est,
2535 2200 2621 2255 vel
2648 2201 2976 2271 transigetur
2995 2215 3092 2270 per
3117 2215 3209 2256 sex
3240 2201 3421 2255 mundi
3453 2208 3682 2265 aetates,
3717 2200 3775 2257 in

2193 2307 2299 2361 quo
2321 2292 2626 2363 virginitas,
2658 2293 2763 2347 hoc
2790 2301 2894 2359 cst,
2920 2293 3196 2363 integritas
3229 2293 3496 2349 humanae
3519 2302 3777 2361 naturae,

2192 2399 2330 2454 quae
2378 2384 2431 2438 in
2481 2373 2630 2438 nullo
2678 2384 3077 2454 corrumpitur,
3124 2384 3372 2453 quamvis
3422 2383 3477 2438 in
3522 2383 3779 2440 omnibus

2191 2486 2419 2548 excepto
2461 2478 2680 2534 Christo
2730 2479 3099 2535 contaminata
3150 2478 3255 2548 sitj,
3302 2478 3521 2533 obviam
3574 2491 3775 2548 sponso

2189 2588 2286 2628 suo
2336 2588 2440 2627 non
2478 2572 2607 2627 velit
2632 2574 2932 2629 ascendere
2962 2573 3030 2637 ιο,
3064 2571 3120 2625 in
3153 2570 3474 2641 quibusdam
3506 2571 3675 2638 fatua,
3717 2572 3770 2626 in

2128 2726 2137 2734 _
2190 2663 2513 2733 quibusdam
2576 2664 2862 2735 prudens,
2926 2663 2981 2718 in
3034 2662 3288 2718 omnibus
3338 2662 3628 2718 conditoris
3685 2662 3767 2717 sui

2190 2770 2564 2825 supernaeque
2609 2755 2838 2825 patriae,
2869 2770 3034 2824 quam
3065 2754 3403 2820 deseruerat,
3443 2754 3761 2824 appetitrix;

2189 2848 2457 2917 appetitus
2503 2847 2701 2918 quippe
2747 2844 3099 2901 beatitudinis
3144 2843 3393 2900 omnibus
3440 2843 3768 2913 sapientibus

2187 2948 2241 2991 et
2276 2938 2672 3007 insipientibus,
2704 2937 2863 2993 bonis
2895 2944 2952 2993 et
2985 2935 3161 3003 malis,
3202 2935 3564 2991 communiter
3590 2944 3643 2989 et
3677 2951 3770 2989 na-

2191 3028 2437 3084 turaliter
2463 3028 2620 3083 inest.
2644 3028 2701 3083 ln
2729 3027 2977 3099 praefato
2999 3026 3285 3082 intervallo
3309 3026 3565 3081 mundani
3581 3040 3768 3080 cursus

2189 3136 2285 3191 per
2327 3121 2575 3176 ordinata
2626 3128 2872 3191 tempora
2921 3120 3140 3190 quidam
3187 3118 3504 3183 dormiunt,
3551 3118 3766 3188 quidam

2189 3215 2508 3271 dormitant.
2549 3216 2835 3271 Dormiunt
2861 3215 3097 3286 quidem,
3136 3216 3226 3286 qui
3250 3216 3364 3286 jam
3394 3216 3590 3271 mortui
3620 3223 3764 3283 sunt,

2185 3317 2241 3362 et
2267 3308 2444 3364 adhuc
2474 3307 2755 3387 morituri;
2786 3307 3084 3362 dormitare
3113 3317 3295 3363 autem
3326 3309 3598 3374 dicuntur,
3630 3324 3762 3378 quos

2187 3397 2311 3453 linis
2352 3398 2535 3453 mundi
2580 3398 2735 3453 vivos
2761 3397 2814 3453 in
2842 3412 3006 3453 carne
3043 3397 3359 3454 inventurus
3391 3409 3495 3453 est.
3526 3398 3625 3465 Qui
3655 3412 3764 3452 non

2186 3489 2440 3555 dormire,
2486 3490 2581 3545 sed
2625 3491 2917 3547 dormitare
2956 3490 3326 3560 perhibentur,
3364 3491 3618 3562 quoniam
3644 3505 3766 3561 per-

2184 3580 2324 3636 fecta
2372 3591 2548 3637 morte
2594 3598 2702 3638 non
2757 3591 2883 3638 sunt
2929 3582 3202 3651 morituri,
3252 3583 3468 3639 nullove
3505 3585 3545 3615 "
3589 3583 3766 3653 spatio

2186 3670 2468 3741 temporali
2519 3672 2573 3726 in
2620 3687 2684 3728 ea
2729 3681 2889 3729 erunt
2936 3674 3161 3741 detenti,
3208 3675 3299 3731 sed
3342 3674 3507 3730 veluti
3549 3673 3760 3746 gravati

2183 3776 2394 3826 somno,
2426 3776 2533 3818 non
2560 3771 2738 3819 autem
2763 3764 3043 3834 prostrati,
3073 3763 3216 3819 nulla
3245 3773 3417 3819 morte
3444 3763 3760 3834 interposita

2184 3853 2239 3907 in
2287 3854 2447 3910 aliam
2503 3856 2671 3911 vitam
2724 3857 3094 3913 mutabuntur.
3124 3855 3241 3924 Quo
3262 3858 3315 3913 in
3342 3856 3460 3913 loco
3482 3858 3696 3913 videtur
3718 3856 3763 3889 ¹⁶

2182 3954 2402 4001 sanctus
2463 3946 2797 4018 Augustinus
2851 3948 3158 4003 consentire
3211 3947 3299 4003 his
3328 3989 3343 4014 ,
3399 3948 3491 4017 qui
3545 3947 3760 4013 dicunt,

2182 4039 2443 4115 tantillam
2475 4048 2704 4097 mortem
2745 4040 2799 4095 in
2842 4040 2960 4110 ipso
2983 4039 3328 4097 velocissimo
3363 4049 3517 4112 raptu
3549 4054 3758 4105 eorum,

2181 4130 2273 4199 qui
2320 4130 2375 4184 in
2416 4129 2522 4185 line
2561 4131 2747 4186 mundi
2797 4130 2905 4185 vivi
2950 4130 3115 4186 futuri
3140 4141 3289 4195 sunt,
3333 4146 3454 4207 esse
3499 4130 3755 4186 futuram.

2180 4219 2269 4274 Ait
2311 4220 2456 4276 enim
2501 4221 2554 4276 in
2601 4221 2861 4277 vicesimo
2904 4221 3042 4278 libro
3076 4222 3144 4277 de
3187 4221 3420 4278 Civitate
3462 4222 3556 4278 Dei
3585 4221 3758 4293 capite

2179 4311 2440 4367 vicesimo
2474 4311 2649 4381 primo
2676 4330 2689 4366 :
2721 4309 2782 4367 Si
2820 4322 3051 4378 sanctos,
3079 4313 3170 4384 qui
3200 4313 3527 4384 reperientur
3552 4313 3758 4369 Christo

2096 4442 2154 4506 Β
2181 4402 2410 4457 veniente
2434 4405 2680 4470 viventes,
2716 4405 2865 4475 eique
2888 4405 2945 4459 in
2970 4404 3174 4460 obviam
3203 4407 3495 4475 rapientur,
3527 4406 3762 4460 credide-

2180 4496 2345 4549 rimus
2378 4495 2433 4548 in
2469 4495 2646 4550 eodem
2682 4506 2837 4564 raptu
2869 4496 2934 4550 de
2968 4495 3277 4551 mortalibus
3330 4497 3633 4568 corporibus
3668 4513 3759 4550 e1:-

2177 4587 2369 4651 ituros,
2399 4596 2447 4640 et
2476 4585 2545 4639 ad
2573 4589 2752 4642 eadem
2781 4586 2904 4642 mox
2924 4587 3243 4642 immortalia
3263 4586 3542 4652 redituros,
3574 4586 3748 4641 nullas

2176 4676 2231 4730 in
2262 4675 2426 4731 verbis
2454 4676 2687 4747 Apostoli
2725 4678 2984 4747 patiemur
3010 4679 3303 4749 angustias,
3334 4679 3441 4733 sive
3474 4677 3560 4732 ubi
3582 4676 3704 4729 dicit
3727 4687 3746 4726 :

2180 4767 2259 4822 Tu
2277 4770 2671 4841 quod_seminas,
2687 4784 2789 4822 non
2807 4770 3120 4838 viviﬁcatur,
3134 4770 3237 4825 nisi
3255 4768 3398 4839 prius
3413 4768 3745 4831 "moriatur,-

2175 4861 2282 4913 sive
2310 4860 2399 4913 ubi
2426 4859 2554 4915 dicit
2577 4876 2596 4915 :
2625 4858 2816 4915 Omnes
2842 4862 3050 4932 quidem
3078 4877 3426 4934 resurgemus,
3455 4870 3543 4915 aut
3570 4875 3749 4914 omnes

2176 4951 2514 5017 dormiemus,
2562 4954 2685 5024 quia
2731 4969 2823 5007 nec
2857 4952 2940 5007 illi
2970 4970 3063 5024 per
3097 4951 3541 5009 immortalitatem
3585 4951 3752 5019 vivifi-

2175 5042 2457 5107 cabuntur,
2487 5029 2587 5097 nisi
2621 5042 2848 5113 qualibet
2884 5050 3050 5097 morte
3088 5043 3365 5113 paululum
3412 5051 3586 5095 tamen
3631 5051 3753 5093 ante

2175 5136 2491 5199 moriantur,
2535 5150 2597 5187 ac
2641 5149 2733 5204 per
2765 5132 2863 5187 Itoo
2898 5141 2948 5187 et
2978 5148 3013 5186 a
3047 5134 3425 5186 resurrectione
3457 5146 3561 5185 non
3598 5138 3751 5184 erunt

2174 5229 2353 5293 alieni,
2395 5244 2552 5299 quam
2578 5226 2888 5281 dormitione
2918 5226 3259 5297 praecedunt,
3294 5225 3531 5298 quamvis
3564 5222 3748 5278 brevis-

2172 5321 2327 5385 sima,
2353 5335 2458 5373 non
2494 5327 2666 5373 tamen
2712 5315 2878 5372 nulla.
2924 5315 3100 5374 Media
3148 5330 3279 5385 nox,
3325 5316 3381 5371 in
3409 5330 3518 5386 qua
3549 5314 3753 5370 clamor

1768 5438 2024 5497 VARIAE
2063 5438 2462 5497 LECTIONES.

556 5536 573 5569 ¹
607 5538 767 5607 igitur
795 5555 905 5594 om.
936 5541 1002 5595 Α.
1079 5547 1099 5577 ²
1128 5546 1191 5599 de
1215 5560 1324 5601 om.
1358 5547 1424 5602 A.

482 5606 770 5662 humanum
827 5610 899 5663 nil
950 5615 1188 5669 naturale
1245 5633 1352 5671 om.
1385 5619 1447 5671 Α.

549 5676 597 5708 ³⁸
629 5678 773 5732 nullo
796 5696 932 5733 vero.
1014 5684 1055 5713 "
1080 5683 1123 5737 A
1165 5687 1421 5741 videatur.
1505 5689 1548 5720 ¹³
1575 5691 1726 5759 prius
1747 5706 1856 5747 om.
1885 5691 1951 5747 Α.

1501 5548 1522 5579 ⁸
1586 5550 1807 5619 virgines
1856 5566 1965 5605 om.
1997 5552 2063 5605 A.
2139 5552 2160 5584 δ
2190 5553 2229 5605 Α
2262 5550 2466 5606 malitia
2563 5549 2585 5581 "
2622 5549 2666 5603 Α

1525 5619 1607 5673 Ἀ
1664 5637 1835 5675 casus.
1913 5623 2005 5675 Ἀ
2046 5622 2398 5678 constituitur.

2706 5550 3004 5635 purissime.
3080 5551 3102 5585 ⁸
3135 5551 3277 5635 .quia
3316 5564 3427 5635 om:
3490 5550 3555 5603 A.
3630 5546 3751 5635 ’θεῖε

2480 5621 2523 5653 ¹⁰
2546 5637 2679 5692 quae
2708 5619 2772 5674 in
2801 5619 2944 5676 nullo
2968 5652 3039 5662 —
3067 5619 3187 5677 velit
3234 5621 3517 5677 ascendere
3542 5633 3652 5675 om.
3684 5619 3748 5672 Α.
