4168 6284
406 381 540 436 1017

1304 366 1393 423 DE
1428 364 1771 458 DIVISIQNE
1809 362 2159 421 NATURAE.
2200 394 2271 406 -—
2307 364 2509 421 LIBER
2551 366 2872 435 QUINTUS.

3540 371 3677 431 1018

404 478 581 546 factus
606 495 708 554 est,
740 493 794 542 ct
824 496 1051 555 sponsus
1079 480 1251 546 venit,
1292 480 1557 534 incertum
1587 477 1770 532 mundi
1801 477 1985 559 ﬁnem,
2014 483 2066 542 Α
2092 493 2213 533 sera
2227 480 2549 548 quandoque
2562 482 2887 549 poenitentia
2904 483 3354 553 compnncti,uon
3378 484 3679 559 intrabunt,

408 589 783 648 remotumque
830 574 897 627 ab
943 570 1093 627 omni
1138 570 1156 617 ι
1201 568 1428 626 scientia
1472 565 1768 637 spiritualis
1808 555 1991 636 sponsi

407 674 696 730 adventum
750 666 1005 727 insinuat,
1056 662 1196 718 sicut
1237 661 1353 731 ipse
1394 659 1567 713 dixit:
1599 658 1677 713 De
1704 658 1788 712 die
1816 667 1992 712 autem

406 764 502 819 illa
526 773 572 817 et
596 762 729 815 liora
781 756 873 811 illa
918 770 1066 810 nemo
1111 753 1228 818 scit,
1281 766 1444 822 neque
1497 748 1670 820 angeli
1720 749 1775 801 in
1820 747 1988 815 caelo,

408 869 568 925 neque
614 848 786 904 Filius
840 846 1089 917 hominis,
1138 844 1241 899 nisi
1278 842 1443 897 Pater
1488 839 1650 895 solus.
1701 838 1768 894 Et
1801 838 1856 894 in
1884 838 1991 894 ﬁne
2028 882 2040 891 .

404 939 705 1017 praesentis
747 935 1082 1008 parabolae:
1121 932 1344 1005 Vigilate
1396 933 1595 1002 itaque,
1615 931 1738 1002 quia
1778 931 2013 986 nescitis‘

403 1039 562 1102 diem,
594 1049 755 1105 neque
776 1033 984 1087 horam.
1006 1027 1223 1084 Clamor
1245 1026 1335 1081 ille
1357 1023 1626 1095 signiﬁcat
1650 1022 1989 1093 apertissima

403 1129 589 1199 signa,
647 1139 790 1195 quae
835 1120 1166 1194 praecedent
1196 1117 1614 1173 destructionem
1662 1115 1875 1179 mundi,
1938 1122 1992 1169 ct

403 1220 693 1274 adventum
743 1212 992 1277 Domini,
1046 1211 1115 1266 de
1161 1208 1356 1280 quibus
1408 1207 1523 1278 ipse
1582 1207 1776 1262 sedens
1828 1220 1991 1277 super

404 1319 647 1364 montem
690 1305 957 1362 olivarum
1003 1299 1284 1370 discipulis
1312 1297 1675 1369 prophetavit.
1714 1295 1993 1353 Surrectio

404 1401 649 1457 omnium
713 1397 984 1467 virginum
1038 1390 1504 1464 regenerationem
1558 1388 1720 1444 totius
1770 1386 1990 1442 humani

403 1492 622 1563 generis
642 1488 933 1561 praesagit.
960 1484 1260 1540 Prudentes
1279 1481 1518 1553 virgines
1539 1479 1816 1550 lampadas
1842 1493 1989 1545 suas,

405 1578 758 1637 rationabiles
783 1575 1034 1632 videlicet
1065 1580 1268 1637 motus,
1307 1571 1483 1627 bonae
1509 1569 1742 1626 actionis
1761 1568 1989 1639 pingue-

405 1673 568 1737 dine,
622 1682 902 1742 puraeque
954 1662 1324 1721 conscientiae
1375 1660 1621 1717 claritate
1689 1664 1988 1723 exornant;

403 1762 597 1833 quibus
623 1760 855 1826 duobus,
884 1765 1007 1814 actu
1034 1756 1158 1812 dico
1181 1762 1236 1810 et
1261 1753 1510 1819 scientia,
1544 1750 1727 1807 fatuae
1757 1750 1989 1821 virgines

2095 570 2339 626 dicentes
2357 588 2371 623 :
2389 569 2631 636 Domine,
2648 571 2884 638 Domine,
2909 573 3053 643 aperi
3075 575 3238 630 nobis.
3256 575 3361 630 Ista
3385 584 3563 631 autem
3590 596 3679 647 ge-

2092 662 2322 718 minatio
2369 661 2636 718 Dominici
2682 664 2921 719 nominis
2961 672 3052 719 aut
3089 669 3364 722 assiduum
3410 669 3678 724 humanae

2091 763 2323 810 naturae
2372 755 2673 826 appetitum
2720 754 2788 810 ad
2836 756 3347 828 contemplationem
3376 760 3679 817 conditoris

2091 844 2211 909 sui,
2259 843 2404 898 nulla
2445 844 2784 916 ignorantiae
2826 844 3023 900 nebula
3068 846 3417 919 interposita,
3460 849 3514 904 in
3562 849 3675 916 bis,
3725 875 3731 881 ε

2091 935 2183 1004 qui
2213 933 2268 989 in
2296 935 2396 990 hac
2426 936 2536 990 vita
2567 923 2729 991 nullis
2759 937 2933 994 bonae
2973 936 2996 971 '
3034 940 3465 996 conversationis
3492 942 3673 997 subsi-

2090 1023 2200 1080 diis
2249 1023 2452 1079 suﬁ‘ulti
2494 1025 2711 1093 vixere,
2754 1027 2838 1081 vel
2881 1037 3032 1085 certe
3071 1029 3396 1099 simplicium
3438 1030 3677 1087 ﬁdelium

2090 1115 2272 1170 minus
2301 1115 2322 1147 ⁸
2348 1115 2647 1171 catholicae
2675 1115 2797 1171 ﬁdei
2835 1116 3172 1172 altitudinem
3218 1119 3701 1176 considerantium

2092 1207 2361 1279 ignaviam
2392 1205 2694 1278 signiﬁcat,
2721 1215 2973 1277 putantes
3002 1208 3287 1263 Dominum
3316 1219 3560 1266 nostrum
3588 1210 3675 1266 Je-

2093 1312 2211 1354 sum
2241 1295 2519 1351 Christum
2564 1295 2773 1352 duabus
2794 1298 3113 1353 substantiis
3135 1313 3255 1354 esse
3286 1301 3675 1370 compositum,

2091 1389 2218 1443 dum
2249 1388 2322 1442 sit
2361 1402 2466 1441 una
2513 1386 2817 1441 substantia
2862 1387 2914 1441 in
2954 1387 3165 1443 duabus
3205 1389 3448 1454 naturis,
3492 1398 3547 1444 et
3582 1405 3693 1459 ped

2091 1485 2247 1541 tunt,
2274 1491 2415 1547 quae
2445 1476 2545 1531 sibi
2577 1492 2681 1531 non
2724 1477 3071 1533 conveniunt.
3112 1478 3343 1550 Ideoque
3382 1482 3678 1551 responde-

2092 1575 2182 1622 tur
2209 1567 2230 1599 "
2263 1566 2344 1621 eis
2371 1583 2385 1620 :
2419 1563 2605 1620 Petitis
2632 1575 2679 1620 et
2709 1582 2813 1619 non
2840 1566 3109 1637 accipitis,
3142 1567 3266 1639 quia
3310 1568 3447 1622 male
3483 1569 3674 1638 petitis.

2090 1656 2287 1726 Quanti
2309 1665 2455 1724 sunt,
2478 1657 2570 1728 qui
2597 1657 2832 1713 divinam
2853 1658 3142 1714 essentiam
3167 1659 3219 1713 in
3244 1659 3415 1714 tribus
3435 1658 3689 1714 substan-‘

2090 1748 2213 1815 tiis,
2243 1757 2295 1804 et
2329 1756 2439 1804 tres
2467 1749 2801 1805 substantias
2828 1750 2882 1804 in
2913 1765 3019 1805 una
3055 1751 3289 1806 essentia
3328 1758 3421 1806 aut
3458 1736 3675 1820 penitus

401 1859 608 1909 carent.
646 1850 801 1919 Quod
834 1857 1017 1904 autem
1058 1846 1353 1917 prudentes
1383 1844 1622 1914 virgines
1649 1842 1715 1898 de
1744 1842 1865 1898 oleo
1893 1856 1992 1898 suo
2018 1840 2067 1901 B
2096 1839 2384 1911 ignorant,
2415 1847 2510 1894 aut
2541 1840 2758 1910 penitus
2784 1840 3081 1913 abnegant,
3124 1851 3181 1898 et
3212 1857 3309 1914 per
3350 1857 3479 1898 suas
3513 1842 3679 1899 falsas

400 1945 566 2001 fatuis
610 1943 912 2014 virginibus
963 1938 1229 2011 impertiri
1256 1938 1549 2008 abnegant,
1583 1935 1658 1990 nil
1679 1934 1823 1991 aliud
1848 1934 1991 1990 veri-

401 2038 654 2103 similius,
676 2043 735 2092 ut
762 2035 976 2106 opinor,
1009 2030 1184 2102 lypice
1208 2028 1536 2093 conformat,
1565 2042 1729 2097 quam
1753 2026 1992 2097 pruden-

402 2138 483 2184 tes
504 2129 739 2192 animas,
770 2125 965 2195 quibus
991 2122 1119 2178 vilia
1148 2129 1203 2176 et
1225 2135 1334 2175 non
1361 2116 1679 2174 sufﬁcientia
1707 2117 1759 2170 in
1790 2116 1879 2171 illa
1903 2116 1993 2173 die

399 2213 770 2280 intellectuali,
802 2213 853 2266 iu
883 2226 988 2282 qua
1009 2208 1379 2278 unusquisque
1406 2205 1670 2277 profunda
1701 2205 1990 2261 conscien-

404 2305 509 2359 tiae
540 2319 670 2360 suae
709 2301 948 2364 rimabit.
993 2299 1189 2355 merita
1232 2298 1593 2368 apparebunt,
1631 2303 1991 2366 aeternaeque

403 2396 649 2452 felicitati
691 2394 837 2449 nullo
883 2393 1042 2448 modo
1083 2388 1469 2461 comparanda,
1495 2388 1633 2444 sicut
1658 2388 1735 2443 ait
1759 2387 1992 2458 Aposto-

403 2489 525 2543 lus:
562 2485 686 2541 Non
724 2494 845 2540 sunt
886 2484 1175 2553 condignae
1216 2480 1484 2551 passiones
1532 2480 1691 2549 hujus
1746 2477 1991 2548 temporis

403 2580 472 2635 ad
506 2586 936 2649 superventuram
968 2574 1212 2646 gloriam,
1241 2589 1374 2644 quae
1402 2570 1713 2627 revelabitur
1738 2571 1793 2625 in
1822 2568 1988 2625 nobis.

402 2672 540 2728 llinc
569 2670 828 2726 Dominus
870 2669 985 2739 ipse
1014 2685 1029 2722 :
1057 2665 1210 2721 Beati
1242 2681 1515 2736 pauperes,
1563 2665 1758 2735 inquit,
1782 2665 1987 2734 spiritu,

403 2765 507 2820 hoc
550 2769 654 2828 est,
704 2760 874 2827 beati,
917 2759 1008 2830 qui
1058 2767 1114 2814 et
1158 2758 1363 2829 seipsos
1411 2767 1466 2812 et
1506 2756 1697 2811 merita
1744 2770 1841 2811 sua
1891 2770 1990 2825 pro

405 2855 574 2911 nihilo
620 2855 847 2920 ducunt,
897 2860 953 2908 et
1003 2850 1226 2906 omnino
1276 2864 1337 2905 se
1384 2850 1439 2905 in
1486 2849 1687 2905 divitiis
1727 2848 1989 2903 virtutum

405 2962 604 3019 egenos
626 2945 892 3015 judicent,
918 2944 1167 3015 quoniam
1196 2943 1426 3012 ipsorum
1457 2951 1531 2995 est
1576 2956 1787 3011 regnum
1818 2938 1991 2993 caelo-

409 3054 544 3092 rum.
598 3037 828 3105 Ideoque
875 3035 1124 3091 dicturae
1168 3041 1295 3088 sunt
1333 3032 1641 3101 petentibus
1669 3046 1698 3085 a
1732 3045 1790 3085 se
1833 3030 1989 3084 auxi-

405 3129 563 3194 lium,
587 3145 649 3182 ne
689 3127 823 3198 forte
860 3143 964 3181 non
990 3124 1220 3195 sufﬁciat
1260 3123 1406 3178 nobis
1436 3132 1483 3178 et
1512 3122 1672 3177 vobis.
1703 3120 1855 3189 Quod
1885 3120 1985 3174 du-

2090 1929 2449 2000 cogitationes
2509 1929 2863 2001 carnalesque
2927 1931 3209 2001 opiniones
3243 1930 3265 1963 ⁸
3303 1932 3372 1987 ad
3437 1932 3679 1988 internas

2091 2022 2308 2077 divinae
2335 2036 2609 2092 puraeque
2637 2021 3106 2092 contemplationis
3151 2022 3367 2094 nuptias
3404 2023 3679 2093 postulant

2091 2112 2336 2168 intrare!
2384 2111 2583 2178 Quanti
2625 2119 2787 2177 sunt,
2829 2113 2921 2183 qui
2963 2112 3250 2168 Dominum
3286 2112 3469 2168 Jesum
3522 2113 3679 2168 Chri-

2092 2214 2232 2261 stum
2269 2205 2344 2259 ita
2375 2212 2685 2275 segregant,
2721 2211 2779 2257 ut
2808 2218 2983 2274 neque
3009 2204 3347 2260 divinitatem
3390 2204 3533 2260 illius
3575 2205 3677 2260 ltu-

2092 2296 2372 2361 manitati,
2404 2311 2579 2366 neque
2609 2297 3000 2353 humanitatem
3030 2296 3301 2352 divinitati
3330 2297 3383 2352 in
3412 2298 3675 2353 unitatem

2092 2388 2449 2454 substantiae,
2465 2403 2561 2443 seu
2583 2397 2642 2443 ut
2663 2388 2841 2445 Latini
2858 2377 3108 2447 usitatius
3121 2391 3329 2458 dicunt,
3341 2390 3398 2446 In
3414 2392 3675 2447 unitatem

2090 2496 2357 2553 personae
2383 2482 2675 2536 adunatam
2715 2481 2799 2536 vel
2828 2482 3072 2548 credant,
3090 2482 3175 2539 vel
3201 2483 3521 2553 intelligant,
3546 2499 3671 2539 cum

2093 2575 2261 2648 ipsius
2293 2574 2606 2629 humanitas
2633 2580 2688 2628 et
2709 2572 2963 2629 divinitas
2994 2590 3157 2628 unum
3186 2582 3241 2628 et
3265 2574 3287 2605 ⁹
3317 2573 3677 2645 inseparabile

2092 2682 2258 2721 unum
2290 2667 2418 2730 sint,
2439 2665 2586 2723 salva
2615 2664 2898 2736 utriusque
2926 2674 3150 2720 naturae
3176 2665 3344 2737 ipsius
3372 2668 3580 2722 ratione
3607 2667 3672 2720 “.

2090 2757 2504 2813 Geminantibus
2534 2756 2716 2827 itaque
2750 2757 3107 2813 substantiam
3150 2756 3353 2813 Christi
3391 2766 3447 2813 et
3484 2758 3670 2813 dicen-

2093 2852 2235 2908 tibus
2262 2871 2275 2906 :
2310 2852 2554 2918 Domine,
2583 2851 2827 2915 Domine,
2860 2850 3005 2922 aperi
3040 2850 3206 2917 nobis,
3232 2848 3381 2919 juste
3409 2865 3672 2922 congrue-

2092 2944 2252 3016 que“
2280 2945 2636 3014 respondetur
2661 2961 2674 2998 :
2704 2944 2867 2998 Amen
2896 2943 3013 2997 dico
3044 2943 3205 3009 vobis,
3236 2944 3407 2997 nescio
3433 2960 3543 3009 vos,
3573 2944 3676 2999 hoc

2090 3044 2208 3101 est,
2238 3035 2457 3090 intimas
2488 3042 2840 3103 secretasque
2870 3047 3020 3087 meae
3061 3032 3356 3088 divinitatis
3394 3042 3447 3089 et
3486 3034 3676 3089 humas

2091 3124 2277 3179 nitatis
2306 3123 2547 3193 nuptias,
2567 3136 2701 3192 quas
2731 3121 2866 3177 meis
2894 3120 3186 3192 purissime
3218 3120 3674 3193 intelligentibus,

406 3222 531 3293 pliei
564 3221 722 3276 modo
752 3219 972 3289 intelligi
1020 3226 1196 3288 potest
1223 3235 1235 3271 :
1264 3225 1356 3272 aut
1383 3216 1528 3271 enim
1558 3215 1804 3287 negative
1833 3214 1989 3285 poni-
2015 3204 2060 3266 C
2090 3216 2409 3286 priusquam
2449 3216 2604 3269 ﬁeret
2642 3213 2874 3269 mundus
2896 3255 2911 3280 ,
2952 3215 3306 3285 praeparari,
3346 3223 3400 3269 et
3440 3216 3506 3269 ad
3541 3230 3677 3286 quas

408 3322 495 3367 tur
521 3328 609 3376 ne,
636 3321 689 3366 et
713 3310 1046 3380 producitur,
1093 3316 1187 3362 aut
1231 3307 1551 3363 baesitative
1589 3315 1643 3361 ct
1670 3306 1984 3375 corripitur,
2084 3308 2197 3379 jam
2226 3307 2378 3362 ﬁnito
2406 3307 2607 3361 mundo
2636 3307 2909 3361 introduxi
2929 3347 2944 3371 ,
2978 3308 3189 3362 nescire
3216 3322 3312 3362 vos
3339 3307 3670 3377 permittam.

404 3398 544 3461 sicut
569 3405 622 3458 in
670 3404 807 3457 libro
837 3402 1112 3458 Geneseos
1142 3418 1154 3454 :
1183 3400 1267 3454 Ne
1309 3400 1446 3469 forte
1486 3399 1728 3454 extendat
1772 3414 1985 3452 manum

402 3514 574 3562 suam,
597 3507 647 3551 et
668 3505 841 3551 sumat
872 3496 936 3549 de
959 3494 1100 3565 ligno
1131 3495 1283 3549 vitae.
1321 3494 1388 3547 Et
1413 3507 1480 3547 ne
1507 3493 1648 3548 forte
1674 3492 1988 3547 viderentur

404 3586 637 3658 quadam
708 3582 910 3638 invidia
966 3583 1282 3637 meritorum
1338 3596 1558 3636 suorum
1612 3588 1986 3650 paupertatem

402 3676 669 3748 impertiri
714 3676 876 3730 fatuis
916 3674 1173 3739 noluisse,
1219 3675 1550 3744 abnegantcs
1591 3673 1794 3738 oleum,
1854 3672 1989 3726 dant

403 3770 711 3834 consilium,
765 3769 1193 3839 respondentes:
1224 3766 1307 3822 Ite
1346 3768 1519 3837 potius
1571 3766 1640 3820 ad
1687 3765 1984 3830 uendentes,

406 3871 453 3917 et
482 3862 631 3915 emite
652 3858 812 3925 vobis,
850 3861 951 3915 hoc
981 3868 1080 3923 est,
1117 3860 1190 3914 ite
1242 3858 1308 3912 ad
1340 3873 1455 3924 eos,
1482 3857 1573 3927 qui
1601 3857 1909 3911 eximietate
1933 3864 1989 3910 et

409 3949 680 4006 allluentia
729 3965 944 4006 suorum
998 3950 1315 4006 meritorum
1381 3964 1487 4003 non
1547 3947 1719 4002 solum
1769 3946 1989 4002 sibimet

406 4042 700 4111 sufﬁciunt,
726 4059 910 4099 verum
939 4042 1101 4098 etiam
1131 4043 1233 4105 his,
1282 4040 1374 4110 qui
1412 4054 1508 4094 eos
1533 4038 1587 4092 in
1619 4039 1725 4093 hac
1752 4038 1861 4092 vita
1891 4040 1989 4093 bo-

405 4136 696 4193 noriﬁeare
750 4138 1034 4206 poterant.
1091 4143 1315 4205 possent
1372 4132 1631 4201 praebere
1687 4129 1983 4196 auxilium,

405 4230 727 4302 futuraeque
766 4229 1114 4285 beatitudinis
1161 4226 1436 4282 meritum.
1472 4222 1583 4277 Hac
1606 4231 1789 4277 autem
1822 4221 1987 4277 tardi-

406 4330 518 4376 tate
571 4331 626 4377 ct
682 4322 1006 4394 negligentia
1059 4317 1374 4387 interposita
1431 4314 1577 4370 venit
1630 4328 1895 4384 sponsus,
1934 4322 1989 4370 et

407 4423 623 4484 paratas
645 4415 898 4484 virgines,
930 4415 1093 4484 inque
1125 4427 1224 4468 suo
1259 4411 1489 4466 adventu
1516 4417 1737 4465 ornatas
1761 4422 1989 4479 praeoc-

406 4504 649 4572 cupavit,
685 4513 738 4559 et
780 4505 847 4560 ad
894 4520 1023 4559 suas
1067 4504 1281 4574 nuptias
1313 4500 1634 4565 introduxit,
1664 4500 1767 4554 hoc
1793 4498 1899 4565 εει,
1930 4499 1986 4554 in

407 4609 559 4650 suam
623 4595 1019 4652 deiﬁcationem
1047 4636 1062 4658 ,
1122 4610 1227 4664 qua
1283 4589 1707 4663 perfectissimus
1771 4590 1988 4645 animos

403 4685 803 4755 supernaturali
824 4670 1294 4755 contemplationis
1316 4697 1445 4738 suae
1465 4681 1638 4751 gratia
1654 4681 1674 4711 ⁸
1697 4678 1987 4750 gloriﬁcat,

402 4778 604 4833 ceteris
633 4778 687 4831 in
715 4776 1040 4832 naturalium
1072 4775 1337 4831 bonorum
1386 4772 1717 4845 plenitudine
1763 4771 1986 4838 relictis,

402 4874 457 4917 et
504 4865 898 4921 excelsitudiue
942 4864 1228 4921 inell'abilis
1274 4863 1654 4929 dciﬁcatiouis,
1688 4852 1850 4933 quam
1892 4878 1985 4917 nec

405 4955 589 5010 oculus
634 4958 784 5022 vidit,
838 4974 930 5011 nec
983 4958 1129 5011 auris
1180 4955 1401 5018 audivit,
1439 4970 1529 5007 nec
1558 4954 1613 5006 in
1638 4969 1727 5006 cor
1759 4954 1983 5010 hominis

408 5047 662 5113 ascendit,
707 5050 964 5107 exclusis.
1011 5050 1080 5104 Et
1125 5051 1227 5104 hoc
1273 5058 1356 5103 est
1388 5047 1532 5116 quod
1557 5046 1675 5101 ait:
1706 5047 1773 5102 Et
1800 5050 1983 5104 clausa

405 5148 483 5192 est
512 5139 709 5208 janua,
748 5144 1005 5200 introitus
1043 5144 1298 5199 videlicet
1349 5139 1818 5210 contemplationis
1839 5140 1989 5210 ,(Ιίγί-

408 5244 510 5284 nac
536 5230 558 5261 ³
581 5230 717 5287 facie
749 5236 817 5289 ad
858 5235 1075 5301 faciem,
1109 5237 1173 5289 ad
1212 5249 1374 5305 quam
1422 5234 1640 5288 incaute
1666 5230 1720 5285 in
1750 5232 1852 5285 hac
1881 5231 1987 5284 vita

2090 3396 2207 3452 Non
2248 3399 2389 3452 enim
2419 3400 2545 3453 dum
2578 3399 2757 3454 adhuc
2788 3399 2840 3453 in
2870 3414 3036 3455 carne
3072 3400 3285 3455 vixistis
3306 3440 3321 3466 ,
3350 3400 3543 3470 dignos
3577 3414 3673 3455 vos

2091 3496 2302 3551 illarum
2355 3495 2557 3553 laetitia
2610 3496 2996 3566 praeparastis.
3046 3494 3188 3549 Intra
3242 3501 3421 3549 tamen
3462 3498 3675 3548 natura—

2074 3585 2219 3648 lium
2250 3589 2516 3641 bonorum
2537 3628 2551 3652 ,
2587 3602 2727 3658 quae
2766 3587 2819 3641 in
2853 3586 3006 3643 vobis
3036 3587 3217 3641 creavi
3239 3627 3254 3652 ,
3296 3586 3557 3641 terminos
3596 3600 3678 3640 rc-

2090 3679 2269 3734 sidere
2306 3695 2404 3735 vos
2444 3679 2703 3735 concedo.
2736 3677 3003 3734 Similiter
3031 3678 3332 3749 promittit,
3364 3694 3422 3733 se
3453 3691 3675 3747 respon-

2089 3784 2277 3825 surum
2312 3769 2428 3836 his,
2470 3771 2562 3842 qui
2592 3770 2646 3825 in
2672 3770 2761 3825 die
2788 3770 2981 3841 judicii
3020 3770 3331 3825 clamabunt
3362 3786 3375 3823 :
3419 3768 3673 3831 Domine,

2088 3859 2340 3923 Domine,
2386 3876 2555 3914 nonne
2588 3862 2645 3913 in
2684 3869 2773 3913 tuo
2815 3859 3025 3913 nomine
3065 3861 3279 3914 virtutes
3316 3857 3511 3912 multas
3547 3857 3676 3926 [ccio

2088 3954 2243 4007 mus?
2274 3952 2495 4007 Dicetur
2525 3953 2669 4007 enim
2701 3952 2781 4005 eis
2811 3969 2825 4004 :
2867 3949 3060 4005 Nescio
3093 3968 3200 4016 vos,
3239 3950 3460 4003 recedite
3487 3967 3518 4002 a
3546 3965 3627 4002 me
3654 3966 3673 4013 ,-

2089 4049 2144 4097 et
2176 4040 2301 4094 alibi
2334 4058 2347 4093 :
2389 4038 2509 4093 Non
2546 4040 2751 4101 omnis,
2790 4039 2880 4109 qui
2913 4039 3040 4092 dicit
3079 4040 3238 4103 mihi,
3277 4036 3526 4101 Domine,
3566 4035 3677 4090 Do-

2088 4136 2260 4197 mine,
2290 4134 2508 4187 intrabit
2542 4135 2597 4186 in
2636 4148 2851 4203 regnum
2892 4129 3179 4185 caelorum.
3214 4128 3450 4184 Verbum
3493 4130 3677 4196 itaque

2089 4225 2384 4281 adunatmn
2413 4222 2560 4280 carni
2584 4262 2598 4286 ,
2626 4232 2682 4277 et
2708 4236 2835 4276 caro
2862 4221 3100 4275 adunata
3123 4220 3302 4274 Verbo
3333 4218 3383 4271 in
3416 4217 3674 4271 unitatem

2091 4315 2508 4385 inseparabilem
2572 4313 2734 4369 unius
2798 4311 3151 4381 ejusdemque
3207 4308 3542 4365 substantiae
3606 4323 3675 4363 ex

2090 4408 2298 4462 duabus
2345 4405 2589 4471 naturis,
2635 4403 2817 4459 divina
2866 4400 3119 4456 videlicet
3164 4408 3218 4453 et
3256 4399 3525 4463 humana,
3566 4413 3676 4452 non

2092 4499 2227 4554 alios
2266 4497 2493 4567 recipit,
2533 4494 2637 4550 nisi
2677 4509 2808 4559 eos,
2846 4492 2939 4563 qui
2978 4490 3206 4561 simplici
3244 4486 3516 4559 perfectae
3549 4504 3676 4544 con—

2097 4588 2461 4660 templationis
2484 4586 2640 4643 oculo
2663 4586 2925 4640 unitatem
2951 4582 3285 4638 substantiae
3310 4595 3439 4637 suae
3464 4581 3677 4636 intuen-

2098 4690 2209 4746 tur,
2238 4680 2311 4734 ita
2337 4688 2398 4733 ut
2417 4686 2470 4733 et
2494 4677 2656 4732 homo
2682 4676 2736 4730 in
2760 4673 2938 4729 Verbo
2961 4687 3087 4728 vere
3114 4669 3256 4727 ﬁlius
3278 4669 3411 4736 Dei,
3446 4678 3502 4725 et
3538 4666 3676 4725 Ver-

2093 4771 2221 4826 bum
2253 4769 2308 4824 in
2337 4767 2556 4822 homine
2583 4780 2709 4821 vere
2737 4765 2907 4820 Filius
2947 4762 3180 4819 hominis
3202 4763 3406 4830 absque
3429 4760 3539 4815 ulla
3578 4775 3675 4813 na-

2094 4871 2337 4916 turarum
2369 4859 2411 4890 ¹³
2442 4855 2910 4916 transmutatione,
2941 4866 3081 4907 unus
3110 4852 3357 4920 idemque
3385 4847 3554 4902 Filius
3580 4848 3676 4902 Dei

2090 4959 2147 5007 et
2176 4948 2410 5004 hominis
2436 4946 2696 5001 Dominus
2734 4952 2918 4998 noster
2945 4941 3102 4996 Iesus
3130 4940 3380 4994 Christus
3408 4935 3674 5005 intelliga-

2087 5049 2193 5095 tur.
2220 5039 2465 5095 Celerem
2493 5036 2781 5106 parabolae
2808 5029 3292 5101 expositiunculam
3314 5068 3328 5093 ,
3352 5028 3506 5098 juxta
3533 5026 3676 5095 quod

2087 5131 2246 5186 nobis
2295 5130 2468 5183 visum
2519 5136 2633 5191 est,
2676 5122 3021 5180 verisimilem
3056 5119 3242 5175 habes.
3297 5119 3439 5172 DISC.
3493 5119 3677 5174 Habeo

2091 5238 2223 5278 sane
2253 5221 2316 5276 ³³.
2350 5220 2490 5276 Msa.
2516 5218 2654 5286 Quid
2690 5232 2818 5287 ergo
2860 5221 3059 5275 restat,
3099 5220 3153 5263 et
3192 5209 3351 5260 linem
3387 5208 3536 5275 operi
3576 5207 3677 5260 im-

407 5297 1993 5393 viventes,oleumqueactionisetscientiaeinrationissuae
2092 5316 2239 5386 pedit
2290 5310 2615 5382 imponere?
2668 5308 2815 5362 Dtsc.
2874 5301 3018 5358 Nihil
3056 5300 3213 5355 video
3253 5299 3316 5362 “,
3355 5297 3458 5352 nisi
3497 5306 3556 5352 ut
3594 5306 3677 5352 to-

410 5411 751 5495 receptacula
782 5426 891 5467 non
938 5410 1303 5480 infundentes,
1329 5409 1542 5467 etiamsi
1574 5409 1924 5464 clamavertnt
1947 5408 1997 5473 δέ

2096 5408 2202 5462 tius
2252 5405 2432 5475 operis
2471 5399 2757 5465 materiae,
2805 5397 2909 5452 hoc
2941 5402 3046 5459 est,
3087 5389 3412 5447 universalis
3447 5400 3675 5445 naturae

1697 5522 1950 5579 VARIAE
1987 5519 2389 5578 LECTIONES.

481 5639 497 5668 ¹
533 5637 573 5693 F
602 5640 670 5693 ab
701 5641 937 5695 omnium
959 5635 1203 5695 scientia.
1265 5638 1286 5669 ³
1312 5636 1356 5692 Α
1382 5635 1568 5707 gloria.
1636 5636 1657 5667 ³
1677 5635 1939 5690 Adivinae
1960 5632 2437 5707 contemplationis.
2479 5630 2509 5707 ᾖ
2542 5626 2982 5707 F_cla.n‘tave.runt.
3169 5614 3671 5707 bonis.

410 5706 496 5779 Ἀ
533 5692 1677 5779 respondebitur;7‘7Agcarnalis'opin‘ionis.
1751 5709 1959 5779 {unum
2011 5717 2060 5764 et
2110 5692 2218 5765 out.
2255 5704 2319 5756 A.
2398 5700 2508 5752 ¹⁰Α
2563 5695 2965 5779 signiﬁcatione.
3044 5693 3083 5727 ¹¹
3113 5692 3160 5747 Δ
3211 5699 3672 5761 congruenterque-

484 5778 527 5809 ³⁸
553 5776 1013 5861 Δῖνεαζατανιιῃι.
1045 5777 1136 5859 ηἰ¹³
1164 5778 1208 5833 Α
1243 5777 1437 5857 plane,
1490 5776 1534 5810 "'
1567 5777 1612 5831 A
1647 5784 1701 5831 ut
1735 5776 1910 5837 video.
