4168 6284
504 441 644 500 1019

1855 424 2143 488 .lOANNlS
2181 424 2381 512 scari

3644 423 3785 481 {020

500 552 781 613 divisionis
861 546 1247 619 aliquantulam
1329 545 1754 620 ἀνακεφαλαίωσιν
1812 543 2087 615 subjicias.
2119 545 2171 606 Α
2193 542 2341 597 nium
2370 542 2773 614 dispositionem
2800 534 3099 613 perturbet.
3139 538 3207 596 Et
3232 548 3356 612 post
3391 543 3785 614 quadrifariam

569 647 658 702 59.
689 645 826 699 MAG.
856 638 1290 711 Quadriformem
1318 639 1640 694 universalis
1668 646 1921 703 naturae,
1950 650 2090 708 quae

502 739 555 795 in
586 738 696 793 Deo
727 743 781 790 et
814 740 1065 791 creatura
1095 729 1431 800 intelligitur,
1472 727 1701 785 fecimus
1741 729 2083 785 divisionem.

503 832 669 901 Cujus
696 827 869 899 prima
909 824 1117 895 species
1154 831 1272 887 est,
1311 837 1450 891 quae
1485 829 1736 876 naturam
1771 822 2089 877 crcatricem

502 930 557 977 et
581 934 688 974 non
711 912 1245 984 creatam,seeunda,
1272 925 1409 982 quae
1431 918 1677 965 naturam
1698 919 1751 965 et
1780 920 2016 967 creatam
2041 918 2095 968 et

502 1011 818 1070 creatrieem
837 1046 853 1073 ,
885 1007 1040 1061 tertia
1062 1045 1076 1070 ,
1108 1019 1250 1077 quae
1280 1011 1520 1058 creatam
1546 1011 1601 1057 et
1625 1018 1732 1058 non
1782 1012 2056 1058 creantem
2077 1044 2090 1070 ,

502 1112 730 1175 quarta,
761 1114 901 1171 quae
930 1112 1107 1179 neque
1135 1105 1377 1150 creatam
1406 1110 1584 1165 neque
1608 1093 1931 1149 ereatricem
1961 1108 2092 1147 con-

502 1192 704 1250 siderat
733 1197 894 1259 atque
922 1185 1199 1242 discernit.
1240 1183 1304 1237 Et
1343 1184 1516 1253 prima
1556 1182 1777 1253 quidem
1817 1190 1872 1237 et
1899 1193 2094 1251 quarta

505 1266 679 1341 l'urma
733 1280 799 1334 de
855 1278 970 1332 Deo
1022 1275 1358 1332 solummodo
1396 1274 1765 1346 praedicatur,
1807 1290 1913 1328 non
1954 1274 2096 1344 quod

506 1372 675 1444 ipsius
725 1381 953 1435 natura,
1004 1383 1143 1440 quae
1189 1366 1417 1437 simplex
1457 1374 1512 1420 et
1540 1365 1828 1437 plusquam
1866 1364 2096 1434 simplex

505 1473 617 1529 est,
652 1464 870 1519 dividua
900 1461 1003 1525 sit,
1036 1459 1131 1515 sed
1159 1459 1302 1530 quod
1334 1457 1565 1529 duplicis
1595 1456 1841 1512 theoriae
1873 1455 2094 1511 modum

509 1555 719 1625 recipit.
754 1553 892 1607 Dum
923 1551 1067 1606 enim
1101 1550 1272 1620 ipsam
1305 1563 1424 1602 esse
1457 1561 1638 1601 rerum
1667 1545 1908 1600 omnium
1940 1544 2094 1614 prin-

507 1648 707 1717 cipium
735 1654 790 1700 et
817 1658 1037 1699 causam
1068 1642 1305 1705 intueor,
1334 1639 1577 1695 occurrit
1608 1637 1738 1692 mihi
1770 1652 1897 1692 vera
1934 1636 2093 1700 ratio,

508 1757 647 1814 quae
688 1739 1011 1797 fiducialiter
1047 1736 1324 1808 suggerit,
1369 1734 1607 1788 divinam
1642 1731 1932 1787 essentiam
1961 1770 1975 1795 ,
2014 1726 2100 1784 vel

508 1833 871 1891 substantiam
891 1869 907 1894 ,
941 1827 1239 1884 bonitatem
1261 1867 1274 1893 ,
1304 1825 1560 1878 virtutem
1580 1864 1594 1889 ,
1625 1820 1943 1891 sapientiam
1963 1860 1978 1886 ,
2005 1834 2096 1874 ce-

2193 635 2517 693 universalis
2555 643 2778 691 naturae
2805 635 3068 690 theoriam
3112 633 3167 689 in
3207 636 3503 705 praedictis
3524 644 3789 707 quattuor

2191 726 2496 797 speciebus,
2537 742 2765 797 quarum
2821 725 2954 780 duas
3003 725 3221 796 quidem
3259 725 3313 781 in
3359 725 3541 782 divina
3590 736 3787 783 natura

2189 824 2413 885 propter
2444 817 2707 871 rationem
2748 813 2999 886 principii
3043 823 3100 870 et
3133 812 3277 881 ﬁnis,
3310 816 3444 872 duas
3494 816 3549 872 in
3594 826 3789 875 natura

2193 906 2426 972 condita,
2481 907 2690 961 ratione
2734 905 2985 960 videlicet
3035 904 3321 960 causarum
3370 915 3425 961 et
3474 905 3784 973 eli'ectuuvn,

2194 996 2538 1065 contemplati
2566 1010 2774 1060 sumus,
2805 994 2980 1049 visum
3003 1002 3089 1050 est
3123 994 3301 1062 nobis,
3339 997 3599 1066 quasdam
3627 997 3784 1054 theo-

2195 1083 2304 1138 rias
2333 1084 2397 1139 de
2426 1085 2601 1139 reditu
2628 1083 2915 1139 effectuum
2946 1083 3000 1138 in
3032 1099 3244 1151 causas,
3275 1087 3379 1143 hoe
3406 1094 3512 1153 est,
3541 1088 3593 1142 in
3620 1090 3787 1144 ratio-

2197 1188 2314 1238 nes,
2345 1173 2397 1227 in
2426 1174 2620 1244 quibus
2645 1172 2975 1238 subsistunt,
3003 1174 3349 1251 mibjungere.
3389 1175 3558 1248 Cujus
3586 1178 3783 1233 iterum

2196 1266 2400 1322 reditus
2447 1265 2641 1337 triplex
2680 1265 3003 1321 occurrebat
3049 1266 3259 1323 modus.
3290 1265 3531 1335 Quorum
3580 1269 3788 1338 primus

2198 1357 2414 1427 quidem
2445 1357 2769 1429 generaliter
2794 1357 2847 1412 in
2878 1359 3328 1415 transmutatione
3357 1360 3524 1417 totius
3549 1362 3784 1418 sensibi-

2199 1448 2266 1503 lis
2295 1457 2599 1514 creaturae,
2636 1462 2773 1518 quae
2802 1449 2940 1504 intra
2972 1448 3132 1518 hujus
3152 1451 3339 1506 mundi
3364 1452 3627 1509 ambitum
3653 1469 3783 1510 con-

2199 1539 2421 1605 tinetur,
2457 1540 2559 1595 hoc
2606 1550 2708 1608 εει,
2756 1542 2998 1613 omnium
3038 1555 3362 1613 corporum,
3395 1557 3488 1599 seu
3538 1546 3788 1601 sensibus

2201 1636 2472 1706 corporeis
2517 1634 3004 1702 succumbentium,
3052 1653 3149 1692 seu
3178 1647 3276 1695 eos
3314 1652 3444 1708 prae
3493 1640 3659 1695 nimia
3698 1641 3785 1696 sui

2200 1724 2495 1783 subtilitate
2541 1727 2884 1798 fugientium,
2913 1728 3290 1784 consideratur
3309 1730 3355 1795 ',
3382 1731 3455 1784 ita
3486 1738 3546 1785 ut
3574 1731 3779 1786 nullum

2200 1831 2397 1888 corpus
2421 1819 2491 1873 sit
2520 1819 2661 1873 intra
2692 1827 2897 1874 textum
2923 1834 3220 1892 corporeae
3248 1829 3475 1877 naturae
3500 1863 3515 1887 ,
3558 1823 3669 1878 sive
3692 1823 3778 1878 vi-

513 1934 769 1995 teraque,
800 1934 941 1993 quae
967 1920 1034 1976 de
1061 1919 1171 1974 Deo
1199 1917 1603 1989 praedicantur,
1635 1929 1666 1969 a
1707 1912 1852 1968 nullo
1882 1911 2094 1978 creari,
2125 1918 2173 1977 Β
2203 1907 2293 1963 tali
2329 1915 2474 1962 motu
2505 1906 2860 1970 solummodo,
2887 1920 2979 1963 seu
3017 1908 3249 1977 occulte,
3280 1923 3373 1965 seu
3402 1918 3589 1981 aperte
3618 1925 3782 1982 vege-

511 2015 638 2086 quia
690 2011 932 2068 divinam
983 2016 1235 2063 naturam
1287 2005 1422 2059 nihil
1474 2003 1724 2075 superius
1778 2000 2097 2072 praecedit;

511 2104 694 2161 omnia
723 2110 904 2157 autem
929 2140 944 2167 ,
974 2113 1114 2171 quae
1140 2105 1266 2152 sunt
1293 2103 1347 2150 et
1378 2108 1518 2163 quae
1552 2108 1660 2147 non
1700 2099 1854 2155 sunt,
1893 2090 1962 2145 ab
1999 2105 2061 2144 ea
2081 2129 2097 2155 ,

513 2203 568 2253 et
591 2209 688 2266 per
719 2207 841 2248 eam
862 2231 877 2257 ,
904 2199 960 2245 et
991 2188 1045 2243 in
1077 2203 1173 2251 ea,
1207 2196 1261 2240 et
1296 2185 1365 2239 ad
1395 2198 1516 2240 eam
1557 2180 1758 2240 creari.
1802 2179 1940 2234 Dum
1973 2194 2103 2235 vero

513 2285 741 2342 eandem
789 2297 909 2340 esse
953 2279 1116 2336 linem
1163 2276 1408 2333 omnium
1455 2270 2103 2344 intransgressibilemque

515 2374 841 2436 terminum,
874 2385 1035 2442 quem
1076 2367 1259 2424 omnia
1308 2371 1602 2435 appetunt,
1630 2369 1684 2416 et
1719 2360 1772 2415 in
1815 2375 1923 2431 quo
1963 2360 2105 2415 limi-

516 2474 624 2523 tem
673 2470 850 2518 motus
902 2461 984 2517 sui
1039 2455 1301 2512 naturalis
1356 2451 1728 2515 constituunt,
1788 2450 2100 2520 conspicor,

514 2552 763 2615 invenio,
791 2564 909 2606 eam
936 2560 1110 2615 neque
1135 2549 1376 2598 creatam
1405 2555 1559 2607 esse,
1592 2553 1768 2609 neque
1799 2547 2100 2594 ereantem.

513 2626 561 2701 It
589 2641 736 2698 nullo
762 2637 1028 2711 siquidem
1054 2631 1230 2690 creari
1255 2638 1433 2703 potest
1463 2637 1681 2695 natura,
1711 2642 1848 2697 quae
1870 2641 1901 2681 a
1929 2626 2104 2697 seipsa

516 2740 621 2791 est.
654 2730 838 2802 Neque
873 2725 1076 2797 aliquid
1103 2730 1271 2780 creat.
1301 2722 1436 2777 Cum
1466 2721 1613 2775 enim
1639 2718 1843 2781 omnia,
1871 2734 2011 2789 quae
2037 2718 2105 2773 ab

515 2826 632 2899 ipsa
665 2838 763 2894 per
791 2819 1199 2893 generationem
1233 2812 1623 2885 intclligibilem
1655 2825 1748 2867 seu
1788 2811 2103 2866 sensibilem

512 2898 900 2987 processerunt
923 2909 960 2974 ¹,
980 2904 1218 2962 mirabili
1265 2905 1499 2974 quadam
1522 2908 1577 2955 et
1598 2898 1854 2957 ineﬂ‘abili
1881 2915 2106 2971 regene-

518 3006 727 3062 ratione
754 3016 1038 3058 reversura
1060 2999 1170 3055 sint
1198 2996 1265 3081 ad
1288 3011 1407 3052 eam
1429 3036 1443 3061 ,
1472 3003 1527 3051 et
1552 2995 1607 3049 in
1637 3008 1702 3049 ea
1731 2994 1913 3049 omnia
1945 3001 2106 3048 erunt

517 3101 731 3172 quieta,
764 3096 1020 3168 quoniam
1054 3093 1278 3148 ulterius
1307 3091 1441 3147 nihil
1471 3092 1539 3146 ab
1569 3104 1633 3145 ea
1663 3104 1761 3161 per
1795 3090 2106 3161 generatio-

520 3206 643 3246 nem
698 3187 985 3260 prolluet',
1029 3183 1165 3240 nihil
1202 3184 1399 3239 dicitur
1453 3196 1658 3237 creare.
1701 3181 1838 3248 Quid
1910 3179 2104 3234 enim8

2202 2007 2396 2063 tatum,
2434 2012 2526 2054 seu
2579 1998 2935 2054 irrationabili
2987 2000 3167 2056 anima
3213 2017 3583 2074 eorporeoque
3625 2019 3785 2061 sensu

2201 2090 2426 2163 pollens,
2459 2091 2600 2162 quod
2630 2107 2735 2147 non
2776 2092 2829 2148 in
2851 2108 2978 2149 suas
3000 2094 3235 2151 occultas
3276 2112 3470 2154 causas
3494 2100 3518 2132 ⁸
3546 2107 3785 2155 reverta-

2204 2190 2291 2236 tur
2313 2198 2407 2254 per
2442 2183 2584 2237 vitae
2628 2197 2758 2239 suae
2802 2184 3143 2240 medietatem
3169 2186 3222 2252 ’;
3255 2188 3322 2242 ad
3367 2187 3600 2245 nihilum
3629 2190 3776 2244 enim

2202 2270 2337 2327 nihil
2370 2273 2414 2305 ¹⁶
2447 2273 2718 2345 redigetur
2746 2274 2799 2330 in
2826 2275 2933 2340 his,
2956 2290 3091 2346 quae
3113 2272 3536 2334 substantialiter
3563 2295 3593 2333 a
3618 2295 3784 2334 causa

2203 2365 2445 2420 omnium
2473 2368 2761 2422 substitute
2798 2376 2942 2423 sunt.
2975 2367 3252 2425 Secundus
3277 2384 3407 2426 vero
3429 2372 3624 2427 modus
3658 2386 3789 2428 suae

2203 2456 2589 2528 speeuiationis
2619 2459 2825 2516 obtinet
2853 2461 3033 2517 sedem
3062 2461 3115 2515 in
3145 2461 3316 2517 reditu
3352 2460 3593 2534 generali
3626 2465 3789 2520 totius

2205 2546 2474 2603 humanae
2500 2558 2729 2604 naturae
2775 2550 2827 2605 in
2877 2551 3094 2607 Christo
3135 2550 3373 2608 salvatae
3421 2552 3473 2606 in
3503 2554 3786 2622 pristinum

2207 2651 2337 2693 suae
2362 2638 2686 2695 conditionis
2714 2649 2934 2706 statum,
2968 2656 3031 2695 ac
3062 2640 3226 2696 veluti
3254 2642 3308 2696 in
3332 2643 3598 2711 quendam
3625 2654 3785 2712 para-

2207 2728 2382 2784 disum
2417 2729 2471 2783 in
2500 2730 2713 2785 divinae
2740 2732 2989 2803 imaginis
3015 2733 3353 2804 dignitatem,
3385 2733 3578 2789 merito
3604 2735 3781 2800 unius,

2207 2816 2360 2887 cujus
2383 2819 2603 2890 sanguis
2633 2821 2992 2878 communiter
3019 2837 3118 2892 pro
3144 2823 3319 2879 salute
3346 2823 3511 2879 tetius
3536 2824 3784 2880 humani-

2208 2909 2336 2964 tatis
2377 2907 2532 2964 fusus
2577 2918 2697 2975 est,
2750 2910 2823 2965 ita
2856 2919 2913 2967 ut
2948 2926 3108 2968 nemo
3150 2914 3430 2970 hominum
3457 2915 3789 2972 naturalibus

2204 2999 2380 3063 bonis,
2414 3001 2468 3055 in
2517 3003 2713 3072 quibus
2758 3004 3005 3059 conditus
3048 3011 3157 3070 est,
3187 3007 3463 3075 privetur,
3515 3007 3628 3063 sive
3656 3009 3789 3065 bene

2207 3091 2320 3144 sive
2346 3090 2484 3146 male
2511 3092 2564 3146 in
2596 3093 2700 3147 hac
2729 3094 2836 3147 vita
2867 3092 3084 3149 vixerit.
3115 3094 3193 3150 Ac
3219 3095 3298 3151 sic
3336 3096 3552 3152 divinae
3579 3099 3791 3153 bonita-

2210 3182 2277 3237 tis
2305 3191 2362 3237 et
2380 3182 2646 3254 largitatis
2674 3180 2961 3240 ineﬂ'abilis
2997 3194 3052 3241 et
3090 3187 3651 3256 incomprehensibilis
3688 3189 3789 3244 dii-

520 3282 763 3347 creabit,
804 3280 933 3335 dum
973 3277 1088 3347 ipsa
1126 3275 1307 3330 omnia
1345 3274 1396 3328 in
1435 3273 1689 3329 omnibus
1724 3271 1915 3336 fuerit,
1959 3280 2013 3326 et
2051 3272 2103 3325 in
2129 3266 2180 3332 C
2208 3269 2349 3328 fusio
2374 3273 2428 3327 in
2457 3289 2672 3329 omnem
2719 3275 3010 3330 humanam
3041 3286 3290 3332 naturam
3334 3281 3636 3351 apparebit,
3663 3282 3786 3336 dum

521 3374 668 3431 nullo
707 3372 810 3427 nisi
843 3371 957 3440 ipsa
984 3364 1312 3439 apparebit?
1342 3364 1417 3418 De
1447 3363 1656 3418 duabus
1695 3372 1872 3417 autem
1913 3363 2105 3417 mediis

521 3465 715 3521 formis
746 3464 800 3515 in
833 3457 1210 3528 superioribus
1237 3454 1370 3509 satis
1396 3461 1682 3508 estactum
1704 3492 1719 3517 ,
1750 3461 2106 3523 prompteque

520 3570 617 3612 eas
653 3550 1042 3624 quaerentibus
1085 3546 1233 3603 claro
1272 3545 1475 3602 lumine
1510 3542 1879 3600 circumfusae
1916 3560 2106 3600 occur-

520 3656 664 3705 runt.
697 3646 813 3702 Una
838 3643 982 3701 enim
1014 3641 1069 3696 in
1095 3638 1272 3696 causis
1299 3638 1625 3709 perspicitur
1647 3637 2104 3708 primordialibus,

521 3741 690 3797 altera
728 3738 781 3793 in
820 3748 1106 3791 causarum
1144 3729 1446 3787 effectibus.
1486 3729 1553 3785 Et
1585 3745 1646 3784 ea
1681 3731 1898 3800 quidem
1920 3770 1935 3796 ,
1968 3745 2106 3800 quae

522 3834 576 3888 in
605 3830 785 3888 causis
814 3825 1187 3888 constituitur,
1215 3823 1268 3878 in
1297 3822 1575 3894 unigenito
1600 3822 1696 3877 Dei
1722 3821 1893 3888 Filio,
1924 3821 1977 3875 in
2001 3836 2106 3890 quo

520 3933 575 3979 et
601 3935 700 3993 per
726 3933 885 3992 quem
911 3915 1094 3971 omnia
1134 3912 1276 3970 facta
1312 3921 1473 3977 sunt,
1516 3920 1753 3978 creatur,
1794 3919 1849 3967 et
1885 3914 2065 3969 omnia
2088 3953 2103 3980 ,

521 4030 659 4087 quae
687 4013 755 4069 ab
784 4025 848 4066 ea
874 4005 1180 4080 proﬂuunt,
1207 4005 1310 4060 hoc
1336 4010 1421 4058 est
1441 4043 1455 4070 ,
1483 4017 1675 4059 omnes
1701 3999 1927 4059 effectus
1956 4016 2104 4072 suos,

520 4106 636 4162 sive
672 4097 1041 4172 intelligibiles
1077 4096 1191 4151 sive
1230 4092 1517 4151 sensibiles
1547 4133 1562 4158 ,
1601 4101 1772 4149 creat.
1816 4093 1893 4148 Ea
1929 4109 2060 4151 vero
2087 4135 2102 4160 ,

525 4211 667 4271 quae
706 4195 757 4250 in
798 4184 1084 4248 effectibus
1124 4200 1413 4243 causarum
1449 4185 1745 4251 substituta
1807 4196 1891 4240 est
1929 4185 1973 4252 ⁸,
2012 4201 2103 4242 so-

519 4287 796 4345 lummodo
828 4300 858 4337 a
886 4282 1069 4338 causis
1097 4280 1212 4336 suis
1237 4286 1477 4343 creatur,
1517 4276 1653 4332 nihil
1694 4286 1876 4331 autem
1915 4286 2100 4345 creat,

521 4382 648 4452 quia
678 4377 812 4434 nihil
837 4376 890 4431 in
924 4384 1120 4447 natura
1144 4386 1326 4426 rerum
1346 4367 1570 4426 inferius
1589 4376 1673 4423 est
1694 4368 1809 4438 ipsa
1834 4385 1848 4435 ;
1877 4369 2107 4440 ideoque

519 4471 758 4529 maxime
789 4467 843 4521 in
874 4467 1037 4520 rebus
1062 4459 1411 4517 sensibilibus
1446 4457 1695 4514 ordinata
1722 4468 1824 4514 est.
1867 4457 1976 4513 Nec
2010 4459 2107 4515 oh-

519 4569 660 4625 stat,
686 4553 830 4627 quod
859 4550 1036 4621 angeli
1065 4549 1150 4602 vel
1176 4548 1425 4603 homines
1443 4587 1456 4611 ,
1492 4546 1606 4602 sive
1632 4547 1759 4603 boni
1810 4547 1918 4602 sint
1947 4547 1969 4579 '
1993 4547 2107 4603 sive

2211 3361 2266 3415 in
2294 3361 2440 3418 nullo
2471 3366 2713 3434 punitur,
2742 3367 2884 3436 quod
2932 3381 2962 3419 a
2999 3382 3210 3422 summo
3239 3368 3384 3424 bono
3426 3379 3624 3426 manat.
3658 3352 3789 3427 Ter-

2210 3451 2318 3505 tius
2349 3451 2415 3506 de
2457 3452 2633 3507 reditu
2671 3454 2914 3510 theoriae
2956 3457 3145 3512 modus
3185 3467 3437 3513 versatur
3463 3459 3517 3514 in
3548 3460 3650 3526 his,
3697 3462 3790 3530 qui

2210 3557 2317 3598 non
2347 3543 2518 3598 solum
2549 3544 2600 3598 in
2626 3545 3010 3601 sublimitatem
3032 3556 3262 3605 naturae
3287 3549 3340 3604 in
3366 3550 3446 3606 eis
3467 3552 3793 3607 substitutae

2211 3635 2510 3699 ascensuri,
2558 3650 2747 3689 verum
2794 3638 2955 3692 etiam
3003 3652 3100 3708 per
3148 3640 3522 3694 abundantiam
3572 3640 3790 3698 divinae

2210 3724 2435 3796 gratiae,
2463 3738 2602 3794 quae
2626 3740 2723 3796 per
2751 3726 3024 3782 Christum
3053 3737 3110 3784 et
3140 3729 3195 3784 in
3220 3728 3432 3803 Christp
3458 3728 3643 3784 electis
3671 3731 3787 3786 suis

2212 3818 2483 3885 tradetur,
2519 3833 2682 3890 supra
2730 3835 2916 3877 omnes
2963 3828 3189 3877 naturae
3234 3821 3379 3893 leges
3419 3836 3485 3877 ac
3531 3822 3790 3879 terminos

2210 3912 2738 3981 superessentialiter
2784 3914 2838 3968 in
2888 3914 3063 3984 ipsum
3107 3913 3278 3969 Deum
3320 3915 3594 3972 transituri
3621 3925 3745 3971 sunt
3770 3955 3787 3983 ,

2210 4016 2485 4073 unumque
2513 4003 2568 4059 in
2597 4005 2712 4074 ipso
2744 4013 2800 4059 et
2826 4019 2949 4059 cum
2973 4006 3090 4075 ipso
3108 4001 3300 4060 futuri.
3328 4004 3569 4073 Quorum
3600 4021 3787 4062 recur-

2213 4092 2295 4148 sio
2320 4092 2484 4148 veluti
2514 4108 2610 4165 per
2633 4095 2676 4126 “
2698 4095 2959 4164 quosdam
2983 4096 3183 4166 gradus
3210 4104 3422 4166 septem
3442 4096 3786 4153 discernitur.

2210 4182 2291 4239 Ac
2318 4185 2525 4255 primus
2568 4185 2673 4239 erit
2702 4185 2930 4240 mutatio
2957 4187 3159 4242 terreni
3192 4188 3438 4258 corporis
3484 4189 3540 4243 in
3587 4197 3787 4243 motum

2210 4275 2461 4342 vitalem;
2493 4276 2762 4331 secundus
2792 4276 2969 4332 vitalis
3011 4283 3189 4332 motus
3216 4277 3270 4332 in
3307 4292 3561 4346 sensum;
3598 4279 3790 4335 tertius

2211 4379 2403 4422 sensus
2432 4366 2485 4420 in
2514 4367 2811 4434 rationem;
2844 4367 3041 4423 dehinc
3075 4367 3301 4427 rationis
3329 4369 3385 4424 in
3422 4371 3660 4427 animum
3685 4410 3701 4436 ,
3734 4370 3789 4427 in
3881 4380 3885 4385 ·

2211 4438 2460 4526 (ιυοῖἰηὶε
2481 4458 2644 4513 totius
2669 4458 2949 4514 rationalis
2967 4468 3250 4515 creaturae
3270 4462 3639 4518 constituitur.
3661 4461 3792 4518 Post

2210 4548 2351 4603 hanc
2375 4549 2681 4619 quinariam
2704 4551 2752 4583 “
2781 4551 2947 4607 veluti
2975 4551 3018 4584 ¹³
3041 4553 3276 4623 partium
3303 4563 3522 4611 nostrae
3563 4563 3790 4610 naturae

521 4648 682 4711 mali,
710 4639 928 4712 aliquod
954 4652 1150 4693 novum
1177 4637 1536 4706 humanisque
1563 4636 1749 4693 usibus
1775 4637 2106 4710 incognitum
2131 4636 2187 4698 D
2210 4639 2591 4696 adunationem
2615 4680 2631 4706 ,
2675 4643 2919 4711 corporis
2958 4642 3238 4709 videlicet,
3282 4654 3341 4700 et
3382 4644 3557 4699 vitalis
3584 4652 3783 4710 illotus,

520 4744 576 4800 in
614 4742 719 4796 hoc
762 4733 965 4792 mundo
1011 4742 1173 4798 saepe
1220 4736 1484 4798 putantur
1533 4742 1755 4793 creare,
1805 4731 1930 4784 dum
1974 4729 2110 4785 nihil

521 4835 744 4893 creant,
802 4823 895 4881 sed
952 4820 1021 4876 de
1076 4824 1326 4874 creatura
1385 4814 1687 4879 materiali,
1737 4830 1767 4869 a
1817 4816 1927 4873 Deo
1963 4815 2107 4874 facta

523 4925 581 4980 in
617 4916 898 4976 eﬂ‘ectibus
952 4927 1049 4982 per
1087 4922 1281 4965 causas
1307 4907 1350 4974 °,
1389 4904 1592 4975 aliquid
1631 4904 1873 4963 efficiunt
1911 4908 2107 4965 divinis

520 5013 732 5085 legibus
782 5005 1100 5064 obedientes
1155 5008 1212 5057 et
1263 4996 1635 5071 jussionibus,
1682 4999 1728 5057 si
1766 4999 1894 5056 boni
1937 5008 2104 5067 sunt;

522 5104 805 5166 fallacibus
852 5113 982 5155 vero
1044 5093 1344 5154 diabolicae
1403 5093 1640 5150 astutiae
1701 5093 2107 5149 machinamen-

524 5203 593 5259 tis
653 5192 908 5253 commoti
961 5198 1124 5261 atque
1178 5187 1430 5258 decepti,
1481 5186 1529 5241 si
1586 5184 1717 5241 mali
1772 5196 1914 5240 sunt.
1978 5184 2106 5240 Om-

520 5292 612 5348 nia
652 5297 832 5342 tamen
862 5283 1047 5340 divina
1077 5279 1418 5353 providentia
1443 5278 1785 5342 ordinantur,
1814 5286 1874 5332 ut
1902 5276 2103 5332 nullum

523 5379 725 5438 malum
773 5376 826 5431 in
856 5382 1047 5430 natura
1098 5387 1278 5428 rerum
1316 5368 1742 5426 substantialiter
1775 5369 2099 5436 inveniatur,

523 5487 625 5528 nec
638 5466 839 5540 aliquid
875 5465 1019 5521 ouod
1042 5463 1427 5535 rempublicam
1441 5461 1765 5519 civilemque
1785 5478 1967 5518 rerum
1986 5477 2102 5518 om-

2209 4746 2526 4801 sensusque,
2542 4731 2891 4802 rationisque,
2909 4734 3333 4804 intellectusque,
3349 4736 3421 4790 ita
3435 4744 3606 4789 utnon
3618 4733 3784 4804 quin-

2208 4839 2334 4893 que,
2366 4824 2461 4879 sed
2495 4840 2662 4879 unum
2691 4826 2819 4892 sint,
2854 4827 3203 4885 inferioribus
3229 4840 3438 4898 semper
3464 4842 3495 4881 ι
3534 4824 3784 4896 superio-

2210 4915 2359 4968 ribus
2388 4916 2805 4983 consummatis,
2854 4932 2961 4973 non
2986 4928 3049 4974 ut
3090 4935 3195 4975 non
3226 4919 3352 4984 sint,
3374 4918 3471 4973 sed
3514 4924 3576 4971 ut
3615 4929 3787 4972 unum

2207 5007 2336 5074 sint,
2363 5017 2658 5078 sequentur
2687 5008 2776 5065 alii
2807 5016 2918 5065 tres
2947 5009 3281 5066 ascensionis
3304 5008 3526 5081 gradus,
3555 5020 3785 5079 quorum

2209 5117 2351 5159 unus
2378 5104 2640 5161 transitus
2684 5103 2850 5159 animi
2890 5105 2946 5159 in
2990 5104 3276 5160 scientiam
3322 5102 3599 5167 omnium,
3649 5113 3789 5171 quae

2213 5201 2335 5264 post
2362 5193 2531 5248 Deum
2575 5204 2721 5260 sunt,
2759 5197 3027 5251 secundus
3059 5195 3316 5251 scientiae
3363 5195 3417 5249 in
3446 5195 3786 5266 sapientiam,

2212 5283 2317 5339 hoc
2340 5292 2442 5352 est,
2474 5286 2977 5356 contemplationem
3027 5287 3272 5343 intimam
3309 5287 3578 5353 veritatis,
3620 5300 3792 5356 quan-

2213 5383 2324 5429 tum
2354 5384 2634 5432 creaturae
2679 5376 3011 5442 conceditur,
3064 5379 3274 5443 tertius,
3304 5379 3396 5449 qui
3435 5386 3493 5433 et
3526 5390 3788 5442 summus,

2212 5466 2712 5535 purgatissimorum
2742 5468 3046 5525 animorum
3089 5470 3142 5524 in
3174 5470 3351 5540 ipsum
3396 5469 3565 5526 Deum
3602 5483 3793 5538 super-

1782 5578 2040 5635 VARIAE
2074 5578 2477 5639 LECTIONES.

600 5697 617 5725 ι
649 5695 695 5746 Α
730 5699 1106 5761 processerint.
1170 5693 1191 5723 ³
1226 5691 1274 5746 Δ
1301 5692 1536 5761 proﬂuit.
1612 5692 1633 5725 ³
1662 5694 1798 5746 enim
1827 5686 1934 5748 0m.
1964 5693 2032 5749 A.
2107 5692 2130 5725 ⁸
2157 5702 2233 5749 est
2258 5707 2368 5747 om.
2398 5691 2463 5746 Α.
2544 5690 2564 5722 ³
2593 5690 2698 5745 sint
2734 5705 2843 5746 om.
2872 5689 2937 5746 Α.
3015 5691 3037 5723 ⁸
3064 5692 3121 5745 in
3157 5689 3552 5761 e/I‘ectibusper
3601 5704 3792 5761 causa:

526 5778 637 5817 om.
668 5759 737 5813 A.
809 5760 831 5792 ⁷
856 5762 899 5813 Α
928 5759 1344 5813 considerantur.
1401 5759 1443 5792 ⁷⁸
1477 5763 1521 5814 Α
1549 5779 1736 5815 causas
1767 5763 2014 5819 occultas.
2094 5767 2114 5798 ⁸
2146 5781 2234 5832 per
2260 5764 2392 5815 vitae
2437 5778 2563 5814 suae
2622 5762 2949 5816 medietatem
2990 5775 3101 5817 om.
3146 5759 3213 5816 A.

3295 5759 3337 5792 “
3375 5758 3509 5813 nihil
3553 5772 3664 5813 om.
3718 5760 3788 5813 A.

604 5840 643 5871 ¹¹
674 5838 719 5890 Α
758 5849 888 5891 nou.
966 5838 1010 5868 "
1035 5837 1188 5903 Conj.
1220 5839 1265 5891 Α
1300 5840 1544 5905 (minque,
1580 5841 1618 5895 F
1648 5831 1832 5906 quin-it.
1914 5842 1957 5874 ¹³
1984 5842 2023 5896 Α
2066 5831 2225 5895 veluti
2254 5843 2498 5897 auiuaue.
