2084 3142
188 237 254 266 1021
636 234 679 262 DE
699 233 870 262 DlViSlONE
889 232 1065 261 NATURAE.
1087 247 1122 253 —
1141 231 1243 260 LIBER
1261 231 1420 266 QUINTUS»
1761 234 1829 262 i022

185 293 348 322 naturaliter
360 295 489 325 Occasus,
505 298 537 319 ac
549 289 632 318 veluti
652 286 933 325 iheo'mpreiiensibiiis
953 293 981 318 et
994 290 1019 322 Λ
1032 292 1118 325 putet,
1133 288 1324 324 unanimisque
1348 288 1374 315 in
1393 288 1508 316 caritate
1521 289 1632 324 spiritus
1654 289 1757 325 gratias
1770 292 1829 318 uni-

186 339 384 369 inaccessib’dis
407 339 475 367 lucis
490 338 616 366 tenebrae
631 341 651 370 ι,
667 337 694 364 in
706 337 803 372 quibus
817 345 915 365 causae
925 345 982 364 om-

185 387 261 414 nium
278 385 482 414 absconduntur
498 393 504 411 :
522 388 549 411 et
572 388 638 411 tunc
652 391 705 410 nox
720 383 790 411 sicut
806 383 864 410 dies
884 383 983 410 illumi-

186 433 306 464 nabitur,
331 432 382 459 hoc
408 435 459 462 cst,
493 430 675 458 secretissima
705 430 795 457 divina
818 435 828 450 I
853 429 983 465 mysteria

185 479 272 505 beatis
286 482 313 504 et
330 477 489 515 illuminatis
514 476 695 503 intelleclibus
719 475 845 503 ineffabili
867 475 982 510 quodam

186 525 265 551 modo
282 522 450 558 aperientur.
465 521 543 558 Tunc
559 521 715 556 perﬁcietur
728 521 860 548 octonarii
878 520 983 548 numeri

186 569 269 596 veluti
517 563 588 612 om
594 566 820 615 :pe_rfectissinia
846 565 982 597 soliditas,

186 576 269 596 "Cillli
445 576 500 602 111$
517 576 820 612 Cl‘UL"W[lCCHbSIIIHI
846 576 982 597 δυιιωιὶιδ,

186 615 213 641 in
228 576 490 676 (Wwb'séxl‘lus
506 602 775 676 ιίιυιῡὶιδὶςᾚείῆἻδ,
792 609 914 637 Psalmus
930 609 985 636 Da-

188 662 229 676 ...‘J
256 669 305 676 ...ι
354 664 443 676 (tr-IIII!!!
483 657 657 676 Rnuurrnnlin
672 652 735 676 Mn
757 664 788 676 im
804 656 911 676 “turni-si
931 663 983 676 nan

188 652 331 695 unﬁt.)
353 664 454 686 octava.
483 652 663 686 Rcsurrectid’
672 652 788 706 oririque
804 656 911 683 Domini
931 663 985 699 neu

187 701 267 740 alia‘b
281 707 435 744 ohucausam
450 708 544 730 octava
563 702 607 729 die
622 702 691 744 facta
703 695 768 738 res),
785 701 836 728 nisi
854 704 883 728 ut
906 695 984 728 beata

189 752 230 777 illa
257 740 408 784 \‘ita,‘t|uae
427 754 496 782 post
526 740 708 784 septemﬂui];
726 744 814 780 hujus
841 747 913 774 vitae
937 754 986 782 per

188 801 289 830 septum
317 794 374 821 dies
398 786 594 831 i'eroluttionem
620 797 662 819 est
689 791 778 819 futura
806 796 867 827 post
892 791 985 818 mundi

188 842 466 872 (‘Uilxlittitlllillmlcm,
491 832 611 875 imysticc
636 839 852 873 signiﬁcaretur,
877 838 985 873 quando

187 888 304 914 humana
319 892 428 919 natura,
442 890 470 913 ut
481 885 677 921 praediximus,
692 885 718 911 in
730 893 807 912 suum
820 885 983 920 principium

187 940 235 967 per
258 931 426 958 octonarium
450 931 637 958 ascensionem
665 930 784 956 reditura
808 930 858 961 sit;
888 930 985 964 quina-

1034 334 1131 361 versali
1161 334 1283 361 omnium
1309 334 1441 361 bonorum
1473 341 1580 367 causae,
1603 335 1661 363 sine
1685 343 1736 371 qua
1761 337 1830 365 nihil

1033 387 1176 414 possumus
1191 379 1290 412 facere,
1307 379 1448 407 nobiscum
1465 379 1573 412 referat,
1588 381 1661 409 nulla
1684 383 1831 417 reprehen-

1034 424 1118 452 sionis
1131 424 1242 452 libi’dine
1265 429 1408 458 attractus,
1424 425 1504 453 nullis
1519 425 1623 454 facibus
1641 427 1757 456 invidiae
1769 436 1832 456 sue-

1034 471 1172 504 census“,
1195 479 1264 506 quae
1286 471 1341 498 sola
1355 479 1420 506 prae
1442 473 1540 500 ceteris
1560 473 1634 500 \‘iliis
1662 475 1786 502 caritatis
1802 479 1831 504 et

1034 514 1212 545 fraternitatis
1227 517 1364 545 vinculum
1379 516 1505 552 rumpere
1519 516 1634 546 la‘bora’t.
1652 518 1680 546 In
1696 527 1762 554 pace
1782 528 1830 547 au-

1035 566 1090 590 tem
1105 561 1237 595 omnium,
1252 570 1324 597 quae
1336 563 1407 590 inter
1419 570 1468 590 nos
1479 561 1601 591 confecta
1615 569 1687 597 sunt,
1702 565 1831 593 benevole

1035 609 1233 644 recipientium,
1257 615 1379 643 puraque
1401 608 1499 636 mentis
1515 609 1573 636 acie
1596 609 1768 643 intuentium,
1783 619 1829 638 scu

1035 654 1167 682 malevole
1192 654 1385 689 respuentium,
1412 658 1440 681 et
1465 653 1622 688 priusquam
1647 661 1828 689 cognoscant,

1035 696 1101 735 quid
1111 702 1138 727 et
1153 700 1243 734 qualia
1258 700 1323 732 sint,
1336 699 1590 735 praejudicantium,
1603 700 1654 728 hoc
1665 707 1732 735 opus
1745 701 1831 736 primo

1035 746 1156 774 omnium
1169 746 1234 778 Deo,
1248 747 1294 780 qui
1310 746 1378 773 dixit
1391 753 1398 772 :
1414 745 1497 773 Petite
1508 751 1531 773 et
1543 746 1650 773 dabitur
1658 746 1740 779 vobis,
1754 755 1832 781 quae-

1037 794 1084 821 rite
1099 798 1122 821 et
1137 794 1284 826 invenietis,
1299 793 1401 829 pulsate
1423 798 1446 821 et
1470 794 1603 829 aperietur
1618 794 1697 827 vobis,
1718 794 1832 823 subinde

1036 839 1210 867 dilectissimo
1226 839 1284 871 tabi,
1296 838 1380 866 frater
1393 838 1420 866 in
1431 838 1540 867 Christo
1554 835 1680 867 Wull‘ade
1692 840 1712 856 η
1724 846 1748 872 ιι,
1764 844 1790 868 et
1805 841 1831 868 in

1036 886 1133 913 studiis
1148 885 1297 920 sapientiae
1307 886 1489 920 cooperatori,
1505 890 1532 914 et
1542 887 1751 914 examinandum
1766 887 1832 915 oti'e-

1037 938 1078 964 ro,
1093 935 1120 959 et
1134 931 1324 967 corrigendum
1344 932 1495 960 committo.
1507 932 1574 960 Nam
1592 937 1619 961 et
1634 933 1686 960 tuis
1701 934 1829 961 exhorta-

188 977 256 1005 riam
283 976 403 1011 quidem,
427 976 498 1003 intra
524 977 637 1002 naturae
664 975 810 1008 terminos;
839 975 1158 1009 ternariathionibus
1184 981 1226 1005 est
1253 978 1428 1010 inchoatum,
1457 981 1556 1013 tuaque
1578 978 1697 1010 solertia,
1724 986 1832 1014 quoquo

187 1029 261 1054 vero,
279 1021 524 1057 supernaturaiitcr
537 1025 564 1047 et
577 1020 842 1055 superessentialiter
856 1021 925 1047 intra
942 1020 983 1055 ip-

187 1076 246 1095 sum
274 1067 375 1100 Deum;
400 1066 508 1102 quando
531 1066 671 1101 quinarius
693 1070 835 1093 creaturae
856 1073 984 1093 numerus

188 1113 307 1141 ternario
322 1112 463 1141 Creatoris
478 1112 653 1145 adunabitur,
668 1112 705 1139 ita
721 1116 750 1140 ut
763 1112 792 1139 in
812 1112 886 1140 nullo
901 1119 984 1147 appa-

189 1162 247 1185 reat
259 1158 310 1185 nisi
324 1158 397 1185 solus
408 1158 489 1190 Deus,
503 1157 730 1193 quemadmodum
752 1157 779 1185 in
795 1158 857 1185 aere
869 1158 983 1193 purissi-

189 1211 234 1231 mo
249 1204 286 1230 nil
307 1203 378 1231 aliud
391 1203 514 1231 arridet“
526 1204 577 1231 nisi
592 1204 651 1230 sola
669 1203 725 1231 lux.

225 1252 270 1279 40.
289 1251 363 1279 Haec
381 1256 423 1279 est
439 1251 532 1286 itaque
556 1251 636 1286 hujus
655 1250 756 1286 operis,
772 1250 844 1286 quod
866 1250 986 1285 quinque

188 1298 267 1327 libris
282 1298 442 1331 includitur,
456 1299 618 1327 universalis
631 1299 757 1326 materia.
771 1296 809 1325 De
822 1306 875 1334 qua
888 1299 910 1325 si
923 1298 983 1334 quis

190 1352 240 1371 nos
259 1344 395 1372 invenerit
410 1345 521 1372 adhuc"
536 1345 703 1380 incognitum
721 1350 767 1371 aut
787 1345 797 1360 "
820 1344 985 1380 superﬂuum

190 1390 290 1425 aliquid
305 1391 461 1425 scripsisse,
478 1394 586 1418 nostrae
601 1390 827 1425 intemperantiae
852 1390 986 1418 incuriae-

190 1444 242 1471 que
256 1436 379 1472 imputet,
395 1437 492 1472 pioque
506 1437 588 1464 corde
603 1437 739 1464 humanae
758 1436 954 1471 intelligentiae
964 1437 984 1468 ",

191 1484 280 1511 carnis
293 1484 381 1511 adhuc
398 1483 553 1511 habitaculo
571 1488 715 1519 gravatae,
741 1483 849 1510 humilis
863 1487 985 1510 contem-

189 1529 278 1563 plator
293 1529 441 1564 indulgeat.
456 1528 499 1557 Nil
512 1529 582 1557 enim
597 1530 746 1565 perfectum
762 1534 803 1557 est
819 1530 845 1557 in
859 1530 986 1557 humanis

190 1576 287 1604 studiis
307 1577 405 1610 adhuc,
432 1580 462 1604 ut
486 1576 590 1612 opinor,
618 1575 644 1603 in
672 1577 722 1604 hac
744 1576 890 1612 caliginosa
919 1577 985 1607 vita,

190 1620 262 1654 quod
274 1620 347 1648 onmi
364 1628 457 1648 errore
472 1625 573 1653 careat,
589 1622 697 1656 quando
715 1624 742 1648 et
761 1621 827 1656 justi
853 1628 905 1648 non
925 1621 985 1648 ideo

1036 1022 1116 1049 modo
1129 1022 1174 1055 sit,
1189 1017 1222 1049 ad
1245 1021 1326 1049 tinem
1344 1021 1428 1060 usque
1452 1023 1622 1057 perductum.
1648 1022 1677 1050 Si
1696 1027 1785 1051 autem
1800 1024 1833 1052 de

1036 1067 1089 1099 his,
1104 1074 1174 1102 quae
1189 1067 1215 1094 in
1230 1072 1358 1095 contextu
1386 1067 1464 1103 hujus
1483 1069 1573 1104 operis
1586 1068 1608 1084 ¹³
1632 1069 1762 1104 gravitate
1777 1077 1833 1096 nta-

1037 1114 1120 1141 teriae
1135 1121 1280 1150 rerumque
1291 1114 1512 1150 exponendarum
1530 1115 1606 1151 copia
1620 1118 1730 1143 coactus
1754 1122 1833 1151 prae-

1037 1161 1141 1189 termisi
1157 1161 1188 1193 "',
1208 1162 1295 1196 deque
1319 1162 1359 1189 eis
1382 1162 1650 1197 quantulamcunque
1672 1162 1833 1198 quandoque

1036 1208 1169 1236 rationem
1182 1215 1224 1235 me
1238 1208 1405 1235 redditurum
1420 1208 1534 1243 promisi
1547 1209 1578 1242 η,
1592 1208 1725 1241 solicitus,
1741 1215 1772 1236 ac
1784 1215 1831 1236 ve-

1036 1253 1085 1281 luti
1098 1254 1293 1289 promissorum
1307 1258 1419 1282 exactor
1433 1253 1517 1282 fueris
1530 1255 1561 1287 ”,
1576 1261 1658 1289 opere
1673 1261 1785 1282 recurso
1798 1255 1831 1287 ³⁷,

1037 1300 1215 1334 omnibusque
1226 1300 1248 1319 ¹ι
1263 1299 1489 1334 promissionibus
1503 1300 1629 1334 repertis,
1651 1300 1734 1335 inque
1748 1307 1832 1328 unum

1037 1345 1157 1374 'collectis
1170 1346 1271 1373 cursim
1286 1345 1507 1381 capitulatimque
1521 1352 1571 1380 pro
1586 1345 1687 1372 viribus
1705 1345 1834 1373 tractabi-

1038 1395 1082 1419 tur
1096 1392 1126 1418 η.
1143 1391 1250 1419 interim
1271 1391 1304 1418 de
1319 1392 1372 1424 his,
1386 1397 1456 1426 quae
1475 1389 1532 1424 jam
1554 1390 1676 1417 discussa
1689 1390 1832 1422 θυμωθε-

1039 1435 1111 1465 tores
1122 1437 1144 1453 '°
1158 1442 1300 1465 contentos
1314 1444 1375 1464 esse
1398 1434 1501 1472 ﬂagito,
1520 1443 1572 1463 non
1595 1436 1649 1463 mei
1670 1435 1830 1471 ingenioli"

1037 1485 1175 1516 virtutem,
1191 1492 1260 1519 quae
1279 1488 1325 1511 aut
1343 1484 1385 1511 vix
1398 1488 1431 1516 ἰ,
1456 1487 1503 1510 aut
1518 1483 1589 1510 nulla
1605 1487 1656 1514 est,
1672 1483 1720 1511 sed
1742 1482 1832 1510 solici-

1038 1530 1139 1557 tudinis
1151 1537 1227 1557 meae
1239 1529 1262 1544 “
1279 1528 1397 1561 inﬁmae,
1416 1529 1529 1556 devotae
1540 1528 1563 1546 "‘
1579 1532 1679 1560 tamen,
1698 1528 1770 1556 circa
1788 1528 1830 1555 di-

1038 1577 1161 1604 vinarum
1176 1576 1199 1593 ²⁵
1224 1584 1314 1603 rerum
1338 1575 1558 1609 investigationes
1574 1574 1729 1601 facultatem
1745 1574 1834 1601 consi-

1039 1623 1184 1655 derantes;
1210 1628 1372 1658 quam‘non
1407 1622 1497 1648 minus
1522 1619 1627 1648 viribus
1660 1620 1833 1647 acutissimae

186 1665 253 1700 justi
267 1666 393 1694 dicuntur
402 1667 459 1702 jam
474 1667 502 1694 in
518 1675 600 1694 carne
614 1667 745 1699 viventes,
760 1666 905 1702 quodjusti
920 1667 983 1698 sint,
999 1667 1022 1700 C
1039 1673 1099 1696 tuae
1113 1669 1136 1684 ὀ
1153 1668 1357 1704 intelligentiae,
1384 1675 1465 1703 quam
1494 1674 1570 1695 meae
1595 1666 1833 1701 contemplationis

189 1711 234 1738 sed
253 1711 324 1746 quod
340 1710 467 1746 sejuslos
489 1720 548 1739 esse
572 1712 666 1745 velint,
687 1712 887 1747 perfectamque
904 1711 984 1746 justi-

191 1757 255 1783 tiam
267 1757 384 1784 futuram
400 1762 568 1793 appetentes,
592 1757 650 1785 solo
666 1758 764 1785 mentis
787 1757 883 1785 aﬂ‘ectu
902 1758 985 1785 deno-

190 1803 294 1830 iniuati.
321 1802 380 1830 Non
404 1802 478 1831 enim
510 1804 686 1835 crediderim,
715 1803 799 1831 ullum
825 1803 985 1832 mortalibus

190 1849 317 1876 membris
329 1848 540 1886 carnalibusque
561 1850 686 1878 sensibus
699 1855 840 1886 gravatum
850 1871 856 1883 ,
872 1851 1001 1885 excepto'

191 1894 316 1929 Christo,
341 1897 373 1924 ad
398 1897 546 1931 perfectum
570 1896 679 1924 virtutis
701 1897 825 1925 habitum
851 1904 985 1932 veraeque

191 1942 427 1977 contemplationis
462 1941 632 1969 altitudinem
671 1942 848 1977 pervenisse,
882 1941 985 1969 Joanne

187 1987 363 2024 Evangelista
379 1993 541 2017 attestante:
560 1989 590 2016 Si
606 1989 761 2021 dixerimus,
776 1989 873 2022 inquit,
895 1988 958 2023 quia
973 1989 983 2004 ⁹

189 2040 324 2069 peccatum
341 2044 392 2062 non
407 2035 541 2067 habemus,
558 2044 604 2063 nos
622 2036 692 2070 ipsos
705 2035 864 2066 traducimus,
881 2039 904 2060 et
920 2033 986 2060 veri-

190 2087 230 2108 tas
246 2083 272 2109 in
286 2083 358 2109 nobis
373 2091 424 2109 non
441 2087 487 2109 est.
508 2082 575 2110 Item
593 2082 737 2117 Apostolus
751 2090 757 2108 :
777 2080 901 2107 Videmus
917 2088 985 2107 nunc

190 2136 234 2158 per
248 2128 381 2162 speculum
397 2129 424 2156 in
442 2130 606 2164 aenigmate;
622 2133 648 2155 et
673 2127 754 2155 alibi:
781 2126 823 2153 Ex
846 2131 920 2161 parte
942 2134 987 2153 co-

189 2174 338 2208 gnoscimus
351 2180 374 2200 et
389 2182 420 2201 ea:
433 2179 507 2209 parte
519 2175 713 2209 prophetamzts.
733 2172 781 2200 Sin
798 2177 889 2199 autem
913 2172 938 2199 in
953 2179 985 2199 eo

186 2217 256 2256 utile
271 2223 298 2244 et
310 2219 342 2245 ad
358 2218 572 2247 aediﬁcationem
593 2219 745 2247 catholicae
768 2218 829 2245 ﬁdei
848 2218 985 2253 pertinens

191 2262 325 2295 arriserit,
342 2263 390 2290 soli
403 2263 469 2296 Deo,
487 2265 532 2299 qui
550 2264 623 2292 solus
638 2259 795 2291 abscondita
813 2264 985 2291 tenebrarum

191 2315 303 2342 reserat,
315 2317 342 2338 et
354 2316 516 2346 quaerentes
530 2312 563 2338 ad
575 2320 604 2339 se
616 2312 702 2346 ipsum
721 2311 792 2339 nullo
803 2319 896 2339 errore
907 2312 985 2338 dece-

1041 1715 1153 1743 obtusae
1173 1715 1194 1734 I"
1222 1713 1461 1745 lucubrationibus,
1479 1717 1510 1740 ut
1536 1715 1559 1732 η
1583 1719 1636 1740 non
1660 1712 1751 1739 dicam
1771 1719 1833 1739 cum

1040 1761 1165 1793 aemulis,
1185 1760 1281 1788 saltem
1300 1767 1362 1788 cum
1381 1759 1476 1787 amicis
1489 1762 1517 1786 et
1539 1757 1666 1786 veritatis
1691 1757 1836 1792 inquisito-

1040 1806 1116 1834 ribus
1129 1805 1275 1834 defendere
1298 1806 1408 1833 studeas
1418 1804 1453 1831 ".
1477 1803 1533 1832 Nec
1548 1803 1662 1831 multum
1677 1803 1704 1830 in
1721 1803 1782 1834 hoc,
1804 1806 1834 1830 ut

1040 1852 1145 1887 opinor,
1175 1851 1311 1880 laborabis
1340 1851 1373 1879 '°.
1390 1851 1451 1879 Mox
1472 1851 1544 1879 enim
1556 1854 1586 1878 ut
1607 1849 1671 1877 talia
1688 1849 1715 1877 in
1738 1856 1833 1877 manus

1040 1903 1114 1926 recte
1142 1897 1389 1933 philosophantium
1414 1896 1603 1930 pervenerint,
1633 1895 1655 1922 si
1680 1895 1701 1910 “
1728 1894 1833 1922 illorum

1040 1944 1267 1978 disputationibus
1280 1943 1454 1975 conveniunt,
1480 1950 1534 1970 non
1548 1941 1635 1969 solum
1659 1941 1754 1968 libenti
1774 1941 1835 1968 ani-

1040 1996 1084 2015 mo
1105 1989 1252 2023 recipient,
1276 1996 1370 2015 verum
1395 1987 1477 2014 etiam
1499 1990 1529 2013 ut
1555 1994 1604 2013 sua
1629 1985 1833 2013 osculabunlur.

1041 2034 1088 2062 Sin
1104 2042 1169 2061 vero
1184 2034 1210 2060 in
1224 2041 1281 2066 eos,
1295 2033 1341 2068 qui
1360 2032 1541 2068 promptiores
1556 2035 1619 2058 sunt
1634 2030 1667 2057 ad
1688 2030 1835 2064 reprehen-

1040 2081 1255 2115 dendum,quam
1268 2079 1301 2106 ad
1311 2077 1541 2113 compatiendum,
1555 2076 1720 2104 incurret-int
1731 2075 1764 2107 “,
1781 2083 1834 2102 non

1040 2134 1203 2162 magnopere
1218 2133 1280 2154 cum
1297 2125 1338 2153 eis
1361 2123 1573 2152 colluctandum.
1589 2122 1781 2156 Unusquisque
1808 2121 1834 2148 in

1040 2181 1090 2200 suo
1103 2180 1183 2200 sensu
1203 2171 1330 2203 abundet,
1349 2170 1435 2198 donec
1457 2169 1547 2197 veniat
1572 2168 1617 2196 illa
1639 2167 1696 2200 lux,
1718 2174 1787 2203 quae
1802 2168 1835 2194 de

1040 2219 1099 2246 luce
1115 2218 1183 2246 falso
1205 2216 1454 2253 philosophantium
1471 2215 1536 2243 facit
1557 2214 1694 2246 tenebras,
1707 2221 1734 2240 et
1757 2220 1834 2240 tene-

1039 2266 1103 2291 bras
1116 2268 1191 2291 recte
1201 2261 1423 2298 cognoscentium
1438 2260 1461 2276 “
1476 2261 1611 2288 convertit
1624 2259 1649 2286 in
1664 2258 1762 2286 lucem.
1776 2257 1832 2284 Ea:-

1040 2309 1111 2344 plicit
1130 2309 1194 2335 liber
1211 2319 1269 2346 περι
1292 2318 1391 2344 φνσεων
1421 2317 1558 2343 papaque,
1582 2306 1630 2333 ltoc
1657 2310 1693 2332 est
1719 2305 1750 2331 tle
1778 2304 1834 2330 LVa-

189 2360 258 2389 plos,
275 2357 322 2384 sed
337 2358 357 2372 ¹⁰
381 2357 415 2384 ab
430 2358 570 2385 erroribus
589 2359 745 2386 emendatos
771 2357 927 2389 introducit,
945 2357 990 2384 dc-
1002 2361 1029 2391 Ῑ)
1044 2361 1119 2381 turne
1136 2354 1260 2381 divisione
1275 2353 1306 2380 “.

832 2446 959 2474 VARIAE
983 2445 1184 2473 LECTIONES.

228 2520 267 2547 ιν
285 2523 414 2549 tenebras.
453 2524 463 2539 ¹
477 2524 566 2551 (lirina
581 2532 636 2550 om.
653 2524 684 2550 Α.
723 2526 734 2542 ³
750 2522 769 2550 F
787 2522 854 2557 cybi-

191 2556 364 2594 intligentiae.
396 2559 406 2574 ⁸
419 2558 440 2585 Α
458 2559 539 2594 quod.
581 2560 601 2575 ¹⁰
615 2559 635 2586 F
650 2563 695 2585 aut
718 2559 751 2585 al)
769 2556 919 2585 erroribus.

281 2592 365 2632 rolicti
390 2591 624 2630 praetermisimus.

191 2633 259 2653 ﬁlis.

192 2663 238 2688 nii.
281 2663 302 2677 ’³
321 2661 341 2689 Α
362 2670 432 2697 quae
460 2665 504 2691 vix
528 2674 619 2698 parva.

191 2698 213 2716 1⁵
230 2699 248 2723 Α
267 2703 377 2726 vestrae.
416 2700 437 2718 ¹⁷
455 2697 563 2727 obtusae
585 2708 639 2726 om.
658 2699 688 2727 F.
747 2699 768 2715 ’⁸
788 2703 814 2724 ιιι
833 2706 886 2725 om.
912 2699 944 2724 A.
981 2697 1003 2713 ²’
1022 2699 1044 2726 Α
1059 2698 1166 2726 debetis.

191 2733 338 2761 incurrent.
378 2734 401 2750 ³³
416 2735 438 2762 Λ
456 2735 582 2762 tenebras
597 2734 846 2770 recognoscentium.

893 2523 904 2538 ‘
923 2523 943 2549 A
958 2531 1013 2558 per.

959 2558 979 2572 “
993 2558 1016 2584 A
1035 2566 1170 2584 accensus.

665 2595 687 2609 ”
700 2594 722 2620 Α
743 2601 790 2619 nos
814 2593 960 2619 reddituros
977 2593 1153 2627 promisimus.

302 2626 321 2641 ³⁷
336 2627 358 2653 Α
369 2628 457 2656 cursu.
486 2630 514 2645 ἰθ
528 2630 550 2656 Α
564 2631 694 2657 erunibus.
729 2630 748 2647 ἀ
763 2628 784 2654 Α
799 2635 848 2662 pro
862 2628 965 2654 viribus
977 2625 1075 2655 nostris
1090 2628 1271 2656 tractabimus.
1306 2627 1329 2642 ¹⁰
1346 2627 1369 2662 ᾼ
1381 2635 1426 2653 vos
1445 2630 1587 2662 contentos
1599 2630 1651 2652 cet.
1684 2626 1703 2640 “
1718 2625 1741 2651 A
1761 2626 1835 2662 inge-

659 2665 680 2680 ³⁵
696 2665 717 2691 A
742 2661 907 2690 sedit-atrae
931 2663 1110 2698 solicitudinis
1140 2671 1272 2698 meaeque.
1300 2661 1322 2698 ’ξ
1347 2661 1366 2687 F
1386 2662 1487 2698 deuota.
1512 2661 1711 2698 fbdiviuarnm
1735 2661 1833 2698 ontAA:

1053 2523 1063 2538 ⁵
1077 2523 1175 2549 arridet
1191 2529 1245 2548 om.
1262 2522 1294 2548 A.
1333 2521 1344 2537 °
1359 2521 1445 2548 adhuc
1459 2528 1515 2548 om.
1528 2518 1562 2547 Δ.
1601 2521 1612 2536 '
1628 2521 1647 2547 A
1665 2524 1752 2555 αιιμί.
1790 2522 1800 2537 ³
1815 2521 1833 2548 Α

1211 2558 1231 2573 ¹²
1247 2556 1373 2591 Wulfade
1405 2564 1459 2584 om.
1483 2555 1516 2582 A.
1555 2554 1576 2570 "
1591 2556 1675 2590 operis
1699 2554 1758 2582 om.
1802 2558 1835 2583 Λ.

1195 2593 1216 2608 ¹⁶
1230 2593 1252 2619 Α
1267 2592 1374 2619 solliciti
1389 2591 1460 2618 eritis
1485 2598 1516 2617 ac
1536 2598 1560 2616 v.
1576 2598 1602 2625 p.
1630 2595 1763 2616 exactores
1778 2591 1836 2623 fue-

1223 2691 1282 2724 δθᾸ
1308 2696 1471 2724 laborabitis.
1511 2696 1531 2711 ³¹
1547 2696 1566 2722 Α
1593 2696 1728 2730 quoniam.
1771 2696 1795 2712 ³³
1813 2695 1835 2721 Δ

887 2733 908 2748 ³⁴
925 2733 970 2762 Sic
984 2734 1022 2763 A:
1039 2730 1058 2761 ιτ
1076 2734 1207 2770 Explicuit
1221 2734 1337 2769 quintus.

954 2815 1078 2843 NOTAE.

228 2908 240 2921 ει
256 2917 275 2928 υ
292 2902 402 2936 uulfade
417 2900 508 2936 (sic!).
522 2900 580 2928 lam
593 2899 692 2927 Petrus
705 2899 822 2936 Alixius,
836 2902 908 2936 tester
918 2897 990 2936 Tho-

193 2945 236 2964 ma
250 2936 316 2965 Gale
329 2934 506 2969 .‘Wulfadum
522 2937 683 2964 Remensem
698 2935 858 2963 canonicum
871 2954 879 2968 ,
894 2934 990 2962 deinde

1043 2893 1239 2925 Bituriccnsem
1261 2895 1416 2930 cpisc0pnm
1431 2915 1438 2927 ,
1463 2893 1538 2921 innui
1563 2893 1729 2930 cenjecerat.
1746 2894 1786 2924 Ct.
1802 2893 1836 2922 de

1045 2934 1099 2961 div.
1114 2932 1176 2960 Nat.
1192 2932 1236 2959 ed.
1251 2929 1444 2964 ΟὲοιιίΗϐὃί,
1459 2929 1580 2965 Append.
1599 2938 1625 2965 p.
1642 2929 1685 2958 80.
