4168 6284
581 314 608 370 1
620 310 723 368 323

1967 305 2249 367 JOANNIS
2288 309 2489 369 SCOTI

3736 322 3887 380 1024

1527 561 2333 680 ,ποΔιπΝιε
2395 566 2918 685 ποτε

2064 797 2375 880 LIBER

920 1004 1057 1135 ΒΕ
1136 997 1583 1135 EGBESSU
1661 1007 1795 1135 ET
1873 1007 2393 1136 REGRESSU
2474 1009 2871 1141 ANIMAE

1871 1335 2552 1412 FRAGMENTUM.

560 1624 677 1677 Cod.
723 1624 918 1677 collect.
958 1601 1229 1675 membra.
1266 1621 1324 1672 n'
1361 1621 1472 1686 596,
1496 1621 1550 1674 ι·
1571 1621 2132 1737 ωδηοιιιοεῗξδὲἓιςὲἒῖἓ

2266 1622 2452 1675 Romae
2484 1623 2568 1674 fol.
2601 1623 2654 1679 9.
2684 1648 2749 1663 —
2775 1601 2986 1682 illm

2233 1685 2303 1748 58,
2330 1700 2378 1750 p.
2403 1688 2466 1740 80
2487 1700 2565 1751 sq.

1482 1708 1487 1713 '
1839 1708 2136 1737 rraucuwtu
2165 1708 2303 1748 ιωο,
2330 1708 2378 1748 p.
2403 1708 2466 1740 βυ
2487 1708 2565 1748 ιιι.

2700 1649 2749 1663 -
3532 1562 3550 1583 ο
3562 1484 3762 1684 ’διὶω

2073 1871 2337 1892 ἠ

2007 2020 2025 2037 .
2126 2020 2143 2036 .
2173 1986 2227 2048 Α
2251 1984 2360 2038 avis
2384 1982 2703 2039 transeuntis
2725 1983 2899 2038 adhuc
2925 1998 2985 2037 eo
3011 1981 3241 2055 longius.

3318 1987 3351 2043 d
3380 1986 3554 2059 ipsam
3580 1989 3851 2060 siquidm

554 2078 843 2135 Possident
892 2074 1061 2131 ﬂuere
1099 2084 1156 2129 et
1211 2091 1319 2131 non
1369 2083 1539 2132 stare.
1605 2074 1789 2130 Ludus
1834 2071 2032 2128 merito
2063 2072 2147 2128 di-
2250 2076 2470 2146 proprie
2494 2076 2801 2131 divinarum
2830 2090 3011 2130 rerum
3050 2071 3424 2149 πρωτοῖύπων,
3461 2080 3516 2134 id
3559 2090 3663 2147 est,
3697 2082 3852 2152 prin-

553 2182 702 2228 ctum
760 2178 844 2225 est
879 2168 973 2225 Dei
1014 2184 1047 2223 a
1089 2168 1368 2239 magistro,
1420 2166 1584 2223 veluti
1628 2181 1724 2237 per
1771 2166 1907 2221 haec
1966 2174 2149 2220 trans-
2247 2168 2507 2240 cipalium
2556 2167 2931 2239 exemplorum
2976 2168 3253 2223 veritatem
3292 2171 3664 2239 praesentium
3708 2173 3849 2229 visi-

553 2261 798 2319 duccntis
824 2276 923 2317 nos
969 2260 1023 2319 in
1056 2275 1142 2327 ea,
1183 2274 1325 2330 quae
1354 2273 1483 2314 vere
1513 2265 1658 2324 sunt,
1692 2264 1749 2312 et
1793 2254 1942 2312 nullo
1988 2256 2147 2311 modo
2245 2260 2542 2329 biliumque
2573 2274 2756 2315 rerum
2789 2268 3102 2329 comparata
3147 2258 3426 2329 dispositio
3453 2300 3469 2327 ,
3516 2276 3695 2331 neque
3722 2277 3849 2318 om-

550 2362 856 2410 moventur.
1716 2426 1721 2429 _

976 2439 1097 2495 Alia
1133 2440 1188 2494 in
1226 2439 1457 2511 idipsum
1492 2439 1696 2495 theoria

620 2573 678 2630 Si
725 2587 855 2628 vero
901 2578 959 2627 ct
1004 2586 1106 2627 nos
1151 2571 1254 2641 ipsi
1311 2571 1609 2628 secundum
1661 2570 2031 2627 dominantem
2085 2572 2142 2627 in

544 2667 826 2738 praesenti
866 2671 1084 2720 nostrae
1114 2672 1343 2720 naturae
1386 2664 1826 2734 consequentiam
1872 2671 1985 2718 tum
2024 2663 2140 2733 qui-

547 2757 667 2813 dem
688 2755 843 2824 juxta
876 2754 1285 2810 similitudinem
1314 2762 1621 2831 ceterorum
1651 2754 1706 2809 in
1741 2762 1883 2810 terra
1929 2753 2139 2808 anima-

544 2848 673 2903 lium
704 2847 841 2913 nati,
868 2846 1065 2903 deinde
1086 2846 1240 2914 pueri
1263 2845 1416 2913 facti,
1449 2846 1645 2901 deinde
1676 2844 1825 2899 ﬂoris
1860 2844 2092 2899 oximori
2118 2842 2135 2874 ⁸

544 2940 717 2995 instar
755 2936 1041 3007 juventute
1077 2938 1131 2991 in
1158 2929 1440 2993 horrorem
1485 2936 1773 2992 vetustatis
1800 2935 2137 2991 advenientis

544 3030 769 3097 mortui,
823 3038 876 3085 et
904 3030 971 3085 ad
1018 3029 1184 3084 aliam
1231 3029 1401 3084 vitam
1447 3028 1730 3094 translati,
1788 3026 1945 3083 ludus
2005 3028 2136 3083 dicti

541 3136 730 3178 sumus
769 3121 864 3177 Dei
899 3120 967 3176 ab
1010 3121 1115 3177 isto
1161 3120 1366 3177 deifero
1412 3121 1692 3193 magistro.
1741 3120 1930 3190 Neque
1976 3131 2134 3175 extra

538 3214 1004 3286 consequentiam.
1039 3213 1121 3268 Ad
1146 3212 1386 3269 futuram
1417 3214 1683 3284 siquidem
1708 3214 1921 3268 divinae
1946 3228 2133 3268 verae-

536 3324 645 3378 que
670 3309 813 3363 vitae
837 3306 1188 3377 principalem
1220 3305 1450 3360 formam
1476 3321 1739 3376 praesens
1766 3309 1874 3361 vita
1914 3320 2130 3375 compa-

538 3408 661 3454 rata
684 3397 840 3452 ludus
873 3405 978 3462 est,
1005 3406 1060 3451 et
1090 3411 1273 3460 omne,
1312 3396 1357 3450 si
1392 3395 1520 3465 quid
1549 3397 1689 3450 aliud
1721 3396 1787 3450 de
1815 3396 1917 3450 hoc
1946 3395 2128 3451 ellica-

538 3490 657 3546 cius
698 3490 1051 3544 constitutum
1098 3496 1202 3542 est.
1253 3474 1374 3555 Ipse
1413 3486 1679 3556 siquidem
1719 3487 1774 3541 in
1810 3485 2126 3557 epitaphio'

537 3582 593 3638 in
634 3580 949 3635 Caesarium
997 3580 1085 3635 sui
1119 3579 1142 3610 ⁸
1174 3577 1400 3634 fratrem
1446 3578 1685 3648 apertius
1731 3579 2007 3643 ostendit,
2048 3579 2128 3635 sic

537 3674 725 3730 dicens
760 3688 773 3724 :
806 3671 950 3727 Talis
980 3672 1086 3726 vita
1115 3682 1316 3737 nostra,
1345 3672 1559 3742 fratres,
1586 3672 1864 3727 uiuentium
1896 3672 1965 3727 ad
1999 3682 2130 3728 tem-

534 3782 653 3837 pus,
683 3761 855 3834 qualis
880 3764 932 3818 in
957 3772 1097 3819 terra
1124 3764 1301 3819 ludus.
1330 3763 1456 3818 Non
1488 3765 1762 3818 existentes
1784 3764 2054 3835 efﬁcimur,
2080 3773 2129 3818 et

534 3857 665 3928 [acti
705 3855 1031 3923 resolvimur,
1071 3858 1334 3913 somnium
1373 3873 1556 3912 sumus
1603 3856 1879 3925 instabile,
1925 3856 2127 3911 volatus

2244 2351 2375 2408 nino
2442 2365 2563 2407 esse
2627 2349 3006 2405 aestimabitur
3070 2350 3192 2415 his,
3240 2350 3331 2419 qui
3374 2351 3524 2406 viam
3574 2366 3843 2423 carpere,

2242 2452 2507 2514 quantum
2537 2442 2793 2515 possibile
2830 2452 2918 2497 est
2941 2482 2956 2509 ,
3004 2442 3073 2498 ad
3103 2441 3317 2498 divinae
3348 2443 3712 2513 speciositatis
3740 2444 3845 2501 for-

2242 2552 2388 2592 mam
2428 2536 2575 2606 digni
2602 2535 2729 2591 facti
2770 2542 2916 2601 sunt,
2944 2534 3087 2589 sicut
3130 2548 3309 2606 neque
3352 2533 3645 2591 ludibrium
3682 2551 3842 2593 verae

2240 2629 2474 2699 cuipiam
2504 2637 2561 2683 et
2583 2627 2838 2684 existenti
2880 2627 2959 2682 rei
2996 2637 3373 2697 comparatum
3411 2640 3536 2685 esse
3562 2628 3839 2686 universa—

2241 2721 2366 2777 liter
2397 2720 2696 2791 iudicatur.

2662 2874 2783 2930 Alia
2808 2874 2864 2930 in
2887 2874 3117 2946 idipsum
3145 2874 3373 2930 theoria.

2310 3030 2579 3087 Fortassis
2607 3038 2787 3086 autem
2818 3037 2873 3084 et
2913 3028 3327 3085 transmutabile
3356 3028 3717 3085 materialium
3747 3045 3834 3087 re-

2235 3139 2379 3188 rum,
2405 3136 2538 3192 quas
2557 3120 3017 3185 commendamus,
3044 3120 3098 3174 in
3126 3120 3289 3175 aliam
3313 3120 3474 3177 aliter
3499 3120 3829 3177 transferen-

2235 3216 2371 3269 tium
2401 3224 2455 3270 et
2478 3214 2863 3269 translatarum
2891 3212 3275 3284 privationem,
3304 3228 3369 3269 ac
3395 3213 3599 3270 nullum
3631 3215 3829 3270 haben-

2237 3306 2371 3359 tium
2417 3304 2828 3360 fundamentum
2860 3313 3079 3375 praeter
3126 3304 3362 3375 primam
3412 3306 3698 3371 rationem,
3730 3322 3831 3376 per

2235 3412 2399 3466 quam
2427 3394 2696 3463 feruntur,
2747 3396 3026 3468 sapienter
3066 3398 3399 3468 provideque
3424 3407 3479 3453 et
3515 3399 3715 3464 ferunt,
3747 3408 3825 3465 et,

2236 3488 2363 3542 dum
2394 3488 2751 3559 aestimantur
2779 3503 2812 3541 a
2839 3488 2996 3543 nobis
3049 3484 3243 3553 teneri,
3284 3489 3595 3562 perfugiunt
3629 3491 3828 3561 magis,

2232 3594 2395 3649 quam
2424 3589 2697 3646 tenentur,
2726 3590 2781 3635 ει
2807 3581 3133 3637 desiderium
3165 3592 3409 3637 nostrum
3442 3582 3497 3636 in
3524 3598 3584 3637 se
3609 3583 3830 3652 patiunv:

2192 3700 2199 3703 -
2232 3678 2322 3725 tur
2351 3673 2553 3738 teneri;
2598 3673 2771 3745 magis
2797 3689 2928 3729 vero
2957 3689 3054 3729 nos
3095 3674 3241 3746 ipsos
3262 3684 3444 3745 utpote
3485 3676 3732 3745 repulsos
3765 3683 3828 3731 et

2233 3770 2420 3820 tenere
2444 3774 2500 3820 et
2524 3766 2696 3821 teneri
2724 3780 2830 3821 non
2859 3766 3174 3822 valentium.
3221 3768 3576 3824 Ponderatam
3619 3768 3825 3839 quippe

2232 3870 2365 3912 suae
2391 3866 2620 3913 naturae
2649 3856 3019 3912 deﬁnitionem

1829 4031 2081 4088 VARIAE
2118 4031 2524 4091 LECTIONES.

603 4173 619 4204 ¹
668 4169 846 4235 Corr.,
899 4171 1020 4227 cod.
1096 4174 1316 4229 ocimori
1383 4187 1433 4229 c.
1485 4170 1662 4296 glossa
1694 4171 1769 4223 li.
1823 4169 2098 4236 nmigdali.
2166 4169 2570 4241 Amigdalarum
2624 4186 2756 4227 vero
2812 4172 2866 4228 in
2917 4171 3267 4229 vocabulario
3318 4180 3502 4228 vetere
3555 4171 3818 4229 tlieotisco

603 4244 912 4298 .ernretatio
938 4253 1021 4298 est
1059 4244 1407 4298 mandalnuz.
1446 4243 1487 4298 C
1516 4283 1528 4294 .
1561 4240 1720 4297 Graﬂ'
1743 4242 1885 4298 Diut.
1922 4240 1967 4295 ll
2005 4256 2060 4298 ι).
2092 4240 2184 4297 45.
2262 4246 2283 4277 ³
2321 4240 2453 4298 Cod.
2486 4243 2807 4298 enhitaohio.
2884 4242 2904 4275 ³
2945 4242 3056 4298 Sic.
3086 4244 3246 4298 cod.:
3280 4242 3322 4298 ι’.
3350 4243 3547 4298 suum?
3618 4241 3640 4273 ⁴
3677 4242 3814 4298 Cod.

530 4244 912 4308 interpretatio
938 4253 1021 4300 est
1059 4244 1407 4301 mandalnuz.

527 4314 909 4384 δεπῑηξιίοηειη.

1561 4240 1720 4297 Graﬂ'
1743 4242 1885 4298 Diut.
1922 4240 1967 4295 ll
2003 4256 2060 4310 p.
2092 4240 2184 4297 45.

2262 4240 2453 4299 "Cod.
2486 4243 2807 4313 ephilaphio.
2884 4242 2904 4275 ³
2945 4242 3056 4299 Sic.
3086 4244 3246 4310 cod.;
3280 4242 3322 4299 f.
3350 4243 3547 4298 suum?
3618 4241 3640 4273 ⁴
3677 4242 3814 4299 Cod.

1473 4481 2271 4604 JOANNIS
2368 4483 2893 4605 SGO'I'I

1910 4716 2432 4837 VERSIO

708 4964 1358 5100 OPERUM
1458 4973 1584 5093 δ.
1651 4962 2355 5091 DIONYSII
2451 4958 3617 5124 AREOPAGITAE.

522 5245 3606 5307 EdltloColontensisa1556._..,....,......................
3733 5245 3774 5295 Α

525 5311 765 5363 Editionis
796 5311 1015 5370 ejusdem
1054 5309 1221 5358 variae
1268 5304 1697 5370 lectiones.__.__.
1766 5338 1782 5354 .
1849 5304 1946 5370 .'__.
2015 5338 2028 5351 .
2260 5338 2275 5353 .
2344 5338 2370 5370 ._
2426 5339 2440 5353 .
2507 5338 2522 5354 .
2589 5340 2602 5353 .
2670 5338 2769 5370 ._-_.
2837 5333 2857 5353 .
2923 5338 2936 5350 .
3006 5339 3020 5353 .
3086 5339 3101 5353 .
3167 5341 3181 5355 .
3248 5339 3266 5356 .
3332 5340 3347 5353 .
3418 5343 3433 5355 .
3500 5342 3517 5357 .
3583 5341 3599 5356 .
3729 5309 3773 5370 Δ

521 5373 640 5428 Cod.
676 5387 766 5423 ms.
802 5363 987 5423 Ratisb.
1025 5372 1075 5421 S.
1117 5370 1407 5418 Emmeram.
1449 5367 1534 5417 157
1561 5365 1680 5415 bibl.
1731 5377 1838 5428 reg.
1872 5363 2521 5429 lonacensISLmembran”
2556 5378 2658 5418 see.
2693 5363 2775 5416 XI.
2842 5398 2859 5416 .
2929 5398 2943 5414 .
3010 5400 3025 5414 .
3093 5401 3109 5418 .
3175 5404 3188 5416 .
3252 5405 3266 5418 .
3336 5402 3351 5415 .
3418 5400 3435 5417 .
3499 5401 3517 5418 .
3583 5405 3599 5419 .
3731 5369 3771 5419 Β

524 5427 639 5490 Cod.
675 5448 763 5483 ms.
798 5435 885 5485 971
929 5433 1045 5482 bibl.
1082 5432 1354 5483 Caesareae
1389 5427 2278 5490 Vindobon.,ntembran.,sec.)tl.
2346 5463 2363 5480 .
2430 5466 2442 5478 .
2506 5427 2523 5479 “.
2605 5461 2620 5478 .
2687 5462 2700 5476 .
2770 5466 2783 5479 .
2854 5465 2866 5478 .
2937 5465 2949 5477 .
3014 5465 3028 5479 .
3097 5467 3109 5478 .
3183 5466 3197 5480 .
3262 5465 3277 5478 .
3348 5464 3362 5478 .
3430 5465 3447 5483 .
3512 5463 3528 5479 .
3592 5468 3605 5480 .
3736 5429 3774 5482 C

525 5489 642 5549 Cod.
676 5510 769 5546 ms.
802 5494 896 5545 754
928 5493 1050 5543 bibl.
1086 5495 1359 5544 Caesareae
1394 5491 1684 5553 Vindobon.,
1720 5490 2016 5552 membran.,
2050 5501 2152 5540 sec.
2188 5489 2358 5553 Xll._.
2428 5529 2440 5540 .
2510 5528 2524 5541 .
2594 5524 2609 5539 .
2676 5525 2690 5542 .
2760 5525 2772 5539 .
2844 5530 2857 5543 .
2923 5528 2936 5540 .
3005 5527 3019 5542 .
3088 5524 3103 5540 .
3172 5525 3189 5541 .
3257 5527 3274 5553 ,
3345 5527 3357 5539 .
3427 5524 3443 5543 .
3511 5529 3526 5544 .
3591 5529 3605 5544 .
3727 5492 3773 5542 D

524 5557 643 5611 Cod.
678 5571 766 5606 ms.
802 5556 921 5606 bibl.
954 5550 1722 5615 DarmstadwlolimColontiiO,
1763 5550 2336 5615 membran.,sec.Xll.
2420 5589 2432 5603 .
2514 5590 2526 5603 .
2597 5588 2610 5601 .
2676 5586 2690 5602 .
2762 5586 2776 5603 .
2841 5587 2856 5603 .
2925 5592 2936 5604 .
3007 5589 3020 5604 .
3088 5589 3100 5602 .
3171 5590 3184 5603 .
3255 5550 3269 5603 ζ
3340 5587 3357 5604 .
3509 5591 3523 5604 .
3590 5592 3603 5605 .
3729 5552 3772 5604 Ε

525 5613 1780 5677 Οοά.ωε.νιιὶε.177,ιηειι1ι)ηη.,εεε.ΧΙν..
1851 5649 1863 5662 .
1932 5650 1944 5662 .
2180 5650 2192 5663 .
2264 5645 2280 5663 .
2346 5653 2359 5667 .
2428 5650 2444 5666 .
2512 5648 2526 5664 .
2597 5652 2610 5666 .
2677 5651 2692 5664 .
2763 5651 2775 5664 .
2848 5653 2862 5667 .
2928 5650 2943 5666 .
3011 5653 3026 5668 .
3092 5654 3104 5667 .
3172 5654 3187 5667 .
3256 5650 3272 5666 .
3373 5628 3444 5666 ‘.
3506 5651 3522 5666 .
3589 5653 3605 5669 .
3732 5615 3773 5665 Ε·

525 5649 1780 5739 εᾝῖἓίἰέῖῦἒίἕξζἱᾶὀζὲἑίἕὲὖζίἱῖζὲἕὲξὶἰῦζῖ
1851 5649 1866 5726 ζ
1931 5650 1948 5726 ζ
2015 5651 2031 5725 '.
2093 5650 2114 5723 ’.
2180 5649 2280 5739 li:
2346 5653 2361 5727 ζ
2428 5650 2446 5730 ζ
2512 5649 2526 5727 ἶ
2591 5652 2610 5729 ξ
2676 5651 2692 5726 ξ
2759 5651 2775 5729 ξ
2843 5653 2862 5728 .'
2922 5650 2943 5730 ἶ
3004 5653 3026 5729 .'
3088 5654 3104 5730 ζ
3168 5654 3187 5731 ξ
3250 5650 3272 5729 .'
3337 5715 3351 5728 .
3420 5649 3444 5729 .’
3502 5651 3605 5732 .'.'

528 5738 649 5791 Cod.
681 5751 769 5788 ms.
806 5739 886 5790 lat.
924 5736 1466 5793 Filrstenteld.9bibl.
1518 5738 1644 5804 Reg.
1701 5738 2164 5803 Ilonacensis,sec.
2197 5738 2302 5793 XV.
2345 5776 2363 5791 .
2429 5776 2440 5789 .
2503 5774 2516 5788 .
2586 5774 2599 5788 .
2665 5777 2679 5790 .
2748 5773 2763 5790 .
2833 5776 2848 5794 .
2915 5773 2931 5792 .
2998 5776 3013 5791 .
3084 5777 3097 5791 .
3167 5776 3182 5792 .
3250 5776 3264 5791 .
3331 5778 3345 5791 .
3411 5776 3428 5793 .
3495 5776 3510 5791 .
3578 5772 3595 5791 .
