2084 3142
209 144 281 178 Β)δᾶ

622 140 745 170 VERSIO
768 139 910 169 OPERUM
934 139 962 167 S.
988 138 1145 168 DIONYSH.
1160 155 1196 160 —
1210 140 1413 169 PRAEFATIO.

1774 135 1844 171 ἱυῖά

209 203 236 234 lo
259 204 279 234 ι,
294 204 446 230 commotus
468 215 500 221 η-
525 200 581 234 ipsc
606 199 758 233 siquidem,
782 205 811 226 ut
834 200 860 226 in
886 199 1001 233 quadam
1017 201 1039 229 Α
1055 198 1167 232 scriptio
1182 198 1215 225 de
1236 198 1426 226 Ecclesiastica
1441 197 1589 231 lerarehia,
1608 197 1743 228 humanae
1766 202 1843 230 natu,

209 255 320 275 suarum
345 246 521 281 epistularum
556 249 566 264 ³
589 249 804 276 commemorat,
840 244 903 275 dum
929 247 1001 271 esset

207 293 285 327 juxta
296 290 455 325 Heliopolim
467 297 528 317 cum
540 288 689 323 Polycarpo
696 288 822 322 episeopo
836 289 999 323 celerisque,

210 337 256 371 qui
272 341 335 364 tunc
348 335 470 366 aderant,
484 333 575 361 divina
591 338 755 368 procurante
768 333 937 367 providentia
952 333 1001 359 tui-

213 383 322 411 rabilem
339 383 365 409 itt
391 381 499 408 modum
513 382 693 415 censpexerat
709 380 799 406 lunam
813 379 863 406 soli
885 380 1001 406 subcun-

212 434 276 461 ωσι,
295 435 327 462 ac
356 435 403 462 per
425 427 477 454 hoc
493 426 502 441 ³
523 426 606 456 solent
619 425 750 459 defecisse
761 439 795 444 ——
809 432 925 458 moxque
939 431 1001 452 san-

210 472 359 499 ctissimum
383 472 481 503 \irom,
505 469 687 504 apostolorum
709 468 904 504 discipulum‘,
927 468 999 495 lero-

211 517 301 547 uicum
321 516 332 531 ⁵
355 515 480 548 videlicet.
511 515 666 549 episcopum
681 533 688 545 ,
712 517 838 544 secutus,
869 512 946 547 cujus
973 512 1000 538 in

211 561 290 590 tertio
305 561 384 596 hujus
411 559 502 594 operis
517 559 586 586 libro
606 558 764 586 memoriam
782 558 857 589 facit,
871 556 1000 584 eundem-

210 613 262 641 que
277 605 436 640 magistratu
459 611 537 630 suum
553 603 733 631 venerabilem
745 602 876 635 nominat,
890 602 1001 629 ceteris-

210 660 263 687 que
289 655 351 678 tunc
378 650 507 685 temporis
535 649 700 684 coepiscopis
728 653 789 684 post
818 648 954 682 apostolos
973 647 999 674 in

212 696 344 732 theologia
358 695 494 731 praeferre
506 702 561 723 non
571 695 686 726 dubitat,
698 702 761 722 cum
773 702 826 729 quo
837 692 1000 728 multisque'

211 742 271 769 aliis
282 742 382 769 sanctis
404 741 430 768 in
453 748 536 768 unum
552 740 775 767 convenientibus
785 739 922 766 Christum
939 742 1001 773 post

210 787 435 816 resurrectionem
465 786 644 821 corporaliter
682 790 724 813 est
750 785 946 820 contemplatus
973 790 998 817 ο,

211 834 374 867 aderantque
388 832 398 848 ⁷
414 831 461 864 ibi,
477 836 506 859 ut
523 832 579 866 ipse
594 831 640 863 ait,
656 830 781 863 Iacobus,
802 830 886 858 frater
909 829 1000 857 Domi-

1052 251 1108 276 rae,
1126 243 1276 275 Salvatoris
1287 244 1371 274 nostri
1390 244 1520 279 sanguine
1535 244 1701 280 redemptae,
1712 244 1841 272 unitatem

1052 290 1204 323 denuntiat,
1220 290 1253 317 ad
1283 290 1486 325 similitudinem
1505 290 1632 317 videlicet
1652 288 1784 324 caelestis
1797 297 1843 320 sa-

1051 336 1176 368 cerdotii,
1188 340 1323 371 quantum.
1331 336 1464 371 possibile.
1472 340 1514 364 est
1524 336 1700 368 mortalibus,
1709 335 1743 362 ad
1755 335 1807 362 hoc
1821 335 1844 352 ’⁵

1051 380 1216 412 ordinatam.
1241 380 1323 415 Cujus
1338 388 1461 414 summus
1478 380 1600 416 pontifex
1614 373 1664 408 est.
1675 380 1731 416 ipsc
1744 381 1775 412 '1,
1796 380 1843 414 qui

1051 432 1111 453 eam
1119 426 1230 460 sibiper
1241 427 1355 461 gratiam
1364 434 1441 454 suam
1455 426 1605 461 coaptavit,
1616 426 1751 461 quietiam
1761 425 1845 453 totius

1051 470 1213 503 lerarehiae,
1221 471 1378 503 caelestium
1387 471 1496 506 quidem
1508 475 1535 498 et
1549 471 1731 503 terrestrittm,
1744 470 1845 504 princi-

1052 514 1125 549 pium
1140 519 1182 541 est
1197 519 1225 542 et
1238 515 1357 542 mediutn
1372 520 1399 543 et
1417 514 1493 547 linis,
1510 515 1543 549 ad
1561 522 1640 549 quem
1663 513 1754 547 omnia
1776 513 1844 543 refe.-

1052 563 1158 587 runtur.
1174 560 1245 587 llaec
1260 560 1351 594 itaque
1366 565 1458 587 nostra
1472 560 1607 587 lerarehia
1622 560 1708 587 instar
1721 559 1845 590 caelestis

1052 605 1184 639 tripartita
1192 609 1247 637 est,
1259 605 1285 632 in
1299 609 1355 632 tres
1366 605 1468 632 scilicet
1478 605 1640 632 lcrarchias.
1656 604 1774 638 Quarum
1788 604 1844 639 pri:

1051 658 1094 677 ma
1110 650 1249 684 temporali
1267 650 1375 684 quidem
1396 651 1508 683 ordine,
1525 650 1619 677 ultitna
1634 657 1699 677 vero
1715 650 1846 684 dignitate

1051 695 1136 730 legale
1155 700 1196 723 est
1210 696 1233 711 ‘°
1249 695 1448 728 sacerdotium,
1463 696 1533 730 quod
1556 695 1583 722 in
1608 695 1693 722 variis
1715 694 1846 729 valdeque

1052 740 1174 768 obscuris
1193 740 1322 776 symbolis
1340 747 1388 776 per
1402 740 1583 776 legislatorem
1602 739 1709 775 Moysea
1724 739 1746 754 “
1767 739 1846 773 plane

1055 786 1159 814 carnali
1188 786 1276 813 adhuc
1303 786 1422 821 populo,
1449 785 1617 820 literaeque,
1659 791 1713 812 non
1740 783 1845 818 spiritui

1057 833 1185 861 servienti
1201 833 1375 860 distributum
1391 836 1442 860 est.
1458 831 1541 866 Cujus
1555 831 1690 859 maximus
1705 830 1847 861 character

210 879 249 911 ni,
260 882 288 905 et
304 878 409 910 Petrus,
425 882 516 905 vertex
529 876 710 913 apostolorum
726 892 760 895 —
772 876 869 903 talibus
883 883 914 902 ac
925 875 1005 901 tantis
1019 868 1043 898 Β
1057 883 1116 907 erat
1135 878 1339 906 tabernaculum
1363 878 1427 905 illud
1446 878 1472 904 in
1491 878 1608 905 Arabico
1623 882 1715 905 monte
1733 877 1847 912 ﬁgurate

211 920 374 955 admonitus,
389 922 596 957 divinarumque
608 921 618 937 '
640 921 841 956 Scripturarmn
866 920 1002 956 mysteriis

210 968 391 1000 illuminatus,
416 967 525 1002 scripsit
543 968 592 994 hos
617 967 711 999 libros,
726 967 851 993 hortante
865 974 896 992 ac
912 970 1003 1000 postll-

211 1013 284 1041 lante
309 1018 404 1040 sancto
418 1013 569 1045 Timotheo,
596 1013 708 1047 aliisque
728 1013 749 1045 ',
764 1020 878 1047 quorum
895 1011 1003 1038 nomina

210 1057 238 1084 in
263 1064 389 1092 processu
416 1056 495 1091 hujus
513 1056 604 1091 operis
631 1056 788 1091 saepissime
812 1055 942 1088 declarat,
957 1055 1004 1082 d0-

211 1102 382 1135 ctrinamque
405 1100 523 1127 breviter
539 1100 667 1127 insinuat.
683 1100 735 1127 Sed
750 1100 902 1134 praesentis
914 1100 1004 1134 operis

211 1146 390 1173 intentionem
416 1145 534 1172 breviter
557 1146 683 1172 intimare
715 1145 896 1172 necessarium
923 1145 1002 1172 duxi-

214 1198 284 1222 mus,
300 1198 353 1224 quo
373 1190 478 1216 facilius
500 1189 586 1216 lector
598 1190 733 1217 studiosus
746 1190 924 1225 ingrediatur.
945 1190 1004 1217 Pri-

214 1242 273 1262 mus
299 1235 389 1268 itaque
413 1234 492 1267 libcr,
520 1234 567 1269 qui
603 1235 760 1263 inscribitur
788 1235 810 1251 ‘°
839 1235 872 1262 de
896 1234 1003 1263 caelesti

214 1279 360 1311 lcrarchia,
383 1279 454 1313 quod
480 1286 541 1310 nos,
557 1286 610 1305 non
626 1279 749 1312 verbum,
766 1279 812 1306 sed
841 1286 949 1306 sensum
962 1286 1005 1306 ex-

213 1325 372 1360 primentes.
391 1331 534 1358 possumus
547 1324 630 1351 latine
645 1324 736 1351 dicere
750 1325 782 1352 de
797 1324 906 1352 caelesti
919 1325 1006 1360 ponti-

214 1370 305 1401 ticatu,
332 1376 378 1396 seu
404 1369 437 1396 de
463 1377 569 1396 sutnmo
583 1369 603 1384 “
620 1369 782 1401 sacerdotio,
804 1377 901 1396 novem
920 1369 1005 1397 caele-

214 1414 294 1440 stium
315 1413 442 1441 virtutum
477 1414 670 1448 dispositiones
700 1419 859 1447 enumerat,
887 1415 1004 1447 ordinat,

214 1464 350 1494 segregat,
378 1458 536 1495 coniungit,
560 1467 707 1494 earumqtte
721 1460 822 1488 sanctis
836 1460 967 1495 theologis
983 1461 1004 1478 ¹²

215 1503 342 1537 divinitus
365 1504 552 1532 manifestatas
563 1504 736 1540 syntbolicas,
748 1505 798 1533 hoc
812 1510 854 1532 est
867 1505 1004 1541 signiﬁca-

215 1548 283 1575 tivas
290 1548 331 1575 vel
342 1549 471 1584 mysticas
481 1549 684 1583 imaginationes
693 1549 714 1565 ¹³
726 1549 875 1584 luculenter
882 1550 1001 1585 exponit.
1018 1546 1039 1575 C

216 1593 329 1622 Ordinat
346 1595 453 1629 quidem
475 1595 501 1622 in
521 1595 674 1630 superiores
687 1599 715 1623 et
728 1596 829 1623 medias
840 1599 867 1623 et
880 1588 999 1628 ultitnas,

215 1645 340 1676 segregat
366 1648 432 1668 vero
448 1641 579 1680 internas
594 1641 615 1657 "
627 1646 667 1669 ter
680 1641 839 1680 lcrarchias,
863 1642 1003 1677 conjungit

214 1687 315 1720 primas
333 1688 434 1714 ultimis
449 1692 475 1714 et
496 1687 605 1715 ultimas
624 1687 719 1722 primis
731 1695 779 1722 per
790 1688 904 1720 medias,
921 1688 1002 1714 mira-

213 1731 260 1759 bili
271 1732 473 1759 extremitatum
485 1736 513 1760 et
531 1732 705 1760 medietatum
721 1733 825 1760 ratione
835 1733 1000 1760 coadttnans.

214 1776 388 1804 Dissimilium
404 1785 512 1812 quoque
524 1777 672 1805 formarum
687 1778 883 1813 descriptiones
898 1778 924 1804 in
940 1786 1002 1813 pro-

214 1823 328 1858 pheticis
354 1823 504 1851 visionibus
527 1823 587 1861 plus
609 1831 690 1861 quam
715 1823 843 1851 similium
872 1824 1002 1852 caelestes

214 1868 380 1898 substantias
406 1859 560 1904 expressius
579 1859 710 1896 insinuari
728 1869 750 1884 "
764 1869 918 1902 conﬁrmat,
944 1869 1004 1897 nul-

216 1914 323 1948 lamque
346 1914 492 1941 visibilium
521 1922 568 1942 seu
593 1914 768 1942 invisibilium
791 1919 948 1942 naturarum
968 1916 1003 1943 ab

217 1957 293 1985 initio
319 1957 508 1992 intellectualis
532 1963 673 1986 creaturae
692 1967 776 1994 usque
791 1960 825 1986 ad
850 1964 1001 1993 extremum

218 2008 408 2037 terrenumque
430 2003 604 2031 vermiculum
627 2005 771 2036 nominari,
786 2012 818 2031 ex
835 2013 887 2039 qua
911 2005 1002 2032 divina

217 2048 348 2083 theologia
364 2049 497 2083 quandam
512 2049 715 2077 similitudinem
737 2051 770 2077 ad
798 2050 1002 2085 significandam

215 2094 335 2121 omnium
360 2101 450 2121 rerum
464 2094 619 2127 “causam,
639 2095 722 2122 Deum
737 2095 873 2127 videlicet,
894 2103 947 2122 non
963 2096 1003 2122 itt—

215 2139 350 2172 troducat,
367 2143 394 2166 et
419 2144 508 2166 cetera
532 2140 565 2167 "’.
592 2138 737 2169 Secundus.
751 2147 825 2172 vero,
839 2140 882 2167 ctti
904 2144 945 2166 est
959 2140 1002 2167 in-

1053 928 1245 952 monstratum.
1262 923 1386 951 Secunda
1399 931 1479 955 vero,
1495 931 1564 958 quae
1583 928 1611 951 et
1631 923 1734 956 media,
1753 929 1846 950 sacer-

1053 969 1168 1002 dotium,
1185 969 1255 1003 quod
1275 976 1346 995 nunc
1359 973 1401 995 est
1411 988 1418 1001 ,
1433 968 1580 996 Ecclesium
1593 968 1653 995 dico
1671 967 1739 995 Novi
1751 967 1847 995 Testa-

1054 1015 1138 1042 neuti
1149 1035 1156 1047 ,
1168 1015 1218 1042 sub
1231 1014 1319 1050 gratia
1332 1014 1440 1049 quidem
1454 1014 1629 1042 constitutam
1640 1034 1648 1046 ,
1660 1014 1759 1049 partim
1771 1021 1846 1048 sym-

1055 1059 1126 1087 bolis
1141 1059 1289 1086 visibilium
1304 1063 1536 1086 sacramentorum
1556 1059 1715 1093 dispositam
1727 1079 1734 1090 ,
1747 1058 1846 1093 partim

1055 1111 1119 1131 vero
1132 1103 1256 1130 veritatis
1270 1103 1497 1137 contemplatione
1512 1102 1670 1138 perfectam.
1683 1103 1717 1130 Et
1729 1107 1771 1130 est
1785 1102 1847 1130 finis

1055 1149 1220 1185 praeteritae
1231 1149 1333 1183 primae
1343 1169 1349 1180 ,
1363 1149 1467 1176 initium
1483 1156 1545 1175 vero
1560 1148 1666 1175 futurae
1678 1148 1841 1179 lerarcltiae,

1055 1202 1124 1229 quae
1141 1200 1182 1221 est
1200 1194 1294 1225 tertia,
1316 1200 1387 1219 ntmc
1401 1193 1423 1208 "
1441 1200 1474 1220 ex
1493 1198 1571 1227 parte
1597 1192 1723 1220 inchoata
1741 1192 1768 1219 in
1788 1192 1844 1227 pri-

1056 1239 1141 1266 mitiis
1160 1238 1411 1272 contemplationis,
1431 1237 1594 1271 perﬁcienda
1620 1244 1683 1264 vero
1707 1241 1769 1271 post
1790 1237 1846 1272 glo-

1057 1283 1124 1311 riam
1142 1283 1251 1309 futurae
1271 1281 1494 1314 resurrectionis,
1513 1282 1621 1316 quando
1638 1281 1783 1309 visibilium
1804 1289 1848 1309 sa<

1057 1332 1261 1356 erantentorum
1276 1327 1455 1353 velaminibus
1470 1326 1583 1354 sublatis
1600 1326 1687 1361 ipsam
1704 1327 1845 1353 veritatem

1055 1373 1199 1408 perspicua
1222 1372 1346 1400 claritate
1363 1371 1615 1406 contetnplabimur.
1634 1370 1750 1406 Ideoque
1769 1378 1847 1405 prae—

1057 1427 1120 1447 sens
1136 1419 1322 1447 ecclesiastica
1340 1419 1478 1446 lerarcbia
1489 1439 1496 1450 ,
1512 1423 1541 1445 ut
1555 1419 1686 1450 diximus,
1703 1418 1789 1445 media
1805 1424 1846 1445 est

1057 1465 1127 1492 inter
1151 1464 1266 1500 legalem
1290 1465 1464 1500 praeteritam
1490 1468 1517 1490 ct
1541 1464 1687 1491 caelestem
1712 1463 1844 1495 futuram,

1057 1509 1185 1544 quoniam
1211 1517 1264 1536 non
1293 1509 1379 1536 solum
1408 1514 1578 1536 aeternorum
1606 1516 1696 1535 rerum
1723 1508 1845 1543 symbola

1056 1555 1160 1590 peragit
1179 1560 1207 1582 et
1224 1554 1367 1582 visibiliter
1387 1554 1556 1586 considerat,
1574 1559 1604 1581 ut
1623 1553 1715 1589 legalis
1738 1557 1845 1588 praete-

1057 1600 1123 1632 rita,
1144 1600 1191 1627 sed
1208 1603 1235 1626 et
1246 1599 1412 1634 spiritualem
1432 1607 1525 1627 eorum
1541 1599 1564 1614 “
1582 1598 1786 1634 intelligentiam
1805 1599 1845 1626 in-

1054 1644 1188 1679 vestigare
1203 1643 1378 1678 invenireque
1392 1652 1444 1671 non
1463 1649 1551 1671 cessat
1565 1643 1598 1677 “,
1615 1648 1644 1671 ut.
1660 1643 1786 1671 caelestis
1805 1643 1845 1670 fu-

1056 1693 1131 1720 tura,
1152 1692 1179 1715 et
1195 1692 1294 1715 cetera.
1315 1687 1423 1715 Tertius
1440 1688 1537 1715 dehinc
1555 1688 1676 1715 continet
1694 1687 1845 1715 divinarum

1055 1733 1270 1761 nominationum
1290 1734 1420 1765 virtutes,
1445 1733 1560 1769 ideoque
1580 1734 1614 1762 de
1639 1734 1737 1762 divinis
1757 1732 1847 1762 Nomi-

1054 1779 1133 1807 nibus
1143 1779 1286 1807 vocitatur.
1301 1779 1330 1806 In
1340 1787 1374 1806 eo
1386 1780 1409 1796 ³⁸
1421 1780 1601 1807 secretissima
1616 1779 1848 1814 subtilissimaque

1057 1829 1214 1853 reserantur
1232 1826 1360 1861 mysteria
1380 1825 1413 1853 de
1430 1826 1536 1854 unitate
1551 1830 1579 1853 et
1600 1826 1721 1854 trinitate
1739 1825 1848 1853 divinae

1055 1871 1203 1903 cssentiae,
1218 1871 1270 1898 hoc
1284 1875 1336 1903 est,
1353 1878 1422 1905 quae
1437 1871 1547 1898 nomina
1561 1870 1584 1886 "
1600 1871 1761 1903 discretam,
1778 1877 1848 1905 quae

1057 1916 1160 1943 unitam
1186 1915 1324 1943 insinuent
1336 1916 1358 1932 ³⁷
1374 1916 1525 1948 Dcitalern,
1548 1924 1616 1951 quae
1633 1924 1680 1951 per
1705 1923 1735 1944 se
1759 1917 1846 1943 incar-

1058 1965 1122 1988 nato
1139 1961 1162 1976 "'
1176 1961 1245 1987 Filio
1269 1961 1432 1987 conveniant
1446 1962 1481 1992 ’³,
1499 1968 1569 1995 quae
1595 1961 1630 1987 sit
1657 1961 1737 1988 unius
1763 1961 1848 1989 solius

1055 2006 1176 2033 omnium
1194 2012 1294 2032 causae
1312 2005 1338 2031 in
1359 2005 1546 2039 primordiales
1563 2012 1660 2031 causas
1679 2004 1766 2039 prima
1785 2011 1846 2038 pro-

1055 2051 1157 2083 cessio,
1173 2057 1204 2077 ac
1218 2057 1266 2084 per
1281 2057 1329 2076 (‘38
1348 2050 1444 2076 iterum
1463 2057 1477 2076 a
1496 2056 1601 2076 SllmmO
1616 2056 1703 2083 usque
1720 2049 1845 2076 deorsum

1054 2095 1194 2130 multiplex
1210 2094 1371 2129 theophania
1383 2115 1390 2125 ,
1407 2095 1433 2121 in
1448 2101 1546 2129 genera
1560 2094 1667 2128 quidem
1678 2114 1684 2125 ,
1700 2094 1725 2120 in
1742 2093 1846 2128 species

1056 2149 1235 2177 numerosque
1250 2142 1272 2158 ³⁸
1289 2141 1435 2169 visibilium
1449 2146 1477 2170 ct
1489 2140 1663 2169 invisibilium
1676 2145 1841 2168 naturarum.

849 2215 976 2243 VARIAE
995 2216 1191 2245 LECTIONES.

255 2272 263 2287 ‘
288 2272 358 2298 ΕΒΗ
380 2272 496 2306 patibulo
509 2273 604 2300 crucis.

214 2308 326 2333 Iliacum.
364 2307 435 2334 ‘FH
457 2308 558 2334 multis.

214 2342 300 2368 (ratur.
353 2343 373 2357 “
400 2342 421 2368 E
443 2347 471 2368 et
499 2342 558 2368 Usst

214 2419 299 2437 rerum
328 2412 454 2437 omnium.

214 2449 240 2470 ct
257 2446 349 2472 Usser.
362 2446 458 2472 adhuc.

215 2478 238 2495 "
255 2482 343 2505 eorum
362 2487 417 2506 om.
436 2481 457 2507 E
476 2486 504 2507 et
523 2481 616 2508 Usser.

216 2518 303 2539 uuam.
342 2514 365 2529 "
381 2514 403 2541 E
415 2519 442 2542 et
457 2515 552 2543 Usser.
573 2517 751 2543 inltumannto.

660 2274 670 2288 '
687 2272 729 2314 EF
754 2272 923 2314 epistolary".
950 2282 1101 2314 "totum."
1122 2274 1133 2289 ³
1150 2274 1199 2300 hoc
1216 2280 1270 2300 om.
1295 2273 1325 2300 Ε.
1361 2273 1432 2314 κχιε
1449 2273 1538 2314 dist-im

364 2307 376 2322 ⁶
389 2307 435 2334 FH
457 2308 558 2334 multis.
608 2308 617 2323 '
637 2308 657 2334 Β
679 2308 766 2343 glossa
779 2307 816 2334 cel
840 2310 943 2343 quippe.
981 2310 992 2324 ⁸
1010 2307 1101 2336 BCDII
1114 2313 1324 2343 sanctorumque.
1361 2307 1450 2335 “Male
1470 2308 1490 2334 E
1504 2307 1628 2342 aliosque.

353 2343 373 2357 “
400 2342 421 2369 E
443 2347 471 2369 ct
499 2342 591 2369 Usser.
607 2350 654 2370 seu
669 2344 702 2370 de
726 2343 830 2370 caelesti
863 2351 964 2370 summa
993 2344 1154 2371 sacordotio.
1214 2343 1234 2357 “
1250 2342 1269 2368 F
1291 2343 1437 2371 theoloqiis.
1495 2342 1517 2357 "
1532 2341 1552 2368 Ε
1566 2341 1628 2369 etU

214 2361 300 2368 .........
401 2361 421 2369 μ
443 2361 471 2369 ν.
500 2361 591 2369 νων..
607 2361 654 2370 σω.
669 2361 702 2370 ..υ
726 2361 830 2370 Nam...
863 2361 964 2370 ,νη-...ην
993 2361 1154 2371 δημιυιηηι.

213 2377 277 2403 tivo:
298 2377 498 2411 itttagittaliones
523 2373 644 2411 mysticas
659 2378 707 2412 (vel
718 2378 796 2412 om.).
816 2377 839 2393 “
857 2378 898 2404 BC
918 2385 982 2404 vero
998 2361 1113 2404 internas
1126 2383 1175 2404 ter.

494 2412 514 2427 ’τ
531 2410 606 2444 Quae
622 2410 678 2446 jam
693 2410 781 2447 usque
792 2412 825 2439 ad
839 2420 934 2439 versus
957 2412 1066 2439 Lumine
1080 2413 1180 2439 sidereo
1192 2417 1244 2439 etc.
1268 2412 1405 2445 leguntur,
1434 2413 1460 2438 in
1485 2412 1578 2438 codice
1603 2410 1622 2438 Ε
1637 2412 1744 2438 desunt.

499 2448 521 2463 10
538 2447 620 2465 liccnr
643 2448 696 2465 ὅσα..
707 2453 742 2465 βαι
756 2447 779 2462 Ιο
794 2447 814 2465 Π
830 2451 855 2465 αι
871 2447 954 2465 "can.
979 2447 1009 2465 εει
1057 2448 1079 2463 ll
1100 2448 1144 2465 {in
1161 2445 1317 2465 ΠΓῘὶΙκΊῗΕΙΙ
1334 2454 1340 2460 α
1361 2446 1444 2465 "acor
1475 2446 1580 2465 llnnenn
1630 2447 1652 2462 η
1670 2446 1744 2465 Ιῖεειιι

538 2445 629 2474 Usser.
643 2448 696 2481 ipse
706 2445 779 2474 est."
794 2447 815 2474 E
830 2451 857 2474 et
871 2447 963 2475 Usser.
978 2447 1019 2474 sit.
1057 2448 1079 2463 “
1100 2448 1145 2474 Sic
1161 2445 1318 2474 BCDEFGII
1334 2454 1341 2479 ;
1361 2446 1452 2474 Usser.
1472 2446 1590 2481 Moysen.

538 2481 616 2508 isser.
660 2481 684 2498 ”
700 2490 752 2509 non
772 2487 854 2517 cesset
869 2490 930 2517 om.
941 2482 972 2509 Ε.
1011 2483 1034 2501 ’⁸
1048 2482 1131 2509 Usser
1144 2482 1206 2517 quia
1220 2482 1246 2507 in
1259 2490 1301 2517 go.
1341 2481 1364 2496 ¹⁶
1380 2482 1400 2507 Ε
1415 2482 1528 2508 nomine.
1568 2482 1589 2496 "’

1700 2272 1711 2289 '
1735 2272 1754 2299 Ε
1778 2272 1845 2298 iero-

1681 2308 1702 2323 ‘°
1718 2307 1737 2334 Ρ
1751 2308 1844 2333 inscri-

1214 2343 1234 2357 “
1250 2341 1276 2368 Ε
1291 2343 1437 2377 theologiis.
1495 2342 1517 2357 "
1532 2341 1552 2368 Ε
1566 2346 1593 2368 et
1606 2341 1698 2369 Usser.
1716 2342 1845 2377 signi/icti:

1216 2378 1238 2393 "
1250 2376 1293 2403 EF
1316 2378 1461 2409 insinuare,
1485 2377 1576 2403 Usser.
1596 2377 1749 2404 instmuarc.
1788 2376 1809 2391 “
1825 2376 1845 2403 E

1216 2420 1244 2438 c.
1268 2412 1405 2438 lecuntur.
1434 2413 1460 2438 in
1485 2412 1578 2438 codice
1603 2410 1622 2438 Ε
1637 2412 1744 2438 desunt.
1790 2411 1846 2438 “E

1630 2447 1652 2462 “
1670 2446 1759 2473 Usser.
1775 2446 1844 2480 jam.

1341 2481 1364 2496 "
1380 2482 1400 2507 E
1415 2480 1528 2508 nomine.
1568 2482 1589 2496 "’
1605 2481 1625 2507 Ε
1641 2486 1666 2508 et
1683 2481 1765 2508 Usser
1781 2480 1844 2506 iusi-

1122 2274 1133 2289 ³
1150 2274 1199 2300 hoc
1216 2280 1270 2300 om.
1295 2273 1325 2300 E.
1378 2273 1388 2288 ⁸
1407 2273 1429 2300 ll
1449 2272 1646 2307 discipulorum.

792 2515 814 2531 ’θ
830 2516 851 2542 Ε
865 2522 891 2544 et
911 2516 1001 2544 Usser.
1021 2515 1185 2544 conveniunt.
1222 2517 1243 2531 ’°
1258 2516 1279 2542 E
1297 2524 1427 2542 numeros.

955 2585 1080 2614 NOTAE.

251 2644 265 2658 α
288 2638 327 2664 Atl
342 2647 444 2675 vocem
466 2640 652 2675 coumnptatus
666 2640 687 2667 ι)
715 2640 781 2666 haec
797 2639 1004 2668 animadvertit:

217 2673 329 2710 Noverit;
336 2674 378 2710 Itic
391 2673 575 2703 translatorem
589 2683 640 2701 nou
651 2676 712 2702 bene
723 2674 832 2701 sensisse
846 2675 873 2700 in
886 2683 928 2706 eo,
937 2675 1006 2710 quod

216 2708 321 2745 beatum
335 2708 492 2745 Dionysium
507 2710 640 2737 Christum
652 2714 708 2744 post
722 2709 935 2745 resurrectionem
943 2708 1006 2745 ’ρον-

215 2743 341 2780 neraliter
371 2743 574 2780 contemptatqu
612 2743 720 2780 nstruit,
744 2752 776 2771 ει
800 2744 881 2780 uerbis
908 2744 1006 2780 scilicet

215 2778 297 2815 ipsius
322 2780 407 2806 sancti
432 2778 564 2815 Dionysii,
588 2779 632 2815 qui
659 2779 772 2807 scribens
799 2779 836 2805 ita
867 2778 1003 2815 loquitur:

218 2813 357 2848 (Quando
377 2819 400 2842 et
416 2823 474 2847 nos,
498 2813 524 2841 tit
549 2814 711 2847 aestimatur,
727 2819 749 2841 ct
766 2819 806 2847 tu,
821 2819 844 2841 ct
858 2813 932 2841 multi
945 2822 1007 2841 san.

1058 2646 1159 2668 ctorum
1170 2645 1319 2668 nostrorum
1330 2640 1442 2675 fratrum
1450 2638 1477 2675 in
1488 2638 1610 2675 visionem
1622 2637 1687 2664 vitae
1698 2638 1844 2675 inclinantis

1058 2681 1081 2702 et
1095 2675 1178 2702 Deum
1193 2673 1339 2710 recipientis
1362 2673 1478 2708 corporis
1498 2673 1673 2710 condemnatis,
1689 2673 1781 2710 adernt
1793 2681 1844 2710 uti;

1058 2715 1108 2736 tam
1119 2715 1143 2736 et
1163 2710 1209 2736 Det'
1217 2706 1305 2771 gata
1313 2706 1439 2740 Iacobus,
1455 2717 1464 2733 ι
1482 2712 1536 2734 etc.
1550 2706 1611 2733 Non
1626 2715 1719 2741 corpus
1735 2706 1842 2735 Christi.

1058 2746 1102 2771 scd
1115 2745 1203 2771 beatae
1247 2746 1319 2771 ariae
1331 2743 1385 2771 vult
1410 2747 1501 2769 auctor
1514 2741 1638 2771 intelligi.
1657 2742 1691 2768 ad
1706 2741 1782 2771 cujus
1798 2742 1842 2767 ott—

1057 2746 1102 2771 scd
1115 2745 1203 2773 beatae
1217 2741 1319 2771 Mariae
1331 2743 1385 2771 vult
1410 2747 1501 2769 auctor
1514 2741 1638 2776 intelligi,
1657 2742 1691 2768 ad
1706 2741 1782 2776 cujus
1798 2742 1844 2773 ob:

1059 2779 1123 2805 itunt
1134 2778 1245 2813 apostoli
1268 2784 1291 2806 ct
1313 2779 1367 2813 ipse
1380 2776 1522 2811 Dionysius
1547 2781 1571 2803 et
1587 2776 1632 2803 alii
1648 2776 1730 2803 sancti
1750 2775 1816 2810 fratr

1057 2822 1198 2841 conveucru
1202 2818 1229 2840 ιιι
