2084 3142
241 120 307 149 1039

936 122 1076 150 ,ΙΟᾹΝΝΙΞι
1097 122 1191 164 δωτξ

1813 122 1883 164 iota

241 175 396 203 caelestium
421 176 617 203 .erarehiarum
642 179 861 213 supermundana
881 179 1031 212 imitatione
1044 178 1069 209 Α
1083 184 1111 206 ct
1123 183 1196 207 rotas
1206 179 1336 214 quasdam
1349 179 1442 215 igneas
1464 182 1547 215 super.
1564 180 1669 209 caelum
1688 180 1883 215 imaginemus,

242 220 349 255 dignam
363 219 499 254 judicans,
522 225 549 247 et
559 220 860 262 dictas'immateriales
882 224 1032 262 ierarchias

243 265 426 292 materialibus
444 264 537 300 figuris
560 271 588 294 et
613 260 770 296 formalibus
794 260 1034 304 compositionibus

243 310 387 337 varilicans
412 310 539 343 tradidit,
569 316 598 338 ut
621 313 859 347 proportionaliter
877 314 953 351 nobis
969 314 1034 349 ipsis

243 364 257 383 a
271 354 462 389 sacratissimis
473 355 679 395 formationibus
694 358 720 384 in
735 358 846 393 simplas
859 364 887 386 et
900 367 954 387 non
969 359 1036 394 ligu-

237 399 508 428 -ratas‘ascendamus
531 401 687 431 altitudines
709 408 736 430 et
753 399 952 438 similitudines,
967 412 1035 440 quo-

245 446 316 472 niam
324 453 412 480 neque
419 443 597 481 'possibileest
604 448 611 463 ¹
619 450 821 487 nostroanirno,
830 450 863 478 ad
871 451 1036 480 immateria-

246 491 309 517 Iem'
318 491 391 518 illam
400 487 547 520 ascendere
553 487 710 521 caelestium
720 487 917 531 lerarchiarum
923 501 950 524 et
957 497 966 512 ³
975 497 1035 524 imi-

248 535 683 572 tationem'ctcontemplationem,
696 540 747 577 nisi
760 547 879 576 ea,quae
890 543 1037 569 secundum

247 581 335 615 ipsum
349 585 402 614 est,
424 583 780 617 materialrmanuductione
796 577 896 620 utatur,
919 587 1038 616 visibiles

246 625 354 660 quidem
369 626 470 662 formas
482 628 624 657 invisibilis
645 630 852 665 pulchritudinis
867 633 1039 668 imaginatio-

249 678 295 701 ncs
310 672 455 705 arbitrans,
479 678 507 700 et
519 674 529 689 ⁸
540 675 681 703 sensibiles
694 676 842 705 suavitates
857 677 957 713 ﬁguras
972 678 1041 711 invi:

248 715 335 743 sibilis
360 716 570 752 distributionis,
604 724 633 747 et
656 721 843 750 immaterialis
878 722 1042 751 Iuculcntiae

251 759 395 795 imaginem
414 763 566 791 materialia
590 763 690 792 lumina
701 785 708 798 ,
731 770 758 793 et
775 768 922 794 secundum
939 767 1042 795 intelle-

250 808 322 832 ctum
348 808 572 842 contemplativao
594 809 769 844 plenitudinis
792 812 900 847 pervias
917 817 927 833 ι
950 821 1043 841 sacras

1084 230 1111 252 ct
1128 225 1239 253 thronos
1263 225 1416 253 materiales
1438 225 1579 253 Divinitati
1599 227 1631 253 ad
1657 227 1812 254 recubitum
1838 234 1883 254 ne-

1085 270 1228 303 cessarios,
1250 275 1278 298 et
1297 278 1383 305 equos
1396 271 1526 309 quosdam
1543 271 1738 304 multicolores,
1759 275 1787 298 et
1802 272 1881 308 armis

1086 310 1157 343 feros
1171 309 1392 350 archistrategos,
1413 321 1441 343 et
1461 323 1639 353 quaecunque
1655 317 1707 344 alia
1723 324 1757 343 ex
1769 316 1885 351 eloquiis

1087 361 1163 388 nobis
1176 368 1253 388 sacre
1264 365 1290 387 et
1303 360 1481 388 formabiliter
1495 361 1516 377 "
1535 361 1562 388 in
1582 361 1714 388 varietate
1727 361 1884 388 manifesta-

1088 406 1202 434 tivorum
1222 405 1404 440 symbolarum
1429 405 1531 432 tradita
1551 409 1615 437 sunt
1634 411 1658 431 δ.
1684 405 1792 432 Etenim
1807 406 1885 432 valde

1087 449 1266 477 artificialiter
1274 449 1407 484 theologia
1421 449 1534 477 factitiis
1547 450 1632 480 sacris
1642 450 1664 466 ¹⁶
1678 449 1885 482 formationibus

1088 495 1116 521 in
1140 502 1193 522 non
1214 494 1336 529 ﬁguratis
1361 494 1545 522 intellectibus
1564 502 1613 522 usa
1626 499 1680 527 est,
1697 499 1830 527 nostrum,
1855 499 1885 522 ut

1089 540 1190 572 dictum
1217 544 1267 571 est,
1294 540 1414 567 animum
1442 540 1575 570 revelans,
1600 545 1628 568 et
1653 541 1704 576 ipsi
1731 541 1838 576 propria
1857 545 1885 568 et

1090 583 1259 611 connaturali
1291 583 1447 611 reductioue
1479 584 1647 619 providens,
1678 589 1706 612 et
1737 585 1771 612 ad
1797 585 1885 620 ipsum

1091 629 1242 657 reforntans
1268 630 1429 665 anagogicas
1448 637 1540 657 sacras
1562 630 1583 646 "
1606 630 1770 666 Scripturas.
1792 631 1820 658 Si
1844 633 1886 668 cui

1091 679 1182 702 autem
1196 675 1311 708 videtur,
1323 683 1414 706 sacras
1436 676 1544 711 quidem
1568 676 1650 712 recipi
1668 677 1887 712 compositiones,

1094 725 1220 754 tanquam
1243 720 1411 755 simplicium!
1425 717 1452 748 in
1474 720 1572 755 seipsis
1588 721 1795 756 ignotorumque
1813 723 1888 751 nobis

1092 769 1120 791 et
1143 764 1418 799 incontemplabilium
1438 764 1653 799 subsistentium,
1669 766 1889 795 inconvenientes

1094 818 1159 838 vero
1185 811 1310 843 aestimat
1334 815 1488 838 sanctorum
1518 811 1702 839 intellectuum
1726 812 1753 839 in
1777 812 1890 849 eloquiis

250 849 418 884 disciplinas,
432 856 459 879 et
473 853 582 881 adunati
598 855 631 881 ad
646 855 748 889 divina,
762 862 790 884 et
802 858 918 885 ordinati
933 858 1041 886 habitus

1099 862 1184 882 sacras
1195 855 1397 889 descriptiones,
1412 858 1438 882 et
1451 862 1540 888 omne,
1556 856 1596 883 sic
1610 855 1710 888 dicere,
1727 857 1820 883 durum
1838 857 1890 883 hoc

250 902 343 923 earum
358 918 365 929 ,
383 904 451 931 quae
475 898 521 926 hic
540 904 622 932 sunt,
640 901 844 935 dispositionum
867 903 991 940 ordines;
1016 908 1044 931 et

251 941 313 970 Jesu
327 944 542 978 participationis
556 945 641 981 ipsam
662 947 847 975 divinissimae
862 950 1043 977 eucharistiae

253 989 482 1024 assumptionem,
497 995 525 1019 et
538 999 714 1027 quaecunque
733 994 786 1021 alia
806 995 967 1023 caelestibus
982 996 1043 1031 qui-

252 1034 313 1061 dem
335 1036 460 1063 essentiis
478 1039 704 1072 supermundane,
727 1040 805 1067 nobis
819 1048 883 1068 vero
899 1042 1046 1077 symbolice

254 1079 352 1107 tradita
366 1084 438 1108 sunt.
450 1081 571 1121 Propter
591 1083 662 1111 hanc
676 1091 740 1120 ergo
752 1089 874 1112 nostram
888 1086 898 1104 '
913 1087 1046 1114 conratio—

254 1124 370 1153 nabilem
387 1126 491 1161 theosin
503 1128 659 1161 misericors
666 1129 839 1163 perfectionis
845 1131 1048 1166 principium,et

254 1170 388 1199 caelestes
403 1171 552 1201 lerarcliias
568 1174 645 1202 nobis
665 1175 852 1210 manifestans,
868 1181 895 1205 et
908 1178 1049 1205 commini-

254 1220 340 1255 stram
363 1225 456 1255 earum
481 1220 627 1255 perliciens
652 1226 775 1249 nostram
800 1222 984 1257 lerarchiam,
1016 1224 1050 1252 ad

256 1261 386 1290 virtutem
418 1268 539 1292 nostram
571 1266 747 1294 similitudine
784 1267 923 1296 deiformis
958 1272 1050 1296 suae'

255 1309 500 1343 sanctificationis,
523 1312 696 1340 sensibilibus
722 1313 885 1349 imaginibus
909 1322 1052 1349 supercae-

255 1354 337 1382 lestes
349 1354 493 1391 descripsit
512 1356 665 1386 intellectus
683 1358 709 1385 in
725 1351 915 1394 sacroscriptis
930 1351 1052 1395 eloquio-

257 1406 318 1426 rum
342 1401 603 1435 compositionibus,
628 1405 787 1438 quatenus’.l
812 1412 862 1432 nos
886 1406 1054 1433 reduceret'

255 1451 305 1479 per
319 1446 457 1480 sensibilia
470 1447 497 1474 iu
513 1447 713 1482 intellectualia,
727 1453 754 1476 et
768 1456 801 1477 ex
816 1457 891 1478 sacre
906 1450 1055 1486 figuratis”

257 1491 387 1526 symbolis
408 1492 436 1520 in
457 1492 568 1529 simplas
585 1494 742 1523 caelestium
763 1495 960 1524 Ierarchiarum
982 1505 1055 1525 sum-

257 1541 377 1566 milates.

529 1574 728 1605 CAPITULUM
748 1578 778 1605 ll.

259 1626 345 1660 Quam
363 1629 472 1663 pum/tre
487 1630 613 1668 divinaet
626 1632 748 1668 caelestia
763 1634 842 1660 etiam
854 1627 901 1668 per
915 1634 1054 1661 dissimilia

379 1671 383 1675 ί
486 1665 603 1700 symbolo
619 1667 831 1701 munifestantur.

294 1718 407 1753 Oportet
418 1727 492 1754 ergo,
505 1724 534 1746 ut
547 1721 670 1753 aestimo,
681 1722 798 1755 primum
818 1729 961 1757 exponere.
974 1730 1054 1761 quam

258 1762 368 1796 quidem
390 1771 450 1791 esse
469 1764 681 1799 speculationem
696 1766 784 1793 omnis
803 1767 956 1795 Ierarchiae
974 1768 1057 1795 aesti-

258 1803 366 1835 mamus
383 1809 415 1841 “,
438 1812 465 1836 et
478 1810 541 1843 quid
556 1809 640 1844 ipsius
657 1818 834 1847 unaquaeque
848 1813 945 1840 divinis
957 1814 1058 1849 profuit

259 1853 461 1887 laudatoribus;
488 1854 585 1883 deinde
611 1856 741 1885 caelestes
773 1858 923 1886 lerarchias
947 1859 1057 1887 laudare

259 1901 409 1929 secundum
438 1902 558 1937 ipsarum
582 1903 610 1930 in
638 1903 751 1939 eloquiis
784 1905 1026 1934 manifestationem
1048 1927 1055 1940 ,

260 1944 542 1981 consequentibusque
557 1947 599 1975 his
613 1948 711 1981 dicere,
732 1950 856 1984 qualibus
878 1950 975 1979 divinis
1001 1951 1056 1979 for-

260 1990 424 2019 mationibus
447 1993 577 2021 caelestes
601 1993 716 2028 ﬁgurant
747 1996 856 2023 ordines
888 1996 1056 2031 eloquiorum

261 2043 356 2063 sacrae
367 2038 572 2072 descriptiones,
585 2043 612 2066 et
626 2040 660 2066 ad
678 2039 786 2075 qualem
801 2045 907 2075 oportet
922 2042 943 2057 "
964 2049 1057 2069 ascen-

261 2081 325 2109 dere
350 2089 398 2116 per
420 2081 522 2111 formas
545 2085 697 2117 veritatem,
720 2090 750 2112 ut
773 2094 826 2113 non
845 2091 873 2113 et
895 2094 944 2114 nos
963 2086 1056 2114 eodem

261 2126 342 2153 modo
368 2126 460 2155 multis
482 2128 619 2156 immunde
641 2129 826 2162 aestimemus,
842 2131 972 2159 caelestes
988 2136 1015 2159 et
1036 2132 1057 2147 "

260 2168 407 2199 deiform'es
432 2173 537 2211 animos
566 2174 726 2210 multipedes
753 2182 812 2203 esse
840 2176 997 2210 quosdam,
1030 2181 1056 2203 et

262 2217 409 2255 multorum
425 2218 558 2259 vultuum,
574 2225 601 2248 ct
616 2220 650 2247 ad
669 2220 749 2257 boum
771 2221 977 2255 pecudalitatem
989 2242 996 2254 ,
1011 2226 1057 2254 aut

262 2262 298 2289 ad
315 2262 336 2278 “
363 2257 482 2290 leonum
500 2264 640 2292 bestialem
669 2267 888 2301 imaginationem
918 2267 1058 2299 formatos,

262 2310 290 2333 et
303 2307 337 2334 ad
350 2306 501 2341 aquilarqu
515 2315 597 2335 curvo
610 2314 698 2338 rostro
713 2312 842 2345 speciem,
862 2317 908 2339 aut
929 2313 961 2340 ad
984 2313 1059 2339 vola-

263 2349 351 2378 tilium
375 2349 539 2386 tripartitam
553 2353 657 2395 alarum
673 2357 880 2393 commotionem
895 2357 1060 2395 etiiguratos,

1095 901 1275 936 angelicorum
1302 901 1439 928 nominum
1468 901 1603 928 theatrum
1626 911 1632 928 :
1652 905 1679 928 et
1707 901 1827 929 debuisse
1852 902 1891 941 ait

1096 948 1232 983 theologos
1251 948 1284 974 ad
1297 954 1453 982 corpoream
1478 946 1611 981 facturam
1637 948 1825 979 universaliter
1848 949 1890 975 in—

1095 993 1273 1028 corporalium
1287 993 1436 1025 vcnientes,
1451 993 1567 1027 propriis
1578 1001 1618 1025 ea,
1630 998 1657 1020 et
1666 1014 1673 1025 ,
1686 997 1816 1027 quantum
1832 1001 1895 1028 pos-

1096 1039 1182 1071 sibile,
1198 1039 1317 1074 cognatis
1331 1044 1357 1066 et
1372 1039 1518 1065 reformare
1536 1040 1555 1055 ’⁸
1569 1045 1593 1066 et
1607 1039 1775 1066 manifestare
1789 1039 1892 1073 ﬁgura-

1098 1086 1215 1113 tionibus
1228 1093 1260 1113 ex
1277 1088 1296 1105 ὀ
1309 1085 1378 1120 apud
1393 1093 1442 1113 nos
1455 1085 1653 1120 pretiosissimis
1666 1089 1692 1112 et
1706 1084 1894 1119 immateriali-

1098 1133 1148 1159 bus
1167 1132 1189 1148 ιθ
1210 1131 1399 1165 quoquomodo
1425 1134 1452 1157 et
1479 1131 1734 1164 supereminentibus
1756 1130 1894 1156 essentiis:

1098 1181 1126 1204 et
1138 1177 1160 1192 “
1182 1184 1234 1204 non
1257 1176 1420 1215 caelestibus
1434 1180 1462 1211 et
1477 1175 1653 1203 deiformibus
1677 1174 1898 1209 simplicitatibus

1101 1227 1223 1249 terrenas
1239 1225 1267 1248 et
1279 1222 1300 1237 "
1319 1221 1480 1248 novissimus
1500 1220 1705 1255 circumpositas
1726 1219 1896 1246 multiformi-

1102 1272 1177 1295 tates.
1204 1267 1260 1295 Hoc
1284 1267 1392 1301 quidem
1418 1271 1446 1295 et
1471 1270 1591 1294 nostrum
1610 1259 1752 1293 sublimius
1775 1264 1894 1291 futurum

1102 1318 1182 1346 esset,
1198 1318 1225 1341 et
1243 1313 1475 1348 super-mundanas
1499 1311 1729 1339 manifestationes
1748 1318 1799 1338 non
1813 1310 1897 1340 dedu-

1104 1364 1177 1386 ceret
1197 1360 1223 1386 in
1239 1359 1262 1374 ¹³
1286 1358 1505 1386 iuconvenientes
1527 1357 1760 1384 dissimilitudines
1785 1356 1818 1382 “.
1840 1355 1896 1382 Hoc

1104 1405 1185 1432 etiam
1202 1404 1228 1431 in
1249 1404 1353 1431 divinas
1374 1403 1509 1438 illegitime
1531 1402 1554 1418 "
1575 1409 1628 1429 non
1650 1401 1773 1436 injuriam
1798 1400 1898 1431 faceret.

1105 1441 1226 1482 virtutes,
1242 1453 1270 1476 et
1286 1456 1371 1483 aeque
1396 1442 1517 1484 nostrum
1539 1455 1591 1475 non
1616 1448 1756 1475 seduceret
1780 1446 1898 1473 animum

1107 1497 1133 1524 in
1154 1495 1307 1532 immundas
1327 1502 1356 1523 se
1375 1495 1537 1529 inserentem
1552 1493 1769 1531 compositiones.
1796 1492 1831 1519 Et
1845 1492 1901 1519 for-

1075 1543 1090 1552 ”
1107 1542 1187 1570 lassis
1210 1542 1291 1569 etiam
1313 1536 1529 1568 aestimabuntur
1552 1533 1762 1574 supercaelestia
1785 1537 1901 1565 leoninis

1105 1587 1264 1621 quibusdam
1293 1590 1321 1613 et
1347 1580 1452 1621 equinis
1481 1583 1696 1622 multitudinibus
1722 1582 1841 1617 repleri,
1873 1587 1901 1624 et

1106 1630 1236 1670 mugitira
1261 1633 1366 1660 laudum
1397 1632 1520 1659 oratione
1536 1652 1542 1663 ,
1570 1636 1597 1658 ct
1623 1630 1721 1657 volatili
1745 1629 1902 1664 angelorum

1107 1680 1267 1714 principatu,
1281 1683 1309 1705 et
1319 1677 1478 1705 animalibus
1498 1677 1568 1713 aliis,
1581 1681 1608 1703 et
1626 1670 1747 1703 materiis
1762 1673 1899 1710 ignobilio-

1107 1721 1200 1755 ribus,
1230 1728 1360 1762 tanquam
1387 1722 1420 1749 ad
1449 1723 1645 1755 inconsequens
1675 1725 1702 1748 et
1728 1719 1844 1755 ignobile
1873 1722 1902 1746 et

1107 1768 1232 1803 passibile
1253 1761 1360 1795 reclusa
1378 1761 1554 1795 describenda
1568 1767 1590 1785 ’⁸
1606 1774 1654 1801 per
1665 1765 1753 1793 omnia
1767 1764 1901 1792 deformes

1107 1814 1178 1842 clare
1210 1803 1470 1841 manifestativorum
1502 1812 1669 1847 eloquiorum
1700 1809 1897 1850 similitudines.

1107 1859 1160 1887 Sed
1171 1859 1304 1891 veritatis,
1315 1863 1345 1886 ut
1357 1859 1481 1891 aestimo,
1494 1852 1631 1893 inquisitio
1644 1852 1766 1888 ostendit,
1781 1854 1900 1898 eloquio:

1107 1912 1167 1931 rum
1181 1904 1391 1931 sacratissimum
1407 1903 1567 1938 sapientiam
1580 1903 1594 1923 ιι
1605 1903 1632 1930 in
1649 1899 1800 1929 animorum
1813 1899 1901 1928 caele-

1107 1950 1188 1976 stium
1201 1937 1406 1987 i‘ormationi'bus
1421 1937 1563 1983 utrltmque
1581 1941 1660 1983 valde
1683 1946 1844 1988 providisse,
1864 1945 1902 1988 ita

1109 2000 1137 2022 nt
1165 1985 1252 2030 neque
1272 1985 1309 2022 inv
1326 1995 1439 2026 divinas,
1465 1994 1504 2021 sic
1527 1993 1550 2010 "
1578 1993 1688 2020 forsitan
1705 1985 1806 2020 diceret
1830 1985 1901 2024 quis,

1109 2039 1233 2074 injuriam
1248 2039 1349 2066 faceret
1362 2039 1486 2070 virtutes,
1500 2045 1587 2072 neque
1601 2034 1654 2065 nos
1665 2033 1693 2063 in
1709 2036 1776 2063 viles
1788 2034 1902 2070 passibi-

1109 2086 1170 2112 liter
1195 2085 1318 2120 infigeret
1341 2084 1486 2119 imaginum
1508 2083 1682 2110 humilitates.
1705 2081 1773 2115 Quia
1795 2080 1902 2116 quidem

1109 2131 1180 2157 cnim
1199 2130 1311 2165 pulchre
1326 2134 1485 2164 procuratae
1500 2132 1562 2156 sunt
1580 2128 1735 2159 informium
1748 2127 1860 2163 formae,
1875 2130 1903 2153 et

1110 2176 1211 2210 ﬁgurae
1220 2176 1368 2208 carentium
1380 2175 1481 2209 figuris,
1494 2182 1546 2202 non
1558 2166 1638 2201 unam
1649 2180 1757 2201 causam
1769 2171 1903 2206 diceret}!

1110 2221 1172 2255 quis
1192 2228 1253 2248 esse
1274 2225 1393 2248 nostram
1414 2220 1576 2255 analogiam,
1591 2226 1642 2246 non
1657 2218 1789 2245 valentem
1804 2217 1901 2243 immo—

1111 2267 1183 2293 diate
1213 2266 1239 2292 in
1270 2266 1417 2292 invisibiles
1447 2265 1554 2292 extendi
1584 2262 1842 2297 contemplationes,
1874 2261 1903 2287 e't

1111 2310 1308 2340 desiderantem
1331 2310 1455 2344 proprias
1472 2313 1498 2335 et
1521 2307 1707 2335 counaturales
1721 2304 1903 2335 reductiones,

1112 2345 1181 2392 quae
1202 2355 1342 2391 possibiles
1367 2356 1388 2374 ἐ
1420 2354 1498 2382 nobis
1523 2354 1698 2382 formationes
1725 2349 1903 2386 praetendunt

924 2407 1055 2462 VABIAI‘;
1068 2433 1269 2477 LECTIONES.

304 2499 502 2534 ‘B,quoniam5.
515 2501 682 2535 impossibile.
729 2502 770 2529 Ἀ
783 2511 833 2529 non
857 2503 1028 2531 mulerialem.

265 2570 287 2597 Λ
303 2574 430 2605 oporteat.
471 2570 492 2586 ”
506 2576 530 2598 et
544 2579 598 2599 om.
616 2572 648 2599 H.
689 2573 710 2588 "
721 2574 754 2599 ad
770 2570 824 2600 om.
841 2573 896 2600 All.
938 2574 957 2589 ιο
970 2573 991 2599 Α

1076 2503 1086 2518 8

304 2504 311 2515 ¹
326 2504 351 2531 Β,
361 2504 502 2534 quoniam).
515 2504 682 2535 impossibile.
729 2504 739 2518 ‘
750 2504 770 2529 Α
783 2511 833 2529 non
857 2504 1028 2531 malerialem.
1076 2504 1086 2518 ³
1097 2508 1120 2529 el
1143 2504 1231 2530 om.A.
1289 2504 1299 2518 ⁸
1313 2508 1336 2528 et
1348 2510 1401 2530 om.
1416 2504 1448 2528 A.
1534 2504 1554 2528 Α
1570 2504 1689 2528 discursu

265 2541 321 2561 om.
334 2534 365 2563 E.
404 2535 415 2561 ".
428 2534 449 2561 A
462 2543 563 2562 earum.
599 2537 610 2553 ⁸
621 2537 643 2563 Α
658 2542 685 2564 ut
721 2537 731 2553 ’
745 2538 767 2565 A
783 2538 943 2573 perduceret.
974 2538 996 2558 ιο
1012 2538 1031 2565 Α
1048 2540 1130 2565 sacris
1142 2538 1270 2572 ﬁguratis.
1310 2538 1330 2553 ιι
1349 2537 1393 2565 Sic
1404 2536 1466 2568 EH;
1479 2537 1502 2563 Δ
1515 2537 1691 2563 aestimemus.

265 2570 287 2597 Λ
303 2574 430 2608 oporteat.
471 2570 492 2586 ”
506 2576 598 2608 ctom.
616 2572 648 2599 H.
689 2573 710 2588 "
721 2574 754 2599 ad
770 2581 824 2600 om.
841 2573 896 2600 All.
938 2574 957 2589 ιο
970 2573 991 2599 Α
1009 2573 1164 2608 formaliler.
1205 2573 1227 2588 ¹⁶
1250 2573 1271 2599 Α
1282 2573 1364 2599 sacris
1376 2573 1495 2608 poetici},
1539 2571 1599 2608 }’_A
1609 2575 1690 2608 εει-ηεὲ

1021 2578 1164 2600 ormalller.

1763 2502 1774 2516 ι
1789 2501 1902 2524 nostram

1748 2534 1768 2549 "
1787 2532 1832 2559 Sic
1842 2531 1903 2563 AE;

1773 2568 1795 2585 ιε
1813 2568 1835 2593 Α
1850 2566 1905 2599 [ον-

1289 2502 1299 2518 ’⁸
1313 2508 1336 2528 et
1348 2510 1401 2530 om.
1416 2502 1448 2528 A.
1534 2502 1554 2528 Α
1570 2502 1715 2528 discursus.

1205 2573 1227 2588 ¹⁶
1250 2573 1271 2599 Α
1282 2573 1364 2599 sacris
1376 2573 1492 2606 poeticis.
1541 2572 1561 2587 ¹⁷
1577 2571 1599 2597 Α
1610 2575 1733 2606 inductas.

265 2602 360 2641 more,
387 2607 407 2637 ἓν
421 2613 453 2632 τι
463 2606 557 2633 nm.A.
596 2607 618 2626 ιθ
634 2607 653 2634 Ε
672 2608 860 2640 mater-inlibris.
878 2608 930 2635 "I3
942 2616 983 2634 ex.
1009 2602 1043 2623 ’³η
1064 2608 1150 2634 ez‘om.
1166 2608 1218 2635 BE.
1237 2608 1298 2636 ",in
1314 2602 1413 2633 oni.'A.
1430 2607 1453 2622 ’λ
1469 2606 1515 2633 Sic
1532 2606 1593 2636 AE;
1609 2605 1654 2632 BH
1670 2602 1902 2641 dissimulatioiics.

266 2639 290 2667 *⁵
301 2639 325 2666 Α
338 2640 417 2666 simul
431 2641 535 2674 injuste.
575 2642 597 2657 ¹⁶
616 2636 905 2669 Aduindescribunlur.
944 2643 1017 2669 "AE
1032 2644 1054 2670 si
1070 2644 1106 2669 sic
1115 2643 1242 2675 forsitan;
1257 2642 1300 2669 BH
1309 2643 1330 2668 si
1343 2642 1467 2668 forsitan.
1507 2642 1529 2655 “
1542 2640 1561 2666 A
1576 2641 1651 2672 dicet.
1691 2640 1712 2655 ¹⁹
1725 2639 1745 2666 Β
1758 2636 1905 2671 passibiles.

1009 2721 1132 2748 NOTAE.

302 2779 314 2793 α
336 2772 432 2799 Ezech.
450 2774 475 2805 l;
492 2774 575 2805 Apoc.
590 2775 640 2803 IV;
655 2774 739 2802 Isaiae
754 2774 801 2805 Vl;
823 2774 890 2800 Dan.
912 2774 972 2804 VII;
998 2776 1048 2802 Za-

265 2809 343 2853 μιν.
357 2806 386 2838 1;
402 2807 485 2842 Apoc.
499 2806 548 2841 VI;
562 2808 660 2837 Ezech.
670 2809 749 2836 XXIII
762 2818 768 2842 ;
783 2809 833 2838 Job
841 2808 908 2843 XVI;
919 2807 1037 2845 Sapient.

1102 2776 1143 2805 V;
1166 2776 1245 2803 Josuc
1265 2775 1305 2804 V;
1325 2776 1345 2801 Il
1366 2775 1429 2803 Mue.
1453 2776 1493 2803 Ill.

1132 2811 1143 2830 δ
1165 2811 1260 2838 I.1.ech.
1283 2810 1406 2843 XXVIII;
1427 2811 1474 2838 Job
1496 2808 1636 2838 ΧΧΧΗΙῘΪ
