4168 6284
537 308 679 364 ίοιδ

1812 297 2092 358 ιοΑΝΝιδ
2130 292 2330 353 SCOTI

3691 303 3846 360 ΜΗ

535 435 636 493 per
672 419 1018 477 inconfusum
1048 426 1103 473 et
1158 417 1658 474 incommutabilem
1700 417 1714 446 ¹
1766 415 1980 468 divinae
2024 411 2143 480 ρυι-
2166 409 2217 469 Α
2245 408 2512 463 essentias
2545 423 2612 462 ex
2639 405 3151 464 ineouvenieut-ibus
3190 409 3541 468 dissimilibus
3578 414 3846 472 similitu-

536 511 862 570 chritudinis
906 524 1171 577 amorem,
1222 519 1277 564 et
1325 509 1686 566 universalem
1735 506 2135 560 revocationem

537 607 594 662 in
645 607 719 672 id,
768 603 912 676 quod
958 618 1086 659 vere
1143 612 1226 661 est
1266 605 1642 674 appetendum.
1702 599 1809 656 Sed
1859 607 1912 654 et
1965 598 2136 666 ipsam

538 694 1069 752 irrationabilitatem
1141 702 1196 749 et
1262 695 1724 750 insensualitatem
1799 692 1851 745 in
1921 691 2136 762 quidem

538 785 997 842 irrationabilibus
1061 787 1384 842 animalibus
1419 827 1435 854 ,
1503 797 1595 841 aut
1658 787 1965 841 inanimatis
2019 800 2135 838 ma-

537 876 718 942 teriis,
752 875 1019 931 defectum
1071 877 1299 932 rationis
1345 886 1400 932 et
1457 893 1649 932 sensus
1707 879 1920 946 proprie
1979 892 2138 933 voea-

539 981 704 1022 mus:
744 966 798 1023 in
856 979 1035 1023 autem
1081 968 1525 1024 immaterialibus
1573 977 1645 1037 et
1689 968 2139 1024 intellectualibus

546 1056 832 1120 essenliis,
865 1068 1056 1113 sancte
1078 1067 1132 1114 et
1157 1059 1412 1114 decenter
1439 1060 1880 1130 supereminens‘
1913 1077 2099 1114 earum
2120 1100 2136 1126 ,

485 1211 498 1223 ‘
549 1156 610 1201 nt
630 1150 1132 1217 supermundalium
1154 1191 1168 1215 ,
1201 1151 1525 1206 confitemur
1547 1161 1725 1206 nostra
1753 1154 2060 1207 transitoria
2083 1162 2140 1210 et

546 1237 814 1306 corporali
836 1238 1044 1293 ratione
1069 1248 1125 1293 et
1153 1240 1418 1294 materiali
1444 1241 1678 1294 alienato
1710 1242 2138 1311 ittcorporalibus

545 1327 744 1382 animis
784 1343 946 1382 sensu
963 1331 1002 1381 ⁸.
1039 1329 1133 1383 Est
1177 1330 1360 1399 itaque
1400 1345 1506 1385 non
1546 1329 1636 1386 et‘
1666 1332 1913 1386 dissonas
1961 1332 2136 1387 refor-

548 1433 698 1471 mare
716 1424 737 1454 ³
761 1417 1086 1474 caelestibus
1109 1420 1333 1485 formas,
1354 1432 1409 1476 et
1428 1437 1494 1475 ex
1515 1422 1712 1476 vilibus
1734 1423 1990 1477 materiae
2014 1439 2138 1492 par-

551 1505 697 1560 tibus
719 1545 739 1572 ,
765 1507 1020 1577 quoniam
1051 1518 1106 1562 et
1133 1510 1246 1578 ipsa
1277 1525 1340 1564 ex
1385 1525 1514 1565 vere
1554 1511 1694 1565 bono
1732 1513 2136 1566 subsistentiam

543 1598 860 1665 possidens,
892 1613 992 1667 per
1019 1614 1234 1654 omnem
1259 1601 1340 1655 sui
1373 1601 1703 1657 materialem
1727 1603 2136 1672 dispositionem

545 1689 923 1744 resonantias‘
965 1691 1227 1760 quasdam
1287 1690 1668 1747 intellectualis
1722 1693 2140 1763 pulchritudinis

545 1781 732 1847 habet,
757 1791 813 1836 et
833 1783 1091 1851 possibile
1117 1793 1199 1839 est
1220 1799 1319 1853 per
1341 1800 1435 1840 eas
1458 1786 1640 1840 reduci
1665 1787 1731 1841 ad
1757 1787 2140 1843 immateriales

545 1872 753 1941 primas
790 1873 995 1930 formas
1037 1877 1398 1943 dissimiliter,
1428 1887 1485 1932 ut
1515 1880 1716 1934 dictum
1745 1889 1858 1945 est,
1889 1880 2142 1934 similitu-

545 1965 762 2020 dinibus
781 1967 1072 2036 acceptis",
1102 1969 1413 2025 eteisdem‘l
1435 1987 1540 2024 non
1564 1971 1832 2035 similiter,
1861 1981 2142 2042 compacte

549 2064 731 2109 autem
774 2065 827 2110 et
867 2058 1092 2127 pulchre
1119 2060 1681 2132 intellectualibusque
1702 2073 1756 2118 et
1795 2065 2144 2121 seusibilibus

549 2146 976 2214 proprietatibus
999 2148 1254 2204 definitis.
1291 2150 1438 2207 Haec
1479 2153 1737 2224 mysticos
1761 2153 2038 2226 theologos
2061 2157 2145 2211 in-

551 2235 836 2291 veniemus
862 2253 969 2292 non
1002 2239 1176 2294 solum
1225 2240 1544 2296 caelestium
1592 2243 2009 2314 dispositionum
2049 2246 2144 2302 de-

557 2324 949 2382 clarationibus
993 2328 1316 2384 mirabiliter
1363 2332 1900 2401 circumformantes,
1929 2336 2022 2392 sed
2054 2337 2142 2392 et'

548 2414 682 2484 ipsis
726 2417 1021 2488 aliquando
1073 2422 1463 2479 tbearcbicis‘o
1489 2425 2034 2484 manifestationibus.
2077 2429 2146 2485 Et

547 2504 835 2576 aliquando
865 2510 1082 2577 quidem
1127 2511 1296 2582 ipsam
1324 2529 1388 2567 ex
1415 2514 1705 2570 luminibus
1737 2519 1991 2586 pretiosis
2033 2521 2145 2576 lau-

556 2594 716 2661 dant,
749 2605 804 2650 ut
841 2598 1008 2652 solem
1051 2598 1330 2668 justitiae,
1364 2613 1422 2656 ut
1450 2603 1659 2659 stellam
1693 2610 2044 2675 matutinam,
2090 2613 2142 2667 in

556 2683 796 2738 animum
845 2697 1034 2743 sancte
1055 2689 1354 2755 orientem,
1387 2700 1443 2746 et
1479 2701 1536 2747 ut
1578 2693 1755 2749 lumen
1788 2697 2144 2755 incircumve-

548 2774 709 2858 late“
759 2786 813 2832 et
859 2779 1354 2838 intellectualiter"
1395 2787 1782 2857 reSplendensﬂI
1811 2809 1823 2844 :
1857 2790 2144 2862 aliquando

550 2880 680 2921 vero
706 2882 772 2922 ex
812 2871 1004 2925 mediis
1024 2911 1038 2936 ,
1082 2881 1140 2926 ut
1184 2873 1360 2944 ignem
1395 2876 1625 2932 innocue
1652 2879 2057 2949 splendentem,
2086 2893 2144 2938 ut

553 2968 752 3023 aquam
798 2957 977 3013 vitalis
1017 2960 1366 3030 plenitudinis
1411 2966 1671 3022 dalricem
1696 3011 1711 3033 ,
1760 2981 1816 3025 et
1848 2973 2144 3042 symbolice

550 3043 836 3102 dicendum
859 3089 873 3114 ,
923 3049 976 3103 in
1017 3060 1264 3108 ventrem
1295 3056 1616 3112 subeuntem
1641 3099 1654 3121 ,
1701 3058 2028 3134 fluminaque
2058 3080 2142 3119 re-

550 3135 914 3206 dundantem,
945 3141 1465 3225 immensurabiliter
1506 3148 1817 3205 refluentia:
1853 3152 2140 3223 aliquando

548 3237 841 3287 autem'ex
886 3234 1225 3302 novissimis,
1277 3248 1334 3291 ut
1385 3250 1717 3310 unguentum
1748 3258 1942 3309 suave,
1980 3254 2037 3298 ut
2067 3246 2142 3300 la-

547 3318 729 3391 pidem
776 3322 1088 3392 angularem
1105 3324 1154 3379 ι).
1200 3325 1306 3380 Sed
1351 3335 1406 3380 et
1450 3328 1731 3383 bestialem
1763 3331 1861 3398 ipsi
1913 3331 2140 3388 formam

548 3408 1364 3481 circumpouuut,etleonisei“
1398 3419 1747 3486 etpantberis
1785 3418 1829 3449 “
1857 3421 2144 3488 speciem”

550 3508 825 3567 coaptant,
863 3509 920 3554 et
958 3503 1314 3570 pardaliniam
1348 3506 1582 3559 vestiunt
1605 3515 1657 3561 et
1685 3522 1866 3560 ursam
1894 3511 2142 3565 saevien-

548 3594 662 3643 tem
675 3599 696 3626 ο
709 3627 723 3640 .
744 3589 952 3644 Addam
969 3605 1098 3646 vero
1108 3603 1162 3647 et
1183 3593 1567 3662 quodonmium
1591 3596 1748 3652 vilius
1767 3613 1888 3654 esse
1902 3609 1957 3655 et
1976 3604 2147 3675 magis

551 3677 859 3750 signiﬁcare
881 3681 1057 3737 visum
1099 3692 1212 3751 est,
1245 3684 1370 3754 quia
1416 3696 1472 3740 et
1512 3689 1712 3744 vermis
1744 3691 1923 3758 specie
1971 3693 2140 3764 ipsam

558 3772 797 3841 seipsam
844 3774 1375 3835 circumformantem
1406 3781 1633 3836 divini”
1661 3783 1937 3853 sapientes
1970 3788 2141 3843 tradi-

553 3860 751 3919 derunt
765 3861 815 3917 ἀ.
845 3862 935 3920 Sic
958 3881 1147 3923 omnes
1173 3869 1477 3942 theosophi,
1495 3881 1551 3928 et
1567 3874 1776 3928 occulta
1792 3877 2144 3947 inspiratione

549 3953 868 4024 prophetae,
895 3959 1096 4015 sanctis
1129 3961 1564 4022 incontaminatis
1593 3965 1929 4039 distinguunt
1957 3981 2142 4028 sancta

553 4055 866 4102 sanctorum
888 4089 902 4114 ,
936 4057 990 4103 et
1020 4051 1337 4108 dissimilem
1373 4067 1616 4112 sanctam
1650 4058 2026 4129 figurationem
2052 4065 2141 4119 bo-

553 4147 767 4205 norant,
792 4149 851 4194 ut
870 4156 1043 4213 neque
1071 4143 1251 4203 divina
1287 4147 1577 4205 immundis
1610 4153 1911 4210 tractabilia
1932 4157 1972 4188 ³⁷
1999 4157 2139 4223 sint,

558 4242 734 4298 neque
780 4233 1106 4289 mirabiliqu
1137 4237 1525 4306 agalmatum“
1553 4243 1778 4297 studiosi
1811 4248 2138 4317 contempla-

555 4326 704 4375 tores
743 4329 998 4394 tanquam
1043 4327 1187 4381 veris
1226 4339 1542 4384 remaneant
1565 4331 1768 4402 ﬁguris.
1804 4332 1928 4386 Et”
1956 4335 2136 4392 divina

2243 499 2460 555 dinibus
2493 497 3187 563 reformant",secundum
3238 502 3412 558 dictas
3452 519 3666 561 causas.
3713 508 3836 565 Non

2241 589 2385 645 enim
2414 588 2662 644 fortassis
2683 603 2853 658 aeque
2885 606 2990 644 non
3006 590 3052 620 "
3081 607 3180 647 nos
3211 592 3263 646 in
3299 595 3675 665 quaestionem
3707 604 3834 670 qui-

2241 681 2362 736 dem
2387 696 2451 735 ex
2469 681 2786 753 indigentia,
2819 681 2869 735 in
2891 697 3165 753 anagogen
3187 699 3401 755 quoque
3415 686 3463 717 ”
3486 703 3585 756 per
3604 689 3835 762 diligen-

2241 781 2349 828 tem
2382 773 2686 828 divinorum
2709 773 3096 827 scrutationem
3131 775 3474 842 veniremus,
3507 780 3610 833 nisi
3652 780 3835 834 defor-

2241 867 2402 920 mitas
2449 880 2550 921 nos
2603 872 2955 934 extorqueret
3006 863 3469 922 manifestatoriae
3516 870 3828 940 angelorum

2243 957 2724 1022 reformationis“,
2754 974 2860 1011 non
2893 959 3075 1013 sinens
3107 969 3353 1015 uestrum
3389 963 3630 1017 animum
3659 980 3828 1020 rema-

2242 1065 2368 1104 nere
2385 1051 2436 1102 in
2451 1047 2804 1102 dissimilibus
2828 1047 3122 1101 formarum
3145 1047 3390 1115 facturis,
3418 1053 3512 1114 sed
3538 1051 3823 1110 luctantem

2242 1156 2438 1212 negare
2487 1139 2802 1195 materiales
2849 1141 3266 1210 passibilitates,
3323 1152 3378 1199 et
3427 1156 3821 1200 assuescentem

2240 1249 2373 1304 pure
2413 1232 2632 1288 extendi
2660 1246 2757 1301 per
2783 1231 3014 1287 visibilia
3058 1233 3109 1288 in
3149 1235 3620 1304 supermundanas
3649 1238 3822 1291 altitu-

2240 1324 2413 1378 dines.

2311 1417 2484 1470 Tanta
2518 1416 2733 1493 quidem
2761 1434 2792 1472 a
2818 1418 2972 1473 nobis
2985 1418 3128 1473 dicta
3145 1429 3269 1474 sunt
3287 1432 3510 1493 propter
3524 1423 3828 1481 materiales.

2239 1515 2297 1561 et
2335 1491 2776 1563 inconvenientes
2822 1509 3126 1564 divinorum
3171 1491 3509 1580 eloquiorum
3557 1511 3818 1582 angelica-

2241 1597 2418 1651 rum"
2443 1599 2736 1667 imaginum
2759 1599 3167 1670 descriptiones.
3202 1602 3403 1656 Deinde
3430 1612 3611 1658 autem
3650 1619 3830 1674 segre-.

2242 1705 2372 1761 gare
2398 1689 2465 1720 "°
2497 1699 2731 1760 oportet,
2758 1690 2886 1760 quid
2913 1692 3082 1760 ipsam
3107 1693 3322 1760 quidem
3346 1709 3465 1748 esse
3505 1694 3821 1749 lerarcbiam

2245 1783 2591 1839 aestimemus
2623 1783 2692 1849 ",
2721 1784 2918 1854 quidve
2949 1784 3063 1853 ipsa
3091 1784 3362 1839 lemrcbia
3404 1786 3629 1854 prosit"
3654 1785 3820 1839 lerar-

2243 1875 2420 1931 chiam
2444 1873 2874 1930 sortientibus”.
2896 1872 3010 1926 Dux
3029 1888 3157 1928 vero
3173 1874 3243 1927 sit
3264 1875 3533 1928 sermonis
3555 1873 3821 1938 Christus,

2244 1966 2287 2020 si
2317 1964 2535 2034 quidem
2574 1963 2706 2019 mihi
2733 1961 2818 2018 fas
2850 1963 3061 2026 dicere,
3087 1980 3271 2028 meus,
3303 1964 3466 2017 totius
3491 1963 3826 2018 lerarcbicae

2245 2053 2700 2109 manifestationis
2747 2053 3052 2124 inspiratio.
3085 2054 3162 2107 Tu
3193 2070 3347 2118 vero,
3381 2070 3413 2109 ο
3440 2071 3600 2124 puer,
3631 2071 3840 2113 secuti-1,

2245 2146 2370 2200 dum
2413 2155 2657 2203 sanctam
2683 2153 2902 2200 nostrae
2944 2145 3294 2200 sacerdotalis
3327 2147 3628 2200 traditionis
3657 2147 3820 2217 legis-

2245 2235 2528 2300 lationem,
2558 2236 2673 2305 ipse
2701 2244 2888 2290 sancte
2928 2243 2983 2288 et
3023 2235 3274 2289 decenter
3314 2234 3554 2313 ausculta
3601 2236 3825 2291 mirabi-

2244 2326 2369 2382 liter
2389 2328 2680 2392 dictorum,
2707 2326 2924 2381 divinus
2948 2327 2998 2380 in
3023 2325 3135 2383 Deo
3162 2326 3270 2379 et“
3291 2327 3342 2380 in
3364 2327 3608 2381 doctrina
3629 2325 3826 2390 lactus,

2244 2429 2297 2474 et
2328 2429 2539 2476 secreto
2567 2418 2766 2483 animi,
2816 2433 2957 2488 quae
2997 2428 3185 2471 sancta
3236 2425 3393 2481 sunt,
3433 2417 3830 2486 circumtegens.

2243 2509 2598 2563 eximmunda
2627 2507 2988 2572 multitudine,
3017 2505 3578 2576 tanquamuniformia
3599 2507 3822 2562 cuszodi.

2245 2600 2360 2656 Non
2393 2601 2537 2656 enim
2571 2599 2685 2664 fas,
2713 2609 2772 2654 ut
2800 2599 3012 2669 eloquia
3047 2600 3229 2663 aiunt,
3261 2599 3313 2652 in
3344 2613 3538 2668 porcos
3567 2597 3835 2668 projicere.

2246 2693 2594 2748 iuvisibilium
2620 2691 3032 2764 margaritarum
3058 2689 3398 2752 inconfusum
3421 2688 3838 2744 etluciformem.

2246 2783 2654 2853 beneficumque
2683 2791 2936 2838 ornatum
2957 2792 3002 2834 ε.

2775 2914 3174 2971 CAPITULUM
3207 2913 3290 2970 Ill.

2245 3033 2386 3098 Quid
2414 3033 2478 3084 sit
2499 3032 2542 3062 ³ο
2582 3029 2870 3090 lerarchia,
2898 3040 3094 3098 etquae
3123 3044 3214 3097 per
3249 3026 3575 3081 lerarchiam
3606 3029 3823 3083 utilitas.

2169 3114 2212 3173 (ἶ
2317 3142 2412 3196 Est
2439 3140 2655 3210 quidem
2685 3139 2955 3194 lerarcbia
2987 3139 3280 3194 secundum
3317 3156 3402 3198 me
3431 3140 3564 3197 ordo
3592 3140 3834 3212 divinus,

2245 3243 2299 3286 et
2343 3231 2564 3286 scientia
2595 3271 2609 3296 ,
2649 3238 2702 3284 et
2747 3230 2925 3294 actio,
2957 3228 3204 3282 deiformi
3249 3237 3511 3298 quantum
3555 3230 3825 3299 possibile,

2247 3322 2496 3378 simulata
2512 3319 2740 3389 “,juxta
2768 3319 2812 3349 ³¹
2839 3318 3036 3372 inditas
3061 3318 3108 3371 ei
3135 3318 3391 3372 divinitus
3414 3319 3826 3376 illuminatioucs

2247 3412 2720 3486 proportionaliter
2753 3410 2804 3464 in
2831 3411 2920 3464 Dei
2952 3410 3358 3464 similitudinem
3395 3412 3706 3466 ascendens.
3740 3412 3826 3466 Di-

2249 3507 2368 3559 vina
2396 3504 2765 3574 pulchritudo,
2793 3513 2852 3556 ut
2883 3501 3105 3570 simp'a,
3138 3511 3198 3555 ut
3237 3503 3440 3572 Optima
3457 3544 3478 3570 ,_
3511 3513 3569 3556 ut
3616 3501 3834 3559 teletar-_

2247 3597 2400 3650 cbica
2417 3595 2485 3659 ⁸³,
2511 3609 2641 3664 pura
2663 3593 2879 3664 quidem
2895 3603 2976 3648 est
2991 3592 3368 3648 uuiversaliter
3390 3595 3532 3648 ontui
3556 3594 3827 3648 dissimili-

2249 3687 2471 3752 tudine;
2538 3685 2880 3741 distributiva
2935 3699 3101 3751 vero,
3159 3684 3451 3740 secundum
3509 3685 3820 3755 dignitatem

2249 3775 2667 3845 uniuscujusque
2711 3775 2911 3846 pr0prii
2962 3773 3208 3841 luminis;
3249 3785 3304 3830 et
3335 3774 3621 3844 perfectiva
3655 3774 3708 3828 in
3736 3790 3822 3828 sa-

2247 3867 2451 3923 crificio
2475 3866 2828 3929 divinissimo,
2863 3867 3153 3920 secmtdum
3189 3866 3255 3918 ad
3290 3866 3519 3936 seipsam
3564 3863 3824 3934 perfecto-

2249 3977 2366 4014 rum
2389 3971 2668 4030 compacte
2702 3957 3090 4012 immutabilem
3121 3955 3516 4010 formationem.
3561 3954 3831 4024 lnterpre-.

2247 4052 2378 4108 latio
2407 4051 2570 4122 igitur
2597 4048 2899 4104 lerarcltiae
2927 4056 3032 4111 est,
3057 4047 3122 4101 ad
3149 4048 3340 4112 Deum,
3369 4057 3631 4116 quantum
3659 4045 3824 4116 possi-

2245 4144 2389 4210 bile,
2448 4142 2742 4199 similitudo
2797 4148 2852 4196 et
2896 4141 3115 4206 unitas,
3166 4141 3342 4212 ipsum
3395 4139 3600 4195 habens
3654 4140 3826 4194 omnis

2244 4245 2465 4291 sanctae
2492 4244 2548 4290 et
2574 4234 2834 4290 scientiae
2874 4243 2928 4288 et
2957 4233 3188 4287 actionis
3214 4232 3406 4287 ducem
3433 4273 3447 4296 ,
3495 4244 3550 4285 et
3577 4233 3642 4285 ad
3673 4247 3830 4293 suum,

2244 4325 2638 4383 divinissimum
2685 4323 2936 4378 decorem
2986 4321 3393 4376 immulabilitcr
3436 4321 3654 4392 quidem
3693 4319 3820 4374 deli-

563 4410 750 4484 ilaque
774 4415 1138 4472 honorificam
1167 4419 1309 4475 veris
1341 4421 1719 4491 negationibus
1737 4464 1750 4488 ,
1784 4433 1840 4478 et
1861 4426 1928 4479 ad
1949 4427 2133 4481 novis-
2166 4451 2218 4512 υ
2245 4414 2853 4488 niens,quanlumque"
2877 4413 3128 4484 possibile
3152 4412 3540 4476 reformans",
3557 4427 3683 4467 suos
3709 4410 3820 4465 lau-

546 4501 684 4559 sima
709 4517 1112 4576 compactarum
1135 4513 1563 4567 resonantiarum
1579 4513 1622 4544 '°
1639 4514 1865 4571 diversis
1887 4515 2137 4573 similitu—

549 4590 787 4647 dinibus.
831 4593 976 4649 Nihil
1025 4610 1157 4668 ergo
1201 4597 1632 4670 inconsequens,
1679 4604 1724 4658 si
1775 4613 1830 4658 et
1872 4605 2138 4664 caelestes

2246 4515 2462 4569 datores
2498 4508 2765 4580 agalmata
2808 4506 2984 4563 divina
3015 4505 3243 4576 perlicit,
3285 4505 3498 4577 specula
3529 4505 3825 4593 clarissima

2246 4611 2300 4658 et
2341 4599 2540 4655 munda
2564 4639 2581 4665 ,
2632 4599 2902 4670 receptiva
2937 4596 3250 4670 principalis
3304 4597 3519 4652 luminis
3560 4606 3612 4650 et
3654 4593 3830 4656 divini,
3867 4600 3870 4602 ·

1857 4739 2114 4800 νΑιιιΑΕ
2149 4739 2442 4802 LECTION
2451 4739 2554 4796 ES.

674 4833 1144 4911 A_ir_nmutabilem.
1254 4841 1340 4896 Ἀ
1385 4845 1870 4911 supereminentias.

549 4975 877 5076 ᾳξηξξ.ωτιξ
919 4981 1255 5076 accfptqtia:
1293 4981 1338 5076 τι
1364 4975 1690 5076 Αέαεᾴςζη.Δ
1769 4988 1995 5076 ’etom.
2019 4992 2111 5076 ¹Α.

577 5049 597 5121 ξ
625 5045 685 5121 εἰ
709 5059 818 5099 om.
988 5045 1155 5121 ΞΪᾼΗ
1189 5053 1495 5120 pantherae.
1559 5052 1616 5086 ’¹⁵
1659 5057 1704 5109 Α
1738 5057 2136 5121 specialitatem.

549 5113 593 5191 ¹Α⁹
617 5109 687 5166 Et
708 5128 818 5191 om.
987 5117 1030 5191 ’k“
1054 5119 1099 5191 ᾼ
1120 5109 1577 5191 ἱηιὲιςὶηαιίοηαηι.
1657 5128 1699 5156 ²¹
1733 5109 2083 5191 Afﬁrmant.

544 5185 895 5294 [grmationim
972 5188 1017 5222 "
1046 5188 1093 5244 A
1138 5185 1418 5260 angelicas.
1494 5193 1562 5224 ’δ’
1591 5192 1682 5249 Sic
1703 5185 1902 5248 ΑΒΕἨ.

623 5253 659 5294 Δ
689 5267 961 5294 nni-luanan
1079 5258 1122 5292 ﬂ
1155 5258 1262 5294 Dm
1298 5263 1352 5294 ε..
1396 5261 1498 5294 nM
1522 5273 1566 5294 ι..
1596 5264 1622 5294 Α
1660 5265 1836 5294 una..-

619 5253 664 5307 Α
688 5258 981 5312 sortientes.
1079 5258 1122 5292 ”
1155 5253 1262 5316 Pro
1298 5263 1354 5316 in
1389 5261 1498 5316 Deo
1519 5273 1566 5316 et
1589 5264 1632 5318 A
1658 5265 1858 5317 divina.

546 5331 806 5388 quantum
838 5343 956 5382 vero
979 5337 1054 5382 est
1079 5331 1356 5399 possibile.
1435 5331 1482 5362 ³⁸
1511 5333 1555 5386 Α
1583 5333 1830 5400 reformat
1859 5344 1921 5387 et.

2161 5135 2207 5166 ’³
2241 5128 2347 5202 Pro
2399 5146 2560 5202 aeque
2609 5146 2712 5202 non
2733 5130 2778 5202 ᾼ
2800 5129 2996 5202 utique.

2023 5197 2070 5228 ’θ
2100 5199 2143 5252 Α
2171 5197 2530 5256 aestimamus.

1939 5264 1980 5300 ³ο
2011 5265 2054 5321 Ε
2075 5269 2220 5324 est."
2251 5271 2295 5322 A
2318 5270 2594 5326 simulam.

727 4846 1144 4918 ,ίζηηιυιροξςεηιο
1254 4846 1340 4918 ’,Δ
1385 4846 1870 4918 supereminentias.
1948 4854 1969 4884 ³
2002 4851 2094 4907 Sic
2130 4853 2249 4918 BE;
2287 4853 2381 4908 ΑΗ
2409 4860 2640 4907 nostram
2673 4847 3098 4918 transitoriam.“
3133 4846 3452 4918 corporalem
3476 4847 3730 4918 rationem
3772 4856 3820 4900 et

549 4903 876 4962 materialem
896 4917 942 4961 et
966 4906 1252 4964 alienatum
1281 4903 1699 4983 incorporalibus
1740 4918 1904 4972 animi
1946 4903 2532 4977 sensum—eac—ell—entes.
2611 4919 2692 4974 ‘et
2742 4903 2864 4974 om.
2897 4905 2940 4971 Α

549 4975 715 5045 gines.
791 4975 872 5030 Ἠ
919 4981 1217 5045 αεεεριαιίε.
1293 4981 1315 5013 ³
1364 4979 1410 5036 Α
1445 4983 1672 5039 easdem.
1769 4988 1852 5040 ’et
1887 5003 1995 5044 om.
2046 4992 2111 5043 A.
2215 4993 2260 5024 ¹⁰
2294 4991 2583 5045 Adivinis.
2662 4989 2701 5020 ¹¹
2735 4991 2778 5043 Α
2820 4990 2940 5043 circa

2444 5009 2474 5044 η
2481 5009 2583 5044 1118.

2217 5007 2260 5024 ’ν
2294 5007 2339 5045 A
2366 5007 2561 5045 awtms

2217 5061 2318 5114 ¹⁶Α
2354 5061 2551 5115 divina.

3033 4907 3083 4948 ’⁸
3122 4919 3168 4972 Α
3217 4907 3460 4987 formare.
3557 4915 3820 4987 “niuium-

2662 4989 2701 5020 ”
2735 4991 2778 5043 A
2820 4984 3225 5043 circumvolute.'
3310 4987 3349 5018 "
3383 4986 3424 5039 A
3471 4984 3819 5039 invisibiliter.

2633 5060 2672 5091 "
2711 5059 2756 5112 A
2788 5067 2920 5113 recte
2953 5071 3162 5127 accepta
3183 5059 3310 5112 sint.
3367 5057 3491 5110 "'A
3511 5056 3820 5125 imaginum.

2633 5129 2996 5179 mnAutiaue.
3098 5127 3364 5179 “aneane
3415 5142 3524 5179 om.
3577 5126 3643 5178 Α.
3719 5125 3822 5179 ²⁶Α

2651 5146 2712 5183 οη
2733 5142 2778 5182 Α
2800 5142 2996 5197 utique.
3099 5142 3364 5198 quoque
3415 5142 3524 5181 om.
3577 5142 3643 5178 Α.
3720 5142 3820 5179 ".1

2651 5201 2696 5238 ³⁷
2719 5199 2762 5252 Α
2787 5199 3013 5268 quidque
3041 5197 3106 5268 alt
3136 5199 3248 5268 ipsa
3279 5196 3554 5268 Ierarchia
3586 5206 3820 5268 prosunt.

2674 5269 2774 5322 "A
2800 5265 2852 5322 et
2888 5265 2979 5322 ad.
3056 5267 3100 5299 ³³
3129 5265 3175 5321 Α
3205 5265 3636 5324 consummatum.
3714 5265 3840 5318 “A‘

2083 5411 2303 5484 (om.

619 5520 898 5596 .‘E‘a'aﬂy
912 5525 938 5596 ,l
958 5543 972 5588 ;
997 5527 1164 5596 Apoc.
1190 5529 1252 5582 ll.

617 5587 644 5630 δ
658 5589 827 5662 Exod.
854 5593 924 5662 lll
945 5587 967 5658 ;’
990 5587 1146 5650 Jdan.
1168 5597 1186 5650 1
1205 5637 1221 5662 ,
1251 5598 1357 5652 γη..

619 5665 644 5698 α
664 5657 820 5716 Cant.
849 5661 902 5734 l;
925 5657 1052 5721 Isai.
1081 5657 1321 5736 XXVIII;
1353 5665 1478 5725 Osc.
1510 5667 1572 5736 V,
1601 5667 1650 5726 x

2313 5539 2339 5577 ἀ
2357 5539 2551 5594 Psalm.
2585 5539 2723 5594 XXI.

2313 5608 2540 5665 'Matth.
2571 5607 2677 5666 VII.
