2084 3142
0 165 7 190 i

0 230 7 247 ι

0 276 6 295 ι

0 315 5 339 ι

0 368 6 385 t

0 413 5 430 ι

0 459 3 477 |

174 155 243 186 ιωδ
510 154 634 183 VERSIO
654 152 796 182 OPERUH
816 152 845 179 S.
867 149 1027 179 DIONYSIL
1040 147 1276 177 —CAELESTIS
1295 144 1496 176 IERAQCHIA.
1752 144 1822 172 μηδ

174 213 263 246 radii,
289 217 317 239 et
341 211 424 238 indita
447 210 556 244 quidem
581 208 728 236 claritatc‘
750 214 827 234 saere
853 205 965 240 repleta,
982 205 1008 235 Α

173 266 289 293 eamque
301 258 398 285 iterum
409 256 519 291 copiose
530 255 556 282 iu
569 261 613 286 ea,
627 261 697 288 quae
710 256 869 287 sequuntur,
882 250 973 278 decla-

175 305 276 334 rantia,
288 302 436 330 secundum
457 300 564 328 divinas
585 299 667 332 leges.
693 297 751 324 Non
778 296 849 323 enim
874 295 916 322 fas
930 298 971 322 est

174 354 331 381 sanctorum
344 345 542 381 perl'eetoribus
553 348 599 371 aut
609 347 702 370 sancte
715 341 854 376 perfectis,
865 338 970 374 operari

175 393 262 428 quid!
284 391 396 419 omnino
420 394 528 425 praeter
552 387 676 423 proprias
698 385 873 413 teletarcbias
891 384 902 399 ³
926 389 972 412 aut

173 445 267 465 sacras
287 436 494 466 ordinationes;
521 434 569 461 sed
593 439 682 467 neque
706 430 855 458 subsistere
882 428 970 460 aliter,

175 483 226 509 nisi
240 482 251 498 ι
266 482 383 509 divinam
407 480 493 515 ipsam
504 481 514 497 '
528 478 685 506 claritatem
695 478 824 511 appetant
846 474 868 506 “,
893 477 922 500 et.
938 472 971 500 ad

174 531 259 565 ipsam
267 534 345 556 saere
356 531 384 554 et
395 526 523 553 decenter
534 522 708 558 respiciant",
723 526 751 548 et
766 519 947 548 reformentur
960 518 971 533 ⁸

174 574 324 604 secundum
349 570 564 604 uniuscujusque
598 572 754 596 sanctorum
787 565 971 593 intellectuum

175 620 338 654 analogiam.
353 617 448 645 Nonne
460 623 526 650 ergo
536 614 701 642 lerarehiam
715 613 761 648 qui
776 612 854 644 dicit,
866 618 972 638 sacram

176 664 313 699 quandam
329 660 518 689 universuiitcr
530 658 651 686 declarat
662 655 972 692 dispositionem’,ima-

176 711 266 745 ginem
281 708 387 736 divinae
410 704 593 741 spcciositatis
616 703 793 730 inordinibtts
814 705 842 728 et
853 700 973 728 scientiis

177 753 359 785 lerarchicis,
382 750 509 787 propriae
540 748 746 776 iiiuminationis
776 745 971 774 sacrificantem

179 799 318 835 mysteria,
334 802 362 824 et
375 797 407 824 ad
428 794 566 831 proprium
582 793 755 828 principium,
772 798 805 818 ut.
815 791 892 822 licet,
905 790 973 817 assi-

179 845 320 873 milatam?
344 844 392 871 Est
411 842 483 869 enim
505 841 651 875 unicuique
675 838 838 866 lerarciiiam
858 837 974 864 sortien-

179 893 244 919 tium
258 889 400 927 perfectio,
413 890 463 916 hoc
478 891 536 919 est,
558 887 706 914 secundant
721 884 858 919 propriam
879 883 972 910 analo-
990 874 1012 904 Β

178 938 250 972 giam
276 936 302 963 in
329 935 376 963 Dei
401 932 584 960 imitationem
610 931 779 962 ascendere,
802 933 831 956 et
854 928 975 955 omnium

179 982 311 1012 divinius,
327 984 357 1007 ut
372 979 478 1014 eloquia
494 978 584 1009 aiunt,
604 977 650 1004 Dei
666 979 869 1009 cooperatorem
883 973 975 1004 fieria,

179 1031 207 1053 ct
218 1026 360 1053 ostendere
375 1024 494 1051 divinam
508 1023 535 1049 in
555 1023 645 1056 seipse
660 1021 804 1051 actionem,
827 1018 975 1046 secundttm

179 1071 251 1106 quod
276 1068 405 1104 possibile
431 1071 494 1099 est,
517 1067 702 1097 relucentem;
729 1068 821 1098 utpote
847 1062 976 1097 quoniam

179 1116 246 1143 ordo
260 1113 414 1142 lerarchiae
426 1116 479 1144 est,
495 1111 626 1146 quosdam
641 1109 750 1144 quidem
764 1107 884 1143 purgari,
898 1113 978 1141 quos-

181 1163 242 1190 dam
262 1169 326 1188 vero
342 1167 474 1195 purgare;
498 1163 525 1185 ct
546 1157 676 1192 quosdam
692 1155 802 1190 quidem
818 1152 977 1184 illuminari,

181 1207 313 1242 quosdam
332 1213 396 1232 vero
408 1205 429 1220 ¹⁰
442 1204 611 1235 illuminare;
632 1206 661 1229 et
684 1200 815 1235 quosdam
831 1199 940 1234 quidem
957 1199 976 1218 ίι

183 1251 289 1286 perlici,
304 1250 437 1285 quosdatn
453 1256 517 1276 vero
531 1247 673 1283 perlicere,
689 1246 834 1279 uniettiquc
849 1244 980 1271 deiforme

182 1295 341 1323 adunationi
348 1294 531 1330 qualicunque
539 1292 627 1320 modo.
638 1291 730 1318 Divina
739 1290 889 1322 beatitudo,
896 1297 980 1323 quan-

183 1347 240 1368 tutn
256 1341 282 1368 in
299 1340 454 1368 hominibus
468 1339 623 1370 dicendum,
638 1345 705 1372 pura
721 1336 830 1371 quidem
844 1341 887 1363 est
901 1334 981 1363 simul

182 1388 255 1414 omni
267 1387 289 1402 “
303 1386 532 1416 dissimilitudine,
542 1384 619 1419 plena
636 1383 731 1411 vero"
746 1382 855 1409 luminis
867 1382 980 1423 aeterni,

182 1433 340 1467 perfecta.ct
350 1440 401 1459 non
409 1432 533 1466 indigens
540 1429 714 1457 simulomnis
721 1428 905 1463 perfectionis,
919 1436 982 1462 ptir-

184 1486 251 1513 gans
258 1483 285 1505 et
296 1478 451 1504 illuminans
465 1480 492 1503 et
504 1476 657 1511 pcrficicns.
671 1474 754 1507 Magis
763 1478 851 1500 autem
860 1473 982 1507 purgatio

185 1527 277 1549 sancta
288 1527 313 1549 ct
334 1521 494 1548 illuminatio
505 1524 532 1547 et
544 1519 674 1554 perfectio
686 1525 766 1552 super
778 1517 975 1552 purgationem,

184 1575 265 1602 super
276 1568 377 1599 lumen,
389 1571 452 1593 ante
463 1551 593 1600 perfecta,
604 1572 652 1598 per
662 1563 778 1598 seipsam
792 1551 921 1597 perfecta,
930 1569 975 1596 per
992 1551 1013 1581 (ἶ

184 1615 298 1647 scipsant
315 1612 488 1647 perfectionis
508 1610 668 1645 principitttn
680 1629 687 1641 ,
709 1613 737 1636 et
761 1608 850 1635 omnis
868 1607 976 1643 quidem

183 1658 335 1686 lerarcliiae
350 1665 442 1688 causa,
465 1656 606 1689 omnisque
629 1654 699 1682 sacri
714 1653 862 1681 secundum
882 1659 976 1686 super-

182 1703 347 1729 cminentem
361 1701 593 1728 cxcelsitudincm.
613 1699 725 1734 Oportet
739 1699 839 1733 itaque,
857 1703 884 1723 ut
898 1698 979 1724 aesti-

183 1759 226 1777 mo
241 1771 247 1782 ,
275 1749 429 1785 purgandos
449 1748 556 1783 quidem
578 1755 660 1781 puros
682 1746 774 1781 perlici
799 1746 929 1778 omnino,
951 1749 979 1772 et.

182 1795 254 1822 omni
271 1795 379 1821 liberari
393 1792 619 1820 dissimilitudinis
631 1791 806 1818 confusione:
821 1791 978 1817 illuminan-

182 1842 231 1868 dos
241 1848 304 1868 vero
318 1841 415 1875 repleri
431 1840 512 1867 divini
529 1839 681 1869 luminis”.
691 1839 724 1865 ad
739 1838 977 1873 contemplativam

183 1886 367 1913 habitudinem
382 1889 410 1912 et
423 1886 548 1912 virtutem
560 1885 586 1911 in
600 1884 788 1911 “castissimis
803 1883 899 1910 mentis
914 1890 979 1910 ocu-

184 1932 217 1958 lis
232 1931 400 1958 renovandos
413 1940 419 1957 :
434 1939 466 1957 ex
482 1930 639 1965 impcrfecto
655 1929 877 1956 l“reslaurandos
895 1929 978 1963 parti-

184 1977 258 2011 cipes
271 1977 329 2003 fieri
345 1975 545 2010 exploratorum
561 1982 699 2002 sacrorum
715 1973 877 2008 perfectirae
891 1974 978 2000 scien-

185 2022 239 2048 tiae
268 2028 275 2047 :
301 2026 459 2056 purgatores
478 2028 560 2052 vero,
582 2019 766 2054 magnitudine
779 2019 799 2034 ¹⁷
811 2018 978 2052 purgationis

183 2066 243 2093 aliis
254 2067 360 2093 tradere
376 2066 484 2101 propria
500 2066 623 2094 castitate
639 2074 645 2091 :
662 2065 858 2092 illuminatores
876 2068 977 2094 autem,

184 2116 212 2137 ut
226 2111 418 2139 luculentiores
434 2111 547 2143 animos,
556 2115 583 2137 et
598 2110 631 2137 ad
645 2108 877 2144 participationem
898 2108 977 2134 lumi—

183 2157 225 2184 nis
239 2161 265 2183 et
280 2157 497 2184 distributionem
518 2156 625 2191 proprie
645 2154 784 2185 habentes,
809 2152 978 2179 etditissinte

184 2206 294 2229 sanctae
305 2203 400 2237 repleti
412 2202 586 2233 claritatis“,
595 2200 705 2227 omnino
716 2207 793 2226 suum
806 2198 976 2232 sttpercxcei-

185 2247 242 2274 lens
255 2247 343 2274 lumen
356 2248 382 2274 in
398 2254 455 2279 eos,
471 2246 597 2282 quidigni
613 2250 675 2272 sunt
686 2244 796 2275 lumine,
813 2243 976 2278 super-vehe-

185 2298 215 2318 re
233 2299 240 2318 :
260 2292 427 2327 perfectores
442 2300 517 2324 vero,
530 2296 657 2326 tanquam
673 2293 864 2325 praeceptores
886 2288 975 2322 perfe-

181 2338 269 2364 ctivar
285 2339 449 2371 traditionis,
459 2339 589 2373 perficere
604 2335 780 2372 perliciendos
792 2335 975 2362 sacratissima

1021 203 1144 231 doctrina
1160 209 1209 236 per
1222 202 1406 236 inspectorum
1430 204 1572 229 sacrorum
1587 197 1740 228 scientiam.
1765 198 1822 226 Non

1024 248 1045 264 ι’
1053 256 1118 283 ergo
1129 247 1317 281 unusquisque
1327 246 1495 275 lerarcbicae
1508 242 1695 279 dispositionis
1704 242 1772 270 ordo
1781 250 1824 271 se—

1022 294 1140 321 cundum
1160 291 1300 327 propriam
1321 290 1472 325 analogiam
1488 287 1677 319 redueiturad
1694 287 1815 317 divinam

1022 338 1254 374 cooperationem,
1270 336 1314 364 illa
1326 336 1470 371 periiciens
1481 336 1566 371 gratia
1581 340 1608 364 et
1621 333 1680 363 Dm
1692 333 1755 362 data
1771 333 1825 362 vir-

1023 390 1174 419 tute,quae
1195 383 1374 411 thearcltiae"
1386 382 1546 410 naturaliter
1562 387 1591 409 et.
1611 378 1825 417 superuatllrali-

1022 436 1065 458 ter
1078 431 1154 457 unita
1168 430 1266 461 sunt“,
1283 433 1310 456 et
1324 429 1358 456 ab
1373 436 1404 456 ea
1419 428 1683 463 superessentialiter
1696 433 1757 455 acta
1769 447 1777 460 ,
1794 428 1825 454 ρ’

1022 477 1057 503 ad
1091 475 1249 510 possibilem
1276 475 1361 502 Deum
1384 474 1553 509 diligentiam
1565 474 1717 501 animorum
1733 474 1822 501 imita-

1023 522 1125 549 tionem
1138 520 1288 547 ierarchice
1303 518 1487 546 manifestata.

1292 563 1492 591 CAPITULUM
1507 562 1555 590 iV.

1121 610 1192 643 Quid
1208 608 1337 643 signiﬁcet
1353 608 1507 643 angelorum
1525 608 1727 643 cognominatio.

1056 656 1140 691 Igitur
1151 653 1288 681 lerarchia
1300 652 1453 686 bac"quid
1467 652 1545 684 sit",
1557 652 1719 684 utacstimo,
1726 652 1823 680 bene“

1022 710 1038 729 a
1052 702 1130 729 nobis
1140 700 1263 731 deﬁnita,
1278 697 1427 734 angelicam
1443 697 1606 725 lerarchiam
1618 697 1640 721 ³-⁸
1654 704 1824 732 consequen-

1024 753 1065 774 ter
1075 747 1098 762 ¹⁶
1113 745 1277 773 laudandum
1288 744 1322 776 ³⁷,
1345 747 1372 771 et
1392 743 1532 771 mirabiles
1546 743 1569 761 ’⁸
1580 743 1638 778 eius
1666 743 1824 779 in,eioquiis

1023 791 1170 819 formarum
1188 789 1308 817 factm'as
1327 789 1348 806 "
1369 788 1596 823 supermundanis
1615 788 1702 816 oculis
1716 789 1825 818 intuen-

1024 837 1086 864 dum
1095 835 1128 867 ³ο,
1152 839 1180 862 ut
1201 834 1379 862 ascendamus
1394 833 1421 860 in
1440 831 1709 861 deifOrmosissimatn
1729 841 1823 862 eorum

1025 880 1226 916 simplicitatem
1237 887 1285 914 per
1299 878 1426 914 mysticas
1439 878 1643 906 reformationcs
1653 879 1686 912 ³¹,
1703 883 1731 906 et
1744 879 1823 907 simul

1026 926 1116 954 omnis
1129 925 1298 953 ierarchicae
1310 923 1607 959 scientiaefprincipium
1615 924 1783 955 laudabimus
1798 925 1823 952 in

1028 971 1157 999 divinitus
1171 969 1293 1005 praefata
1319 969 1342 986 ³³
1356 969 1532 1005 religiositate
1551 974 1578 996 et
1604 969 1786 997 teletarchicis
1802 969 1824 985 ³³

1027 1017 1177 1052 gratiarum
1193 1015 1357 1043 actionibus.
1384 1015 1505 1042 Primum
1528 1014 1609 1042 simul
1623 1015 1743 1042 omnium
1759 1014 1824 1042 illud

1028 1064 1120 1091 dicere
1132 1071 1238 1095 verum,
1251 1066 1280 1089 ut
1292 1063 1415 1090 bonitate
1428 1062 1574 1089 universali
1590 1062 1826 1097 supercssentiaiis

1030 1108 1169 1137 thearcltia
1178 1108 1210 1141 ³⁸,
1222 1115 1316 1135 eorum
1331 1115 1402 1142 quae
1414 1111 1488 1140 sunt,
1502 1107 1634 1134 essentias
1646 1107 1825 1140 substituene,

1029 1155 1062 1182 ad
1085 1161 1146 1182 eSse
1168 1153 1288 1181 adduxit.
1315 1153 1361 1181 Est
1374 1153 1446 1180 enim
1462 1153 1514 1180 hoc
1535 1152 1657 1179 omnium
1673 1159 1784 1185 causae,
1797 1156 1826 1180 et

1030 1208 1111 1236 super
1122 1200 1214 1227 omnia
1235 1199 1367 1228 bonitatis
1380 1198 1517 1234 proprium
1531 1218 1538 1230 ,
1561 1198 1595 1225 ad
1608 1198 1825 1226 communionem

1030 1254 1106 1274 suam
1126 1253 1169 1278 ea,
1187 1253 1256 1280 quae
1278 1249 1357 1277 sunt,
1379 1252 1491 1276 vocare,
1515 1249 1545 1271 ut
1558 1244 1704 1279 unicuique
1721 1252 1827 1277 eorum,

1030 1299 1100 1326 quae
1127 1295 1209 1322 sunt,
1235 1297 1268 1316 ex
1287 1288 1396 1324 propria
1421 1288 1550 1315 definitur
1574 1288 1708 1324 analogia.
1732 1289 1827 1317 Omnia

1032 1338 1136 1372 igitur,
1163 1343 1233 1370 quae
1258 1339 1340 1367 sunt,
1365 1334 1529 1369 participant
1553 1334 1769 1368 providentiam,
1795 1340 1827 1360 ex

1031 1381 1252 1417 superessentiali
1267 1385 1295 1408 et
1306 1379 1492 1408 causalissima
1505 1379 1648 1406 divinitate
1661 1383 1826 1406 manantem.
1853 1411 1855 1413 ι

1032 1429 1089 1455 Non
1104 1428 1176 1455 enim
1191 1426 1316 1454 fortassis
1337 1429 1444 1457 essent,
1465 1424 1516 1451 nisi
1533 1431 1645 1456 eorum,
1663 1430 1732 1458 quae
1754 1428 1827 1457 sunt,

1033 1474 1179 1502 essentiam
1214 1480 1247 1500 ex
1281 1471 1414 1507 principio
1442 1473 1614 1498 assumerent
1624 1469 1658 1496 ³⁵.
1678 1469 1827 1499 Esistentia

1035 1519 1116 1553 igitur
1138 1518 1228 1545 omnia
1252 1522 1312 1544 esse
1351 1516 1410 1550 ejus
1445 1514 1628 1549 participant;
1664 1521 1725 1542 esse
1755 1514 1826 1541 enim

1029 1566 1148 1593 omnium
1165 1568 1207 1591 est
1226 1570 1308 1597 super
1317 1570 1377 1590 esse
1393 1561 1521 1589 divinitas
1532 1560 1554 1577 ³⁸
1570 1569 1577 1587 '.
1605 1560 1722 1588 viventia
1737 1564 1828 1589 autem

1029 1610 1122 1638 eadem
1138 1617 1217 1644 super
1231 1615 1338 1635 omnem
1353 1608 1434 1634 vitam
1450 1606 1556 1633 vivifica
1574 1606 1675 1633 virtute
1683 1606 1704 1622 ³⁷
1722 1615 1729 1633 :
1746 1606 1828 1633 ratio-

1029 1656 1099 1683 nalia
1112 1655 1134 1671 ³⁸
1154 1660 1181 1682 et
1203 1652 1394 1681 intellectoalia
1426 1653 1522 1679 eadem
1536 1652 1557 1669 ³³
1580 1659 1661 1686 super
1681 1656 1830 1679 omnemet

1031 1702 1163 1728 rationem
1186 1704 1213 1726 ct
1236 1698 1401 1726 intellectum
1419 1705 1468 1732 per
1483 1704 1512 1725 se
1525 1697 1646 1732 perfecta
1663 1701 1691 1724 et
1703 1701 1828 1731 anteper‘

1029 1746 1098 1774 fccta
1121 1744 1253 1780 sapientia
1271 1744 1305 1770 ⁸³.
1324 1743 1499 1777 Clarumque,
1514 1742 1578 1777 quia
1598 1741 1670 1769 circa
1682 1749 1741 1769 eam
1767 1741 1829 1769 illae

1028 1792 1209 1820 essentiarum
1228 1793 1291 1817 sunt
1303 1809 1311 1822 ,
1336 1795 1517 1824 quaecunque
1537 1787 1773 1815 innumerabiliter
1793 1787 1828 1815 ab

1029 1845 1061 1865 ea
1074 1840 1247 1871 acceperunt.
1264 1835 1381 1862 Sanctae
1396 1841 1461 1869 ergo
1474 1832 1632 1861 caelestium
1648 1832 1827 1860 essentiarum

1029 1882 1219 1917 dispositiones
1235 1887 1316 1915 super
1325 1887 1370 1913 ea,
1384 1887 1454 1914 quae
1468 1883 1572 1906 tantum
1591 1881 1664 1910 sunt,
1679 1881 1707 1904 et
1719 1877 1829 1905 irratio-

1029 1928 1154 1954 nabiliter
1174 1926 1293 1953 viventia
1308 1945 1316 1958 ,
1340 1925 1488 1952 secundutn
1512 1931 1563 1952 nos
1583 1923 1725 1951 rationalia
1744 1923 1829 1951 ierar-

1029 1972 1123 1999 citicae
1137 1970 1288 1997 traditionis
1300 1968 1500 2004 participatiou
1514 1967 1602 1994 factae
1617 1972 1690 1994 sunt.
1706 1966 1829 1994 invisibi-

1029 2017 1090 2043 liter
1111 2016 1182 2043 cnim
1206 2016 1233 2041 in
1261 2014 1379 2041 divinam
1404 2013 1585 2040 imitationem
1610 2012 1715 2046 seipsas
1740 2011 1827 2038 refer.

1032 2064 1157 2093 mantes,
1180 2063 1208 2087 et
1231 2059 1264 2086 ad
1293 2057 1479 2085 thearchicam
1503 2055 1708 2084 similitudinem
1733 2062 1829 2090 super-

1030 2107 1166 2134 mundane
1203 2105 1387 2140 aspicientes,
1416 2107 1443 2130 et
1480 2103 1598 2130 formare
1619 2101 1642 2117 "
1671 2105 1829 2136 appetentes

1029 2151 1238 2180 intellectualem
1266 2158 1342 2178 suam
1365 2149 1505 2185 speciem,
1527 2147 1694 2183 copiosiores
1716 2146 1828 2182 pulchre

1031 2198 1132 2224 habent
1154 2197 1187 2223 ad
1205 2204 1265 2223 eam
1280 2194 1483 2222 communiones
1495 2213 1502 2226 ,
1523 2192 1699 2220 adtendentes
1719 2190 1827 2225 quidem

1028 2248 1090 2271 sunt
1105 2243 1223 2278 [omnem
1237 2242 1331 2267 vitam.
1351 2240 1427 2274 Ipsae
1437 2247 1503 2275 ergo
1524 2242 1587 2266 sunt
1602 2237 1690 2272 primo
1704 2240 1733 2263 et
1746 2236 1828 2263 innu—

1028 2287 1244 2323 iiterabiliteri’],
1258 2291 1286 2314 ct
1303 2293 1410 2321 semper
1421 2285 1454 2313 ad
1464 2292 1613 2316 summum,
1628 2287 1758 2318 quantum
1774 2280 1827 2314 fas,

1028 2336 1055 2362 in
1067 2334 1273 2362 confirmatione
1282 2332 1305 2348 ³⁸
1316 2332 1400 2360 divini
1421 2335 1450 2360 et
1466 2330 1622 2359 inﬂexibilis
1633 2329 1734 2357 amoris
1744 2329 1828 2357 inten-

832 2380 959 2407 VARIAE
978 2380 1178 2414 LEQTIONES.

226 2431 232 2445 ‘
258 2431 279 2456 A
305 2430 404 2456 inditae
432 2437 459 2463 q.
496 2428 632 2455 claritatis.

183 2464 193 2477 “
209 2463 253 2491 ΑΕ
275 2469 409 2498 appetunt.
442 2462 448 2463 ί
463 2464 473 2479 "
486 2463 532 2490 AE
556 2462 705 2498 respiciunt.

182 2498 254 2524 dam.
293 2495 314 2517 Π
326 2499 431 2532 quidem
446 2506 501 2526 Otn.
515 2497 549 2525 Α.
589 2498 609 2513 ¹¹
627 2496 697 2532 erat:
710 2495 780 2532 omni
793 2495 880 2532 simul.
921 2496 943 2532 ίξ
960 2496 978 2532 Α
997 2496 1017 2522 ll

687 2428 696 2442 ‘
712 2427 734 2453 A
749 2427 864 2461 quidem.

182 2532 297 2559 vendas:
320 2530 342 2559 et
361 2534 535 2567 imperfectos.
575 2533 595 2548 "
612 2531 656 2558 BH
671 2530 885 2563 magnitudinem.
926 2530 946 2544 "‘
964 2531 982 2554 A
1001 2531 1128 2558 raritatis.

183 2568 202 2581 ’λι
220 2567 239 2590 Α
254 2571 282 2590 et
295 2568 540 2590 SIIMI‘IILIUII‘RIHPI‘
554 2568 655 2590 insunt.
694 2566 716 2580 ¹²
730 2566 778 2590 hac
793 2572 847 2590 om.
865 2565 895 2589 Α.
949 2565 970 2578 ’³
983 2565 1002 2590 Α
1014 2570 1061 2590 est.
1108 2565 1128 2580 "‘

949 2566 970 2578 "‘
983 2566 1002 2590 A
1014 2570 1061 2591 est.

183 2568 202 2581 ⁴³¹
219 2567 241 2593 Α
254 2571 282 2593 et.
295 2565 540 2601 superualu'raiiter
554 2568 655 2593 insunt.
694 2566 716 2580 ¹²
730 2566 778 2601 liae
793 2565 895 2601 (amati.

182 2602 204 2615 ’⁵
218 2602 238 2627 Α
254 2599 358 2628 deinde.
408 2603 429 2618 ’τ
446 2603 467 2628 Α
481 2602 626 2628 laudanda.
687 2600 709 2615 ⁸⁸
729 2599 748 2625 Α
766 2599 956 2632 mirabiles-quc.

185 2637 205 2650 τ’
223 2637 245 2662 Α
268 2637 368 2663 divina.
420 2637 442 2652 ³³
467 2637 488 2663 Α
507 2635 712 2670 perfertissiinis.
763 2633 786 2649 "
808 2633 980 2670 A‘dirinitns.

183 2671 225 2697 AB
248 2671 406 2698 divinitatis.
444 2672 466 2686 "
483 2667 511 2697 Χ
520 2667 629 2697 eandem
653 2678 675 2696 s.
697 2677 721 2695 c.
738 2676 762 2694 v.
779 2667 902 2700 uniﬁcam
917 2668 1045 2695 rirlutem.

755 2703 777 2718 δι
799 2701 845 2729 All
862 2703 1069 2737 participatione.

184 2707 276 2733 lectam
288 2711 315 2732 et
330 2706 533 2740 anteperfectam
546 2706 709 2739 sapientiam.

182 2745 280 2766 Iam—
294 2737 519 2767 innumérabiliter
547 2737 745 2773 supervacanea
769 2741 841 2770 sunt,
866 2742 892 2765 ct
914 2737 1026 2771 cperim

182 2776 308 2807 omnibus
320 2776 471 2803 codicibus.
519 2775 540 2790 "
554 2775 574 2801 Β
588 2774 822 2808 conﬁrmationem.

921 2425 963 2451 aA
989 2427 1095 2461 propria
1115 2425 1260 2452 hostiarum
1290 2424 1423 2461 mysteria.

771 2461 782 2476 ⁸
798 2461 842 2486 ΑΕ
857 2460 1043 2495 ι·‹ι[υί“ηιηνιιην.

1007 2599 1028 2614 ²⁹
1047 2600 1068 2626 Α
1083 2600 1209 2633 facturae.

1494 2424 1504 2439 ⁸
1524 2422 1547 2450 Α
1572 2431 1604 2449 si.
1659 2425 1669 2440 ⁸
1698 2421 1717 2447 Α
1735 2420 1826 2455 Ipsius.

1095 2461 1106 2477 '
1121 2460 1142 2487 Β
1155 2468 1231 2487 sacra
1244 2455 1391 2494 quadam...
1409 2458 1588 2494 dispositione.
1614 2491 1619 2494 _
1640 2456 1661 2472 ‘°
1672 2455 1728 2494 ﬂet
1748 2464 1828 2494 quos-

1034 2496 1095 2522 rcri.
1148 2495 1198 2521 "‘A
1213 2489 1300 2521 diuino
1314 2494 1420 2521 lumine.
1451 2489 1482 2508 ’¹⁵
1496 2494 1522 2519 in
1536 2499 1590 2518 om.
1606 2491 1639 2517 A.
1677 2490 1699 2505 ‘°
1711 2489 1734 2516 Α
1751 2489 1829 2516 redu-

1180 2530 1200 2545 "
1231 2529 1275 2556 Sic
1291 2528 1387 2560 codd.;
1408 2527 1432 2554 Α
1447 2526 1553 2554 Nonne.
1611 2526 1633 2541 ὐ
1649 2525 1671 2551 Α
1684 2524 1826 2560 divinitati.

1108 2565 1130 2580 "'
1144 2565 1166 2592 Α
1181 2565 1242 2591 bene
1259 2570 1285 2590 ut
1311 2558 1430 2590 aestimo.
1478 2561 1500 2576 “
1512 2561 1536 2587 Α
1549 2560 1666 2593 angelica
1681 2558 1827 2585 Ierarchiu.

1276 2599 1297 2613 ³³
1312 2598 1333 2624 Α
1348 2598 1498 2623 intuendae.
1568 2592 1593 2612 ’ί
1608 2594 1630 2620 Α
1640 2592 1828 2627 iformationy,

1029 2634 1051 2651 ³⁵
1076 2626 1095 2661 Ᾰ
1120 2634 1245 2661 cssentiae
1264 2638 1286 2659 ct
1312 2631 1433 2666 principii
1456 2629 1642 2666 assumptione.
1731 2626 1776 2666 §ic
1790 2626 1826 2659 E;

1097 2657 1158 2695 “75‘
1170 2657 1422 2695 rationaliarunlem.
1462 2665 1484 2694 ‘_’
1499 2665 1520 2691 A
1534 2657 1654 2691 e'andem.
1692 2657 1715 2676 ‘°
1731 2661 1752 2688 A
1766 2657 1828 2695 per;

1118 2704 1140 2719 ’θ’
1153 2703 1174 2729 H
1191 2704 1342 2737 reformare.
1366 2736 1371 2737 γ
1389 2700 1412 2718 ⁸³
1431 2697 1653 2737 Amultiplicitgr.
1674 2704 1775 2723 omnem
1789 2695 1827 2735 ri-

1028 2739 1052 2765 io
1069 2739 1190 2774 sequenti
1216 2730 1341 2765 videntur
1365 2736 1417 2763 huc
1432 2735 1503 2762 illata
1515 2730 1589 2770 _e§se.
1609 2732 1708 2760 Extant
1723 2737 1788 2757 vero
1801 2730 1827 2763 in

947 2806 1035 2836 ΝΟΤΛ
1040 2809 1070 2836 Ε.

219 2851 230 2865 ⁸
251 2845 336 2874 lCot'.
354 2846 404 2881 lll;
426 2845 548 2874 IIlJoan.
567 2846 591 2880 l;
615 2844 710 2873 Matth.
725 2844 757 2871 ν.
