4168 6284
578 253 715 310 11147
737 245 740 250 λ

1926 255 2208 314 ,ιοΑΝΝιδ
2245 257 2441 316 SCOTI

3707 271 3870 328 i048-

577 376 686 436 tae,
729 379 784 425 et
825 370 1149 440 principales
1194 369 1612 424 illuminationes
1642 369 2074 424 immaterialiter
2105 379 2159 426 et
2177 376 2234 434 Α
2263 372 2497 428 docuere
2522 413 2536 437 ,
2585 373 2779 429 deinde
2826 390 2924 444 per
2970 375 3115 446 ipsos
3156 377 3209 431 in
3239 393 3340 433 nos
3368 379 3628 436 scientiae
3661 385 3869 455 -gratia__

577 473 712 528 pure
741 460 1083 528 recipientes,
1115 467 1170 512 et
1195 459 1263 512 ad
1305 460 1447 528 ipsas
1478 459 1760 519 ordinatae
1781 497 1798 523 ,
1845 467 1900 512 et
1945 457 2154 514 intelle-

575 549 808 603 ctualem
853 547 1113 602 habentes
1156 564 1372 602 omnem
1417 551 1604 603 vitam.
1653 548 1806 618 Ipsae
1852 563 1983 618 ergo
2031 555 2157 602 sunt

575 639 752 706 primo
801 645 856 691 et
907 634 1372 694 innumerabiliter
1411 639 1427 669 ¹
1485 639 1540 692 in
1595 638 2008 707 participatione
2061 636 2156 690 Dei

578 730 770 790 factae,
799 734 854 780 et
879 727 1054 795 primo
1086 736 1142 780 et
1186 728 1554 797 multipliciter
1583 728 2040 782 manifestatrices
2065 726 2150 780 di-

574 817 730 869 vinae
757 815 1151 871 occultationis.
1181 816 1474 884 Propterea
1499 825 1553 870 et
1576 817 1717 870 ultra
1747 817 1928 870 omnia
1951 830 2151 886 cogno-

575 905 868 959 minatione
895 905 1135 975 angelica
1182 905 1423 960 selectim
1455 905 1647 974 dignae
1693 904 1874 960 factae
1910 913 2056 976 sunt,
2087 920 2154 960 eo

572 996 713 1067 quod
743 998 916 1066 primo
946 998 997 1051 in
1030 998 1231 1066 seipsas
1256 1001 1276 1029 ⁸
1322 997 1488 1051 edunt
1519 995 1758 1050 divinam
1807 995 2153 1051 illuminatio-

571 1105 718 1155 nem,
740 1097 794 1144 et
815 1104 911 1159 per
933 1104 990 1143 sc
1019 1089 1072 1142 in
1095 1105 1192 1143 nos
1223 1090 1488 1153 del'crunt,
1517 1102 1657 1156 quae
1686 1101 1846 1156 supra
1879 1101 1976 1140 nos
2005 1095 2149 1149 sunt,

570 1181 1052 1235 tnanil'estationes.
1091 1179 1391 1250 Siquidem,
1426 1186 1485 1232 ut
1519 1177 1784 1244 theologia
1810 1177 1903 1241 ait,
1931 1193 2030 1246 per
2055 1193 2152 1231 an-

569 1269 714 1339 gelos
744 1270 899 1324 nobis
925 1271 1154 1325 donatae
1183 1279 1340 1333 Slllll,
1387 1277 1441 1324 et
1469 1268 1729 1338 gloriosos
1769 1282 1984 1337 quoque
2026 1276 2153 1322 ante

570 1359 740 1430 legem
768 1369 982 1415 nostros
1012 1370 1192 1428 patres
1219 1359 1391 1430 angeli
1428 1360 1492 1414 ad
1527 1357 1769 1412 divinum
1801 1357 2148 1424 reducebant,

569 1449 712 1519 quod
743 1451 1007 1520 agendum
1045 1450 1471 1514 introduccntes,
1501 1457 1555 1503 et
1582 1451 1648 1504 ad
1677 1456 1877 1522 rectam
1905 1448 2150 1501 veritatis

568 1541 706 1594 viam
736 1556 800 1594 ex
832 1556 1018 1595 errore
1063 1550 1118 1595 et
1166 1543 1274 1596 vita
1324 1541 1600 1595 immunda
1655 1540 2013 1604 reducentes,
2055 1547 2149 1593 aut

565 1631 782 1684 ordines
815 1627 1002 1694 sacros
1056 1632 1436 1702 mysteriorum
1481 1630 1976 1700 supermundalium
2003 1669 2018 1694 ,
2053 1638 2149 1684 aut

2257 463 2588 518 descenditd.
2617 464 2708 525 Sic
2725 481 2857 534 ergo
2886 467 3255 524 divinissimus
3273 469 3492 526 Gabriel
3523 472 3870 530 Zachariam-

2255 553 2473 621 quidem
2522 550 2789 609 summum
2837 558 3173 613 sacerdotem
3239 561 3499 630 mysteria
3545 563 3852 630 edocui",

2258 641 2361 696 hoc
2405 640 2536 708 est,
2586 645 2902 713 prophetam
2945 647 2986 680 "
3037 646 3151 701 fore
3199 662 3268 701 ex
3313 649 3434 717 ipso
3465 661 3657 708 contra
3692 668 3852 724 span

2256 730 2426 799 gratia
2457 732 2638 787 divina
2668 735 3002 788 nasciturum
3027 751 3258 805 puerum
3282 739 3544 794 divinitus
3573 741 3858 800 ets'alutap

2255 821 2390 876 riter
2415 823 2615 876 mundo
2641 823 2924 881 manifesta
2943 825 3072 882 ridae
3097 827 3268 882 virilis
3293 828 3425 882 Iesu
3467 830 3682 886 divinae
3715 848 3850 902 ope-

2254 911 2500 966 rationis.
2533 911 2923 982 Mariamque“
2952 917 3223 984 quomodo
3246 917 3300 970 in
3323 919 3365 948 ”
3392 918 3508 987 ipsa
3537 919 3675 974 foret
3700 923 3847 977 divi-

2254 1017 2382 1056 num
2415 1000 2700 1056 ineﬂ‘abilis
2725 1003 2942 1059 divinae
2967 1004 3306 1062 fortnationis
3333 1009 3651 1078 mysterium
3673 1011 3714 1064 ί.
3741 1015 3849 1067 Ast.

2253 1090 2394 1144 alius
2429 1091 2743 1160 angelorum
2781 1092 2979 1163 Ioseph
3027 1096 3351 1161 erudiebat,
3401 1100 3672 1166 quomodo
3712 1116 3843 1157 vere

2253 1182 2608 1252 itnplerentur
2636 1184 2894 1238 divinitus
2920 1188 3188 1254 promissa
3223 1188 3551 1258 progenitOri
3603 1189 3765 1246 David
3787 1195 3835 1245 ε.

2251 1272 2404 1326 Alius
2430 1286 2560 1327 vero
2596 1282 2843 1342 pastores
2861 1315 2876 1340 ,
2907 1284 3161 1345 tanqnam
3202 1279 3492 1334 multorum
3521 1281 3694 1336 reditu
3713 1283 3756 1314 "
3781 1292 3840 1337 et

2250 1359 2468 1415 silentio
2492 1376 2784 1416 conversos
2809 1362 2852 1394 “
2877 1363 3296 1434 evangdizavit,
3335 1376 3538 1422 etcum
3567 1383 3634 1423 eo
3662 1370 3837 1424 multi-

2252 1450 2382 1504 tudo
2420 1451 2693 1506 exercitus
2718 1451 2968 1507 caelestis
3003 1453 3149 1508 illam
3177 1455 3333 1510 valde
3375 1456 3694 1513 laudabilem
3722 1469 3833 1514 tra-

2251 1540 2451 1594 debant
2490 1540 2577 1595 his
2599 1581 2616 1607 ,
2663 1542 2757 1611 qui
2789 1542 2842 1595 in
2876 1551 3019 1598 terra
3050 1553 3209 1609 sunt,
3247 1547 3605 1616 doxologiam.
3648 1549 3837 1618 Respi-r

2249 1631 2500 1700 ciamque
2534 1633 2601 1685 ad
2629 1631 3028 1687 excelsissimas
3057 1634 3396 1704 eloquiorum
3429 1638 3644 1693 luminis
3670 1654 3839 1708 appae

563 1720 803 1774 occultas
844 1721 1097 1786 visiones,
1141 1731 1232 1775 aut
1281 1722 1489 1775 divinas
1517 1721 1777 1790 quasdam
1809 1719 2151 1789 antepraedi-
2179 1711 2224 1771 B
2253 1718 2495 1774 ritiones.
2528 1720 2695 1776 Video
2715 1721 2885 1785 enim,
2908 1723 3162 1790 quoniam
3192 1733 3248 1778 et
3277 1725 3392 1793 ipse
3436 1725 3611 1792 Iesus,
3637 1741 3831 1797 super-.-

563 1809 803 1864 cationes
857 1813 1169 1882 prophetice
1229 1812 1621 1867 revelantesa.
1695 1810 1753 1865 Si
1801 1819 1980 1865 autem
2029 1809 2152 1879 quis

564 1901 778 1965 dixerit,
821 1912 874 1956 ct
903 1903 1026 1957 inde
1050 1903 1362 1958 immediate
1390 1903 1556 1957 fuisse
1584 1901 1907 1972 quibusdam
1935 1909 2149 1956 sancto—

564 1999 681 2045 rum
715 1991 1102 2061 theOphanias,
1136 1994 1308 2048 discat
1349 1995 1416 2048 et'
1441 1994 1543 2047 hoc
1573 1993 1846 2062 sapienter
1871 2006 1935 2045 ex
1967 2005 2151 2045 sacra-

564 2078 791 2140 tissimis
818 2083 1044 2151 eloquiis
1072 2124 1086 2148 ,
1130 2083 1402 2154 quomodo
1451 2084 1551 2137 hoc
1590 2083 1719 2152 quid
1745 2093 1802 2136 et
1829 2083 1988 2151 quale
2019 2083 2038 2113 ³
2067 2091 2150 2137 est

562 2176 655 2230 Dei
688 2175 977 2238 occultum,
1008 2189 1166 2228 nemo
1195 2175 1326 2228 vidit
1351 2189 1526 2243 neque
1551 2174 1815 2229 videbitb.
1859 2173 2144 2242 Theopha-

563 2267 685 2320 niae
716 2276 895 2320 autem
919 2265 1122 2318 sanctis
1149 2263 1326 2318 iactae
1349 2273 1473 2319 sunt
1503 2264 1796 2320 secundum
1824 2266 2146 2334 praedictio-

561 2373 657 2412 nes
682 2374 711 2410 a
741 2359 848 2412 Deo
875 2356 898 2388 ’⁵
925 2372 1020 2426 per
1044 2357 1303 2425 quasdam
1325 2422 1327 2424 _
1349 2371 1534 2412 sacras
1569 2355 1882 2410 videntibus
1917 2343 2144 2426 propor-

561 2449 838 2504 tionalium
879 2449 1141 2502 visionum
1192 2446 1677 2504 manifestationes.
1721 2445 1836 2515 Ipsa
1869 2446 2033 2516 igitur
2059 2463 2147 2501 sa-

559 2539 895 2608 pientissime
946 2537 1207 2607 theologia
1236 2537 1510 2603 visionem.
1551 2536 1715 2599 illam,
1748 2536 1982 2604 quaein
2029 2534 2143 2604 ipsa

557 2638 641 2684 est
679 2629 947 2698 descripta
971 2669 986 2694 ,
1033 2627 1293 2682 revelavit
1351 2627 1588 2682 divinam
1615 2667 1629 2693 ,
1685 2627 1844 2695 quasi,
1880 2627 1935 2690 in
1966 2625 2137 2681 forma

558 2718 866 2774 informium
899 2717 1334 2781 similitudinum,
1379 2732 1446 2771 ex
1487 2717 1784 2771 videntium
1816 2715 1870 2769 in
1902 2715 2140 2770 divinum

558 2809 893 2874 reductione,
927 2809 1151 2879 pulchre
1189 2809 1373 2864 vocari
1416 2807 1818 2878 theophaniam,
1859 2805 2011 2875 quasi
2048 2820 2144 2874 per

555 2901 730 2970 ipsam
763 2916 831 2955 ex
865 2901 886 2932 '
914 2899 1223 2954 videntibus
1253 2899 1434 2953 divina
1466 2899 1606 2954 facta
1636 2897 2048 2962 illuminatione,
2087 2904 2142 2949 et

555 2992 686 3060 quid
717 2992 1022 3046 divinorum
1055 2992 1186 3062 ipsis
1215 2990 1350 3044 mire
1380 2989 1794 3060 perdocentibus
1823 2988 1864 3040 ⁸.
1909 2985 2016 3041 Has
2045 3001 2142 3039 au-

2251 1809 2564 1864 caelestium
2593 1811 2950 1865 essentiarum
2982 1814 3452 1881 superessentialis
3479 1821 3724 1880 essentia,
3758 1817 3832 1872 ad

2251 1902 2304 1956 id
2324 1943 2338 1968 ,
2375 1903 2518 1972 quod
2545 1904 2841 1969 secundum
2888 1919 2987 1960 nos
3015 1913 3118 1967 est,
3152 1904 3558 1962 immutabiliter
3589 1907 3829 1971 veniens,

2251 2007 2356 2046 non
2399 1993 2573 2047 resilit
2614 1994 2654 2026 "
2679 1993 2780 2047 sub
2828 2008 2887 2048 se
2933 2001 2988 2048 et
3034 1995 3256 2048 militari
3305 2005 3358 2049 ct
3394 1996 3566 2050 electa
3599 1997 3834 2052 humana

2250 2081 2388 2136 bona
2414 2082 2457 2113 ¹⁸
2485 2083 2848 2146 ordinatione,
2895 2081 2986 2137 sed
3017 2083 3273 2137 obedicns
3299 2084 3546 2138 subditur
3570 2085 3749 2141 Patris
3775 2097 3829 2142 ct

2252 2173 2343 2226 Dei
2369 2189 2464 2242 per
2493 2175 2711 2243 angelos
2739 2175 3203 2244 dispositionibus.
3237 2175 3298 2228 Et
3327 2191 3422 2244 per
3443 2178 3652 2232 medios
3676 2179 3826 2247 ipsos

2249 2265 2601 2319 annuntiatur
2645 2265 2842 2335 Joseph
2873 2283 2904 2320 a
2942 2276 3098 2336 patre
3137 2268 3388 2337 disposita
3423 2269 3517 2322 lilii
3548 2269 3614 2324 ad
3643 2270 3826 2340 Aegy-

2249 2365 2396 2423 ptum
2427 2355 2664 2410 recessio
2688 2395 2701 2415 ,
2751 2364 2807 2410 et
2847 2355 3038 2410 iterum
3072 2356 3138 2409 ad
3167 2355 3424 2411 Judaeam
3467 2371 3535 2411 ex
3585 2359 3831 2428 Aegypto

2249 2443 2580 2499 transductio
2605 2445 2656 2498 ιι.
2700 2445 2767 2498 Ει
2820 2461 2916 2513 per
2963 2447 3182 2516 angelos
3227 2448 3397 2517 ipsum
3434 2448 3678 2520 videmus
3727 2452 3827 2505 sub

2245 2533 2488 2604 paternis
2551 2534 2976 2606 legislationibus
3047 2537 3422 2591 ordinatumi.
3487 2537 3631 2592 Iusto
3682 2541 3830 2595 enim

2244 2624 2428 2679 dicere
2466 2635 2523 2678 ut
2562 2625 2753 2680 scienti
2784 2627 2982 2680 nostris
3008 2625 3822 2685 sacerdotalibustraditionibus

2243 2729 2521 2784 expressa,
2548 2716 2690 2770 etde
2716 2716 2904 2786 angi-lo
2933 2717 3104 2784 ipsum
3133 2718 3316 2774 Jesum
3349 2718 3826 2784 confortante;ant

2243 2805 2370 2874 quia
2417 2813 2473 2858 ct
2510 2805 2626 2874 ipse
2670 2803 2826 2860 Iesus
2866 2821 2961 2875 per
3005 2816 3244 2862 nostram
3295 2807 3586 2862 salutarem
3623 2809 3820 2863 beneﬁ-

2243 2893 2496 2948 cientiam
2511 2893 2552 2924 ¹⁹
2582 2903 2638 2948 et
2662 2894 3146 2950 manifestatoriam
3164 2897 3386 2952 veniens
3407 2898 3824 2972 ordinationem.t

2243 2984 2464 3052 angelus
2505 2985 2684 3055 magni
2723 2986 2929 3039 consilii
2975 2985 3292 3056 appellatur.
3339 2987 3583 3051 Etenim,
3626 2971 3832 3057 ut

555 3055 664 3136 tem
695 3082 904 3136 divinas
949 3055 1182 3138 visiones
1227 3055 1456 3152 gloriosi
1498 3091 1683 3150 patres
1729 3082 1899 3138 nostri
1942 3080 2135 3138 eruditi
2167 3055 2210 3116 (ἶ
2243 3077 2466 3147 angelus
2481 3077 2524 3128 ἕο
2548 3076 2862 3149 praedictus
2889 3055 3050 3141 ait“,
3077 3092 3434 3147 quaecunque
3459 3055 3818 3141 audivitai’a:

552 3183 680 3228 sunt
721 3175 741 3206 '
769 3188 864 3242 per
911 3175 1117 3229 medias
1159 3174 1418 3228 caelestes
1469 3175 1715 3229 virtutes.
1763 3175 1846 3229 An
1872 3176 1895 3210 ⁸
1939 3190 2044 3232 non
2083 3184 2138 3230 et

551 3276 764 3318 sacram
784 3263 1522 3340 legislationemeloquiorum
1540 3263 1756 3318 traditio
1776 3263 1921 3318 velut
1933 3278 2030 3333 per
2044 3277 2102 3319 se
2114 3262 2136 3293 ’

551 3353 770 3424 quidem
801 3353 933 3408 dicit
961 3369 1027 3408 ex
1073 3353 1184 3421 Deo
1220 3352 1389 3421 Moysi
1426 3353 1684 3406 donatam
1708 3391 1724 3416 ,
1757 3359 1816 3405 ut
1842 3351 2006 3406 etiam
2039 3366 2137 3406 nos

560 3459 689 3499 vere
705 3446 915 3509 doceat,
936 3445 1146 3498 divinos
1169 3458 1428 3511 cumesse
1449 3452 1502 3496 et
1525 3458 1710 3497 sacros
1731 3442 2072 3497 characteres
2086 3442 2139 3495 οἳ

551 3533 723 3587 Docet
753 3544 933 3587 autem
968 3541 1022 3586 et
1043 3533 1144 3586 hoc
1172 3534 1446 3602 sapienter
1474 3532 1759 3602 theologia,
1793 3547 1890 3601 per
1919 3532 2138 3602 angelos

551 3637 674 3678 eam
702 3622 754 3675 in
785 3635 882 3675 nos
911 3623 1218 3691 provenire,
1252 3631 1507 3690 tanquam
1546 3622 1728 3677 divino
1755 3621 1908 3690 legali
1945 3622 2138 3677 ordine

555 3711 687 3767 illud
715 3711 959 3778 legaliter
987 3721 1240 3781 ponente,
1282 3711 1383 3765 hoc
1428 3719 1532 3776 est,
1575 3727 1672 3781 per
1700 3711 1871 3779 prima
1901 3711 2136 3766 secunda

551 3801 606 3854 in
637 3799 874 3854 divinum
905 3800 946 3831 ³ο
981 3800 1180 3856 reduci.
1218 3800 1424 3854 Etenim
1451 3816 1557 3856 non
1584 3800 1754 3855 solum
1783 3809 1834 3853 et
1866 3801 1916 3854 in
1944 3815 2134 3871 super-

550 3889 742 3960 positis
765 3898 820 3942 et
841 3889 1095 3959 subjectis
1117 3890 1333 3951 animis,
1361 3890 1456 3943 sed
1477 3896 1534 3943 et
1559 3889 1610 3942 in
1635 3904 1807 3959 aeque
1829 3892 2136 3958 potentibus

548 3979 664 4050 ipsa
699 3979 784 4035 lex
809 3980 1061 4035 delinitur
1085 3981 1528 4050 superessentiali
1567 3980 1808 4034 omnium
1837 3981 2135 4037 ordinatius

548 4073 631 4128 nis
652 4071 935 4143 principio,
965 4075 1067 4128 hoc
1095 4082 1196 4139 est,
1223 4089 1319 4145 per
1345 4089 1784 4147 unamquamque
1809 4074 2132 4142 Ierarchiam

546 4163 748 4232 primas
773 4172 827 4218 et
854 4165 1059 4218 medias
1085 4171 1140 4218 et
1168 4165 1388 4220 ultimas
1413 4180 1535 4219 esse
1559 4175 1615 4222 et
1653 4167 2049 4230 ordinationes,
2082 4175 2136 4221 et

543 4251 811 4316 virtutes,
861 4262 915 4308 et
959 4253 1226 4308 minorum
1274 4269 1395 4310 esse
1436 4254 1728 4309 diviniores
1787 4255 2036 4310 doctores
2081 4264 2135 4317 et

544 4345 982 4408 manuductores,
1013 4345 1065 4398 in
1100 4346 1336 4401 divinam
1368 4347 1746 4401 adductionem
1776 4353 1830 4400 et
1865 4346 2130 4402 illumina-

544 4431 746 4488 tionem
776 4441 830 4487 et
860 4434 1608 4504 communicatione:n.Vidco
1632 4445 1812 4491 autem
1839 4437 1904 4502 ³⁸,
1930 4438 2130 4505 quiaet
2159 4431 2166 4509 ί

543 4517 782 4575 divinum
795 4519 992 4575 Christi
1011 4522 1360 4578 humanitatis
1376 4525 1687 4595 mysterium
1706 4525 1881 4595 angeli
1897 4527 2127 4594 primum

2240 3175 2337 3231 tre,
2372 3167 2714 3222 annuntiavit
2743 3169 2896 3223 nobis
2917 3169 2963 3221 1'.

2808 3300 3204 3374 CAPITULUM
3246 3303 3320 3380 v._

2383 3413 2557 3478 Quare
2583 3429 2758 3467 omnes
2787 3414 3028 3484 caelestes
3057 3417 3307 3468 essentiae
3338 3419 3680 3484 communiter

2418 3493 2420 3495 '
2796 3483 2967 3552 angeli
2995 3483 3263 3537 dicuntur.

2307 3617 2454 3672 Haec
2477 3618 2695 3686 quidem
2722 3626 2806 3672 est
2827 3658 2841 3683 ,
2870 3625 3131 3686 quantum
3161 3618 3230 3672 ad
3259 3634 3387 3684 nos,
3415 3635 3572 3675 causa
3603 3622 3811 3691 angelis

2237 3723 2332 3762 cae
2361 3707 2415 3760 in
2445 3707 2676 3775 eloquiis
2705 3707 3217 3776 cognominationis.
3240 3707 3480 3777 Scrutari
3507 3720 3685 3765 autem
3703 3753 3718 3774 ,
3748 3723 3822 3768 ut.

2239 3800 2495 3864 aestimo,
2526 3805 2770 3868 oportet,
2801 3800 2870 3865 ob
2906 3813 3067 3867 quam
3105 3813 3324 3854 causam
3359 3801 3590 3872 theologi
3620 3817 3823 3869 omnes.

2237 3889 2453 3958 quidem
2497 3888 2659 3943 simul
2701 3888 2965 3946 caelestes
3005 3889 3270 3944 essentias
3312 3890 3533 3960 angelos
3577 3903 3767 3948 vocant
3793 3912 3821 3947 :.

2238 3981 2305 4036 ad
2339 3979 2826 4034 manifestationem
2884 3987 3066 4033 autem
3107 3981 3383 4042 venientes
3423 3984 3813 4052 supermunda:

2239 4073 2367 4128 lium
2412 4073 2655 4142 ipsarum
2699 4070 3113 4140 dispositionum
3142 4110 3159 4135 ,
3209 4071 3456 4145 ordinem
3512 4074 3826 4144 angelicum,

2238 4163 2550 4234 specialiter
2577 4162 2862 4218 nominant
2879 4201 2894 4227 ,
2923 4161 3243 4232 completive
3274 4162 3658 4220 terminantem
3681 4164 3812 4220 divi-

2239 4270 2337 4310 nas
2361 4262 2416 4310 et
2452 4253 2718 4317 caelestes
2759 4265 2877 4310 res:
2898 4237 2902 4242 ’
2923 4261 3048 4305 ante
3089 4250 3263 4319 ipsum
3305 4265 3436 4305 vero
3477 4253 3810 4321 superposite

2237 4345 2638 4416 archangelicos
2662 4343 2918 4400 ordinant
2955 4350 3198 4406 ornatus,
3225 4342 3608 4413 principesque
3638 4353 3695 4408 et
3715 4359 3810 4414 po-

2236 4443 2459 4495 testates
2484 4442 2538 4488 ct
2564 4434 2810 4499 virtutes,
2839 4441 2894 4486 et
2919 4444 3268 4501 quascunque
3296 4430 3379 4485 his
3403 4431 3810 4499 superlirmatas

2235 4523 2502 4580 essentias
2556 4522 2897 4594 eloquiorum
2955 4528 3296 4592 cognoscunt.
3344 4521 3810 4581 manifestatoriae

1864 4655 2120 4713 νΑιιιΑΕ
2158 4655 2537 4732 LECTIONES

613 4761 628 4790 ¹
655 4760 705 4832 AA
721 4759 1094 4832 multipliciter.

542 4843 652 4896 om.
682 4829 746 4882 Α.

541 4899 681 4953 uina.
817 4900 855 4930 ¹¹
912 4909 1082 4964 autem
1134 4915 1244 4955 om.
1301 4901 1411 4955 BH.

543 4968 732 5039 relatu.
847 4971 890 5000 ¹⁸
917 4971 954 5022 Α
988 4983 1253 5039 purgatos.
1378 4973 1420 5004 "
1461 4972 1551 5028 EH
1601 4968 1781 5028 relisit.

548 5037 589 5069 "
616 5037 660 5092 A
693 5028 997 5108 beneﬁcam:
1081 5028 1125 5072 ίδ
1151 5040 1239 5096 ΒΕ
1288 5042 1490 5113 angelo.

840 4761 1113 4859 iiﬂlic‘iteq;
1389 4763 1442 4845 in
1489 4763 1710 4859 seipsis..
1767 4769 1788 4800 ³
1828 4767 2011 4859 Arlioe
2037 4771 2276 4859 ’yuidem'
2307 4770 2445 4859 quod
2484 4778 2588 4825 est.

882 4831 926 4883 A
953 4830 1167 4897 quidem
1201 4832 1388 4886 divinis
1415 4833 1540 4902 ipsis
1568 4844 1740 4888 sancte
1764 4830 2165 4904 perﬁcientilius.

882 4909 1082 4975 autem
1134 4915 1244 4955 om.
1301 4901 1420 4975 BH.
1466 4903 1548 4975 _’_f
1577 4901 1666 4957 Bll
1707 4921 1800 4973 per
1852 4905 2173 4975 prophetam.

2687 4769 2711 4800 ⁸
2734 4767 2783 4824 Δ
2802 4769 3095 4824 secundum
3143 4769 3377 4823 decentes
3407 4769 3585 4824 Deum.
3691 4771 3805 4823 ’,ωε

2852 4838 2872 4868 κ
2899 4836 3128 4908 ΑἈᾳτη
3169 4839 3200 4908 ον
3220 4837 3304 4892 ΒΕ
3324 4839 3466 4908 inde.
3547 4835 3618 4869 ’¹⁰
3721 4839 3804 4908 dif

2255 4840 2276 4872 ⁷
2308 4842 2353 4894 Α
2401 4846 2757 4908 perceperunt.
2852 4840 2872 4868 "
2899 4840 2942 4891 A
2973 4840 3094 4908 Aut.
3169 4840 3190 4872 ⁹
3220 4840 3304 4892 ΒΕ
3324 4840 3459 4891 inde.
3549 4840 3618 4869 ’¹⁰
3649 4840 3692 4890 11
3721 4840 3803 4889 di-

2270 4909 2316 4940 ¹³
2364 4908 2410 4962 Δ
2453 4907 2679 4962 Mariam
2741 4923 2962 4962 auoaue.
3095 4905 3140 4938 ιθ
3185 4907 3240 4960 in
3287 4922 3392 4962 om.
3443 4906 3508 4960 A.
3643 4907 3689 4938 “
3717 4907 3803 4960 BH

2270 4909 2316 4940 ¹³
2364 4907 2410 4962 Δ
2453 4907 2679 4962 Mariam
2741 4923 2962 4977 quoque.

1883 4975 1926 5046 '_"
1954 4975 2202 5046 Aresilit
2265 4993 2299 5032 a
2352 4993 2408 5033 se
2445 4977 2692 5034 ordinata
2743 4975 2790 5032 et
2835 4975 3104 5046 assumpta
3165 4978 3395 5032 humana
3442 4977 3801 5033 ordinatione.

1600 5045 1641 5075 ¹¹
1675 5045 1716 5097 Α
1749 5042 2152 5117 angelusdixit.

2051 5132 2306 5190 NOTAE.

618 5257 642 5284 ο
677 5245 814 5317 _Gcn_.
842 5245 982 5317 XIX,
1009 5243 1147 5317 111111
1169 5255 1224 5300 et
1247 5243 1415 5317 XXXI
1435 5262 1448 5308 ;
1472 5244 1675 5302 Judith.
1704 5243 1800 5312 Vl;
1831 5243 2113 5317 Dan._\’ll;

540 5313 729 5384 Matth.
762 5313 835 5377 ll;
864 5315 982 5384 etet.
1013 5315 1060 5372 Χ
1079 5316 1290 5384 LApoc.
1319 5315 1405 5368 IV.

612 5383 639 5422 ι)
680 5380 836 5434 Num.
869 5383 992 5447 XII;
1039 5380 1335 5440 lTitiIfV'l.

614 5462 635 5489 ε
681 5449 836 5504 Deut.
867 5450 957 5504 IX.

608 5519 632 5556 Α
673 5518 864 5590 Matth.
900 5519 954 5590 Ι,
987 5520 1116 5576 Luc.
1144 5521 1184 5587 l,
1218 5522 1276 5576 ll.

613 5599 634 5622 ο
669 5586 798 5643 Luc.
830 5587 869 5640 1.

2297 5248 2469 5303 fLuc
2521 5286 2538 5302 .

2295 5320 2321 5358 ⁸
2355 5318 2544 5374 Matth.
2587 5317 2638 5383 1;
2686 5319 2813 5372 Luc.
2855 5319 2912 5372 li.

2291 5390 2317 5428 ιι
2360 5388 2546 5442 Matth.
2576 5388 2654 5440 ΙΙ.¹

2303 5460 2314 5497 ί
2360 5457 2486 5511 Luc.
2520 5457 2559 5510 Χ
2573 5455 2658 5510 XII
2671 5496 2682 5508 .

2299 5538 2311 5575 J
2362 5527 2514 5581 Joan.
2561 5525 2687 5591 XV;
2738 5526 2857 5581 lsai.
2894 5525 2980 5582 ΙΧ.
