4168 6284
542 367 676 430 1051

1895 347 2182 417 ΙΟΑΝΝΙΞ
2225 353 2422 414 SCO'I‘I

3686 363 3838 424 5-05!

543 481 842 546 delferum,
887 485 940 532 et
998 473 1337 531 lamulariter
1393 474 1446 529 in
1503 474 1715 530 divinas
1765 475 2134 546 susceptiones
2162 480 2210 539 Α
2237 480 2292 527 et
2323 473 2391 524 ad
2437 470 2854 526 ma'terialem
2885 481 2940 525 et
2984 467 3308 528 invisibilem
3355 473 3843 548 pulchritudinem,

543 581 789 628 apertum
797 611 809 624 .

613 589 809 628 crtum.

575 589 760 716 pl-Iaec
818 658 1036 728 quidem
1091 656 1371 711 nominum
1429 657 1690 725 ipsorum,
1754 665 2014 725 quantum
2074 656 2146 711 ad

544 765 645 805 nos
671 790 685 813 ,
742 747 1052 802 declaratio.
1109 745 1404 799 Dicendum
1444 759 1596 806 vero,
1628 759 1790 813 quam
1817 744 2143 799 Ierarcliiatn

545 853 732 893 eorum
762 838 1140 892 aestimamus.
1180 833 1370 889 Omnis
1406 834 1621 901 quidem
1666 835 1810 888 enim
1840 834 2146 889 Ierarcbiae

545 931 964 1001 speculationem
996 932 1164 984 Deum
1199 927 1432 982 imitanti
1461 926 1825 982 deifcrrmitate
1845 929 2139 999 dependen-

545 1032 652 1077 tem
685 1020 1053 1075 iullexibiliter
1081 1034 1222 1082 esse,
1255 1027 1308 1072 et
1338 1017 1504 1071 dividi
1536 1033 1753 1072 omnem
1785 1019 2144 1073 Ierarcbicam

546 1113 814 1166 actionem
848 1111 901 1164 in
932 1109 1403 1181 participationem
1438 1123 1651 1163 sacram
1702 1117 1756 1163 et
1801 1110 2146 1164 traditionem

545 1201 880 1272 purgationis
895 1208 1141 1269 purae,et
1154 1199 1317 1252 divini
1333 1197 1968 1267 luminis,etperfectlvae
1981 1200 2150 1258 scicn-

549 1291 694 1355 tiae,
731 1289 1066 1343 sufﬁcienter
1105 1289 1216 1360 jam
1255 1304 1285 1342 a
1330 1288 1482 1342 nobis
1505 1289 1707 1342 dictum
1731 1303 1850 1341 esse
1893 1289 2146 1342 arbitror.

549 1381 705 1436 Nunc
749 1393 928 1434 autem
962 1381 1144 1434 dicere
1195 1378 1357 1447 digne
1396 1377 1822 1448 persequamur‘
1847 1377 2149 1431 excelsissi-

548 1482 666 1528 mos
716 1472 1050 1534 intellectus.
1103 1473 1376 1542 quomodo
1417 1471 1530 1541 jam
1581 1471 1878 1525 secundum
1921 1484 2016 1524 eos
2068 1469 2150 1524 Ie-

547 1564 762 1618 rarcbia
807 1563 874 1617 ab
917 1562 1146 1630 eloquiis
1186 1561 1580 1616 manifestatur.
1623 1561 1822 1614 Primis
1867 1560 2149 1624 essentiis,

549 1667 690 1722 quae
746 1659 869 1722 post
924 1650 1351 1704 snbstantillcam
1407 1665 1592 1704 carum
1656 1648 1990 1704 tbearcltiam
2042 1650 2154 1703 col-'

550 1743 805 1802 locatae,
868 1749 923 1794 et
975 1740 1140 1812 veluti
1201 1741 1253 1794 in
1311 1740 1592 1794 vestibulis
1645 1739 1813 1809 ipsius
1842 1739 2145 1802 ordinatae,

2250 567 2508 630 quantum
2560 558 2663 622 fas,
2715 560 2768 614 in
2818 561 3325 631 contemplationem
3370 565 3736 635 adducuntur,
3785 577 3848 626 et

2245 651 2551 705 divinorum
2599 663 2848 718 operum-
2875 651 3092 706 scibiles
3118 653 3379 717 rationes,
3421 661 3482 709 ut
3527 659 3741 726 primae
3783 669 3847 718 et

2246 741 2391 795 circa
2414 740 2580 795 Deum
2607 739 2874 794 essentiae
2901 740 3207 804 flectuntur,
3226 753 3283 797 et
3312 745 3380 798 ab
3409 744 3528 814 ipso
3553 748 3846 816 perfectio-

2248 831 2334 885 nis
2373 830 2618 899 principe
2663 829 3042 884 excelsissime
3093 831 3468 888 sanctiﬁcatae
3522 845 3670 889 sunt.
3722 836 3838 894 Hoc

2247 933 2379 991 ergo
2424 920 2654 990 theologi
2709 928 2896 988 aperte
2941 919 3240 984 declarant,
3273 925 3582 992 suppositas
3621 928 3837 996 quidem

2248 1011 2562 1066 caelestium
2616 1011 2980 1066 essentiarum
3026 1013 3404 1082 dispositiones
3446 1019 3842 1085 superlirmatis

2249 1111 2441 1155 ornate
2478 1100 2683 1154 erudiri
2719 1100 2942 1156 deiﬁcas
2985 1102 3284 1156 scientias:
3313 1106 3559 1160 ninnium
3595 1123 3724 1164 vero
3765 1111 3841 1163 al-

2251 1189 2416 1242 tiores
2455 1189 2525 1242 ab
2565 1189 2681 1258 ipsa
2725 1189 3028 1254 thearcbia,
3053 1199 3319 1259 quantum
3353 1191 3454 1260 fas,
3495 1195 3759 1252 doctrinis
3797 1196 3838 1231 “

2251 1277 2565 1332 illuminari.
2593 1278 2868 1346 Quasdam
2891 1279 3036 1334 enim
3059 1294 3247 1334 earum
3278 1282 3630 1341 introducunt
3651 1303 3680 1341 a
3701 1290 3840 1356 prio-

2251 1369 2400 1424 ribus
2462 1385 2620 1425 sacre
2665 1371 2944 1435 eruditas,
3001 1368 3288 1427 Dominum
3341 1385 3464 1430 esse
3524 1379 3836 1435 caelestium

2249 1464 2550 1526 virtutum,
2601 1471 2659 1516 et
2705 1476 2888 1532 regem
2935 1462 3140 1532 gloriae
3188 1464 3243 1518 in
3295 1466 3477 1521 caelos
3531 1469 3842 1526 humanitus

2251 1558 2530 1622 receptum
2555 1559 2603 1604 ε.
2619 1550 2906 1618 Quasdam
2935 1565 3065 1607 vero
3085 1553 3229 1621 apd
3251 1553 3431 1621 ipsum
3457 1553 3642 1611 Jesum
3673 1571 3846 1628 quae-

2252 1649 2455 1708 runtes;
2481 1651 2540 1697 et
2553 1657 2660 1712 pro
2678 1643 2836 1697 nobis
2873 1655 3006 1698 suae
3031 1643 3254 1698 divinae
3279 1644 3514 1700 actionis
3557 1648 3840 1703 scientiam

2252 1736 2543 1800 discentes,
2574 1743 2630 1788 et
2653 1748 2750 1790 eas
2778 1735 2952 1804 ipsum
2980 1732 3168 1789 Jesum
3187 1733 3504 1792 immediate
3527 1739 3838 1804 docentem,

547 1848 762 1887 omnem
835 1842 959 1886 sunt
993 1832 1332 1904 .invisibitem
1384 1841 1437 1887 et
1485 1831 1748 1886 visibilem
1809 1827 2150 1900 superexcel-

2259 1835 2314 1880 et
2348 1825 2716 1895 praelargiens
2765 1825 2847 1880 eis
2885 1825 3322 1881 raanifestantem
3353 1843 3505 1883 suam
3547 1829 3837 1886 humanam

549 1924 722 1979 lentes
767 1923 964 1978 laetam
1020 1923 1039 1952 ’
1077 1923 1349 1985 virtutem,
1411 1922 1680 1992 propriam
1754 1919 2148 1975 aestimandum

550 2023 781 2068 estesse
815 2023 869 2067 et
894 2014 1114 2067 omnino
1151 2012 1541 2081 acquil'ormem
1580 2003 1934 2067 Jerarchiam.
1980 2010 2150 2064 Puras

553 2103 719 2173 igitur
747 2118 840 2156 eas
881 2102 1297 2168 aestimandum,
1329 2119 1439 2155 non
1487 2107 1544 2154 ut
1589 2102 1878 2156 immundis
1926 2101 2151 2156 maculis

551 2201 606 2247 et
648 2193 1109 2261 inquitmtionibus
1161 2191 1440 2254 liberatas,
1473 2207 1646 2259 neque
1675 2201 1731 2246 ut
1778 2192 2150 2246 materialibus

554 2295 801 2355 receptas
849 2285 1150 2356 pbantasiis
1184 2283 1228 2350 ³,
1272 2283 1363 2337 sed
1418 2291 1476 2336 ut
1541 2282 1687 2336 omni
1751 2282 2083 2353 subiectione
2128 2283 2150 2314 ⁸

552 2375 784 2430 ntundas
809 2385 865 2429 et
889 2374 1126 2438 altiores,
1157 2383 1211 2428 et
1241 2375 1383 2427 omni
1417 2373 1796 2442 superﬂrmato
1828 2373 2028 2442 templo
2064 2385 2151 2427 se-

550 2469 789 2522 cundum
839 2466 1261 2521 excelsissimam
1304 2474 1325 2505 ι
1379 2464 1708 2528 castitatem,
1749 2463 2001 2518 omnibus
2033 2464 2142 2518 dei-

552 2557 964 2612 formosissintis
1003 2556 1296 2608 virtutibus
1346 2552 1823 2624 supercollocatas,
1852 2562 1908 2608 et
1933 2554 2150 2622 pr0prio

551 2662 650 2718 per
681 2662 740 2701 se
783 2657 962 2709 motu,
990 2654 1045 2698 et
1081 2644 1270 2698 eodem
1312 2653 1491 2708 motu,
1537 2644 1833 2698 secundum
1881 2642 2150 2713 diligentis

555 2735 726 2790 Deum
757 2733 1174 2789 inconversibile
1213 2732 1420 2789 ordinis
1467 2731 1834 2787 inﬂexibiliter
1882 2743 2145 2803 receptas,

553 2833 609 2879 et
645 2825 698 2879 in
730 2824 972 2892 subjecta
1002 2823 1382 2877 contumeliam
1421 2823 1644 2877 omnino
1686 2822 2008 2888 nescientes,
2055 2822 2150 2877 sed

554 2917 887 2972 incasualem
941 2923 997 2970 et
1041 2916 1566 2970 intrausmutabilem
1599 2915 1865 2970 habentes
1895 2917 2149 2986 propriae

554 3007 834 3063 deiformis
891 3005 1244 3076 specialitatis
1300 3005 1648 3076 purissimam
1709 3006 2144 3062 collocationem.

555 3099 1123 3168 Contemplativasque
1153 3097 1347 3153 iterum
1379 3096 1711 3153 sensibilium
1758 3097 2145 3168 symbolorum,

2248 1917 2635 1987 benignitatem
2659 1915 2725 1970 ¹⁸.
2771 1914 2886 1986 Ego
2909 1919 3066 1983 enirn,
3117 1918 3312 1987 inquit,
3340 1921 3551 1989 disputo
3574 1923 3840 1992 justitiam

2248 2016 2297 2063 et
2317 2009 2590 2077 judicium
2609 2007 2864 2061 salutaris
2902 2008 2953 2061 ιι.
2982 2008 3150 2063 Miror
3175 2018 3378 2073 antem,-
3408 2009 3534 2080 quia
3580 2023 3636 2068 et
3676 2013 3844 2069 caele-

2250 2102 2410 2155 stium
2437 2102 2797 2156 essentiarum
2846 2101 3076 2169 primae,
3106 2109 3158 2155 et
3215 2109 3421 2156 tantum
3457 2103 3620 2157 simul
3645 2118 3846 2160 omnes

2251 2193 2718 2263 supereminentes
2755 2191 3090 2248 thearcbieis
3105 2192 3605 2259 illuminationibus,
3630 2203 3690 2248 ut
3713 2210 3852 2250 πιθο-

2250 2283 2430 2336 dlatae
2447 2281 2795 2350 quaestiones
2817 2291 3128 2336 reverenter
3147 2282 3476 2352 appetant“.
3499 2282 3711 2337 Etenim
3725 2298 3841 2337 non

2251 2373 2375 2427 inde
2420 2373 2774 2442 interrogant,
2823 2389 2990 2443 quare
3031 2373 3134 2426 lui.
3162 2372 3320 2426 rubra
3339 2373 3662 2439 vestimenta,
3698 2376 3842 2444 apud

2250 2463 2459 2531 seipsas
2486 2477 2613 2516 vero
2633 2463 2934 2517 deliberant
2955 2471 3081 2518 ante
3101 2462 3458 2534 interrogare,
3485 2465 3840 2520 ostendentes

2249 2553 2490 2622 quidem,-
2520 2552 2641 2621 quia
2684 2553 2920 2622 discunt,
2969 2561 3026 2608 et
3055 2553 3301 2610 deiﬁcam
3349 2556 3633 2611 scientiam
3672 2572 3836 2628 appe-

2252 2649 2389 2705 tunt,
2423 2657 2528 2696 non
2565 2650 2743 2695 autem
2783 2642 3158 2712 praesilientes
3196 2658 3294 2714 per
3339 2645 3576 2699 divinam
3615 2661 3836 2716 proces-

2251 2734 2458 2787 sionem
2506 2734 2730 2787 inditam
2784 2734 3256 2790 illuminationem.
3320 2735 3436 2792 Non
3489 2753 3620 2806 ergo
3669 2739 3839 2808 prima

2250 2822 2563 2878 caelestium
2600 2823 2970 2879 intellectuum
3022 2824 3288 2880 lerarcltia
3327 2827 3396 2880 ab
3437 2828 3549 2895 ipsa
3591 2828 3844 2882 tlteletar-

2251 2915 2372 2968 chia
2398 2915 2758 2979 sanctiﬁcata,
2789 2929 2899 2984 quo
2929 2915 2984 2970 in
3013 2921 3133 2970 eam
3163 2916 3480 2972 immediate
3505 2919 3840 2982 extenditur,

2249 3007 2589 3062 sanctissima
2622 3008 2666 3046 ³⁸
2723 3008 3040 3078 purgatione
3079 3008 3248 3063 multo
3289 3008 3491 3064 lumine
3537 3009 3843 3081 ante-perfe-

2251 3105 2370 3152 ctae
2412 3097 2894 3152 consummationis
2934 3097 3409 3168 proportionaliter
3443 3114 3564 3155 eam
3595 3099 3841 3170 lmplens,

557 3199 654 3245 aut
683 3161 1122 3244 intellectualium
1143 3188 1560 3258 speculationes,
1589 3203 1766 3258 neque
1786 3161 1846 3242 ut
1885 3161 2148 3242 varietate
2173 3161 2222 3222 Ο
2253 3195 2511 3257 purgatur
2534 3195 2589 3240 et
2623 3161 2962 3243 illuminatur
3008 3161 3063 3242 et
3107 3189 3407 3259 perﬁcitur,
3446 3191 3593 3245 omni
3632 3161 3847 3261 quidem

557 3297 747 3338 sacrae
764 3281 1083 3352 Scripturae
1101 3280 1344 3336 theoriae
1357 3279 1411 3334 in
1429 3280 1668 3334 divinum
1690 3279 1958 3343 reductas,
1978 3279 2074 3334 sed
2095 3287 2152 3332 ut

557 3373 703 3427 omni
741 3371 1083 3426 immateriali
1130 3370 1355 3426 scientia
1401 3369 1610 3424 altioris
1649 3369 1870 3423 luminis
1898 3369 2151 3437 repletas,

557 3471 614 3516 et
636 3462 932 3515 formiﬂcae
958 3469 1014 3514 et
1043 3460 1354 3529 principalis
1377 3457 1812 3528 pulchritudinis,
1827 3465 1880 3512 et
1901 3472 2152 3526 superes-

559 3549 808 3604 sentialis
858 3559 912 3603 et
961 3548 1272 3602 terlucentis
1317 3549 1339 3578 '
1373 3546 1846 3616 contemplatione,
1894 3557 2174 3615 quantum

560 3640 642 3694 fas
671 3648 769 3700 est,
808 3637 1038 3693 refertas
1061 3678 1075 3703 ,
1109 3636 1600 3691 communicatione
1629 3645 1808 3690 autem
1837 3636 1966 3692 .lcsu
2005 3636 2157 3690 simi-

561 3731 690 3783 liter
717 3729 878 3798 digne
907 3725 1102 3790 factas,
1161 3739 1265 3779 non
1311 3725 1364 3779 in
1399 3725 1723 3794 imaginibus
1767 3741 1922 3781 sacre
1967 3727 2106 3782 lictis
2132 3728 2160 3760 ν

562 3824 848 3878 formative
896 3821 1130 3891 figurant
1182 3820 1428 3875 deificum
1477 3819 1903 3883 similitudinem,
1958 3819 2051 3873 sed
2099 3827 2157 3873 ut

564 3929 694 3969 vere
759 3914 856 3984 ipsi
923 3913 1363 3983 approxiutantes
1409 3910 1466 3965 in
1521 3911 1693 3980 prima
1743 3909 2158 3980 participatione

563 3998 822 4062 scientiae
847 4003 1099 4060 deificum
1129 4000 1248 4073 ejus
1273 4002 1538 4056 luminum
1559 4001 1602 4067 ⁸,
1618 4011 1672 4056 et
1698 4001 1822 4071 quia
1843 4001 1950 4054 Deo
1981 3999 2156 4054 simile

563 4097 696 4167 ipsis
744 4094 1140 4164 subiectissime
1193 4093 1215 4124 ’
1245 4094 1502 4148 donatum
1532 4101 1636 4159 est,
1661 4103 1716 4147 et
1737 4092 2157 4146 communicant

562 4185 896 4254 huiusmodi,
949 4192 1008 4237 ut
1054 4182 1326 4253 possibile,
1380 4181 1434 4236 in
1476 4179 1912 4250 praecperatrice
1959 4179 2157 4233 virtute

564 4275 774 4331 deilicis
818 4275 985 4344 ipsius
1020 4282 1075 4327 et
1120 4271 1372 4326 humanis
1407 4270 1720 4324 virtutibus.
1766 4265 2040 4322 Perfectas
2064 4282 2159 4320 au-

566 4376 672 4423 tem
726 4365 1000 4430 similiter,
1045 4378 1150 4416 non
1204 4371 1264 4416 ut
1307 4375 1462 4416 sacra
1511 4361 1776 4413 varietate
1830 4356 2156 4426 analyticam

563 4456 849 4512 scientiam
897 4453 1248 4516 illuminatas,
1297 4450 1392 4504 sed
1438 4459 1498 4504 ut
1533 4449 1738 4520 primae
1765 4455 1822 4502 et
1859 4447 2158 4515 superemi-

2257 3277 2613 3331 tninoratione
2633 3291 2790 3346 pura,
2816 3279 2974 3348 primi
3005 3293 3132 3334 vero
3159 3279 3375 3336 luminis
3399 3280 3577 3352 plena,
3595 3282 3839 3353 etprimc

2256 3367 2435 3420 datam
2459 3366 2822 3438 cognitionem
2843 3378 2900 3422 et
2927 3370 3208 3424 scientiam
3231 3371 3562 3442 participans
3581 3372 3840 3441 perfecta.

2255 3457 2734 3526 Comprehendens
2775 3469 2956 3514 autem
2984 3469 3040 3515 et
3073 3460 3175 3514 hoc
3199 3460 3428 3516 dixerim
3465 3461 3710 3518 fortassis
3734 3477 3840 3518 non

2257 3548 2552 3611 immerito,-
2581 3549 2705 3616 quia
2735 3557 2790 3602 et
2815 3550 3064 3618 purgatio
3081 3559 3182 3612 est,
3208 3559 3265 3606 et
3285 3551 3621 3616 illuminatio,
3643 3560 3700 3607 et
3718 3567 3844 3622 per-

2256 3638 2418 3692 lectio
2469 3638 2684 3693 divinae
2719 3639 2978 3694 scientiae
3006 3642 3322 3713 assumptio,
3372 3642 3666 3712 ignorantia
3713 3643 3840 3712 qni-

2258 3727 2378 3781 dem
2403 3735 2589 3796 utpote
2615 3743 2871 3798 purgans,
2895 3730 3187 3784 secundum
3209 3731 3454 3787 ordinem
3475 3731 3637 3801 indita
3660 3732 3841 3787 scien-

2261 3819 2334 3873 tia
2359 3819 2744 3888 perfectiorum
2766 3820 3132 3875 doctrinarum
3151 3862 3166 3885 ,
3188 3821 3501 3878 illuminans
3520 3831 3699 3878 autem
3730 3825 3841 3894 ipsa

2259 3909 2439 3964 divina
2489 3911 2815 3980 cognitione,
2865 3924 2964 3980 per
3002 3919 3253 3981 quamet
3297 3921 3490 3983 purgat
3535 3927 3644 3967 non
3694 3914 3841 3983 prius

2257 3999 2713 4068 contemplantem
2741 4001 2807 4064 ",
2860 4016 3022 4070 quam
3087 4000 3397 4056 manifestat
3446 4017 3546 4072 per
3602 4003 3840 4059 alt-iorem

2261 4087 2743 4151 illuminationem,
2793 4099 2847 4142 et
2901 4089 3187 4158 periit-iens
3233 4081 3432 4146 iterum
3484 4092 3604 4162 ipso
3647 4093 3843 4147 lumine

2259 4179 2556 4234 secundum
2606 4179 2851 4234 habitum
2880 4181 3108 4235 scientia
3155 4182 3610 4238 lucidissim‘arum
3648 4185 3846 4240 doctri-

2261 4281 2474 4323 narum.
2493 4269 2611 4338 lpsa
2633 4279 2878 4340 ergoest,
2903 4281 3164 4339 quantum
3185 4273 3251 4327 ad
3273 4282 3515 4328 nostram
3539 4275 3841 4340 scientiam,

2259 4361 2433 4429 prima
2462 4361 2779 4415 caelestium
2806 4362 3170 4416 essentiarum
3188 4363 3493 4431 dispositio,
3523 4365 3580 4418 in
3614 4365 3842 4419 circuitu

2263 4449 2355 4504 Dei
2381 4457 2437 4504 et
2464 4449 2608 4504 circa
2634 4449 2804 4504 Deum
2829 4449 3335 4517 immediate'Staus,
3366 4452 3763 4524 et‘simpliciter
3787 4462 3843 4508 et

566 4545 746 4599 uentis
794 4540 1153 4595 deillcationis
1211 4538 1468 4607 repletas,
1501 4537 1801 4592 secundum
1849 4535 2154 4590 excelsissi-
2184 4531 2232 4590 D
2260 4538 2595 4593 incessanter
2645 4533 2975 4594 circumiens
3021 4549 3296 4594 aeternam
3357 4541 3478 4612 ejus
3532 4541 3838 4605 scientiam,

566 4647 713 4685 mam
755 4629 822 4692 ",
863 4637 1126 4698 quantum
1170 4629 1223 4682 in
1272 4629 1520 4698 angelis,
1570 4627 1872 4682 divinorum
1927 4642 2150 4697 operum

567 4721 874 4776 scientiam.
889 4719 1007 4773 Non
1023 4719 1167 4773 enim
1184 4733 1280 4787 per
1294 4718 1426 4772 alias
1441 4718 1959 4783 sanctasessentias,
1974 4719 2066 4773 sel
2085 4718 2154 4772 ab

571 4812 689 4881 ipsa
718 4811 997 4864 thearcltia
1027 4809 1413 4873 sanetiticatae,
1439 4808 1492 4862 in
1513 4809 1682 4878 ipsam
1715 4809 2024 4865 immediate
2051 4826 2148 4865 ex-

571 4901 1170 4968 tenduntur,omnes“'
1199 4901 1622 4972 supereminenti
1647 4903 1846 4958 virtute
1870 4903 2152 4967 etordine,

565 5004 628 5049 et
649 4995 716 5049 ad
743 4995 1102 5052 castissimam
1129 4996 1350 5052 omnino
1370 4995 1753 5068 fortitudinem
1795 4996 2152 5060 collocantur,

2258 4630 2551 4687 secundum
2599 4629 3134 4697 excellentissimam,
3188 4641 3449 4700 quantum
3506 4633 3561 4687 in
3609 4631 3836 4707 angelis,

2257 4737 2473 4792 Semper
2521 4721 2776 4778 mobilem
2797 4722 2844 4753 “
2867 4721 3299 4789 collocationem.
3331 4723 3524 4777 multas
3545 4723 3756 4791 quidem
3779 4731 3834 4776 et

2258 4815 2450 4869 beatas
2470 4814 2660 4870 videns
2703 4827 2838 4884 pure
2881 4815 3376 4885 contemplationes,
3407 4814 3596 4884 simpla
3619 4827 3751 4869 vero
3781 4822 3839 4868 et

2260 4906 2573 4964 immediate
2605 4906 2814 4979 fulgore
2836 4898 2876 4939 η
2904 4907 3226 4973 illuminata,
3269 4917 3322 4963 et
3363 4907 3542 4962 divino
3580 4907 3842 4961 alimento

2262 4997 2496 5068 repleta;
2520 4999 2688 5054 multa
2717 4999 2936 5068 quidem
2963 4999 3137 5068 primo
3159 4999 3284 5053 data
3311 4997 3541 5064 fusione,-
3565 4998 3676 5054 sola
3709 5012 3842 5054 vero

1861 5127 2116 5185 VAll-IAE
2155 5129 2557 5188 LECTIONES.

688 5223 800 5278 Sic.
840 5223 1018 5286 codd.,
1047 5223 1085 5275 A
1125 5237 1520 5292 prosequamur.
1597 5232 1618 5261 ί
1659 5223 1721 5274 Α·
1751 5221 2013 5292 fugarant
2039 5219 2331 5292 propriam.
2385 5220 2425 5292 _’
2455 5211 2881 5292 A'mntertalium
2909 5230 3230 5292 receptarum
3251 5222 3673 5292 plmnlasrarum.
3710 5291 3715 5292 ί
3749 5228 3771 5258 δ
3797 5221 3837 5276 Α

569 5294 940 5347 damnatione,
1009 5285 1040 5323 7'
1075 5285 1139 5347 Αἱ
1166 5285 1678 5345 excellentissimam.
1751 5285 1876 5340 "BH
1901 5285 2232 5358 perlucentis.
2311 5290 2332 5320 ⁷
2370 5288 2434 5358 Α·
2470 5291 2795 5358 sacrefactis.
2872 5292 2893 5321 “
2929 5291 2972 5344 Α
3002 5285 3198 5344 lumen.
3251 5285 3296 5324 ὀ
3329 5292 3370 5344 Λ
3404 5291 3840 5346 substantialiter.

574 5361 624 5396 “
648 5362 759 5415 A'E
804 5362 1310 5416 excellentissimam.
1411 5361 1456 5391 ‘°
1481 5364 1541 5414 Α·
1569 5360 1826 5412 omnibus.

572 5441 754 5486 tatem.
889 5433 932 5501 ‘3
952 5435 995 5486 A
1019 5439 1285 5501 appetunt.

576 5502 621 5532 "
659 5501 751 5556 ΑΕ
773 5500 985 5559 simulas
1007 5498 1124 5556 vero
1147 5498 1496 5556 etimmediate
1523 5498 1750 5568 fulgores

1926 5356 1966 5386 "
2007 5359 2052 5409 Α
2081 5357 2341 5422 doctrina,
2373 5357 2416 5412 E
2442 5356 2729 5412 doctrinas.

1425 5430 1468 5460 "
1513 5447 1613 5511 quo
1660 5431 1714 5482 in
1755 5444 1953 5482 eant—
1985 5429 2317 5483 sanctissima
2343 5443 2454 5484 om.
2484 5428 2593 5482 BH.
2633 5503 2644 5511 ἰ
2722 5430 2770 5461 ¹⁸
2808 5429 2854 5484 II
2890 5430 3297 5501 conletltplallt'e.

2824 5363 2866 5393 "
2907 5360 2998 5416 Sic
3026 5359 3186 5425 ABE;
3220 5359 3262 5414 ll
3291 5361 3571 5428 beniqnam
3599 5361 3846 5416 humani-

2824 5429 2854 5484 ὗ
2890 5430 3297 5484 contemplativa.
3441 5431 3482 5461 "
3517 5429 3606 5484 BH
3633 5430 3842 5484 mobile.

2085 5588 2261 5645 NOTA
2273 5590 2332 5645 Ε.

649 5698 674 5722 ι
716 5684 854 5736 Psal.
896 5685 1076 5737 XXI".

2329 5681 2356 5720 δ
2396 5681 2561 5736 Isaiae
2593 5681 2772 5736 LXIII.
2861 5679 2867 5687 ’
