4168 6284
494 319 517 374 Ι
526 318 629 375 039

1866 280 2155 374 ⁸πλιιθέκιδ
2194 314 2387 376 scen

3633 330 3795 383 Iliad

491 434 780 504 unicuique
830 432 1175 488 rationaiium
1212 443 1268 487 et
1319 431 1764 490 intellectualium
1810 449 1967 489 sacro
1991 451 2081 490 ora-
2111 445 2156 501 Λ
2188 444 2365 491 tarum
2420 445 2731 492 sanctarum
2781 437 3062 501 virtutum,
3112 447 3166 490 et
3210 432 3521 493 minoribus
3549 448 3793 498 ontnino

492 538 624 583 natu
653 537 706 582 et
733 527 981 581 ordinata
1035 525 1288 580 ductione
1332 527 1620 595 praevidit,
1663 535 1927 595 quantum
1968 528 2082 595 ipse

490 616 886 672 lerarchiarum
932 616 1304 686 unusquisque
1357 617 1492 670 ordo
1542 631 1698 671 sacre
1736 624 1791 672 et
1828 617 2084 672 decenter

494 709 706 778 positus
743 715 845 770 est,
878 714 930 759 et
973 720 1187 761 onmem
1228 706 1554 761 lerarchiam
1599 707 1843 763 videmus
1873 707 1925 761 in
1968 707 2081 777 pri-

493 815 630 861 tuas,
678 806 733 850 et
776 795 1004 860 medias,
1035 804 1092 850 et
1112 795 1331 851 ultimas
1364 797 1593 851 virtutes
1616 798 1864 852 divisam.
1895 796 1999 852 Sed
2026 803 2083 852 et

491 868 663 954 ipsam
689 899 786 953 per
812 882 1074 954 singulas,
1107 883 1419 953 specialiter
1442 884 1749 950 dicendum,
1776 885 2081 953 dispositio-

492 991 614 1029 uettt
649 975 780 1044 ipsis
810 974 1011 1028 divinis
1031 974 1327 1029 harmoniis
1355 974 1616 1029 discrevit
1648 992 1661 1027 :
1694 986 1913 1043 propter
1938 975 2080 1044 quod

493 1075 546 1119 et
594 1062 1133 1132 ipsosdivinissimos
1183 1063 1468 1132 Seraphim
1521 1064 1620 1132 ipsi
1664 1064 1899 1132 theologi
1932 1066 2082 1117 aiunt

495 1150 727 1208 :lierum
759 1154 824 1207 ad
856 1151 1087 1207 alterum
1138 1152 1375 1208 clamare
1399 1166 1451 1220 α,
1497 1163 1685 1222 aperte
1739 1156 1793 1209 in
1849 1157 1970 1220 hoc,
2021 1162 2081 1207 ut

495 1241 746 1307 aestimo,
769 1242 1128 1308 declarantes,
1159 1243 1410 1312 quoniam
1459 1244 1789 1315 theologicas
1818 1244 2079 1299 scientias

494 1335 592 1403 ipsi
610 1333 768 1402 primi
784 1334 1036 1387 secundis
1054 1332 1286 1387 tradunt.
1305 1333 1614 1387 Addidcrim
1636 1344 1815 1388 autem
1832 1333 2083 1388 fortassis

493 1424 675 1477 ethoc
720 1437 829 1476 non
876 1422 1191 1493 incongrue,
1234 1424 1358 1493 quia
1408 1433 1462 1479 et
1506 1425 1800 1479 secundum
1842 1424 2080 1494 seipsum

496 1514 867 1584 unusquisque
920 1521 974 1569 et
1012 1515 1261 1569 caelestis
1302 1524 1357 1569 et
1398 1514 1668 1569 humanus
1706 1516 1917 1570 animus
1968 1530 2083 1584 spc-

494 1602 661 1657 ciales
689 1602 850 1658 habet
877 1611 931 1657 et
962 1602 1168 1672 primas
1197 1613 1247 1657 et
1294 1604 1502 1659 medias
1527 1613 1582 1659 et
1618 1604 1835 1659 ultimas
1858 1606 2079 1659 ordina-

502 1696 677 1751 tiones
696 1704 750 1750 el
776 1695 1025 1760 virtutes,
1046 1695 1295 1749 addictus
1317 1711 1412 1765 per
1442 1699 1858 1768 unumquodque
1878 1698 1893 1729 ³
1913 1698 2082 1751 ierar-

2184 535 2478 583 annectere
2522 526 2792 591 essentiis,
2833 529 2886 580 in
2918 528 3272 582 conversione
3318 528 3633 585 inronfusae
3672 548 3788 589 an-

2183 618 2478 687 gelicorum
2512 627 2803 672 oraatuum
2847 618 3198 672 taxiarchiae.
3228 618 3391 672 Juxta
3422 621 3567 675 enim
3597 637 3783 691 saepe

2187 724 2215 759 a
2246 706 2403 762 nobis
2451 716 2597 761 recte
2648 707 2910 761 redditam
2962 707 3226 761 rationem
3260 708 3409 777 ipsae
3437 710 3652 777 quidem
3682 725 3793 764 su-

2181 800 2531 867 perlirmatae
2594 798 2977 867 dispositiones
3034 796 3384 852 abundanter
3437 800 3642 854 habent
3720 812 3788 853 et

2184 890 2451 944 minorum
2482 906 2665 944 sacras
2686 888 3071 967 _pr0prietates,
3100 889 3322 943 ultimae
3344 904 3475 944 Vero
3505 890 3786 960 majorum

2184 979 2553 1048 superpositas
2578 968 2957 1033 universitatrs
2988 997 3090 1033 non
3127 979 3345 1045 habent,
3364 980 3790 1050 particularitcr

2182 1068 2240 1123 in
2288 1084 2381 1122 eos
2425 1069 2601 1137 primo
2653 1069 3036 1145 apparentibus
3095 1068 3624 1136 illmninationibns,
3674 1090 3782 1142 per

2185 1156 2390 1224 primas
2415 1155 2437 1186 "
2464 1156 2941 1241 pt'oportimtalitet'
2956 1160 3040 1210 eis
3063 1156 3387 1212 distributis.

2701 1285 2887 1339 CAPI’I
2908 1284 3043 1341 ULU
3056 1286 3095 1338 il
3134 1285 3243 1341 ΧΗ.

2186 1399 2364 1464 Quare
2385 1399 2667 1451 secundum
2691 1399 2922 1451 homines
2946 1399 3225 1452 [cruri-leue
3254 1415 3357 1468 1mg
3388 1400 3425 1452 li
3457 1403 3777 1456 veremur“.

2257 1512 2548 1579 Quaeritur
2574 1522 2753 1565 autem
2781 1521 2836 1564 et
2862 1512 2961 1564 hoc
2990 1511 3402 1580 intelligibilium
3430 1510 3780 1581 eloquiorum

2187 1602 2427 1655 studiose
2472 1601 2802 1654 intuentibus
2822 1616 2835 1652 :
2854 1600 2897 1653 si
2927 1600 3069 1652 enim
3101 1603 3475 1669 parttcipantia
3502 1602 3775 1656 excelsio-

2188 1708 2305 1745 rqu
2337 1692 2748 1745 universitatum
2780 1707 2887 1743 non
2921 1700 3045 1743 sunt
3076 1690 3299 1752 ultima,
3337 1694 3408 1744 ob
3444 1705 3603 1760 quant
3640 1708 3777 1746 catt-

497 1786 779 1842 ehicarum
826 1785 1283 1840 illuminatiouum
1337 1790 1585 1858 proprias
1635 1803 1907 1860 anagogas
1951 1803 2078 1859 pro-
2113 1802 2157 1862 Β
2184 1802 2297 1840 sam
2324 1784 2617 1838 secundum
2665 1798 2765 1837 nos
2811 1784 3055 1836 smu’mus
3093 1785 3348 1837 sacerdos
3399 1786 3619 1855 angelus
3664 1788 3772 1841 Do-

501 1875 877 1955 portioualiter
898 1872 1351 1942 manifestatns",
1376 1893 1471 1947 per
1497 1894 1635 1947 quas
1664 1878 2084 1948 unumquodque

500 1970 554 2021 in
586 1966 1001 2036 participatione
1026 1964 1103 2029 lit.
1135 1970 1275 2020 sicut
1309 1967 1537 2037 idipsum
1558 1979 1617 2021 et
1657 1966 1738 2020 fas
1772 1978 1855 2022 est
1880 1977 1933 2021 et
1963 1982 2085 2036 pos-

501 2056 691 2123 sibile,
747 2057 1371 2125 superincognitissimac
1410 2059 1743 2128 purgationis
1786 2057 2086 2127 plenissimi

500 2148 721 2202 luminis
740 2145 1139 2215 anteperfectae
1160 2147 1525 2216 perfectionis.
1548 2149 1641 2202 Est
1658 2150 1801 2202 enim
1829 2148 1960 2201 nihil
1990 2162 2087 2217 per

499 2254 558 2291 se
589 2236 914 2307 perfectura,
953 2236 1195 2305 indigens
1222 2236 1540 2291 universalis
1564 2236 1942 2305 perfectionis,
1982 2236 2085 2291 nisi

492 2326 628 2384 vero
657 2328 1107 2399 perfectissimum
1136 2337 1192 2383 et
1221 2338 1344 2383 ante
1358 2327 1692 2397 perfectum.

1017 2459 1427 2516 CAPlTULUM
1466 2458 1555 2514 Xl.

490 2569 684 2634 Quare
712 2584 890 2622 omnes
904 2568 1157 2623 caelestes
1180 2570 1431 2621 essentiae
1452 2567 1796 2622 comuniter
1822 2564 2046 2622 Virtutes
2067 2568 2088 2596 '

1012 2638 1255 2692 caelestes
1284 2649 1527 2692 vocentur
1550 2637 1591 2691 ⁸.

578 2774 675 2831 llis
703 2781 884 2828 autem
913 2769 1173 2835 definitis,
1217 2768 1346 2824 illud
1395 2769 1617 2841 dignum
1668 2768 1990 2839 intelligere,
2020 2768 2092 2824 ob

503 2880 667 2938 quam
712 2878 932 2921 causam
984 2877 1176 2918 omnes
1221 2861 1472 2916 similiter
1515 2860 1787 2930 angelicas
1825 2860 2091 2915 essentias

506 2959 736 3011 virtutes
765 2953 1030 3009 caelestes
1068 2966 1262 3006 vocare
1314 2951 1714 3005 consuevimus.
1772 2947 1889 3004 Non
1942 2950 2088 3004 enim

504 3056 591 3103 est
632 3045 939 3109 dicendum,
988 3050 1047 3095 ut
1073 3042 1127 3096 in
1164 3040 1390 3112 angelis,
1440 3040 1694 3110 quoniam
1718 3039 1959 3095 omnium
1993 3053 2090 3093 nos

2193 1878 2322 1931 mini
2374 1878 2760 1944 omnipotentis
2812 1876 2878 1928 ab
2927 1874 3153 1944 eloquiis
3201 1875 3514 1928 nominatur
3568 1875 3628 1929 lt?
3675 1875 3774 1932 Est

2189 1977 2365 2020 autem
2399 1982 2503 2019 non
2533 1964 2806 2020 contraria
2836 1963 3006 2027 ratio,
3052 1971 3111 2015 ιιι
3160 1964 3421 2027 aestimo,
3446 1948 3588 2019 ante
3639 1968 3777 2018 deli-

2189 2057 2336 2111 nitis.
2374 2057 2610 2111 Dicimus
2658 2057 2835 2120 enim,
2877 2055 3005 2122 quia
3039 2054 3325 2108 universali
3357 2065 3411 2108 et
3436 2056 3779 2125 superposita

2190 2147 2453 2215 majorum
2527 2154 2813 2200 ornatuum
2882 2147 3082 2196 virtute
3150 2144 3518 2209 relinquuntur
3574 2144 3775 2196 ul.iun.

2190 2234 2361 2292 Media
2425 2237 2569 2292 enim
2644 2245 2700 2290 et
2772 2235 3157 2306 proportiouali
3225 2236 3543 2302 participant
3611 2233 3773 2301 juxta

2190 2345 2354 2382 uuam
2384 2328 2545 2383 simul
2574 2336 2893 2381 cunctorqu
2921 2336 2977 2380 et
3001 2326 3392 2392 conjunclivatu
3419 2325 3773 2378 societatem:

2190 2424 2350 2493 quale
2415 2434 2525 2485 est,
2592 2431 2899 2477 sanctorum
2964 2418 3257 2474 Cherubim
3306 2420 3439 2472 ordo
3487 2418 3779 2487 participat

2189 2512 2452 2581 Sapientia
2483 2520 2537 2565 et
2559 2512 2785 2566 scientia
2812 2509 3028 2573 altiori;
3061 2509 3162 2561 sub
3199 2508 3345 2576 ipsos
3377 2515 3556 2559 autem
3591 2518 3781 2559 essen-

2194 2607 2389 2661 tiarum
2450 2602 2830 2672 dispesitiones
2893 2599 3220 2670 participant
3265 2597 3481 2666 quidem
3526 2606 3584 2650 et
3628 2595 3783 2666 ipsae

2193 2695 2461 2766 sapientia
2498 2704 2551 2748 et
2588 2693 2814 2748 scicidia
2837 2730 2855 2755 ,
2882 2689 3205 2761 particulari
3246 2697 3427 2742 tamen
3463 2688 3531 2741 ad
3570 2684 3688 2741 illos
3720 2696 3780 2741 et

2193 2785 2451 2853 subjecta.
2502 2782 2569 2837 Et
2609 2780 2828 2851 quidem
2871 2780 3093 2834 omnino
3135 2780 3189 2833 in
3224 2777 3650 2847 participatione
3690 2793 3781 2831 sa-

2193 2874 2425 2943 pientiae
2458 2887 2580 2927 esse
2615 2871 2658 2936 ',
2698 2879 2753 2924 et
2788 2871 3067 2933 scientiae,
3100 2878 3386 2923 commune
3418 2877 3503 2922 est
3526 2866 3786 2921 omnibus

2192 2964 2546 3021 deifortnibus
2569 2962 3024 3017 iutellectualibus
3046 2960 3065 2991 ⁷
3095 2978 3108 3013 :
3134 2970 3338 3013 attente
3363 2967 3639 3022 autem,et
3663 2958 3782 3027 pri-

2194 3076 2309 3123 mo,
2343 3068 2435 3112 aut
2463 3057 2721 3119 secundo,
2761 3066 2853 3108 aut
2892 3053 3053 3121 infra,
3091 3066 3430 3121 nequaquam
3464 3063 3783 3113 commune,

508 3137 733 3192 "mima
784 3142 866 3189 ⁸⁸⁸
914 3131 1197 3203 disposui”
1254 3133 1368 3200 ipsa
1424 3139 1735 3186 “meum”
1791 3127 2085 3193 “mum”,
2117 3147 2160 3205 C
2193 3150 2288 3205 sed
2320 3150 2460 3203 sicut
2500 3149 2789 3216 unicuique
2829 3156 2952 3199 ante
2979 3150 3195 3216 propria
3227 3142 3482 3198 delinitur
3509 3141 3781 3210 analogia.
3816 3170 3832 3177 -

507 3228 817 3297 etquidem
865 3223 1516 3291 novissimarumsancta
1543 3229 1600 3276 et
1649 3223 1847 3276 decora
1896 3219 2093 3274 illumio

510 3322 752 3385 natione,
786 3316 1246 3387 superp0sitarum
1294 3315 1656 3369 essentiarum
1707 3313 2094 3382 dispositiones

498 3415 867 3486 participant;
919 3410 1140 3466 ultimae
1185 3423 1314 3462 vero
1361 3407 1658 3479 primarum
1706 3404 1851 3459 nullo
1898 3404 2088 3457 modo:

509 3501 924 3573 ιι·οι1]ι18.81“31ί3
942 3498 1204 3554 caelestes
1223 3495 1439 3566 quidem
1459 3496 1689 3549 virtutes
1710 3506 1903 3547 omnes
1923 3492 2090 3545 divini

513 3594 819 3650 iiitclleCtus
840 3589 1206 3653 nominantur,
1230 3587 1515 3657 Seraphim
1540 3597 1718 3639 autetn
1740 3595 1795 3638 et
1815 3583 2015 3637 Throni
2038 3590 2119 3665 et,

502 3681 920 3740 nominationes
977 3677 1121 3732 nullo
1172 3678 1351 3731 modo.
1387 3675 1750 3744 Participatae
1795 3673 1941 3727 enim
1990 3685 2089 3726 ex-

515 3766 723 3828 tremae
752 3768 1136 3825 excelsissimis
1159 3776 1285 3821 sunt
1325 3765 1719 3821 universalihus
1748 3762 2095 3833 proprietati-

510 3868 633 3919 bus.
676 3864 777 3933 lpsi
806 3874 1035 3930 namque
1058 3858 1272 3930 Angeli,
1302 3868 1357 3913 et
1395 3866 1522 3912 ante
1563 3856 1798 3927 Angelos
1849 3856 2094 3909 Archan—

512 3958 611 4029 geli
625 4000 639 4023 ,
653 3969 706 4012 ct
720 3956 1080 4024 Principatus,
1097 3965 1150 4009 ct
1165 3954 1486 4016 Potestates,
1505 3959 1623 4021 post
1644 3950 1877 4005 Virtutes
1898 3950 1966 4003 ah
1980 3949 2093 4017 ipsa

513 4049 780 4119 theologia
808 4046 1062 4110 ordinati,
1099 4044 1462 4100 communiter
1503 4052 1664 4110 saepe
1701 4057 1733 4093 a
1759 4040 1922 4095 nobis
1943 4039 2096 4093 simi-

513 4142 637 4197 liter
664 4141 784 4193 alis
813 4139 1019 4193 sanctis
1055 4137 1308 4192 cssentiis
1337 4135 1611 4191 caelestes
1636 4133 1863 4187 virtutes
1890 4147 2090 4187 voean-

512 4244 617 4287 tur.
672 4231 917 4286 D.einius
960 4239 1162 4294 autem,
1190 4229 1315 4297 quia
1343 4226 1707 4283 communiter
1760 4226 1811 4278 in
1843 4225 2093 4280 omnibus

512 4334 726 4377 utentes
770 4319 1085 4375 caelestium
1123 4319 1491 4373 nominatione
1515 4316 1794 4379 virtutum,
1828 4327 1932 4369 non
1963 4329 2094 4369 con-

511 4411 777 4470 fusionem
803 4413 1076 4480 quandam
1104 4406 1529 4477 uniuscujusque
1565 4404 1937 4475 dispositionis
1960 4417 2089 4471 pro-

2193 3241 2305 3295 lloc
2335 3249 2513 3293 autem
2546 3250 2599 3293 et
2625 3239 2691 3290 de
2719 3238 2971 3291 omnibus
2997 3236 3197 3290 divinis
3222 3234 3498 3289 mentibus
3525 3249 3632 3287 non
3666 3231 3784 3288 for-

2194 3332 2351 3387 tassis
2381 3332 2503 3400 quis
2528 3345 2717 3384 errans
2737 3328 2974 3382 deiiuiet.
3004 3327 3214 3381 Etenim
3244 3327 3385 3380 sicut
3415 3323 3575 3395 primi
3604 3325 3781 3377 abun-

2192 3422 2379 3476 danter
2424 3421 2619 3474 habent
2672 3420 2939 3472 minorum
2988 3429 3205 3471 sanctas
3248 3417 3608 3485 pulchrasque
3641 3430 3779 3484 pro-

2190 3515 2474 3580 prietates,
2502 3514 2580 3563 sic
2613 3510 2811 3563 habent
2839 3508 3013 3562 ultimi
3044 3522 3139 3562 eas
3165 3508 3430 3577 priorum,
3462 3521 3567 3559 non
3592 3514 3779 3558 tamen

2192 3604 2461 3667 similiter,
2488 3604 2581 3655 sed
2614 3602 2774 3655 infra.
2811 3599 2953 3653 Nihil
2985 3613 3147 3667 ergo,
3175 3607 3234 3652 ut
3270 3598 3532 3661 aestimo,
3573 3594 3778 3650 inordi-

2193 3706 2412 3758 natum,
2459 3694 2503 3747 si
2552 3704 2604 3746 et
2653 3693 2947 3746 secundum
2996 3705 3096 3744 nos
3132 3704 3401 3743 suimnum
3441 3686 3773 3741 sacerdotem

2194 3786 2441 3855 angelum
2472 3784 2742 3853 theolog‘a
2789 3792 2944 3835 vocat
2966 3822 2981 3847 ,
3012 3779 3166 3848 juxta
3203 3779 3460 3832 virtutem
3500 3774 3775 3847 propriam

2192 3876 2606 3944 participantem
2648 3873 2963 3943 angelorum
2991 3868 3293 3941 hy‘pofetica
3333 3868 3688 3939 proprietate,
3718 3878 3778 3920 et

2195 3964 2261 4017 ad
2299 3961 2752 4018 manifestativam
2788 3976 2973 4014 eorum
3020 3959 3462 4021 similitudinem,
3512 3965 3778 4025 quantum

2193 4053 2452 4123 possibile
2511 4051 2849 4112 hominibus,
2904 4058 3203 4103 extentum.
3269 4048 3513 4101 Invenies
3558 4056 3775 4108 autem,

2193 4144 2319 4214 quia
2347 4153 2403 4197 et
2430 4144 2559 4196 deos
2586 4141 2848 4208 theologia
2882 4148 3036 4191 vocat
3063 4147 3118 4191 et
3144 4138 3405 4191 caelestes
3430 4145 3483 4190 et
3510 4151 3780 4206 supernas

2193 4233 2459 4287 cssentias
2480 4271 2495 4296 ,
2525 4240 2579 4284 et
2608 4230 2747 4299 apud
2774 4244 2871 4283 nos
2906 4229 3277 4282 amicissimos-
3296 4226 3390 4281 Dei
3415 4235 3472 4282 ct
3500 4226 3780 4280 mirabiles

2193 4325 2361 4387 viros,
2400 4335 2457 4378 et
2492 4324 2712 4393 quidem
2752 4322 2932 4376 divina
2968 4320 3300 4374 obscuritate
3349 4318 3780 4388 superessentia-

2192 4413 2319 4467 liter
2344 4414 2502 4466 simul
2531 4412 2783 4465 oumibus
2808 4420 2864 4464 et
2897 4421 3098 4463 remota
3141 4419 3194 4463 et
3228 4410 3655 4477 supercolloeata
3677 4447 3692 4471 ,
3720 4416 3775 4461 et

504 4507 799 4572 prictatum
853 4501 1241 4554 introducimus
1268 4516 1281 4552 ε
1307 4500 1399 4553 sed
1444 4497 1698 4567 quoniam
1732 4496 1784 4549 ίιι
1818 4494 1920 4549 "ia
1952 4494 2089 4549 αἰνί-
2122 4473 2340 4558 Dnullo
2394 4503 2464 4557 ah
2518 4517 2580 4555 ea
2619 4517 2845 4564 eorum,
2883 4513 3023 4569 quae
3087 4511 3247 4565 sunt,
3294 4473 3459 4553 simili
3507 4500 3771 4554 nominari

509 4596 711 4646 duntur
738 4592 1033 4644 secundum
1073 4601 1132 4641 se
1172 4589 1603 4657 supermundana
1659 4586 1870 4640 ratione
1903 4598 2092 4638 omnes

514 4684 677 4736 divini
712 4680 1038 4743 intellectus,
1061 4678 1116 4732 in
1146 4680 1432 4734 essentiam
1460 4687 1515 4732 et
1544 4679 1794 4732 virtutem
1819 4686 1874 4731 et
1894 4690 2089 4746 opera-

508 4776 735 4836 tienem,
784 4786 905 4824 cum
941 4771 1097 4824 simul
1141 4785 1330 4822 omnes
1361 4776 1454 4821 aut
1486 4780 1671 4822 eorum
1707 4769 1970 4837 quosdam
2010 4768 2093 4821 in-

511 4865 798 4920 observate
844 4865 1105 4918 caelestes
1153 4861 1438 4924 essentias,
1493 4860 1898 4914 aut'caelestes
1928 4873 2088 4914 voca.

514 4971 637 5008 llltls
678 4959 928 5015 virtutes.
976 4970 1070 5007 eos
1113 4950 1560 5021 periphrasticds,
1591 4949 1656 5003 de
1681 4950 1879 5017 quibus
1910 4960 2090 5002 sermo

516 5056 620 5111 est,
650 5044 958 5115 signiﬁcare
1003 5061 1102 5100 nos
1145 5044 1540 5098 aestimandum
1582 5057 1649 5096 ex
1694 5055 1781 5107 ea,
1826 5054 1965 5111 quae
1991 5055 2088 5108 per

508 5138 749 5210 singulos
768 5152 961 5193 eorum
989 5147 1092 5202 cst,
1119 5136 1352 5190 essentia
1377 5133 1463 5188 vel
1487 5134 1708 5187 virtute.
1734 5131 1919 5201 Neque
1938 5132 2083 5184 enim

502 5230 898 5298 superpositam
935 5230 1317 5297 proprietatem
1336 5226 1452 5296 jam
1480 5225 1617 5281 b-ne
1642 5238 1673 5277 a
1703 5223 1857 5279 nobis
1877 5222 2082 5277 discre-

2191 4594 2406 4665 pmprie
2432 4603 2486 4647 et
2510 4593 2731 4646 omnino
2757 4592 2987 4645 valente.
3023 4592 3387 4646 Veruntamen
3417 4603 3768 4660 quaecunque

2192 4693 2246 4738 et
2282 4681 2723 4738 iutellectualium
2755 4692 2804 4735 et
2850 4680 3191 4733 rationalium
3230 4682 3296 4733 ad
3343 4679 3599 4733 unitatem
3649 4676 3767 4742 ejus

2191 4773 2582 4842 qualiscunque
2608 4772 2778 4825 virtus
2810 4770 3190 4841 universaliter
3218 4770 3573 4828 convertitur,
3608 4775 3655 4816 et
3695 4765 3766 4817 ad

2190 4863 2403 4916 divinas
2439 4862 2606 4929 ipsius
2661 4859 3112 4923 illuminationes,
3168 4865 3424 4926 quantum
3477 4852 3767 4921 possibile,

2196 4950 2591 5005 incessabiliter
2622 4948 2645 4981 ⁸
2677 4950 3004 5011 extenditur,
3032 4949 3359 5021 _secuuduiit
3397 4944 3684 5002 virtutem,
3721 4941 3773 4996 si

2186 5039 2391 5110 justum
2431 5040 2642 5105 dicere,
2683 5039 2864 5093 divina
2901 5038 3232 5104 imitatione,
3270 5046 3327 5090 et
3363 5034 3542 5089 divina
3581 5032 3774 5087 univo-

2192 5135 2405 5189 eatione
2434 5133 2595 5204 digna
2626 5131 2771 5187 facta
2799 5140 2903 5185 est.

1724 5374 1725 5377 η
1774 5327 2031 5385 VARIAE
2086 5330 2486 5389 LECTIONES.

577 5455 596 5487 ί
623 5447 667 5502 Ε
700 5462 859 5501 unum
881 5448 1243 5517 quodcunque.
1318 5448 1359 5477 ν
1391 5445 1433 5500 Ε
1456 5442 1786 5517 Manuleatam
1860 5450 1883 5482 ι
1908 5441 1950 5495 Ε
1991 5445 2164 5515 angeli
2186 5445 2433 5499 virtutes.
2508 5444 2529 5475 ³
2565 5443 2608 5496 Ε
2635 5452 2903 5497 vorantur.
2966 5442 2988 5472 "
3010 5439 3097 5495 BH
3122 5440 3314 5510 prium.
3388 5440 3413 5468 ⁸
3433 5439 3475 5492 Ε
3506 5447 3775 5493 vorantur.

503 5518 530 5551 ⁸
560 5532 669 5571 esse
697 5533 808 5573 om.
834 5513 903 5570 Αἱ
972 5517 990 5547 ⁷
1030 5519 1071 5569 Δ
1102 5513 1462 5573 inulla-tibus.
1536 5514 1560 5546 '
1596 5513 1638 5568 E
1671 5513 2006 5568 incessanter.

2031 5622 2279 5681 NOTAE.

577 5727 603 5757 ι
632 5717 755 5773 lui.
796 5717 880 5771 \‘l.

2248 5718 2273 5755 ιι
2308 5716 2530 5771 Malach.
2568 5714 2627 5779 ll,
2653 5713 2683 5766 Ἰ
2710 5729 2723 5773 ;
2754 5712 2919 5782 Apoc.
2962 5712 3026 5768 ll.
