  <div class='ocr_page' id='page_1' title='image "/cluster/home/n/w/nwhite01/storage/ocr_20150623/122/pst.000018028355/568.png"; bbox 0 0 4168 6284; ppageno 0'>
   <div class='ocr_carea' id='block_1_1' title="bbox 1051 315 3658 418">
    <p class='ocr_par' dir='ltr' id='par_1_1' title="bbox 1051 315 3658 418">
     <span class='ocr_line' id='line_1_1' title="bbox 1051 315 3658 418; baseline -0.021 -2"><span class='ocrx_word' id='word_1_1' title='bbox 1051 361 1299 418; x_wconf 55' lang='grc' dir='ltr'><strong>νειιδιυ</strong></span> <span class='ocrx_word' id='word_1_2' title='bbox 1337 351 1616 408; x_wconf 64' lang='lat' dir='ltr'><strong>Ol‘l‘ll‘tliM</strong></span> <span class='ocrx_word' id='word_1_3' title='bbox 1659 351 1718 404; x_wconf 86' lang='lat' dir='ltr'><strong>S.</strong></span> <span class='ocrx_word' id='word_1_4' title='bbox 1757 341 2075 402; x_wconf 66' lang='lat' dir='ltr'><strong>DIONY-Slh</strong></span> <span class='ocrx_word' id='word_1_5' title='bbox 2109 367 2178 378; x_wconf 91' lang='lat'><strong>--</strong></span> <span class='ocrx_word' id='word_1_6' title='bbox 2203 329 2580 392; x_wconf 78' lang='lat' dir='ltr'><strong>CAELESTIS</strong></span> <span class='ocrx_word' id='word_1_7' title='bbox 2613 321 3013 383; x_wconf 70' lang='lat' dir='ltr'><strong>ll&#39;ZRARCllM.</strong></span> <span class='ocrx_word' id='word_1_8' title='bbox 3517 315 3658 374; x_wconf 56' lang='grc' dir='ltr'><strong>ἰωῇ,</strong></span> 
     </span>
    </p>
   </div>
   <div class='ocr_carea' id='block_1_2' title="bbox 891 425 3658 534">
    <p class='ocr_par' dir='ltr' id='par_1_2' title="bbox 891 425 3658 534">
     <span class='ocr_line' id='line_1_2' title="bbox 891 425 3658 534; baseline -0.018 -2"><span class='ocrx_word' id='word_1_9' title='bbox 891 469 1290 534; x_wconf 73' lang='lat' dir='ltr'><strong>CAPITULU&#39;M</strong></span> <span class='ocrx_word' id='word_1_10' title='bbox 1325 465 1468 520; x_wconf 63' lang='lat' dir='ltr'><strong>Mil.</strong></span> <span class='ocrx_word' id='word_1_11' title='bbox 1647 499 1652 502; x_wconf 87' lang='grc'><strong>-</strong></span> <span class='ocrx_word' id='word_1_12' title='bbox 1773 480 1776 484; x_wconf 93' lang='grc'>·</span> <span class='ocrx_word' id='word_1_13' title='bbox 1949 483 1954 489; x_wconf 89' lang='lat'><strong>-</strong></span> <span class='ocrx_word' id='word_1_14' title='bbox 1997 456 2049 513; x_wconf 81' lang='grc' dir='ltr'><strong>Α</strong></span> <span class='ocrx_word' id='word_1_15' title='bbox 2073 450 2212 504; x_wconf 85' lang='lat' dir='ltr'><strong>haec</strong></span> <span class='ocrx_word' id='word_1_16' title='bbox 2248 453 2338 498; x_wconf 87' lang='lat' dir='ltr'><strong>aut</strong></span> <span class='ocrx_word' id='word_1_17' title='bbox 2375 456 2594 511; x_wconf 86' lang='lat' dir='ltr'><strong>aquam,</strong></span> <span class='ocrx_word' id='word_1_18' title='bbox 2631 444 2726 492; x_wconf 90' lang='lat' dir='ltr'><strong>aut</strong></span> <span class='ocrx_word' id='word_1_19' title='bbox 2757 436 2986 488; x_wconf 85' lang='lat' dir='ltr'><strong>alterum</strong></span> <span class='ocrx_word' id='word_1_20' title='bbox 3025 430 3152 500; x_wconf 87' lang='lat' dir='ltr'><strong>quid</strong></span> <span class='ocrx_word' id='word_1_21' title='bbox 3189 444 3296 484; x_wconf 85' lang='lat' dir='ltr'><strong>non</strong></span> <span class='ocrx_word' id='word_1_22' title='bbox 3329 425 3485 482; x_wconf 76' lang='lat' dir='ltr'><strong>facile</strong></span> <span class='ocrx_word' id='word_1_23' title='bbox 3511 428 3658 498; x_wconf 67' lang='lat' dir='ltr'><strong>igni:-</strong></span> 
     </span>
    </p>
   </div>
   <div class='ocr_carea' id='block_1_3' title="bbox 459 519 3662 644">
    <p class='ocr_par' dir='ltr' id='par_1_3' title="bbox 459 519 3662 644">
     <span class='ocr_line' id='line_1_3' title="bbox 459 519 3662 644; baseline -0.011 -36"><span class='ocrx_word' id='word_1_24' title='bbox 571 581 808 644; x_wconf 66' lang='grc' dir='ltr'><strong>ρηπνση</strong></span> <span class='ocrx_word' id='word_1_25' title='bbox 836 519 1114 637; x_wconf 53' lang='grc' dir='ltr'><strong>ετξ-(φιιξτη</strong></span> <span class='ocrx_word' id='word_1_26' title='bbox 1142 563 1354 616; x_wconf 74' lang='lat' dir='ltr'><strong>dicatur</strong></span> <span class='ocrx_word' id='word_1_27' title='bbox 1381 565 1634 627; x_wconf 68' lang='lat' dir='ltr'><strong>purgatus</strong></span> <span class='ocrx_word' id='word_1_28' title='bbox 1665 552 1826 621; x_wconf 72' lang='lat' dir='ltr'><strong>fuisse</strong></span> <span class='ocrx_word' id='word_1_29' title='bbox 2079 537 2344 594; x_wconf 87' lang='lat' dir='ltr'><strong>scentium</strong></span> <span class='ocrx_word' id='word_1_30' title='bbox 2399 528 2878 604; x_wconf 84' lang='lat' dir='ltr'><strong>proportionaliter</strong></span> <span class='ocrx_word' id='word_1_31' title='bbox 2935 524 3244 580; x_wconf 84' lang='lat' dir='ltr'><strong>ealeﬁcans.</strong></span> <span class='ocrx_word' id='word_1_32' title='bbox 3295 519 3460 584; x_wconf 70' lang='lat' dir='ltr'><strong>Juxta</strong></span> <span class='ocrx_word' id='word_1_33' title='bbox 3519 522 3662 574; x_wconf 87' lang='lat' dir='ltr'><strong>hanc</strong></span> 
     </span>
     <span class='ocr_line' id='line_1_4' title="bbox 1085 615 3658 644; baseline 0 0"><span class='ocrx_word' id='word_1_34' title='bbox 1085 635 1096 644; x_wconf 91' lang='lat'><strong>.</strong></span> <span class='ocrx_word' id='word_1_35' title='bbox 1239 630 1252 644; x_wconf 77' lang='grc' dir='ltr'>ι</span> <span class='ocrx_word' id='word_1_36' title='bbox 1328 630 1338 640; x_wconf 84' lang='grc' dir='ltr'>ι</span> <span class='ocrx_word' id='word_1_37' title='bbox 2084 629 2096 639; x_wconf 91' lang='lat'><strong>-</strong></span> <span class='ocrx_word' id='word_1_38' title='bbox 2283 621 2543 644; x_wconf 74' lang='lat' dir='ltr'><strong>__-._-...-I:-</strong></span> <span class='ocrx_word' id='word_1_39' title='bbox 2586 616 2938 644; x_wconf 61' lang='lat' dir='ltr'><strong>-....I:.mn:,...:.~</strong></span> <span class='ocrx_word' id='word_1_40' title='bbox 2995 615 3257 644; x_wconf 72' lang='lat' dir='ltr'><strong>nnl:nnnl‘r|</strong></span> <span class='ocrx_word' id='word_1_41' title='bbox 3332 621 3658 644; x_wconf 57' lang='lat' dir='ltr'><strong>“nun-natu-</strong></span> 
     </span>
    </p>
   </div>
   <div class='ocr_carea' id='block_1_4' title="bbox 625 615 3658 708">
    <p class='ocr_par' dir='ltr' id='par_1_4' title="bbox 625 615 3658 708">
     <span class='ocr_line' id='line_1_5' title="bbox 625 615 3658 708; baseline -0.005 -26"><span class='ocrx_word' id='word_1_42' title='bbox 625 615 750 667; x_wconf 46' lang='grc' dir='ltr'><strong>ΨΜ</strong></span> <span class='ocrx_word' id='word_1_43' title='bbox 777 615 806 626; x_wconf 74' lang='grc'>“</span> <span class='ocrx_word' id='word_1_44' title='bbox 831 615 1198 708; x_wconf 57' lang='lat' dir='ltr'><strong>_”&quot;;,?iiiim</strong></span> <span class='ocrx_word' id='word_1_45' title='bbox 1227 615 1422 684; x_wconf 49' lang='lat' dir='ltr'><strong>Isaia}.</strong></span> <span class='ocrx_word' id='word_1_46' title='bbox 1480 615 1505 626; x_wconf 61' lang='grc'>⁷</span> <span class='ocrx_word' id='word_1_47' title='bbox 1665 615 1676 621; x_wconf 69' lang='grc'><em>’</em></span> <span class='ocrx_word' id='word_1_48' title='bbox 1839 671 1843 674; x_wconf 92' lang='grc'>.</span> <span class='ocrx_word' id='word_1_49' title='bbox 2081 627 2248 698; x_wconf 79' lang='lat' dir='ltr'><strong>igitur</strong></span> <span class='ocrx_word' id='word_1_50' title='bbox 2283 621 2546 678; x_wconf 76' lang='lat' dir='ltr'><strong>naturalis</strong></span> <span class='ocrx_word' id='word_1_51' title='bbox 2584 616 2942 674; x_wconf 71' lang='lat' dir='ltr'><strong>ordinationis</strong></span> <span class='ocrx_word' id='word_1_52' title='bbox 2995 615 3296 678; x_wconf 88' lang='lat' dir='ltr'><strong>rationem,</strong></span> <span class='ocrx_word' id='word_1_53' title='bbox 3319 621 3658 682; x_wconf 66' lang='lat' dir='ltr'><strong>supernatuo</strong></span> 
     </span>
    </p>
   </div>
   <div class='ocr_carea' id='block_1_5' title="bbox 467 703 2031 812">
    <p class='ocr_par' dir='ltr' id='par_1_5' title="bbox 467 703 1984 812">
     <span class='ocr_line' id='line_1_6' title="bbox 467 703 1984 812; baseline -0.025 -13"><span class='ocrx_word' id='word_1_54' title='bbox 467 745 604 812; x_wconf 67' lang='lat' dir='ltr'><strong>Age,</strong></span> <span class='ocrx_word' id='word_1_55' title='bbox 621 737 788 794; x_wconf 83' lang='lat' dir='ltr'><strong>ethoc</strong></span> <span class='ocrx_word' id='word_1_56' title='bbox 807 703 1100 788; x_wconf 61' lang='lat' dir='ltr'><strong>secundum</strong></span> <span class='ocrx_word' id='word_1_57' title='bbox 1127 726 1378 778; x_wconf 73' lang='lat' dir='ltr'><strong>virtutem</strong></span> <span class='ocrx_word' id='word_1_58' title='bbox 1405 716 1770 788; x_wconf 80' lang='lat' dir='ltr'><strong>inspiciamus,</strong></span> <span class='ocrx_word' id='word_1_59' title='bbox 1794 709 1984 812; x_wconf 47' lang='lat' dir='ltr'><strong>utquid</strong></span> 
     </span>
    </p>
   </div>
   <div class='ocr_carea' id='block_1_6' title="bbox 2134 703 3666 812">
    <p class='ocr_par' dir='ltr' id='par_1_6' title="bbox 2134 703 3666 782">
     <span class='ocr_line' id='line_1_7' title="bbox 2134 703 3666 782; baseline -0.005 -14"><span class='ocrx_word' id='word_1_60' title='bbox 2134 715 2220 770; x_wconf 64' lang='lat' dir='ltr'><strong>slis</strong></span> <span class='ocrx_word' id='word_1_61' title='bbox 2257 714 2371 782; x_wconf 88' lang='lat' dir='ltr'><strong>ipsa</strong></span> <span class='ocrx_word' id='word_1_62' title='bbox 2409 710 2588 764; x_wconf 85' lang='lat' dir='ltr'><strong>omnis</strong></span> <span class='ocrx_word' id='word_1_63' title='bbox 2611 708 2737 764; x_wconf 90' lang='lat' dir='ltr'><strong>boni</strong></span> <span class='ocrx_word' id='word_1_64' title='bbox 2769 715 2993 760; x_wconf 87' lang='lat' dir='ltr'><strong>ornatus</strong></span> <span class='ocrx_word' id='word_1_65' title='bbox 3022 705 3250 760; x_wconf 79' lang='lat' dir='ltr'><strong>visibilis</strong></span> <span class='ocrx_word' id='word_1_66' title='bbox 3287 712 3344 758; x_wconf 90' lang='lat' dir='ltr'><strong>et</strong></span> <span class='ocrx_word' id='word_1_67' title='bbox 3381 703 3666 760; x_wconf 79' lang='lat' dir='ltr'><strong>invisibilis</strong></span> 
     </span>
    </p>
   </div>
   <div class='ocr_carea' id='block_1_7' title="bbox 395 795 2031 897">
    <p class='ocr_par' dir='ltr' id='par_1_7' title="bbox 395 795 1983 897">
     <span class='ocr_line' id='line_1_8' title="bbox 395 795 1983 897; baseline -0.025 -8"><span class='ocrx_word' id='word_1_68' title='bbox 395 851 428 888; x_wconf 78' lang='lat' dir='ltr'><strong>a</strong></span> <span class='ocrx_word' id='word_1_69' title='bbox 467 795 742 897; x_wconf 12' lang='lat' dir='ltr'><strong>ltitiaetilogis</strong></span> <span class='ocrx_word' id='word_1_70' title='bbox 769 821 1064 891; x_wconf 81' lang='lat' dir='ltr'><strong>Seraphim</strong></span> <span class='ocrx_word' id='word_1_71' title='bbox 1118 816 1316 870; x_wconf 80' lang='lat' dir='ltr'><strong>niissns</strong></span> <span class='ocrx_word' id='word_1_72' title='bbox 1363 809 1536 864; x_wconf 80' lang='lat' dir='ltr'><strong>fuisse</strong></span> <span class='ocrx_word' id='word_1_73' title='bbox 1554 805 1765 858; x_wconf 88' lang='lat' dir='ltr'><strong>dicatur</strong></span> <span class='ocrx_word' id='word_1_74' title='bbox 1787 812 1852 897; x_wconf 46' lang='lat' dir='ltr'><strong>fl.</strong></span> <span class='ocrx_word' id='word_1_75' title='bbox 1893 798 1983 852; x_wconf 82' lang='lat' dir='ltr'><strong>Et-</strong></span> 
     </span>
    </p>
   </div>
   <div class='ocr_carea' id='block_1_8' title="bbox 2134 795 3667 897">
    <p class='ocr_par' dir='ltr' id='par_1_8' title="bbox 2134 795 3667 872">
     <span class='ocr_line' id='line_1_9' title="bbox 2134 795 3667 872; baseline -0.007 -12"><span class='ocrx_word' id='word_1_76' title='bbox 2134 806 2436 868; x_wconf 62' lang='lat' dir='ltr'><strong>ixiarcbiae,</strong></span> <span class='ocrx_word' id='word_1_77' title='bbox 2459 816 2730 870; x_wconf 70' lang='lat' dir='ltr'><strong>congruae</strong></span> <span class='ocrx_word' id='word_1_78' title='bbox 2753 796 3150 854; x_wconf 87' lang='lat' dir='ltr'><strong>dilucidationis</strong></span> <span class='ocrx_word' id='word_1_79' title='bbox 3168 795 3470 851; x_wconf 79' lang='lat' dir='ltr'><strong>claritatem</strong></span> <span class='ocrx_word' id='word_1_80' title='bbox 3491 795 3667 872; x_wconf 84' lang='lat' dir='ltr'><strong>primo</strong></span> 
     </span>
    </p>
   </div>
   <div class='ocr_carea' id='block_1_9' title="bbox 395 885 2031 988">
    <p class='ocr_par' dir='ltr' id='par_1_9' title="bbox 395 885 1984 988">
     <span class='ocr_line' id='line_1_10' title="bbox 395 885 1984 988; baseline -0.025 -9"><span class='ocrx_word' id='word_1_81' title='bbox 395 925 560 980; x_wconf 74' lang='lat' dir='ltr'><strong>enim</strong></span> <span class='ocrx_word' id='word_1_82' title='bbox 577 885 1222 988; x_wconf 45' lang='lat' dir='ltr'><strong>exponeret-quisquam</strong></span> <span class='ocrx_word' id='word_1_83' title='bbox 1239 945 1256 969; x_wconf 90' lang='lat'><strong>,</strong></span> <span class='ocrx_word' id='word_1_84' title='bbox 1284 903 1412 973; x_wconf 90' lang='lat' dir='ltr'><strong>quia</strong></span> <span class='ocrx_word' id='word_1_85' title='bbox 1443 913 1546 954; x_wconf 88' lang='lat' dir='ltr'><strong>non</strong></span> <span class='ocrx_word' id='word_1_86' title='bbox 1582 892 1984 963; x_wconf 73' lang='lat' dir='ltr'><strong>suppositarum</strong></span> 
     </span>
    </p>
   </div>
   <div class='ocr_carea' id='block_1_10' title="bbox 2134 885 3668 988">
    <p class='ocr_par' dir='ltr' id='par_1_10' title="bbox 2134 885 3668 966">
     <span class='ocr_line' id='line_1_11' title="bbox 2134 885 3668 966; baseline -0.007 -18"><span class='ocrx_word' id='word_1_87' title='bbox 2134 903 2434 966; x_wconf 76' lang='lat' dir='ltr'><strong>ppare-ntem</strong></span> <span class='ocrx_word' id='word_1_88' title='bbox 2456 933 2472 957; x_wconf 89' lang='lat'><strong>,</strong></span> <span class='ocrx_word' id='word_1_89' title='bbox 2500 901 2560 956; x_wconf 84' lang='lat' dir='ltr'><strong>ut.</strong></span> <span class='ocrx_word' id='word_1_90' title='bbox 2589 892 2642 944; x_wconf 86' lang='lat' dir='ltr'><strong>in</strong></span> <span class='ocrx_word' id='word_1_91' title='bbox 2677 887 3064 959; x_wconf 75' lang='lat' dir='ltr'><strong>copiosissimis</strong></span> <span class='ocrx_word' id='word_1_92' title='bbox 3102 885 3450 940; x_wconf 73' lang='lat' dir='ltr'><strong>ellusionibus</strong></span> <span class='ocrx_word' id='word_1_93' title='bbox 3485 885 3668 940; x_wconf 85' lang='lat' dir='ltr'><strong>excel-</strong></span> 
     </span>
    </p>
   </div>
   <div class='ocr_carea' id='block_1_11' title="bbox 377 978 2031 1084">
    <p class='ocr_par' dir='ltr' id='par_1_11' title="bbox 377 978 1987 1084">
     <span class='ocr_line' id='line_1_12' title="bbox 377 978 1987 1084; baseline -0.024 -16"><span class='ocrx_word' id='word_1_94' title='bbox 377 978 522 1084; x_wconf 65' lang='lat' dir='ltr'><strong>quis</strong></span> <span class='ocrx_word' id='word_1_95' title='bbox 545 978 860 1080; x_wconf 70' lang='lat' dir='ltr'><strong>angelorum</strong></span> <span class='ocrx_word' id='word_1_96' title='bbox 877 1043 894 1068; x_wconf 88' lang='lat'><strong>,</strong></span> <span class='ocrx_word' id='word_1_97' title='bbox 923 978 1018 1057; x_wconf 68' lang='lat' dir='ltr'><strong>scd</strong></span> <span class='ocrx_word' id='word_1_98' title='bbox 1042 1012 1182 1056; x_wconf 72' lang='lat' dir='ltr'><strong>unius</strong></span> <span class='ocrx_word' id='word_1_99' title='bbox 1212 993 1426 1064; x_wconf 82' lang='lat' dir='ltr'><strong>quidam</strong></span> <span class='ocrx_word' id='word_1_100' title='bbox 1463 983 1710 1042; x_wconf 66' lang='lat' dir='ltr'><strong>maximis</strong></span> <span class='ocrx_word' id='word_1_101' title='bbox 1737 978 1987 1050; x_wconf 81' lang='lat' dir='ltr'><strong>essentiis</strong></span> 
     </span>
    </p>
   </div>
   <div class='ocr_carea' id='block_1_12' title="bbox 2134 978 3673 1084">
    <p class='ocr_par' dir='ltr' id='par_1_12' title="bbox 2134 979 3673 1048">
     <span class='ocr_line' id='line_1_13' title="bbox 2134 979 3673 1048; baseline -0.005 -10"><span class='ocrx_word' id='word_1_102' title='bbox 2134 985 2404 1040; x_wconf 81' lang='lat' dir='ltr'><strong>:utissimis</strong></span> <span class='ocrx_word' id='word_1_103' title='bbox 2451 982 2762 1036; x_wconf 74' lang='lat' dir='ltr'><strong>manifestat</strong></span> <span class='ocrx_word' id='word_1_104' title='bbox 2809 979 3096 1047; x_wconf 85' lang='lat' dir='ltr'><strong>essentiis:</strong></span> <span class='ocrx_word' id='word_1_105' title='bbox 3147 988 3202 1031; x_wconf 87' lang='lat' dir='ltr'><strong>et</strong></span> <span class='ocrx_word' id='word_1_106' title='bbox 3239 992 3335 1047; x_wconf 91' lang='lat' dir='ltr'><strong>per</strong></span> <span class='ocrx_word' id='word_1_107' title='bbox 3373 993 3496 1040; x_wconf 87' lang='lat' dir='ltr'><strong>eas,</strong></span> <span class='ocrx_word' id='word_1_108' title='bbox 3533 991 3673 1048; x_wconf 88' lang='lat' dir='ltr'><strong>quae</strong></span> 
     </span>
    </p>
   </div>
   <div class='ocr_carea' id='block_1_13' title="bbox 399 1067 2031 1169">
    <p class='ocr_par' dir='ltr' id='par_1_13' title="bbox 399 1067 1988 1169">
     <span class='ocr_line' id='line_1_14' title="bbox 399 1067 1988 1169; baseline -0.024 -7"><span class='ocrx_word' id='word_1_109' title='bbox 399 1067 712 1162; x_wconf 39' lang='lat' dir='ltr'><strong>iimu&#39;me‘i&#39;is</strong></span> <span class='ocrx_word' id='word_1_110' title='bbox 747 1105 944 1169; x_wconf 74' lang='lat' dir='ltr'><strong>purgat</strong></span> <span class='ocrx_word' id='word_1_111' title='bbox 969 1090 1334 1154; x_wconf 75' lang='lat' dir='ltr'><strong>sacerdotem.</strong></span> <span class='ocrx_word' id='word_1_112' title='bbox 1361 1082 1602 1150; x_wconf 81' lang='lat' dir='ltr'><strong>&#39;Quidam</strong></span> <span class='ocrx_word' id='word_1_113' title='bbox 1631 1092 1764 1147; x_wconf 82' lang='lat' dir='ltr'><strong>ergo</strong></span> <span class='ocrx_word' id='word_1_114' title='bbox 1799 1074 1988 1136; x_wconf 85' lang='lat' dir='ltr'><strong>aiunt,</strong></span> 
     </span>
    </p>
   </div>
   <div class='ocr_carea' id='block_1_14' title="bbox 2134 1067 3686 1169">
    <p class='ocr_par' dir='ltr' id='par_1_14' title="bbox 2134 1067 3686 1138">
     <span class='ocr_line' id='line_1_15' title="bbox 2134 1067 3686 1138; baseline -0.003 -12"><span class='ocrx_word' id='word_1_115' title='bbox 2134 1085 2206 1128; x_wconf 84' lang='lat' dir='ltr'><strong>ost</strong></span> <span class='ocrx_word' id='word_1_116' title='bbox 2250 1083 2374 1128; x_wconf 89' lang='lat' dir='ltr'><strong>sunt</strong></span> <span class='ocrx_word' id='word_1_117' title='bbox 2399 1072 2710 1134; x_wconf 84' lang='lat' dir='ltr'><strong>essentiae,</strong></span> <span class='ocrx_word' id='word_1_118' title='bbox 2747 1070 2928 1124; x_wconf 84' lang='lat' dir='ltr'><strong>divino</strong></span> <span class='ocrx_word' id='word_1_119' title='bbox 2963 1069 3290 1138; x_wconf 75' lang='lat' dir='ltr'><strong>participant</strong></span> <span class='ocrx_word' id='word_1_120' title='bbox 3342 1069 3511 1122; x_wconf 82' lang='lat' dir='ltr'><strong>radio.</strong></span> <span class='ocrx_word' id='word_1_121' title='bbox 3562 1067 3686 1132; x_wconf 33' lang='lat' dir='ltr'><strong>Hae.</strong></span> 
     </span>
    </p>
   </div>
   <div class='ocr_carea' id='block_1_15' title="bbox 401 1159 3676 1269">
    <p class='ocr_par' dir='ltr' id='par_1_15' title="bbox 401 1159 3676 1269">
     <span class='ocr_line' id='line_1_16' title="bbox 401 1159 3676 1269; baseline -0.011 -23"><span class='ocrx_word' id='word_1_122' title='bbox 401 1199 530 1269; x_wconf 72' lang='lat' dir='ltr'><strong>quia</strong></span> <span class='ocrx_word' id='word_1_123' title='bbox 557 1159 881 1264; x_wconf 36' lang='lat' dir='ltr'><strong>iiuna-riam</strong></span> <span class='ocrx_word' id='word_1_124' title='bbox 925 1193 1052 1239; x_wconf 87' lang='lat' dir='ltr'><strong>ante</strong></span> <span class='ocrx_word' id='word_1_125' title='bbox 1101 1178 1362 1236; x_wconf 88' lang='lat' dir='ltr'><strong>redditam</strong></span> <span class='ocrx_word' id='word_1_126' title='bbox 1409 1179 1726 1234; x_wconf 65' lang='lat' dir='ltr'><strong>culmorum</strong></span> <span class='ocrx_word' id='word_1_127' title='bbox 1779 1161 1990 1218; x_wconf 83' lang='lat' dir='ltr'><strong>iutelle-</strong></span> <span class='ocrx_word' id='word_1_128' title='bbox 2091 1164 2508 1232; x_wconf 58' lang='lat' dir='ltr'><strong>cninﬂprimae</strong></span> <span class='ocrx_word' id='word_1_129' title='bbox 2527 1169 2913 1230; x_wconf 77' lang='lat' dir='ltr'><strong>cognoscentes</strong></span> <span class='ocrx_word' id='word_1_130' title='bbox 2935 1159 3210 1222; x_wconf 87' lang='lat' dir='ltr'><strong>Deum,et</strong></span> <span class='ocrx_word' id='word_1_131' title='bbox 3233 1159 3468 1214; x_wconf 78' lang='lat' dir='ltr'><strong>divinam</strong></span> <span class='ocrx_word' id='word_1_132' title='bbox 3490 1174 3676 1228; x_wconf 86' lang='lat' dir='ltr'><strong>super-</strong></span> 
     </span>
    </p>
   </div>
   <div class='ocr_carea' id='block_1_16' title="bbox 401 1248 3672 1340">
    <p class='ocr_par' dir='ltr' id='par_1_16' title="bbox 401 1248 3672 1340">
     <span class='ocr_line' id='line_1_17' title="bbox 401 1248 3672 1340; baseline -0.012 0"><span class='ocrx_word' id='word_1_133' title='bbox 401 1248 594 1340; x_wconf 58' lang='lat' dir='ltr'><strong>(:llttﬂl&#39;l</strong></span> <span class='ocrx_word' id='word_1_134' title='bbox 620 1248 894 1338; x_wconf 58' lang='lat' dir='ltr'><strong>societatis</strong></span> <span class='ocrx_word' id='word_1_135' title='bbox 917 1271 1316 1332; x_wconf 77' lang='lat' dir='ltr'><strong>deﬁnitionem,</strong></span> <span class='ocrx_word' id='word_1_136' title='bbox 1349 1279 1452 1324; x_wconf 84' lang='lat' dir='ltr'><strong>non</strong></span> <span class='ocrx_word' id='word_1_137' title='bbox 1475 1277 1636 1338; x_wconf 84' lang='lat' dir='ltr'><strong>unam</strong></span> <span class='ocrx_word' id='word_1_138' title='bbox 1657 1259 1802 1316; x_wconf 88' lang='lat' dir='ltr'><strong>circa</strong></span> <span class='ocrx_word' id='word_1_139' title='bbox 1825 1253 1991 1306; x_wconf 89' lang='lat' dir='ltr'><strong>Deum</strong></span> <span class='ocrx_word' id='word_1_140' title='bbox 2090 1256 2397 1314; x_wconf 81' lang='lat' dir='ltr'><strong>eminenter</strong></span> <span class='ocrx_word' id='word_1_141' title='bbox 2436 1252 2810 1316; x_wconf 74' lang='lat' dir='ltr'><strong>desiderantes</strong></span> <span class='ocrx_word' id='word_1_142' title='bbox 2847 1249 3100 1304; x_wconf 74' lang='lat' dir='ltr'><strong>virtutem</strong></span> <span class='ocrx_word' id='word_1_143' title='bbox 3121 1289 3138 1311; x_wconf 85' lang='lat'><strong>,</strong></span> <span class='ocrx_word' id='word_1_144' title='bbox 3161 1257 3239 1304; x_wconf 51' lang='lat' dir='ltr'><strong>&#39;ct</strong></span> <span class='ocrx_word' id='word_1_145' title='bbox 3273 1248 3672 1319; x_wconf 65' lang='lat' dir='ltr'><strong>praeopcratriv</strong></span> 
     </span>
    </p>
   </div>
   <div class='ocr_carea' id='block_1_17' title="bbox 407 1339 3682 1445">
    <p class='ocr_par' dir='ltr' id='par_1_17' title="bbox 407 1339 3682 1445">
     <span class='ocr_line' id='line_1_18' title="bbox 407 1339 3682 1445; baseline -0.011 -17"><span class='ocrx_word' id='word_1_146' title='bbox 407 1376 710 1445; x_wconf 83' lang='lat' dir='ltr'><strong>primarum</strong></span> <span class='ocrx_word' id='word_1_147' title='bbox 753 1365 1036 1422; x_wconf 82' lang='lat' dir='ltr'><strong>mentium</strong></span> <span class='ocrx_word' id='word_1_148' title='bbox 1061 1359 1308 1416; x_wconf 84' lang='lat' dir='ltr'><strong>nominat</strong></span> <span class='ocrx_word' id='word_1_149' title='bbox 1358 1353 1628 1421; x_wconf 85' lang='lat' dir='ltr'><strong>eloquium</strong></span> <span class='ocrx_word' id='word_1_150' title='bbox 1667 1348 1720 1400; x_wconf 87' lang='lat' dir='ltr'><strong>in</strong></span> <span class='ocrx_word' id='word_1_151' title='bbox 1761 1341 1994 1410; x_wconf 76' lang='lat' dir='ltr'><strong>theologi</strong></span> <span class='ocrx_word' id='word_1_152' title='bbox 2087 1359 2189 1400; x_wconf 87' lang='lat' dir='ltr'><strong>-ees</strong></span> <span class='ocrx_word' id='word_1_153' title='bbox 2235 1343 2370 1407; x_wconf 79' lang='lat' dir='ltr'><strong>ﬁeri,</strong></span> <span class='ocrx_word' id='word_1_154' title='bbox 2404 1351 2663 1410; x_wconf 80' lang='lat' dir='ltr'><strong>quantum</strong></span> <span class='ocrx_word' id='word_1_155' title='bbox 2697 1339 2982 1409; x_wconf 67' lang='lat' dir='ltr'><strong>possibile,</strong></span> <span class='ocrx_word' id='word_1_156' title='bbox 3029 1340 3136 1393; x_wconf 87' lang='lat' dir='ltr'><strong>Deo</strong></span> <span class='ocrx_word' id='word_1_157' title='bbox 3175 1339 3336 1392; x_wconf 85' lang='lat' dir='ltr'><strong>simili</strong></span> <span class='ocrx_word' id='word_1_158' title='bbox 3388 1339 3586 1398; x_wconf 82' lang='lat' dir='ltr'><strong>virtute</strong></span> <span class='ocrx_word' id='word_1_159' title='bbox 3625 1347 3682 1400; x_wconf 82' lang='lat' dir='ltr'><strong>et</strong></span> 
     </span>
    </p>
   </div>
   <div class='ocr_carea' id='block_1_18' title="bbox 409 1427 3681 1536">
    <p class='ocr_par' dir='ltr' id='par_1_18' title="bbox 409 1427 3681 1536">
     <span class='ocr_line' id='line_1_19' title="bbox 409 1427 3681 1536; baseline -0.013 -16"><span class='ocrx_word' id='word_1_160' title='bbox 409 1427 788 1536; x_wconf 40' lang='lat' dir='ltr'><strong>purgationem</strong></span> <span class='ocrx_word' id='word_1_161' title='bbox 833 1456 1086 1516; x_wconf 81' lang='lat' dir='ltr'><strong>venisse;</strong></span> <span class='ocrx_word' id='word_1_162' title='bbox 1139 1447 1408 1519; x_wconf 78' lang='lat' dir='ltr'><strong>quendam</strong></span> <span class='ocrx_word' id='word_1_163' title='bbox 1435 1456 1564 1496; x_wconf 88' lang='lat' dir='ltr'><strong>vero</strong></span> <span class='ocrx_word' id='word_1_164' title='bbox 1605 1434 1996 1509; x_wconf 83' lang='lat' dir='ltr'><strong>praestantium</strong></span> <span class='ocrx_word' id='word_1_165' title='bbox 2099 1436 2312 1489; x_wconf 78' lang='lat' dir='ltr'><strong>actione</strong></span> <span class='ocrx_word' id='word_1_166' title='bbox 2357 1433 2550 1501; x_wconf 85' lang='lat' dir='ltr'><strong>dignae</strong></span> <span class='ocrx_word' id='word_1_167' title='bbox 2597 1429 2818 1484; x_wconf 83' lang='lat' dir='ltr'><strong>ell&#39;eetae</strong></span> <span class='ocrx_word' id='word_1_168' title='bbox 2865 1437 3016 1492; x_wconf 86' lang='lat' dir='ltr'><strong>sunt,</strong></span> <span class='ocrx_word' id='word_1_169' title='bbox 3067 1437 3124 1484; x_wconf 88' lang='lat' dir='ltr'><strong>et</strong></span> <span class='ocrx_word' id='word_1_170' title='bbox 3165 1438 3288 1498; x_wconf 88' lang='lat' dir='ltr'><strong>post</strong></span> <span class='ocrx_word' id='word_1_171' title='bbox 3331 1442 3388 1482; x_wconf 86' lang='lat' dir='ltr'><strong>se</strong></span> <span class='ocrx_word' id='word_1_172' title='bbox 3417 1427 3681 1482; x_wconf 88' lang='lat' dir='ltr'><strong>essentias</strong></span> 
     </span>
    </p>
   </div>
   <div class='ocr_carea' id='block_1_19' title="bbox 413 1517 3692 1618">
    <p class='ocr_par' dir='ltr' id='par_1_19' title="bbox 413 1517 3692 1618">
     <span class='ocr_line' id='line_1_20' title="bbox 413 1517 3692 1618; baseline -0.023 -9"><span class='ocrx_word' id='word_1_173' title='bbox 413 1517 968 1618; x_wconf 60' lang='lat' dir='ltr'><strong>nobis-angelortnn.</strong></span> <span class='ocrx_word' id='word_1_174' title='bbox 1007 1517 1436 1599; x_wconf 77' lang='lat' dir='ltr'><strong>sanctiﬁcantem</strong></span> <span class='ocrx_word' id='word_1_175' title='bbox 1473 1529 1770 1600; x_wconf 81' lang='lat' dir='ltr'><strong>prophetae</strong></span> <span class='ocrx_word' id='word_1_176' title='bbox 1804 1538 2000 1596; x_wconf 74' lang='lat' dir='ltr'><strong>purga-</strong></span> <span class='ocrx_word' id='word_1_177' title='bbox 2104 1527 2252 1595; x_wconf 56' lang='lat' dir='ltr'><strong>ipsae</strong></span> <span class='ocrx_word' id='word_1_178' title='bbox 2299 1523 2368 1578; x_wconf 69' lang='lat' dir='ltr'><strong>ad</strong></span> <span class='ocrx_word' id='word_1_179' title='bbox 2416 1521 2648 1576; x_wconf 67' lang='lat' dir='ltr'><strong>similem</strong></span> <span class='ocrx_word' id='word_1_180' title='bbox 2699 1520 2974 1581; x_wconf 50' lang='lat' dir='ltr'><strong>Virtutem,</strong></span> <span class='ocrx_word' id='word_1_181' title='bbox 3016 1527 3075 1578; x_wconf 63' lang='grc' dir='ltr'>ιη</span> <span class='ocrx_word' id='word_1_182' title='bbox 3122 1519 3316 1583; x_wconf 50' lang='lat' dir='ltr'><strong>virtus,</strong></span> <span class='ocrx_word' id='word_1_183' title='bbox 3346 1517 3692 1590; x_wconf 35' lang='lat' dir='ltr'><strong>damnum“</strong></span> 
     </span>
    </p>
   </div>
   <div class='ocr_carea' id='block_1_20' title="bbox 413 1611 3685 1706">
    <p class='ocr_par' dir='ltr' id='par_1_20' title="bbox 413 1611 3685 1706">
     <span class='ocr_line' id='line_1_21' title="bbox 413 1611 3685 1706; baseline -0.019 -7"><span class='ocrx_word' id='word_1_184' title='bbox 413 1647 654 1702; x_wconf 75' lang='lat' dir='ltr'><strong>tionem.</strong></span> <span class='ocrx_word' id='word_1_185' title='bbox 689 1611 974 1706; x_wconf 56' lang='lat' dir='ltr'><strong>Seraphin:</strong></span> <span class='ocrx_word' id='word_1_186' title='bbox 1019 1626 1467 1699; x_wconf 79' lang='lat' dir='ltr'><strong>aequivocatiuuc</strong></span> <span class='ocrx_word' id='word_1_187' title='bbox 1497 1623 1512 1652; x_wconf 73' lang='grc' dir='ltr'>ι</span> <span class='ocrx_word' id='word_1_188' title='bbox 1545 1628 1810 1684; x_wconf 85' lang='lat' dir='ltr'><strong>vocatum</strong></span> <span class='ocrx_word' id='word_1_189' title='bbox 1837 1615 2002 1688; x_wconf 82' lang='lat' dir='ltr'><strong>fuisse</strong></span> <span class='ocrx_word' id='word_1_190' title='bbox 2103 1613 2430 1678; x_wconf 64' lang='grc' dir='ltr'><strong>ρχωικιιιιιι,</strong></span> <span class='ocrx_word' id='word_1_191' title='bbox 2457 1613 2676 1682; x_wconf 65' lang='lat' dir='ltr'><strong>copiose</strong></span> <span class='ocrx_word' id='word_1_192' title='bbox 2708 1611 2838 1681; x_wconf 66' lang='lat' dir='ltr'><strong>ipsis</strong></span> <span class='ocrx_word' id='word_1_193' title='bbox 2869 1611 3144 1666; x_wconf 49' lang='lat' dir='ltr'><strong>[radentes</strong></span> <span class='ocrx_word' id='word_1_194' title='bbox 3169 1627 3238 1686; x_wconf 31' lang='lat' dir='ltr'><strong>ex,</strong></span> <span class='ocrx_word' id='word_1_195' title='bbox 3274 1611 3685 1680; x_wconf 50' lang='lat' dir='ltr'><strong>superveniente</strong></span> 
     </span>
    </p>
   </div>
   <div class='ocr_carea' id='block_1_21' title="bbox 416 1701 3687 1803">
    <p class='ocr_par' dir='ltr' id='par_1_21' title="bbox 416 1701 3687 1803">
     <span class='ocr_line' id='line_1_22' title="bbox 416 1701 3687 1803; baseline -0.01 -16"><span class='ocrx_word' id='word_1_196' title='bbox 416 1742 640 1803; x_wconf 69' lang='grc' dir='ltr'><strong>υιόμιυι·</strong></span> <span class='ocrx_word' id='word_1_197' title='bbox 687 1701 896 1797; x_wconf 76' lang='lat' dir='ltr'><strong>igneam</strong></span> <span class='ocrx_word' id='word_1_198' title='bbox 932 1733 986 1778; x_wconf 84' lang='lat' dir='ltr'><strong>et</strong></span> <span class='ocrx_word' id='word_1_199' title='bbox 1019 1721 1320 1777; x_wconf 89' lang='lat' dir='ltr'><strong>caelestem</strong></span> <span class='ocrx_word' id='word_1_200' title='bbox 1359 1717 1624 1782; x_wconf 75' lang='lat' dir='ltr'><strong>dicturum</strong></span> <span class='ocrx_word' id='word_1_201' title='bbox 1669 1709 2000 1764; x_wconf 73' lang='lat' dir='ltr'><strong>ablutionem</strong></span> <span class='ocrx_word' id='word_1_202' title='bbox 2107 1705 2160 1758; x_wconf 88' lang='lat' dir='ltr'><strong>in</strong></span> <span class='ocrx_word' id='word_1_203' title='bbox 2208 1719 2304 1758; x_wconf 87' lang='lat' dir='ltr'><strong>eas</strong></span> <span class='ocrx_word' id='word_1_204' title='bbox 2345 1703 2624 1766; x_wconf 84' lang='lat' dir='ltr'><strong>claritate,</strong></span> <span class='ocrx_word' id='word_1_205' title='bbox 2669 1711 2726 1756; x_wconf 91' lang='lat' dir='ltr'><strong>et</strong></span> <span class='ocrx_word' id='word_1_206' title='bbox 2765 1701 2883 1756; x_wconf 84' lang='lat' dir='ltr'><strong>illae</strong></span> <span class='ocrx_word' id='word_1_207' title='bbox 2935 1703 3126 1756; x_wconf 86' lang='lat' dir='ltr'><strong>iterum</strong></span> <span class='ocrx_word' id='word_1_208' title='bbox 3161 1702 3456 1772; x_wconf 74' lang='lat' dir='ltr'><strong>subjectis:</strong></span> <span class='ocrx_word' id='word_1_209' title='bbox 3496 1710 3554 1772; x_wconf 84' lang='lat' dir='ltr'><strong>et</strong></span> <span class='ocrx_word' id='word_1_210' title='bbox 3591 1717 3687 1772; x_wconf 85' lang='lat' dir='ltr'><strong>per</strong></span> 
     </span>
    </p>
   </div>
   <div class='ocr_carea' id='block_1_22' title="bbox 415 1794 3690 1890">
    <p class='ocr_par' dir='ltr' id='par_1_22' title="bbox 415 1794 3690 1890">
     <span class='ocr_line' id='line_1_23' title="bbox 415 1794 3690 1890; baseline -0.009 -13"><span class='ocrx_word' id='word_1_211' title='bbox 415 1794 799 1890; x_wconf 73' lang='lat' dir='ltr'><strong>peccatorum,</strong></span> <span class='ocrx_word' id='word_1_212' title='bbox 835 1823 894 1868; x_wconf 90' lang='lat' dir='ltr'><strong>et</strong></span> <span class='ocrx_word' id='word_1_213' title='bbox 925 1809 1146 1884; x_wconf 72' lang='lat' dir='ltr'><strong>purgati.</strong></span> <span class='ocrx_word' id='word_1_214' title='bbox 1177 1808 1230 1864; x_wconf 90' lang='lat' dir='ltr'><strong>in</strong></span> <span class='ocrx_word' id='word_1_215' title='bbox 1253 1805 1494 1862; x_wconf 81' lang='lat' dir='ltr'><strong>divinam</strong></span> <span class='ocrx_word' id='word_1_216' title='bbox 1521 1798 1898 1870; x_wconf 79' lang='lat' dir='ltr'><strong>obedientiam</strong></span> <span class='ocrx_word' id='word_1_217' title='bbox 1917 1810 2002 1848; x_wconf 88' lang='lat' dir='ltr'><strong>re-</strong></span> <span class='ocrx_word' id='word_1_218' title='bbox 2034 1809 2080 1868; x_wconf 74' lang='grc' dir='ltr'><strong>Β</strong></span> <span class='ocrx_word' id='word_1_219' title='bbox 2107 1795 2534 1865; x_wconf 79' lang='lat' dir='ltr'><strong>singulas-prima</strong></span> <span class='ocrx_word' id='word_1_220' title='bbox 2552 1795 2626 1860; x_wconf 86' lang='lat' dir='ltr'><strong>ei,</strong></span> <span class='ocrx_word' id='word_1_221' title='bbox 2645 1810 2784 1864; x_wconf 87' lang='lat' dir='ltr'><strong>quae</strong></span> <span class='ocrx_word' id='word_1_222' title='bbox 2802 1803 2876 1850; x_wconf 87' lang='lat' dir='ltr'><strong>est</strong></span> <span class='ocrx_word' id='word_1_223' title='bbox 2899 1805 3022 1864; x_wconf 87' lang='lat' dir='ltr'><strong>post</strong></span> <span class='ocrx_word' id='word_1_224' title='bbox 3043 1810 3183 1859; x_wconf 88' lang='lat' dir='ltr'><strong>eam,</strong></span> <span class='ocrx_word' id='word_1_225' title='bbox 3204 1795 3380 1850; x_wconf 86' lang='lat' dir='ltr'><strong>tradit.</strong></span> <span class='ocrx_word' id='word_1_226' title='bbox 3408 1794 3524 1864; x_wconf 81' lang='lat' dir='ltr'><strong>ipsa</strong></span> <span class='ocrx_word' id='word_1_227' title='bbox 3548 1809 3690 1864; x_wconf 56' lang='lat' dir='ltr'><strong>aqua</strong></span> 
     </span>
    </p>
   </div>
   <div class='ocr_carea' id='block_1_23' title="bbox 393 381 524 436">
    <p class='ocr_par' dir='ltr' id='par_1_23' title="bbox 393 381 524 436">
     <span class='ocr_line' id='line_1_24' title="bbox 393 381 524 436; baseline -0.015 0"><span class='ocrx_word' id='word_1_228' title='bbox 393 381 524 436; x_wconf 76' lang='lat' dir='ltr'><strong>test</strong></span> 
     </span>
    </p>
   </div>
   <div class='ocr_carea' id='block_1_24' title="bbox 417 1886 2006 1968">
    <p class='ocr_par' dir='ltr' id='par_1_24' title="bbox 417 1886 2006 1968">
     <span class='ocr_line' id='line_1_25' title="bbox 417 1886 2006 1968; baseline -0.02 -2"><span class='ocrx_word' id='word_1_229' title='bbox 417 1886 854 1966; x_wconf 77' lang='lat' dir='ltr'><strong>suscitationem.</strong></span> <span class='ocrx_word' id='word_1_230' title='bbox 886 1905 948 1958; x_wconf 79' lang='lat' dir='ltr'><strong>Et</strong></span> <span class='ocrx_word' id='word_1_231' title='bbox 975 1899 1248 1968; x_wconf 81' lang='lat' dir='ltr'><strong>eloquium</strong></span> <span class='ocrx_word' id='word_1_232' title='bbox 1276 1909 1446 1948; x_wconf 83' lang='lat' dir='ltr'><strong>unum</strong></span> <span class='ocrx_word' id='word_1_233' title='bbox 1473 1909 1535 1944; x_wconf 81' lang='lat' dir='ltr'><strong>ex</strong></span> <span class='ocrx_word' id='word_1_234' title='bbox 1566 1888 1852 1957; x_wconf 87' lang='lat' dir='ltr'><strong>Seraphim</strong></span> <span class='ocrx_word' id='word_1_235' title='bbox 1883 1886 2006 1940; x_wconf 84' lang='lat' dir='ltr'><strong>sitn-</strong></span> 
     </span>
    </p>
   </div>
   <div class='ocr_carea' id='block_1_25' title="bbox 419 1977 2004 2070">
    <p class='ocr_par' dir='ltr' id='par_1_25' title="bbox 419 1977 2004 2070">
     <span class='ocr_line' id='line_1_26' title="bbox 419 1977 2004 2070; baseline -0.017 -16"><span class='ocrx_word' id='word_1_236' title='bbox 419 2000 636 2070; x_wconf 84' lang='lat' dir='ltr'><strong>pliciter</strong></span> <span class='ocrx_word' id='word_1_237' title='bbox 669 1997 872 2058; x_wconf 75' lang='lat' dir='ltr'><strong>dixisse</strong></span> <span class='ocrx_word' id='word_1_238' title='bbox 913 1993 1095 2052; x_wconf 79' lang='lat' dir='ltr'><strong>aiunt,</strong></span> <span class='ocrx_word' id='word_1_239' title='bbox 1131 2003 1252 2041; x_wconf 71' lang='lat' dir='ltr'><strong>non</strong></span> <span class='ocrx_word' id='word_1_240' title='bbox 1297 1985 1442 2038; x_wconf 84' lang='lat' dir='ltr'><strong>circa</strong></span> <span class='ocrx_word' id='word_1_241' title='bbox 1504 1982 1672 2048; x_wconf 75' lang='lat' dir='ltr'><strong>Deum</strong></span> <span class='ocrx_word' id='word_1_242' title='bbox 1710 1977 2004 2032; x_wconf 84' lang='lat' dir='ltr'><strong>collocata-</strong></span> 
     </span>
    </p>
   </div>
   <div class='ocr_carea' id='block_1_26' title="bbox 423 2069 2005 2152">
    <p class='ocr_par' dir='ltr' id='par_1_26' title="bbox 423 2069 2005 2152">
     <span class='ocr_line' id='line_1_27' title="bbox 423 2069 2005 2152; baseline -0.016 -10"><span class='ocrx_word' id='word_1_243' title='bbox 423 2069 566 2152; x_wconf 79' lang='lat' dir='ltr'><strong>rum,</strong></span> <span class='ocrx_word' id='word_1_244' title='bbox 589 2085 682 2142; x_wconf 88' lang='lat' dir='ltr'><strong>sed</strong></span> <span class='ocrx_word' id='word_1_245' title='bbox 705 2085 858 2138; x_wconf 85' lang='lat' dir='ltr'><strong>nobis</strong></span> <span class='ocrx_word' id='word_1_246' title='bbox 883 2078 1272 2150; x_wconf 84' lang='lat' dir='ltr'><strong>praestantium</strong></span> <span class='ocrx_word' id='word_1_247' title='bbox 1297 2072 1700 2144; x_wconf 77' lang='lat' dir='ltr'><strong>purgativarum</strong></span> <span class='ocrx_word' id='word_1_248' title='bbox 1725 2069 2005 2122; x_wconf 77' lang='lat' dir='ltr'><strong>virtutum.</strong></span> 
     </span>
    </p>
   </div>
   <div class='ocr_carea' id='block_1_27' title="bbox 420 2159 2008 2232">
    <p class='ocr_par' dir='ltr' id='par_1_27' title="bbox 420 2159 2008 2232">
     <span class='ocr_line' id='line_1_28' title="bbox 420 2159 2008 2232; baseline -0.014 0"><span class='ocrx_word' id='word_1_249' title='bbox 420 2179 574 2232; x_wconf 76' lang='lat' dir='ltr'><strong>Alter</strong></span> <span class='ocrx_word' id='word_1_250' title='bbox 625 2185 806 2230; x_wconf 87' lang='lat' dir='ltr'><strong>autem</strong></span> <span class='ocrx_word' id='word_1_251' title='bbox 861 2187 968 2228; x_wconf 87' lang='lat' dir='ltr'><strong>non</strong></span> <span class='ocrx_word' id='word_1_252' title='bbox 1015 2163 1690 2230; x_wconf 74' lang='lat' dir='ltr'><strong>nimisiucmu&#39;enienteﬂt</strong></span> <span class='ocrx_word' id='word_1_253' title='bbox 1741 2159 2008 2228; x_wconf 85' lang='lat' dir='ltr'><strong>quandam</strong></span> 
     </span>
    </p>
   </div>
   <div class='ocr_carea' id='block_1_28' title="bbox 420 2246 2014 2338">
    <p class='ocr_par' dir='ltr' id='par_1_28' title="bbox 420 2246 2014 2338">
     <span class='ocr_line' id='line_1_29' title="bbox 420 2246 2014 2338; baseline -0.016 -15"><span class='ocrx_word' id='word_1_254' title='bbox 420 2267 696 2338; x_wconf 78' lang='lat' dir='ltr'><strong>praestitit</strong></span> <span class='ocrx_word' id='word_1_255' title='bbox 719 2264 848 2320; x_wconf 86' lang='lat' dir='ltr'><strong>mihi</strong></span> <span class='ocrx_word' id='word_1_256' title='bbox 883 2260 1184 2332; x_wconf 75' lang='lat' dir='ltr'><strong>apologiam</strong></span> <span class='ocrx_word' id='word_1_257' title='bbox 1215 2271 1376 2326; x_wconf 81' lang='lat' dir='ltr'><strong>super</strong></span> <span class='ocrx_word' id='word_1_258' title='bbox 1405 2250 1712 2322; x_wconf 67' lang='lat' dir='ltr'><strong>huiusmodi</strong></span> <span class='ocrx_word' id='word_1_259' title='bbox 1735 2257 1899 2304; x_wconf 88' lang='lat' dir='ltr'><strong>statu.</strong></span> <span class='ocrx_word' id='word_1_260' title='bbox 1925 2246 2014 2300; x_wconf 84' lang='lat' dir='ltr'><strong>Ait</strong></span> 
     </span>
    </p>
   </div>
   <div class='ocr_carea' id='block_1_29' title="bbox 417 2338 2012 2426">
    <p class='ocr_par' dir='ltr' id='par_1_29' title="bbox 417 2338 2012 2426">
     <span class='ocr_line' id='line_1_30' title="bbox 417 2338 2012 2426; baseline -0.013 -16"><span class='ocrx_word' id='word_1_261' title='bbox 417 2360 612 2422; x_wconf 60' lang='lat' dir='ltr'><strong>enim,</strong></span> <span class='ocrx_word' id='word_1_262' title='bbox 663 2357 788 2426; x_wconf 85' lang='lat' dir='ltr'><strong>quia</strong></span> <span class='ocrx_word' id='word_1_263' title='bbox 839 2351 1116 2424; x_wconf 73' lang='lat' dir='ltr'><strong>propriam</strong></span> <span class='ocrx_word' id='word_1_264' title='bbox 1168 2345 1510 2418; x_wconf 69' lang='lat' dir='ltr'><strong>purgativam</strong></span> <span class='ocrx_word' id='word_1_265' title='bbox 1557 2338 2012 2412; x_wconf 75' lang='lat' dir='ltr'><strong>sacriﬁcationem</strong></span> 
     </span>
    </p>
   </div>
   <div class='ocr_carea' id='block_1_30' title="bbox 430 2429 2014 2516">
    <p class='ocr_par' dir='ltr' id='par_1_30' title="bbox 430 2429 2014 2516">
     <span class='ocr_line' id='line_1_31' title="bbox 430 2429 2014 2516; baseline -0.013 -14"><span class='ocrx_word' id='word_1_266' title='bbox 430 2463 664 2516; x_wconf 76' lang='lat' dir='ltr'><strong>magnus</strong></span> <span class='ocrx_word' id='word_1_267' title='bbox 695 2445 786 2499; x_wconf 90' lang='lat' dir='ltr'><strong>ille</strong></span> <span class='ocrx_word' id='word_1_268' title='bbox 805 2483 819 2508; x_wconf 88' lang='lat'><strong>,</strong></span> <span class='ocrx_word' id='word_1_269' title='bbox 849 2444 940 2512; x_wconf 87' lang='lat' dir='ltr'><strong>qui</strong></span> <span class='ocrx_word' id='word_1_270' title='bbox 981 2449 1112 2496; x_wconf 87' lang='lat' dir='ltr'><strong>tunc</strong></span> <span class='ocrx_word' id='word_1_271' title='bbox 1144 2446 1314 2500; x_wconf 68' lang='lat' dir='ltr'><strong>erat,</strong></span> <span class='ocrx_word' id='word_1_272' title='bbox 1337 2435 1600 2490; x_wconf 77' lang='lat' dir='ltr'><strong>visionem</strong></span> <span class='ocrx_word' id='word_1_273' title='bbox 1643 2429 1884 2490; x_wconf 83' lang='lat' dir='ltr'><strong>formans</strong></span> <span class='ocrx_word' id='word_1_274' title='bbox 1916 2444 2014 2482; x_wconf 90' lang='lat' dir='ltr'><strong>an-</strong></span> 
     </span>
    </p>
   </div>
   <div class='ocr_carea' id='block_1_31' title="bbox 433 2523 2021 2606">
    <p class='ocr_par' dir='ltr' id='par_1_31' title="bbox 433 2523 2021 2606">
     <span class='ocr_line' id='line_1_32' title="bbox 433 2523 2021 2606; baseline -0.014 -10"><span class='ocrx_word' id='word_1_275' title='bbox 433 2540 586 2606; x_wconf 68' lang='lat' dir='ltr'><strong>gelus</strong></span> <span class='ocrx_word' id='word_1_276' title='bbox 627 2540 680 2592; x_wconf 90' lang='lat' dir='ltr'><strong>in</strong></span> <span class='ocrx_word' id='word_1_277' title='bbox 714 2536 1012 2592; x_wconf 88' lang='lat' dir='ltr'><strong>docendum</strong></span> <span class='ocrx_word' id='word_1_278' title='bbox 1051 2532 1234 2586; x_wconf 86' lang='lat' dir='ltr'><strong>divina</strong></span> <span class='ocrx_word' id='word_1_279' title='bbox 1279 2527 1618 2596; x_wconf 76' lang='lat' dir='ltr'><strong>theologum,</strong></span> <span class='ocrx_word' id='word_1_280' title='bbox 1661 2525 1714 2578; x_wconf 92' lang='lat' dir='ltr'><strong>in</strong></span> <span class='ocrx_word' id='word_1_281' title='bbox 1759 2523 1923 2578; x_wconf 79' lang='lat' dir='ltr'><strong>Deum</strong></span> <span class='ocrx_word' id='word_1_282' title='bbox 1964 2529 2021 2574; x_wconf 89' lang='lat' dir='ltr'><strong>ct</strong></span> 
     </span>
    </p>
   </div>
   <div class='ocr_carea' id='block_1_32' title="bbox 426 2611 2016 2699">
    <p class='ocr_par' dir='ltr' id='par_1_32' title="bbox 426 2611 2016 2699">
     <span class='ocr_line' id='line_1_33' title="bbox 426 2611 2016 2699; baseline -0.01 -19"><span class='ocrx_word' id='word_1_283' title='bbox 426 2638 558 2699; x_wconf 79' lang='lat' dir='ltr'><strong>post</strong></span> <span class='ocrx_word' id='word_1_284' title='bbox 587 2629 754 2682; x_wconf 89' lang='lat' dir='ltr'><strong>Deum</strong></span> <span class='ocrx_word' id='word_1_285' title='bbox 785 2627 838 2680; x_wconf 88' lang='lat' dir='ltr'><strong>in</strong></span> <span class='ocrx_word' id='word_1_286' title='bbox 871 2622 1357 2694; x_wconf 85' lang='lat' dir='ltr'><strong>praeoperatricem</strong></span> <span class='ocrx_word' id='word_1_287' title='bbox 1389 2615 1714 2672; x_wconf 86' lang='lat' dir='ltr'><strong>lerarchiam</strong></span> <span class='ocrx_word' id='word_1_288' title='bbox 1759 2611 2016 2682; x_wconf 81' lang='lat' dir='ltr'><strong>reposuit.</strong></span> 
     </span>
    </p>
   </div>
   <div class='ocr_carea' id='block_1_33' title="bbox 439 2701 2020 2786">
    <p class='ocr_par' dir='ltr' id='par_1_33' title="bbox 439 2701 2020 2786">
     <span class='ocr_line' id='line_1_34' title="bbox 439 2701 2020 2786; baseline -0.015 -12"><span class='ocrx_word' id='word_1_289' title='bbox 439 2724 505 2774; x_wconf 74' lang='lat' dir='ltr'><strong>l-Lt</strong></span> <span class='ocrx_word' id='word_1_290' title='bbox 539 2717 804 2786; x_wconf 77' lang='lat' dir='ltr'><strong>numquid</strong></span> <span class='ocrx_word' id='word_1_291' title='bbox 836 2715 1010 2782; x_wconf 74' lang='lat' dir='ltr'><strong>igitur</strong></span> <span class='ocrx_word' id='word_1_292' title='bbox 1051 2712 1186 2766; x_wconf 68' lang='lat' dir='ltr'><strong>[nec</strong></span> <span class='ocrx_word' id='word_1_293' title='bbox 1227 2708 1364 2762; x_wconf 86' lang='lat' dir='ltr'><strong>ratio</strong></span> <span class='ocrx_word' id='word_1_294' title='bbox 1408 2720 1574 2760; x_wconf 75' lang='lat' dir='ltr'><strong>verax</strong></span> <span class='ocrx_word' id='word_1_295' title='bbox 1603 2704 1725 2758; x_wconf 82' lang='lat' dir='ltr'><strong>est?</strong></span> <span class='ocrx_word' id='word_1_296' title='bbox 1755 2701 1845 2756; x_wconf 77' lang='lat' dir='ltr'><strong>Ait</strong></span> <span class='ocrx_word' id='word_1_297' title='bbox 1875 2701 2020 2756; x_wconf 83' lang='lat' dir='ltr'><strong>enim</strong></span> 
     </span>
    </p>
   </div>
   <div class='ocr_carea' id='block_1_34' title="bbox 429 2793 2022 2882">
    <p class='ocr_par' dir='ltr' id='par_1_34' title="bbox 429 2793 2022 2882">
     <span class='ocr_line' id='line_1_35' title="bbox 429 2793 2022 2882; baseline -0.014 -17"><span class='ocrx_word' id='word_1_298' title='bbox 429 2813 528 2882; x_wconf 79' lang='lat' dir='ltr'><strong>qui</strong></span> <span class='ocrx_word' id='word_1_299' title='bbox 559 2813 662 2866; x_wconf 87' lang='lat' dir='ltr'><strong>hoc</strong></span> <span class='ocrx_word' id='word_1_300' title='bbox 689 2808 826 2864; x_wconf 72' lang='lat' dir='ltr'><strong>dixit</strong></span> <span class='ocrx_word' id='word_1_301' title='bbox 855 2823 867 2861; x_wconf 89' lang='lat'><strong>:</strong></span> <span class='ocrx_word' id='word_1_302' title='bbox 900 2803 1184 2870; x_wconf 70' lang='lat' dir='ltr'><strong>Quotnodo</strong></span> <span class='ocrx_word' id='word_1_303' title='bbox 1211 2800 1400 2856; x_wconf 64' lang='lat' dir='ltr'><strong>divina.</strong></span> <span class='ocrx_word' id='word_1_304' title='bbox 1421 2797 1596 2851; x_wconf 71' lang='lat' dir='ltr'><strong>virtus</strong></span> <span class='ocrx_word' id='word_1_305' title='bbox 1625 2795 1680 2847; x_wconf 91' lang='lat' dir='ltr'><strong>in</strong></span> <span class='ocrx_word' id='word_1_306' title='bbox 1721 2793 1900 2848; x_wconf 86' lang='lat' dir='ltr'><strong>omnia</strong></span> <span class='ocrx_word' id='word_1_307' title='bbox 1933 2804 2022 2846; x_wconf 82' lang='lat' dir='ltr'><strong>ve-</strong></span> 
     </span>
    </p>
   </div>
   <div class='ocr_carea' id='block_1_35' title="bbox 439 2881 2021 2967">
    <p class='ocr_par' dir='ltr' id='par_1_35' title="bbox 439 2881 2021 2967">
     <span class='ocr_line' id='line_1_36' title="bbox 439 2881 2021 2967; baseline -0.011 -13"><span class='ocrx_word' id='word_1_308' title='bbox 439 2881 596 2956; x_wconf 81' lang='lat' dir='ltr'><strong>niens</strong></span> <span class='ocrx_word' id='word_1_309' title='bbox 621 2898 836 2967; x_wconf 84' lang='lat' dir='ltr'><strong>implet,</strong></span> <span class='ocrx_word' id='word_1_310' title='bbox 863 2903 918 2950; x_wconf 90' lang='lat' dir='ltr'><strong>et</strong></span> <span class='ocrx_word' id='word_1_311' title='bbox 935 2909 1040 2963; x_wconf 84' lang='lat' dir='ltr'><strong>per</strong></span> <span class='ocrx_word' id='word_1_312' title='bbox 1060 2891 1240 2950; x_wconf 84' lang='lat' dir='ltr'><strong>omnia</strong></span> <span class='ocrx_word' id='word_1_313' title='bbox 1269 2884 1721 2964; x_wconf 86' lang='lat' dir='ltr'><strong>immensuraliter</strong></span> <span class='ocrx_word' id='word_1_314' title='bbox 1747 2881 1988 2954; x_wconf 79' lang='lat' dir='ltr'><strong>pervenit</strong></span> <span class='ocrx_word' id='word_1_315' title='bbox 2006 2919 2021 2943; x_wconf 86' lang='lat'><strong>,</strong></span> 
     </span>
    </p>
   </div>
   <div class='ocr_carea' id='block_1_36' title="bbox 433 2969 2024 3042">
    <p class='ocr_par' dir='ltr' id='par_1_36' title="bbox 433 2969 2024 3042">
     <span class='ocr_line' id='line_1_37' title="bbox 433 2969 2024 3042; baseline -0.012 -1"><span class='ocrx_word' id='word_1_316' title='bbox 433 2999 498 3042; x_wconf 72' lang='lat' dir='ltr'><strong>et</strong></span> <span class='ocrx_word' id='word_1_317' title='bbox 527 2985 778 3041; x_wconf 82' lang='lat' dir='ltr'><strong>omnibus</strong></span> <span class='ocrx_word' id='word_1_318' title='bbox 805 2986 1002 3038; x_wconf 84' lang='lat' dir='ltr'><strong>iterum</strong></span> <span class='ocrx_word' id='word_1_319' title='bbox 1044 2988 1126 3034; x_wconf 90' lang='lat' dir='ltr'><strong>est</strong></span> <span class='ocrx_word' id='word_1_320' title='bbox 1167 2975 1480 3038; x_wconf 71' lang='lat' dir='ltr'><strong>invisibilis,</strong></span> <span class='ocrx_word' id='word_1_321' title='bbox 1513 2988 1619 3028; x_wconf 89' lang='lat' dir='ltr'><strong>non</strong></span> <span class='ocrx_word' id='word_1_322' title='bbox 1663 2972 1836 3028; x_wconf 89' lang='lat' dir='ltr'><strong>solum</strong></span> <span class='ocrx_word' id='word_1_323' title='bbox 1868 2969 2024 3038; x_wconf 90' lang='lat' dir='ltr'><strong>quasi</strong></span> 
     </span>
    </p>
   </div>
   <div class='ocr_carea' id='block_1_37' title="bbox 437 3061 2022 3143">
    <p class='ocr_par' dir='ltr' id='par_1_37' title="bbox 437 3061 2022 3143">
     <span class='ocr_line' id='line_1_38' title="bbox 437 3061 2022 3143; baseline -0.012 -10"><span class='ocrx_word' id='word_1_324' title='bbox 437 3082 514 3133; x_wconf 86' lang='lat' dir='ltr'><strong>ab</strong></span> <span class='ocrx_word' id='word_1_325' title='bbox 543 3079 796 3140; x_wconf 85' lang='lat' dir='ltr'><strong>omnibus</strong></span> <span class='ocrx_word' id='word_1_326' title='bbox 825 3070 1355 3143; x_wconf 80' lang='lat' dir='ltr'><strong>superessentialiter</strong></span> <span class='ocrx_word' id='word_1_327' title='bbox 1387 3077 1594 3122; x_wconf 86' lang='lat' dir='ltr'><strong>remota</strong></span> <span class='ocrx_word' id='word_1_328' title='bbox 1613 3104 1630 3130; x_wconf 88' lang='lat'><strong>,</strong></span> <span class='ocrx_word' id='word_1_329' title='bbox 1661 3063 1755 3121; x_wconf 86' lang='lat' dir='ltr'><strong>sed</strong></span> <span class='ocrx_word' id='word_1_330' title='bbox 1782 3071 1838 3118; x_wconf 90' lang='lat' dir='ltr'><strong>et</strong></span> <span class='ocrx_word' id='word_1_331' title='bbox 1867 3061 2022 3132; x_wconf 84' lang='lat' dir='ltr'><strong>quasi</strong></span> 
     </span>
    </p>
   </div>
   <div class='ocr_carea' id='block_1_38' title="bbox 2107 1885 3691 1956">
    <p class='ocr_par' dir='ltr' id='par_1_38' title="bbox 2107 1885 3691 1956">
     <span class='ocr_line' id='line_1_39' title="bbox 2107 1885 3691 1956; baseline -0.003 -14"><span class='ocrx_word' id='word_1_332' title='bbox 2107 1893 2392 1942; x_wconf 78' lang='lat' dir='ltr'><strong>nonneet</strong></span> <span class='ocrx_word' id='word_1_333' title='bbox 2438 1886 2490 1939; x_wconf 90' lang='lat' dir='ltr'><strong>in</strong></span> <span class='ocrx_word' id='word_1_334' title='bbox 2531 1901 2720 1940; x_wconf 89' lang='lat' dir='ltr'><strong>omnes</strong></span> <span class='ocrx_word' id='word_1_335' title='bbox 2767 1886 3240 1956; x_wconf 86' lang='lat' dir='ltr'><strong>proportionaliter.</strong></span> <span class='ocrx_word' id='word_1_336' title='bbox 3273 1885 3566 1956; x_wconf 81' lang='lat' dir='ltr'><strong>pervenit?</strong></span> <span class='ocrx_word' id='word_1_337' title='bbox 3595 1885 3691 1939; x_wconf 80' lang='lat' dir='ltr'><strong>Est</strong></span> 
     </span>
    </p>
   </div>
   <div class='ocr_carea' id='block_1_39' title="bbox 2107 1979 3691 2051">
    <p class='ocr_par' dir='ltr' id='par_1_39' title="bbox 2107 1979 3691 2051">
     <span class='ocr_line' id='line_1_40' title="bbox 2107 1979 3691 2051; baseline -0.001 -15"><span class='ocrx_word' id='word_1_338' title='bbox 2107 1995 2239 2051; x_wconf 78' lang='lat' dir='ltr'><strong>ergo</strong></span> <span class='ocrx_word' id='word_1_339' title='bbox 2285 1979 2442 2034; x_wconf 87' lang='lat' dir='ltr'><strong>simul</strong></span> <span class='ocrx_word' id='word_1_340' title='bbox 2487 1981 2694 2034; x_wconf 86' lang='lat' dir='ltr'><strong>cunctis</strong></span> <span class='ocrx_word' id='word_1_341' title='bbox 2745 1980 3060 2034; x_wconf 82' lang='lat' dir='ltr'><strong>iiluminatis</strong></span> <span class='ocrx_word' id='word_1_342' title='bbox 3111 1981 3438 2049; x_wconf 87' lang='lat' dir='ltr'><strong>principium</strong></span> <span class='ocrx_word' id='word_1_343' title='bbox 3495 1980 3691 2048; x_wconf 85' lang='lat' dir='ltr'><strong>illumi—</strong></span> 
     </span>
    </p>
   </div>
   <div class='ocr_carea' id='block_1_40' title="bbox 2111 2071 3696 2140">
    <p class='ocr_par' dir='ltr' id='par_1_40' title="bbox 2111 2071 3696 2140">
     <span class='ocr_line' id='line_1_41' title="bbox 2111 2071 3696 2140; baseline -0.001 -14"><span class='ocrx_word' id='word_1_344' title='bbox 2111 2072 2272 2126; x_wconf 83' lang='lat' dir='ltr'><strong>nandi</strong></span> <span class='ocrx_word' id='word_1_345' title='bbox 2323 2071 2466 2126; x_wconf 85' lang='lat' dir='ltr'><strong>Deus</strong></span> <span class='ocrx_word' id='word_1_346' title='bbox 2507 2071 2721 2138; x_wconf 80' lang='lat' dir='ltr'><strong>quidem</strong></span> <span class='ocrx_word' id='word_1_347' title='bbox 2753 2081 2949 2124; x_wconf 84' lang='lat' dir='ltr'><strong>natura</strong></span> <span class='ocrx_word' id='word_1_348' title='bbox 3005 2079 3058 2124; x_wconf 88' lang='lat' dir='ltr'><strong>et</strong></span> <span class='ocrx_word' id='word_1_349' title='bbox 3093 2086 3215 2124; x_wconf 86' lang='lat' dir='ltr'><strong>vere</strong></span> <span class='ocrx_word' id='word_1_350' title='bbox 3247 2080 3304 2126; x_wconf 88' lang='lat' dir='ltr'><strong>et.</strong></span> <span class='ocrx_word' id='word_1_351' title='bbox 3342 2071 3556 2140; x_wconf 83' lang='lat' dir='ltr'><strong>proprie</strong></span> <span class='ocrx_word' id='word_1_352' title='bbox 3581 2110 3594 2134; x_wconf 89' lang='lat'><strong>,</strong></span> <span class='ocrx_word' id='word_1_353' title='bbox 3621 2080 3696 2124; x_wconf 11' lang='lat' dir='ltr'><strong>aut</strong></span> 
     </span>
    </p>
   </div>
   <div class='ocr_carea' id='block_1_41' title="bbox 2111 2161 3692 2230">
    <p class='ocr_par' dir='ltr' id='par_1_41' title="bbox 2111 2161 3692 2230">
     <span class='ocr_line' id='line_1_42' title="bbox 2111 2161 3692 2230; baseline 0 -16"><span class='ocrx_word' id='word_1_354' title='bbox 2111 2161 2330 2216; x_wconf 77' lang='lat' dir='ltr'><strong>luminis</strong></span> <span class='ocrx_word' id='word_1_355' title='bbox 2361 2161 2628 2225; x_wconf 86' lang='lat' dir='ltr'><strong>essentia,</strong></span> <span class='ocrx_word' id='word_1_356' title='bbox 2681 2171 2734 2214; x_wconf 88' lang='lat' dir='ltr'><strong>et</strong></span> <span class='ocrx_word' id='word_1_357' title='bbox 2767 2161 2935 2230; x_wconf 83' lang='lat' dir='ltr'><strong>ipsius</strong></span> <span class='ocrx_word' id='word_1_358' title='bbox 2973 2176 3091 2216; x_wconf 89' lang='lat' dir='ltr'><strong>esse</strong></span> <span class='ocrx_word' id='word_1_359' title='bbox 3118 2171 3178 2214; x_wconf 87' lang='lat' dir='ltr'><strong>et</strong></span> <span class='ocrx_word' id='word_1_360' title='bbox 3216 2161 3398 2216; x_wconf 87' lang='lat' dir='ltr'><strong>videre</strong></span> <span class='ocrx_word' id='word_1_361' title='bbox 3441 2161 3692 2218; x_wconf 85' lang='lat' dir='ltr'><strong>causalis.</strong></span> 
     </span>
    </p>
   </div>
   <div class='ocr_carea' id='block_1_42' title="bbox 2113 2252 3692 2322">
    <p class='ocr_par' dir='ltr' id='par_1_42' title="bbox 2113 2252 3692 2322">
     <span class='ocr_line' id='line_1_43' title="bbox 2113 2252 3692 2322; baseline -0.001 -14"><span class='ocrx_word' id='word_1_362' title='bbox 2113 2253 2228 2309; x_wconf 80' lang='lat' dir='ltr'><strong>Hoc</strong></span> <span class='ocrx_word' id='word_1_363' title='bbox 2248 2252 2584 2310; x_wconf 80' lang='lat' dir='ltr'><strong>deiformiter</strong></span> <span class='ocrx_word' id='word_1_364' title='bbox 2603 2262 2660 2306; x_wconf 87' lang='lat' dir='ltr'><strong>et</strong></span> <span class='ocrx_word' id='word_1_365' title='bbox 2681 2254 2792 2308; x_wconf 77' lang='lat' dir='ltr'><strong>Deo</strong></span> <span class='ocrx_word' id='word_1_366' title='bbox 2813 2252 2990 2308; x_wconf 85' lang='lat' dir='ltr'><strong>simile</strong></span> <span class='ocrx_word' id='word_1_367' title='bbox 3019 2261 3318 2320; x_wconf 81' lang='lat' dir='ltr'><strong>permanet,</strong></span> <span class='ocrx_word' id='word_1_368' title='bbox 3357 2253 3692 2322; x_wconf 80' lang='lat' dir='ltr'><strong>superposita</strong></span> 
     </span>
    </p>
   </div>
   <div class='ocr_carea' id='block_1_43' title="bbox 2115 2343 3697 2413">
    <p class='ocr_par' dir='ltr' id='par_1_43' title="bbox 2115 2343 3697 2413">
     <span class='ocr_line' id='line_1_44' title="bbox 2115 2343 3697 2413; baseline -0.002 -15"><span class='ocrx_word' id='word_1_369' title='bbox 2115 2345 2163 2398; x_wconf 85' lang='lat' dir='ltr'><strong>ei</strong></span> <span class='ocrx_word' id='word_1_370' title='bbox 2207 2352 2328 2413; x_wconf 87' lang='lat' dir='ltr'><strong>post</strong></span> <span class='ocrx_word' id='word_1_371' title='bbox 2358 2357 2416 2398; x_wconf 88' lang='lat' dir='ltr'><strong>se</strong></span> <span class='ocrx_word' id='word_1_372' title='bbox 2464 2358 2824 2412; x_wconf 81' lang='lat' dir='ltr'><strong>unaquaeque</strong></span> <span class='ocrx_word' id='word_1_373' title='bbox 2854 2343 3034 2398; x_wconf 87' lang='lat' dir='ltr'><strong>divina</strong></span> <span class='ocrx_word' id='word_1_374' title='bbox 3063 2343 3266 2397; x_wconf 90' lang='lat' dir='ltr'><strong>lumina</strong></span> <span class='ocrx_word' id='word_1_375' title='bbox 3297 2359 3392 2411; x_wconf 81' lang='lat' dir='ltr'><strong>per</strong></span> <span class='ocrx_word' id='word_1_376' title='bbox 3433 2357 3491 2398; x_wconf 89' lang='lat' dir='ltr'><strong>se</strong></span> <span class='ocrx_word' id='word_1_377' title='bbox 3534 2343 3588 2396; x_wconf 90' lang='lat' dir='ltr'><strong>in</strong></span> <span class='ocrx_word' id='word_1_378' title='bbox 3629 2344 3697 2396; x_wconf 91' lang='lat' dir='ltr'><strong>il-</strong></span> 
     </span>
    </p>
   </div>
   <div class='ocr_carea' id='block_1_44' title="bbox 2117 2432 3695 2499">
    <p class='ocr_par' dir='ltr' id='par_1_44' title="bbox 2117 2432 3695 2499">
     <span class='ocr_line' id='line_1_45' title="bbox 2117 2432 3695 2499; baseline 0.001 -12"><span class='ocrx_word' id='word_1_379' title='bbox 2117 2435 2223 2489; x_wconf 88' lang='lat' dir='ltr'><strong>lam</strong></span> <span class='ocrx_word' id='word_1_380' title='bbox 2251 2434 2620 2488; x_wconf 84' lang='lat' dir='ltr'><strong>transvehere.</strong></span> <span class='ocrx_word' id='word_1_381' title='bbox 2673 2433 2814 2499; x_wconf 76' lang='lat' dir='ltr'><strong>Ergo</strong></span> <span class='ocrx_word' id='word_1_382' title='bbox 2835 2433 3350 2489; x_wconf 75' lang='lat' dir='ltr'><strong>excellentissimam</strong></span> <span class='ocrx_word' id='word_1_383' title='bbox 3381 2432 3695 2488; x_wconf 86' lang='lat' dir='ltr'><strong>caelestium</strong></span> 
     </span>
    </p>
   </div>
   <div class='ocr_carea' id='block_1_45' title="bbox 2119 2519 3697 2593">
    <p class='ocr_par' dir='ltr' id='par_1_45' title="bbox 2119 2519 3697 2593">
     <span class='ocr_line' id='line_1_46' title="bbox 2119 2519 3697 2593; baseline -0.002 -15"><span class='ocrx_word' id='word_1_384' title='bbox 2119 2524 2420 2578; x_wconf 62' lang='lat' dir='ltr'><strong>animorum</strong></span> <span class='ocrx_word' id='word_1_385' title='bbox 2451 2523 2856 2593; x_wconf 74' lang='lat' dir='ltr'><strong>dispositionem</strong></span> <span class='ocrx_word' id='word_1_386' title='bbox 2887 2519 3054 2578; x_wconf 85' lang='lat' dir='ltr'><strong>simul</strong></span> <span class='ocrx_word' id='word_1_387' title='bbox 3095 2523 3336 2578; x_wconf 79' lang='lat' dir='ltr'><strong>oninium</strong></span> <span class='ocrx_word' id='word_1_388' title='bbox 3367 2523 3697 2593; x_wconf 88' lang='lat' dir='ltr'><strong>reliquarum</strong></span> 
     </span>
    </p>
   </div>
   <div class='ocr_carea' id='block_1_46' title="bbox 2118 2611 3702 2684">
    <p class='ocr_par' dir='ltr' id='par_1_46' title="bbox 2118 2611 3702 2684">
     <span class='ocr_line' id='line_1_47' title="bbox 2118 2611 3702 2684; baseline -0.003 -16"><span class='ocrx_word' id='word_1_389' title='bbox 2118 2612 2404 2676; x_wconf 84' lang='lat' dir='ltr'><strong>essentiae,</strong></span> <span class='ocrx_word' id='word_1_390' title='bbox 2419 2611 2712 2668; x_wconf 84' lang='lat' dir='ltr'><strong>sectmdum</strong></span> <span class='ocrx_word' id='word_1_391' title='bbox 2733 2611 2878 2684; x_wconf 83' lang='lat' dir='ltr'><strong>quod</strong></span> <span class='ocrx_word' id='word_1_392' title='bbox 2899 2625 3234 2679; x_wconf 83' lang='lat' dir='ltr'><strong>consequens</strong></span> <span class='ocrx_word' id='word_1_393' title='bbox 3253 2619 3338 2665; x_wconf 86' lang='lat' dir='ltr'><strong>est</strong></span> <span class='ocrx_word' id='word_1_394' title='bbox 3354 2651 3368 2675; x_wconf 87' lang='lat'><strong>,</strong></span> <span class='ocrx_word' id='word_1_395' title='bbox 3390 2621 3512 2680; x_wconf 89' lang='lat' dir='ltr'><strong>post</strong></span> <span class='ocrx_word' id='word_1_396' title='bbox 3534 2611 3702 2664; x_wconf 89' lang='lat' dir='ltr'><strong>Deum</strong></span> 
     </span>
    </p>
   </div>
   <div class='ocr_carea' id='block_1_47' title="bbox 2121 2698 3704 2773">
    <p class='ocr_par' dir='ltr' id='par_1_47' title="bbox 2121 2698 3704 2773">
     <span class='ocr_line' id='line_1_48' title="bbox 2121 2698 3704 2773; baseline -0.003 -17"><span class='ocrx_word' id='word_1_397' title='bbox 2121 2702 2442 2773; x_wconf 83' lang='lat' dir='ltr'><strong>principium</strong></span> <span class='ocrx_word' id='word_1_398' title='bbox 2483 2702 2749 2754; x_wconf 88' lang='lat' dir='ltr'><strong>mirantur</strong></span> <span class='ocrx_word' id='word_1_399' title='bbox 2778 2702 2956 2754; x_wconf 85' lang='lat' dir='ltr'><strong>omnis</strong></span> <span class='ocrx_word' id='word_1_400' title='bbox 2977 2715 3166 2754; x_wconf 86' lang='lat' dir='ltr'><strong>sacrae</strong></span> <span class='ocrx_word' id='word_1_401' title='bbox 3199 2707 3256 2754; x_wconf 87' lang='lat' dir='ltr'><strong>et</strong></span> <span class='ocrx_word' id='word_1_402' title='bbox 3291 2698 3504 2754; x_wconf 84' lang='lat' dir='ltr'><strong>divinae</strong></span> <span class='ocrx_word' id='word_1_403' title='bbox 3525 2698 3704 2762; x_wconf 75' lang='lat' dir='ltr'><strong>scien-</strong></span> 
     </span>
    </p>
   </div>
   <div class='ocr_carea' id='block_1_48' title="bbox 2123 2789 3704 2859">
    <p class='ocr_par' dir='ltr' id='par_1_48' title="bbox 2123 2789 3704 2859">
     <span class='ocr_line' id='line_1_49' title="bbox 2123 2789 3704 2859; baseline -0.001 -13"><span class='ocrx_word' id='word_1_404' title='bbox 2123 2794 2230 2847; x_wconf 86' lang='lat' dir='ltr'><strong>tiae</strong></span> <span class='ocrx_word' id='word_1_405' title='bbox 2253 2831 2269 2856; x_wconf 82' lang='lat'><strong>,</strong></span> <span class='ocrx_word' id='word_1_406' title='bbox 2306 2801 2359 2846; x_wconf 91' lang='lat' dir='ltr'><strong>et</strong></span> <span class='ocrx_word' id='word_1_407' title='bbox 2397 2792 2614 2846; x_wconf 82' lang='lat' dir='ltr'><strong>divinae</strong></span> <span class='ocrx_word' id='word_1_408' title='bbox 2653 2791 3008 2851; x_wconf 74' lang='lat' dir='ltr'><strong>imitationis,</strong></span> <span class='ocrx_word' id='word_1_409' title='bbox 3047 2800 3298 2858; x_wconf 86' lang='lat' dir='ltr'><strong>tanquam</strong></span> <span class='ocrx_word' id='word_1_410' title='bbox 3349 2805 3446 2859; x_wconf 90' lang='lat' dir='ltr'><strong>per</strong></span> <span class='ocrx_word' id='word_1_411' title='bbox 3494 2789 3612 2844; x_wconf 83' lang='lat' dir='ltr'><strong>illas</strong></span> <span class='ocrx_word' id='word_1_412' title='bbox 3649 2791 3704 2844; x_wconf 89' lang='lat' dir='ltr'><strong>in</strong></span> 
     </span>
    </p>
   </div>
   <div class='ocr_carea' id='block_1_49' title="bbox 2123 2876 3706 2936">
    <p class='ocr_par' dir='ltr' id='par_1_49' title="bbox 2123 2876 3706 2936">
     <span class='ocr_line' id='line_1_50' title="bbox 2123 2876 3706 2936; baseline -0.004 0"><span class='ocrx_word' id='word_1_413' title='bbox 2123 2896 2312 2936; x_wconf 82' lang='lat' dir='ltr'><strong>omnes</strong></span> <span class='ocrx_word' id='word_1_414' title='bbox 2347 2889 2404 2936; x_wconf 87' lang='lat' dir='ltr'><strong>et</strong></span> <span class='ocrx_word' id='word_1_415' title='bbox 2439 2895 2542 2936; x_wconf 89' lang='lat' dir='ltr'><strong>nos</strong></span> <span class='ocrx_word' id='word_1_416' title='bbox 2573 2880 2755 2934; x_wconf 86' lang='lat' dir='ltr'><strong>divina</strong></span> <span class='ocrx_word' id='word_1_417' title='bbox 2795 2878 3186 2932; x_wconf 77' lang='lat' dir='ltr'><strong>illmuiinitiune</strong></span> <span class='ocrx_word' id='word_1_418' title='bbox 3221 2877 3530 2932; x_wconf 84' lang='lat' dir='ltr'><strong>distributa.</strong></span> <span class='ocrx_word' id='word_1_419' title='bbox 3572 2876 3706 2934; x_wconf 81' lang='lat' dir='ltr'><strong>Pro-</strong></span> 
     </span>
    </p>
   </div>
   <div class='ocr_carea' id='block_1_50' title="bbox 2125 2967 3708 3044">
    <p class='ocr_par' dir='ltr' id='par_1_50' title="bbox 2125 2967 3708 3044">
     <span class='ocr_line' id='line_1_51' title="bbox 2125 2967 3708 3044; baseline -0.003 -16"><span class='ocrx_word' id='word_1_420' title='bbox 2125 2985 2242 3044; x_wconf 86' lang='lat' dir='ltr'><strong>pter</strong></span> <span class='ocrx_word' id='word_1_421' title='bbox 2269 2973 2418 3043; x_wconf 90' lang='lat' dir='ltr'><strong>quod-</strong></span> <span class='ocrx_word' id='word_1_422' title='bbox 2441 2983 2496 3028; x_wconf 89' lang='lat' dir='ltr'><strong>et</strong></span> <span class='ocrx_word' id='word_1_423' title='bbox 2521 2988 2738 3028; x_wconf 87' lang='lat' dir='ltr'><strong>omnem</strong></span> <span class='ocrx_word' id='word_1_424' title='bbox 2765 2987 2977 3028; x_wconf 85' lang='lat' dir='ltr'><strong>sacram</strong></span> <span class='ocrx_word' id='word_1_425' title='bbox 3021 2981 3074 3024; x_wconf 88' lang='lat' dir='ltr'><strong>et</strong></span> <span class='ocrx_word' id='word_1_426' title='bbox 3111 2971 3218 3024; x_wconf 87' lang='lat' dir='ltr'><strong>Deo</strong></span> <span class='ocrx_word' id='word_1_427' title='bbox 3247 2967 3476 3022; x_wconf 85' lang='lat' dir='ltr'><strong>similem</strong></span> <span class='ocrx_word' id='word_1_428' title='bbox 3511 2983 3708 3038; x_wconf 86' lang='lat' dir='ltr'><strong>opera-</strong></span> 
     </span>
    </p>
   </div>
   <div class='ocr_carea' id='block_1_51' title="bbox 2125 3059 3706 3132">
    <p class='ocr_par' dir='ltr' id='par_1_51' title="bbox 2125 3059 3706 3132">
     <span class='ocr_line' id='line_1_52' title="bbox 2125 3059 3706 3132; baseline -0.005 -12"><span class='ocrx_word' id='word_1_429' title='bbox 2125 3065 2410 3121; x_wconf 90' lang='lat' dir='ltr'><strong>tionem-in</strong></span> <span class='ocrx_word' id='word_1_430' title='bbox 2437 3064 2606 3118; x_wconf 83' lang='lat' dir='ltr'><strong>Deum</strong></span> <span class='ocrx_word' id='word_1_431' title='bbox 2635 3062 2850 3132; x_wconf 82' lang='lat' dir='ltr'><strong>quidem</strong></span> <span class='ocrx_word' id='word_1_432' title='bbox 2895 3062 3050 3130; x_wconf 83' lang='lat' dir='ltr'><strong>quasi</strong></span> <span class='ocrx_word' id='word_1_433' title='bbox 3107 3059 3378 3116; x_wconf 73' lang='lat' dir='ltr'><strong>consulem</strong></span> <span class='ocrx_word' id='word_1_434' title='bbox 3421 3059 3706 3118; x_wconf 81' lang='lat' dir='ltr'><strong>referunt:</strong></span> 
     </span>
    </p>
   </div>
   <div class='ocr_carea' id='block_1_52' title="bbox 439 3151 3712 3234">
    <p class='ocr_par' dir='ltr' id='par_1_52' title="bbox 439 3151 3712 3234">
     <span class='ocr_line' id='line_1_53' title="bbox 439 3151 3712 3234; baseline -0.006 -10"><span class='ocrx_word' id='word_1_435' title='bbox 439 3169 656 3224; x_wconf 72' lang='lat' dir='ltr'><strong>occulte</strong></span> <span class='ocrx_word' id='word_1_436' title='bbox 685 3170 738 3222; x_wconf 89' lang='lat' dir='ltr'><strong>in</strong></span> <span class='ocrx_word' id='word_1_437' title='bbox 767 3166 948 3228; x_wconf 82' lang='lat' dir='ltr'><strong>omnia</strong></span> <span class='ocrx_word' id='word_1_438' title='bbox 973 3163 1292 3234; x_wconf 86' lang='lat' dir='ltr'><strong>permittens</strong></span> <span class='ocrx_word' id='word_1_439' title='bbox 1317 3159 1572 3230; x_wconf 71' lang='lat' dir='ltr'><strong>providos</strong></span> <span class='ocrx_word' id='word_1_440' title='bbox 1598 3171 1724 3211; x_wconf 90' lang='lat' dir='ltr'><strong>suas</strong></span> <span class='ocrx_word' id='word_1_441' title='bbox 1749 3155 2022 3226; x_wconf 87' lang='lat' dir='ltr'><strong>Operatio-</strong></span> <span class='ocrx_word' id='word_1_442' title='bbox 2052 3151 2096 3210; x_wconf 87' lang='lat' dir='ltr'><strong>C</strong></span> <span class='ocrx_word' id='word_1_443' title='bbox 2129 3157 2326 3214; x_wconf 87' lang='lat' dir='ltr'><strong>deinde</strong></span> <span class='ocrx_word' id='word_1_444' title='bbox 2369 3157 2575 3225; x_wconf 90' lang='lat' dir='ltr'><strong>primos</strong></span> <span class='ocrx_word' id='word_1_445' title='bbox 2607 3154 2900 3209; x_wconf 79' lang='lat' dir='ltr'><strong>deiformes</strong></span> <span class='ocrx_word' id='word_1_446' title='bbox 2934 3153 3266 3215; x_wconf 80' lang='lat' dir='ltr'><strong>intellectus,</strong></span> <span class='ocrx_word' id='word_1_447' title='bbox 3305 3161 3562 3222; x_wconf 79' lang='lat' dir='ltr'><strong>tanquam</strong></span> <span class='ocrx_word' id='word_1_448' title='bbox 3603 3153 3712 3222; x_wconf 90' lang='lat' dir='ltr'><strong>pri-</strong></span> 
     </span>
    </p>
   </div>
   <div class='ocr_carea' id='block_1_53' title="bbox 443 3247 2024 3322">
    <p class='ocr_par' dir='ltr' id='par_1_53' title="bbox 443 3247 2024 3322">
     <span class='ocr_line' id='line_1_54' title="bbox 443 3247 2024 3322; baseline -0.011 -8"><span class='ocrx_word' id='word_1_449' title='bbox 443 3274 582 3322; x_wconf 79' lang='lat' dir='ltr'><strong>ttes,</strong></span> <span class='ocrx_word' id='word_1_450' title='bbox 612 3258 706 3312; x_wconf 88' lang='lat' dir='ltr'><strong>sed</strong></span> <span class='ocrx_word' id='word_1_451' title='bbox 735 3266 916 3312; x_wconf 82' lang='lat' dir='ltr'><strong>tamen</strong></span> <span class='ocrx_word' id='word_1_452' title='bbox 953 3263 1008 3308; x_wconf 85' lang='lat' dir='ltr'><strong>et</strong></span> <span class='ocrx_word' id='word_1_453' title='bbox 1035 3253 1290 3308; x_wconf 73' lang='lat' dir='ltr'><strong>minibus</strong></span> <span class='ocrx_word' id='word_1_454' title='bbox 1319 3247 1772 3320; x_wconf 83' lang='lat' dir='ltr'><strong>intellectualibus</strong></span> <span class='ocrx_word' id='word_1_455' title='bbox 1795 3261 2024 3316; x_wconf 84' lang='lat' dir='ltr'><strong>propor-</strong></span> 
     </span>
    </p>
   </div>
   <div class='ocr_carea' id='block_1_54' title="bbox 443 3335 2026 3414">
    <p class='ocr_par' dir='ltr' id='par_1_54' title="bbox 443 3335 2026 3414">
     <span class='ocr_line' id='line_1_55' title="bbox 443 3335 2026 3414; baseline -0.009 -14"><span class='ocrx_word' id='word_1_456' title='bbox 443 3346 725 3400; x_wconf 85' lang='lat' dir='ltr'><strong>tionaliter</strong></span> <span class='ocrx_word' id='word_1_457' title='bbox 763 3343 1107 3414; x_wconf 74' lang='lat' dir='ltr'><strong>superltteet,</strong></span> <span class='ocrx_word' id='word_1_458' title='bbox 1157 3351 1212 3396; x_wconf 91' lang='lat' dir='ltr'><strong>et</strong></span> <span class='ocrx_word' id='word_1_459' title='bbox 1255 3339 1532 3410; x_wconf 87' lang='lat' dir='ltr'><strong>propriam</strong></span> <span class='ocrx_word' id='word_1_460' title='bbox 1579 3335 2026 3392; x_wconf 83' lang='lat' dir='ltr'><strong>illuminationem</strong></span> 
     </span>
    </p>
   </div>
   <div class='ocr_carea' id='block_1_55' title="bbox 443 3414 2031 3510">
    <p class='ocr_par' dir='ltr' id='par_1_55' title="bbox 443 3414 2031 3510">
     <span class='ocr_line' id='line_1_56' title="bbox 443 3414 2031 3510; baseline -0.009 -18"><span class='ocrx_word' id='word_1_461' title='bbox 443 3443 700 3510; x_wconf 75' lang='lat' dir='ltr'><strong>ingerens</strong></span> <span class='ocrx_word' id='word_1_462' title='bbox 729 3435 1138 3508; x_wconf 83' lang='lat' dir='ltr'><strong>pretiosissimis</strong></span> <span class='ocrx_word' id='word_1_463' title='bbox 1167 3431 1448 3492; x_wconf 84' lang='lat' dir='ltr'><strong>essentiis,</strong></span> <span class='ocrx_word' id='word_1_464' title='bbox 1479 3414 1700 3499; x_wconf 83' lang='lat' dir='ltr'><strong>pereas</strong></span> <span class='ocrx_word' id='word_1_465' title='bbox 1739 3426 1892 3496; x_wconf 83' lang='lat' dir='ltr'><strong>quasi</strong></span> <span class='ocrx_word' id='word_1_466' title='bbox 1925 3425 2031 3494; x_wconf 86' lang='lat' dir='ltr'><strong>pri-</strong></span> 
     </span>
    </p>
   </div>
   <div class='ocr_carea' id='block_1_56' title="bbox 445 3517 2029 3589">
    <p class='ocr_par' dir='ltr' id='par_1_56' title="bbox 445 3517 2029 3589">
     <span class='ocr_line' id='line_1_57' title="bbox 445 3517 2029 3589; baseline -0.009 -6"><span class='ocrx_word' id='word_1_467' title='bbox 445 3546 566 3584; x_wconf 87' lang='lat' dir='ltr'><strong>mas</strong></span> <span class='ocrx_word' id='word_1_468' title='bbox 598 3530 660 3589; x_wconf 77' lang='lat' dir='ltr'><strong>in</strong></span> <span class='ocrx_word' id='word_1_469' title='bbox 703 3526 1054 3584; x_wconf 23' lang='lat' dir='ltr'><strong>submunitas,</strong></span> <span class='ocrx_word' id='word_1_470' title='bbox 1083 3537 1142 3580; x_wconf 88' lang='lat' dir='ltr'><strong>se</strong></span> <span class='ocrx_word' id='word_1_471' title='bbox 1181 3523 1318 3582; x_wconf 85' lang='lat' dir='ltr'><strong>bene</strong></span> <span class='ocrx_word' id='word_1_472' title='bbox 1351 3529 1546 3574; x_wconf 87' lang='lat' dir='ltr'><strong>ornate</strong></span> <span class='ocrx_word' id='word_1_473' title='bbox 1585 3517 1862 3572; x_wconf 84' lang='lat' dir='ltr'><strong>distribuit</strong></span> <span class='ocrx_word' id='word_1_474' title='bbox 1883 3556 1898 3580; x_wconf 91' lang='lat'><strong>,</strong></span> <span class='ocrx_word' id='word_1_475' title='bbox 1941 3531 2029 3570; x_wconf 91' lang='lat' dir='ltr'><strong>sc-</strong></span> 
     </span>
    </p>
   </div>
   <div class='ocr_carea' id='block_1_57' title="bbox 445 3607 2030 3686">
    <p class='ocr_par' dir='ltr' id='par_1_57' title="bbox 445 3607 2030 3686">
     <span class='ocr_line' id='line_1_58' title="bbox 445 3607 2030 3686; baseline -0.01 -12"><span class='ocrx_word' id='word_1_476' title='bbox 445 3623 684 3676; x_wconf 77' lang='lat' dir='ltr'><strong>entulum</strong></span> <span class='ocrx_word' id='word_1_477' title='bbox 715 3617 1138 3686; x_wconf 86' lang='lat' dir='ltr'><strong>uniuscujusque</strong></span> <span class='ocrx_word' id='word_1_478' title='bbox 1165 3610 1532 3682; x_wconf 87' lang='lat' dir='ltr'><strong>dispositionis</strong></span> <span class='ocrx_word' id='word_1_479' title='bbox 1558 3607 2030 3676; x_wconf 78' lang='lat' dir='ltr'><strong>contemplativam</strong></span> 
     </span>
    </p>
   </div>
   <div class='ocr_carea' id='block_1_58' title="bbox 445 3697 2027 3780">
    <p class='ocr_par' dir='ltr' id='par_1_58' title="bbox 445 3697 2027 3780">
     <span class='ocr_line' id='line_1_59' title="bbox 445 3697 2027 3780; baseline -0.009 -17"><span class='ocrx_word' id='word_1_480' title='bbox 445 3709 1058 3780; x_wconf 69' lang='lat' dir='ltr'><strong>etniimensuratiouem.</strong></span> <span class='ocrx_word' id='word_1_481' title='bbox 1102 3705 1274 3770; x_wconf 81' lang='lat' dir='ltr'><strong>Quam</strong></span> <span class='ocrx_word' id='word_1_482' title='bbox 1315 3708 1374 3754; x_wconf 89' lang='lat' dir='ltr'><strong>ut</strong></span> <span class='ocrx_word' id='word_1_483' title='bbox 1437 3699 1674 3767; x_wconf 86' lang='lat' dir='ltr'><strong>apertius</strong></span> <span class='ocrx_word' id='word_1_484' title='bbox 1713 3697 1923 3760; x_wconf 87' lang='lat' dir='ltr'><strong>dicam,</strong></span> <span class='ocrx_word' id='word_1_485' title='bbox 1972 3703 2027 3750; x_wconf 90' lang='lat' dir='ltr'><strong>et</strong></span> 
     </span>
    </p>
   </div>
   <div class='ocr_carea' id='block_1_59' title="bbox 451 3787 2038 3870">
    <p class='ocr_par' dir='ltr' id='par_1_59' title="bbox 451 3787 2038 3870">
     <span class='ocr_line' id='line_1_60' title="bbox 451 3787 2038 3870; baseline -0.008 -20"><span class='ocrx_word' id='word_1_486' title='bbox 451 3817 552 3868; x_wconf 84' lang='lat' dir='ltr'><strong>per</strong></span> <span class='ocrx_word' id='word_1_487' title='bbox 568 3801 784 3870; x_wconf 85' lang='lat' dir='ltr'><strong>propria</strong></span> <span class='ocrx_word' id='word_1_488' title='bbox 805 3796 1076 3866; x_wconf 77' lang='lat' dir='ltr'><strong>exempla,</strong></span> <span class='ocrx_word' id='word_1_489' title='bbox 1099 3793 1208 3846; x_wconf 80' lang='lat' dir='ltr'><strong>etsi</strong></span> <span class='ocrx_word' id='word_1_490' title='bbox 1221 3790 1446 3846; x_wconf 64' lang='lat' dir='ltr'><strong>deﬁciet]</strong></span> <span class='ocrx_word' id='word_1_491' title='bbox 1455 3790 1524 3842; x_wconf 88' lang='lat' dir='ltr'><strong>tia</strong></span> <span class='ocrx_word' id='word_1_492' title='bbox 1549 3788 1656 3842; x_wconf 84' lang='lat' dir='ltr'><strong>Deo</strong></span> <span class='ocrx_word' id='word_1_493' title='bbox 1672 3787 1928 3844; x_wconf 84' lang='lat' dir='ltr'><strong>onmibus</strong></span> <span class='ocrx_word' id='word_1_494' title='bbox 1953 3802 2038 3839; x_wconf 82' lang='lat' dir='ltr'><strong>re-</strong></span> 
     </span>
    </p>
   </div>
   <div class='ocr_carea' id='block_1_60' title="bbox 457 3877 2034 3954">
    <p class='ocr_par' dir='ltr' id='par_1_60' title="bbox 457 3877 2034 3954">
     <span class='ocr_line' id='line_1_61' title="bbox 457 3877 2034 3954; baseline -0.009 -10"><span class='ocrx_word' id='word_1_495' title='bbox 457 3901 640 3954; x_wconf 80' lang='lat' dir='ltr'><strong>moto,</strong></span> <span class='ocrx_word' id='word_1_496' title='bbox 673 3899 1024 3943; x_wconf 85' lang='lat' dir='ltr'><strong>veruntameu</strong></span> <span class='ocrx_word' id='word_1_497' title='bbox 1053 3885 1208 3940; x_wconf 82' lang='lat' dir='ltr'><strong>nobis</strong></span> <span class='ocrx_word' id='word_1_498' title='bbox 1233 3881 1604 3936; x_wconf 71' lang='lat' dir='ltr'><strong>mamifestiora</strong></span> <span class='ocrx_word' id='word_1_499' title='bbox 1632 3898 1644 3934; x_wconf 93' lang='lat'>:</span> <span class='ocrx_word' id='word_1_500' title='bbox 1673 3879 1868 3933; x_wconf 84' lang='lat' dir='ltr'><strong>solaris</strong></span> <span class='ocrx_word' id='word_1_501' title='bbox 1901 3877 2034 3930; x_wconf 59' lang='lat' dir='ltr'><strong>radii</strong></span> 
     </span>
    </p>
   </div>
   <div class='ocr_carea' id='block_1_61' title="bbox 457 3969 2037 4048">
    <p class='ocr_par' dir='ltr' id='par_1_61' title="bbox 457 3969 2037 4048">
     <span class='ocr_line' id='line_1_62' title="bbox 457 3969 2037 4048; baseline -0.009 -12"><span class='ocrx_word' id='word_1_502' title='bbox 457 3981 872 4038; x_wconf 76' lang='lat' dir='ltr'><strong>distributiones</strong></span> <span class='ocrx_word' id='word_1_503' title='bbox 895 3980 946 4034; x_wconf 85' lang='lat' dir='ltr'><strong>in</strong></span> <span class='ocrx_word' id='word_1_504' title='bbox 965 3978 1200 4048; x_wconf 78' lang='lat' dir='ltr'><strong>primam</strong></span> <span class='ocrx_word' id='word_1_505' title='bbox 1225 3973 1506 4030; x_wconf 81' lang='lat' dir='ltr'><strong>materiam</strong></span> <span class='ocrx_word' id='word_1_506' title='bbox 1533 3971 1668 4026; x_wconf 83' lang='lat' dir='ltr'><strong>bene</strong></span> <span class='ocrx_word' id='word_1_507' title='bbox 1691 3969 2037 4029; x_wconf 85' lang='lat' dir='ltr'><strong>distributae,</strong></span> 
     </span>
    </p>
   </div>
   <div class='ocr_carea' id='block_1_62' title="bbox 458 4055 2043 4143">
    <p class='ocr_par' dir='ltr' id='par_1_62' title="bbox 458 4055 2043 4143">
     <span class='ocr_line' id='line_1_63' title="bbox 458 4055 2043 4143; baseline -0.012 -14"><span class='ocrx_word' id='word_1_508' title='bbox 458 4074 690 4143; x_wconf 82' lang='lat' dir='ltr'><strong>implent</strong></span> <span class='ocrx_word' id='word_1_509' title='bbox 711 4070 952 4127; x_wconf 75' lang='lat' dir='ltr'><strong>omnium</strong></span> <span class='ocrx_word' id='word_1_510' title='bbox 977 4067 1292 4124; x_wconf 80' lang='lat' dir='ltr'><strong>lueidiorem</strong></span> <span class='ocrx_word' id='word_1_511' title='bbox 1309 4105 1328 4130; x_wconf 85' lang='lat'><strong>,</strong></span> <span class='ocrx_word' id='word_1_512' title='bbox 1357 4071 1410 4116; x_wconf 89' lang='lat' dir='ltr'><strong>et</strong></span> <span class='ocrx_word' id='word_1_513' title='bbox 1435 4076 1530 4132; x_wconf 87' lang='lat' dir='ltr'><strong>per</strong></span> <span class='ocrx_word' id='word_1_514' title='bbox 1555 4074 1676 4114; x_wconf 85' lang='lat' dir='ltr'><strong>eam</strong></span> <span class='ocrx_word' id='word_1_515' title='bbox 1706 4055 2043 4112; x_wconf 82' lang='lat' dir='ltr'><strong>manifestius</strong></span> 
     </span>
    </p>
   </div>
   <div class='ocr_carea' id='block_1_63' title="bbox 461 4151 2044 4234">
    <p class='ocr_par' dir='ltr' id='par_1_63' title="bbox 461 4151 2044 4234">
     <span class='ocr_line' id='line_1_64' title="bbox 461 4151 2044 4234; baseline -0.01 -18"><span class='ocrx_word' id='word_1_516' title='bbox 461 4165 712 4234; x_wconf 78' lang='lat' dir='ltr'><strong>proprios</strong></span> <span class='ocrx_word' id='word_1_517' title='bbox 739 4162 1066 4218; x_wconf 71' lang='lat' dir='ltr'><strong>declarant!I</strong></span> <span class='ocrx_word' id='word_1_518' title='bbox 1087 4156 1434 4227; x_wconf 83' lang='lat' dir='ltr'><strong>splendores;</strong></span> <span class='ocrx_word' id='word_1_519' title='bbox 1459 4151 1720 4212; x_wconf 83' lang='lat' dir='ltr'><strong>accedens</strong></span> <span class='ocrx_word' id='word_1_520' title='bbox 1743 4161 1871 4200; x_wconf 85' lang='lat' dir='ltr'><strong>vero</strong></span> <span class='ocrx_word' id='word_1_521' title='bbox 1896 4161 1984 4202; x_wconf 87' lang='lat' dir='ltr'><strong>cra</strong></span> <span class='ocrx_word' id='word_1_522' title='bbox 1993 4162 2044 4200; x_wconf 84' lang='lat' dir='ltr'><strong>s-</strong></span> 
     </span>
    </p>
   </div>
   <div class='ocr_carea' id='block_1_64' title="bbox 459 4241 2046 4317">
    <p class='ocr_par' dir='ltr' id='par_1_64' title="bbox 459 4241 2046 4317">
     <span class='ocr_line' id='line_1_65' title="bbox 459 4241 2046 4317; baseline -0.011 -5"><span class='ocrx_word' id='word_1_523' title='bbox 459 4258 694 4314; x_wconf 80' lang='lat' dir='ltr'><strong>sioribus</strong></span> <span class='ocrx_word' id='word_1_524' title='bbox 741 4253 1012 4317; x_wconf 88' lang='lat' dir='ltr'><strong>materiis,</strong></span> <span class='ocrx_word' id='word_1_525' title='bbox 1044 4249 1412 4306; x_wconf 78' lang='lat' dir='ltr'><strong>obsoni-iorem</strong></span> <span class='ocrx_word' id='word_1_526' title='bbox 1457 4245 1620 4298; x_wconf 87' lang='lat' dir='ltr'><strong>habet</strong></span> <span class='ocrx_word' id='word_1_527' title='bbox 1645 4241 2046 4296; x_wconf 80' lang='lat' dir='ltr'><strong>distributivant</strong></span> 
     </span>
    </p>
   </div>
   <div class='ocr_carea' id='block_1_65' title="bbox 457 4332 2046 4416">
    <p class='ocr_par' dir='ltr' id='par_1_65' title="bbox 457 4332 2046 4416">
     <span class='ocr_line' id='line_1_66' title="bbox 457 4332 2046 4416; baseline -0.011 -16"><span class='ocrx_word' id='word_1_528' title='bbox 457 4345 1014 4416; x_wconf 77' lang='lat' dir='ltr'><strong>superapparitionem</strong></span> <span class='ocrx_word' id='word_1_529' title='bbox 1031 4381 1050 4406; x_wconf 85' lang='lat'><strong>,</strong></span> <span class='ocrx_word' id='word_1_530' title='bbox 1073 4356 1141 4396; x_wconf 77' lang='lat' dir='ltr'><strong>ex</strong></span> <span class='ocrx_word' id='word_1_531' title='bbox 1163 4336 1630 4394; x_wconf 78' lang='lat' dir='ltr'><strong>illumitmudarum</strong></span> <span class='ocrx_word' id='word_1_532' title='bbox 1657 4332 2002 4388; x_wconf 83' lang='lat' dir='ltr'><strong>tnateriarum</strong></span> <span class='ocrx_word' id='word_1_533' title='bbox 2025 4332 2046 4362; x_wconf 80' lang='grc'><em>³</em></span> 
     </span>
    </p>
   </div>
   <div class='ocr_carea' id='block_1_66' title="bbox 465 4422 2050 4494">
    <p class='ocr_par' dir='ltr' id='par_1_66' title="bbox 465 4422 2050 4494">
     <span class='ocr_line' id='line_1_67' title="bbox 465 4422 2050 4494; baseline -0.011 0"><span class='ocrx_word' id='word_1_534' title='bbox 465 4439 534 4494; x_wconf 80' lang='lat' dir='ltr'><strong>ad</strong></span> <span class='ocrx_word' id='word_1_535' title='bbox 559 4435 966 4490; x_wconf 89' lang='lat' dir='ltr'><strong>illuminationis</strong></span> <span class='ocrx_word' id='word_1_536' title='bbox 988 4429 1386 4488; x_wconf 83' lang='lat' dir='ltr'><strong>distributivum</strong></span> <span class='ocrx_word' id='word_1_537' title='bbox 1411 4424 1652 4480; x_wconf 81' lang='lat' dir='ltr'><strong>habitum</strong></span> <span class='ocrx_word' id='word_1_538' title='bbox 1683 4422 2050 4492; x_wconf 87' lang='lat' dir='ltr'><strong>inopportuni-</strong></span> 
     </span>
    </p>
   </div>
   <div class='ocr_carea' id='block_1_67' title="bbox 2129 3243 3712 3317">
    <p class='ocr_par' dir='ltr' id='par_1_67' title="bbox 2129 3243 3712 3317">
     <span class='ocr_line' id='line_1_68' title="bbox 2129 3243 3712 3317; baseline -0.003 -17"><span class='ocrx_word' id='word_1_539' title='bbox 2129 3262 2248 3302; x_wconf 69' lang='lat' dir='ltr'><strong>nos</strong></span> <span class='ocrx_word' id='word_1_540' title='bbox 2279 3255 2592 3317; x_wconf 62' lang='lat' dir='ltr'><strong>opt-aratores</strong></span> <span class='ocrx_word' id='word_1_541' title='bbox 2631 3245 2936 3304; x_wconf 75' lang='lat' dir='ltr'><strong>divinorum</strong></span> <span class='ocrx_word' id='word_1_542' title='bbox 2963 3255 3032 3300; x_wconf 87' lang='lat' dir='ltr'><strong>.et</strong></span> <span class='ocrx_word' id='word_1_543' title='bbox 3063 3243 3374 3313; x_wconf 81' lang='lat' dir='ltr'><strong>magistros.</strong></span> <span class='ocrx_word' id='word_1_544' title='bbox 3413 3243 3528 3296; x_wconf 81' lang='lat' dir='ltr'><strong>Non</strong></span> <span class='ocrx_word' id='word_1_545' title='bbox 3581 3257 3712 3312; x_wconf 76' lang='lat' dir='ltr'><strong>ergo</strong></span> 
     </span>
    </p>
   </div>
   <div class='ocr_carea' id='block_1_68' title="bbox 2131 3333 3714 3406">
    <p class='ocr_par' dir='ltr' id='par_1_68' title="bbox 2131 3333 3714 3406">
     <span class='ocr_line' id='line_1_69' title="bbox 2131 3333 3714 3406; baseline -0.003 -16"><span class='ocrx_word' id='word_1_546' title='bbox 2131 3337 2300 3406; x_wconf 84' lang='lat' dir='ltr'><strong>prima</strong></span> <span class='ocrx_word' id='word_1_547' title='bbox 2334 3344 2642 3390; x_wconf 83' lang='lat' dir='ltr'><strong>sanctorum</strong></span> <span class='ocrx_word' id='word_1_548' title='bbox 2681 3334 2994 3405; x_wconf 69' lang='lat' dir='ltr'><strong>angelorum</strong></span> <span class='ocrx_word' id='word_1_549' title='bbox 3031 3333 3310 3403; x_wconf 74' lang='lat' dir='ltr'><strong>dispositio</strong></span> <span class='ocrx_word' id='word_1_550' title='bbox 3347 3333 3520 3406; x_wconf 82' lang='lat' dir='ltr'><strong>magis</strong></span> <span class='ocrx_word' id='word_1_551' title='bbox 3553 3334 3714 3388; x_wconf 77' lang='lat' dir='ltr'><strong>simul</strong></span> 
     </span>
    </p>
   </div>
   <div class='ocr_carea' id='block_1_69' title="bbox 2131 3405 3748 3496">
    <p class='ocr_par' dir='ltr' id='par_1_69' title="bbox 2131 3405 3748 3496">
     <span class='ocr_line' id='line_1_70' title="bbox 2131 3405 3748 3496; baseline -0.003 -15"><span class='ocrx_word' id='word_1_552' title='bbox 2131 3427 2385 3481; x_wconf 86' lang='lat' dir='ltr'><strong>omnibus</strong></span> <span class='ocrx_word' id='word_1_553' title='bbox 2432 3426 2595 3482; x_wconf 87' lang='lat' dir='ltr'><strong>habet</strong></span> <span class='ocrx_word' id='word_1_554' title='bbox 2627 3427 2652 3458; x_wconf 84' lang='grc'><strong>⁸</strong></span> <span class='ocrx_word' id='word_1_555' title='bbox 2689 3426 2902 3496; x_wconf 79' lang='lat' dir='ltr'><strong>igneam</strong></span> <span class='ocrx_word' id='word_1_556' title='bbox 2955 3425 3364 3494; x_wconf 79' lang='lat' dir='ltr'><strong>proprietatem,</strong></span> <span class='ocrx_word' id='word_1_557' title='bbox 3391 3433 3450 3480; x_wconf 80' lang='lat' dir='ltr'><strong>et</strong></span> <span class='ocrx_word' id='word_1_558' title='bbox 3483 3405 3714 3480; x_wconf 76' lang='lat' dir='ltr'><strong>ell&#39;usam</strong></span> <span class='ocrx_word' id='word_1_559' title='bbox 3745 3473 3748 3476; x_wconf 91' lang='lat'><strong>.</strong></span> 
     </span>
    </p>
   </div>
   <div class='ocr_carea' id='block_1_70' title="bbox 2132 3515 3718 3586">
    <p class='ocr_par' dir='ltr' id='par_1_70' title="bbox 2132 3515 3718 3586">
     <span class='ocr_line' id='line_1_71' title="bbox 2132 3515 3718 3586; baseline -0.002 -13"><span class='ocrx_word' id='word_1_560' title='bbox 2132 3519 2346 3573; x_wconf 79' lang='lat' dir='ltr'><strong>divinae</strong></span> <span class='ocrx_word' id='word_1_561' title='bbox 2364 3517 2658 3586; x_wconf 83' lang='lat' dir='ltr'><strong>sapientiae</strong></span> <span class='ocrx_word' id='word_1_562' title='bbox 2683 3515 3030 3570; x_wconf 84' lang='lat' dir='ltr'><strong>traditionem</strong></span> <span class='ocrx_word' id='word_1_563' title='bbox 3051 3517 3440 3586; x_wconf 70' lang='lat' dir='ltr'><strong>,et&#39;mysticam</strong></span> <span class='ocrx_word' id='word_1_564' title='bbox 3455 3515 3718 3572; x_wconf 79' lang='lat' dir='ltr'><strong>excelsis—</strong></span> 
     </span>
    </p>
   </div>
   <div class='ocr_carea' id='block_1_71' title="bbox 2131 3604 3720 3670">
    <p class='ocr_par' dir='ltr' id='par_1_71' title="bbox 2131 3604 3720 3670">
     <span class='ocr_line' id='line_1_72' title="bbox 2131 3604 3720 3670; baseline -0.003 -8"><span class='ocrx_word' id='word_1_565' title='bbox 2131 3608 2324 3664; x_wconf 86' lang='lat' dir='ltr'><strong>simam</strong></span> <span class='ocrx_word' id='word_1_566' title='bbox 2355 3606 2660 3662; x_wconf 79' lang='lat' dir='ltr'><strong>tlivinarum</strong></span> <span class='ocrx_word' id='word_1_567' title='bbox 2693 3604 3142 3660; x_wconf 84' lang='lat' dir='ltr'><strong>illuminationum</strong></span> <span class='ocrx_word' id='word_1_568' title='bbox 3183 3605 3475 3670; x_wconf 85' lang='lat' dir='ltr'><strong>scientiae,</strong></span> <span class='ocrx_word' id='word_1_569' title='bbox 3517 3615 3575 3658; x_wconf 89' lang='lat' dir='ltr'><strong>et</strong></span> <span class='ocrx_word' id='word_1_570' title='bbox 3605 3619 3720 3666; x_wconf 78' lang='lat' dir='ltr'><strong>ses-</strong></span> 
     </span>
    </p>
   </div>
   <div class='ocr_carea' id='block_1_72' title="bbox 2136 3695 3724 3766">
    <p class='ocr_par' dir='ltr' id='par_1_72' title="bbox 2136 3695 3724 3766">
     <span class='ocr_line' id='line_1_73' title="bbox 2136 3695 3724 3766; baseline -0.003 -13"><span class='ocrx_word' id='word_1_571' title='bbox 2136 3700 2308 3753; x_wconf 81' lang='lat' dir='ltr'><strong>sivam</strong></span> <span class='ocrx_word' id='word_1_572' title='bbox 2352 3697 2738 3766; x_wconf 81' lang='lat' dir='ltr'><strong>proprietatem</strong></span> <span class='ocrx_word' id='word_1_573' title='bbox 2787 3705 3090 3766; x_wconf 75' lang='lat' dir='ltr'><strong>gestantem</strong></span> <span class='ocrx_word' id='word_1_574' title='bbox 3111 3735 3125 3760; x_wconf 93' lang='lat'><strong>,</strong></span> <span class='ocrx_word' id='word_1_575' title='bbox 3159 3695 3394 3750; x_wconf 79' lang='lat' dir='ltr'><strong>divinam</strong></span> <span class='ocrx_word' id='word_1_576' title='bbox 3425 3695 3724 3764; x_wconf 82' lang='lat' dir='ltr'><strong>susceptio-</strong></span> 
     </span>
    </p>
   </div>
   <div class='ocr_carea' id='block_1_73' title="bbox 2137 3784 3724 3854">
    <p class='ocr_par' dir='ltr' id='par_1_73' title="bbox 2137 3784 3724 3854">
     <span class='ocr_line' id='line_1_74' title="bbox 2137 3784 3724 3854; baseline -0.001 -16"><span class='ocrx_word' id='word_1_577' title='bbox 2137 3801 2260 3840; x_wconf 88' lang='lat' dir='ltr'><strong>nem</strong></span> <span class='ocrx_word' id='word_1_578' title='bbox 2293 3785 2687 3854; x_wconf 74' lang='lat' dir='ltr'><strong>signiﬁcantem</strong></span> <span class='ocrx_word' id='word_1_579' title='bbox 2709 3784 2732 3836; x_wconf 70' lang='grc' dir='ltr'><strong>ζ’</strong></span> <span class='ocrx_word' id='word_1_580' title='bbox 2755 3784 2912 3853; x_wconf 82' lang='lat' dir='ltr'><strong>Ipsae</strong></span> <span class='ocrx_word' id='word_1_581' title='bbox 2939 3801 3072 3840; x_wconf 83' lang='lat' dir='ltr'><strong>vero</strong></span> <span class='ocrx_word' id='word_1_582' title='bbox 3109 3787 3506 3854; x_wconf 83' lang='lat' dir='ltr'><strong>suppositartun</strong></span> <span class='ocrx_word' id='word_1_583' title='bbox 3547 3785 3724 3852; x_wconf 78' lang='lat' dir='ltr'><strong>dispo-</strong></span> 
     </span>
    </p>
   </div>
   <div class='ocr_carea' id='block_1_74' title="bbox 2137 3873 3722 3944">
    <p class='ocr_par' dir='ltr' id='par_1_74' title="bbox 2137 3873 3722 3944">
     <span class='ocr_line' id='line_1_75' title="bbox 2137 3873 3722 3944; baseline -0.001 -16"><span class='ocrx_word' id='word_1_584' title='bbox 2137 3875 2362 3928; x_wconf 81' lang='lat' dir='ltr'><strong>sitioncs</strong></span> <span class='ocrx_word' id='word_1_585' title='bbox 2383 3873 2744 3928; x_wconf 85' lang='lat' dir='ltr'><strong>essentiarum</strong></span> <span class='ocrx_word' id='word_1_586' title='bbox 2771 3913 2786 3936; x_wconf 87' lang='lat'><strong>,</strong></span> <span class='ocrx_word' id='word_1_587' title='bbox 2817 3875 2970 3944; x_wconf 75' lang='lat' dir='ltr'><strong>ignea</strong></span> <span class='ocrx_word' id='word_1_588' title='bbox 2989 3913 3003 3936; x_wconf 89' lang='lat'><strong>,</strong></span> <span class='ocrx_word' id='word_1_589' title='bbox 3031 3873 3305 3940; x_wconf 84' lang='lat' dir='ltr'><strong>sapiente,</strong></span> <span class='ocrx_word' id='word_1_590' title='bbox 3347 3875 3550 3928; x_wconf 84' lang='lat' dir='ltr'><strong>sciente</strong></span> <span class='ocrx_word' id='word_1_591' title='bbox 3569 3913 3586 3936; x_wconf 86' lang='lat'><strong>,</strong></span> <span class='ocrx_word' id='word_1_592' title='bbox 3629 3873 3722 3926; x_wconf 83' lang='lat' dir='ltr'><strong>Dei</strong></span> 
     </span>
    </p>
   </div>
   <div class='ocr_carea' id='block_1_75' title="bbox 2143 3963 3724 4032">
    <p class='ocr_par' dir='ltr' id='par_1_75' title="bbox 2143 3963 3724 4032">
     <span class='ocr_line' id='line_1_76' title="bbox 2143 3963 3724 4032; baseline -0.002 -13"><span class='ocrx_word' id='word_1_593' title='bbox 2143 3963 2476 4032; x_wconf 86' lang='lat' dir='ltr'><strong>susceptoria</strong></span> <span class='ocrx_word' id='word_1_594' title='bbox 2516 3964 2714 4016; x_wconf 85' lang='lat' dir='ltr'><strong>virtute</strong></span> <span class='ocrx_word' id='word_1_595' title='bbox 2750 3965 3078 4032; x_wconf 85' lang='lat' dir='ltr'><strong>participant</strong></span> <span class='ocrx_word' id='word_1_596' title='bbox 3109 3965 3326 4030; x_wconf 87' lang='lat' dir='ltr'><strong>quidem</strong></span> <span class='ocrx_word' id='word_1_597' title='bbox 3355 3964 3492 4016; x_wconf 80' lang='lat' dir='ltr'><strong>infra</strong></span> <span class='ocrx_word' id='word_1_598' title='bbox 3517 4003 3532 4026; x_wconf 91' lang='lat'><strong>,</strong></span> <span class='ocrx_word' id='word_1_599' title='bbox 3567 3973 3622 4016; x_wconf 88' lang='lat' dir='ltr'><strong>et</strong></span> <span class='ocrx_word' id='word_1_600' title='bbox 3655 3965 3724 4018; x_wconf 85' lang='lat' dir='ltr'><strong>ad</strong></span> 
     </span>
    </p>
   </div>
   <div class='ocr_carea' id='block_1_76' title="bbox 2145 4053 3724 4125">
    <p class='ocr_par' dir='ltr' id='par_1_76' title="bbox 2145 4053 3724 4125">
     <span class='ocr_line' id='line_1_77' title="bbox 2145 4053 3724 4125; baseline 0 -17"><span class='ocrx_word' id='word_1_601' title='bbox 2145 4055 2348 4125; x_wconf 85' lang='lat' dir='ltr'><strong>primas</strong></span> <span class='ocrx_word' id='word_1_602' title='bbox 2378 4054 2733 4122; x_wconf 84' lang='lat' dir='ltr'><strong>aspicientes,</strong></span> <span class='ocrx_word' id='word_1_603' title='bbox 2765 4061 2819 4106; x_wconf 89' lang='lat' dir='ltr'><strong>et</strong></span> <span class='ocrx_word' id='word_1_604' title='bbox 2845 4069 2940 4121; x_wconf 85' lang='lat' dir='ltr'><strong>per</strong></span> <span class='ocrx_word' id='word_1_605' title='bbox 2961 4069 3064 4108; x_wconf 83' lang='lat' dir='ltr'><strong>eas</strong></span> <span class='ocrx_word' id='word_1_606' title='bbox 3097 4063 3160 4106; x_wconf 82' lang='lat' dir='ltr'><strong>ut</strong></span> <span class='ocrx_word' id='word_1_607' title='bbox 3203 4053 3502 4116; x_wconf 82' lang='lat' dir='ltr'><strong>imitatione</strong></span> <span class='ocrx_word' id='word_1_608' title='bbox 3541 4053 3724 4110; x_wconf 87' lang='lat' dir='ltr'><strong>divina</strong></span> 
     </span>
    </p>
   </div>
   <div class='ocr_carea' id='block_1_77' title="bbox 2147 4142 3728 4215">
    <p class='ocr_par' dir='ltr' id='par_1_77' title="bbox 2147 4142 3728 4215">
     <span class='ocr_line' id='line_1_78' title="bbox 2147 4142 3728 4215; baseline -0.002 -17"><span class='ocrx_word' id='word_1_609' title='bbox 2147 4145 2558 4215; x_wconf 85' lang='lat' dir='ltr'><strong>praeoperative</strong></span> <span class='ocrx_word' id='word_1_610' title='bbox 2589 4143 2746 4213; x_wconf 74' lang='lat' dir='ltr'><strong>digne</strong></span> <span class='ocrx_word' id='word_1_611' title='bbox 2773 4143 2948 4198; x_wconf 76' lang='lat' dir='ltr'><strong>factus</strong></span> <span class='ocrx_word' id='word_1_612' title='bbox 2975 4143 3027 4196; x_wconf 89' lang='lat' dir='ltr'><strong>in</strong></span> <span class='ocrx_word' id='word_1_613' title='bbox 3068 4142 3448 4198; x_wconf 79' lang='lat' dir='ltr'><strong>deiformitatis</strong></span> <span class='ocrx_word' id='word_1_614' title='bbox 3471 4143 3728 4212; x_wconf 86' lang='lat' dir='ltr'><strong>possibile</strong></span> 
     </span>
    </p>
   </div>
   <div class='ocr_carea' id='block_1_78' title="bbox 2153 4231 3728 4301">
    <p class='ocr_par' dir='ltr' id='par_1_78' title="bbox 2153 4231 3728 4301">
     <span class='ocr_line' id='line_1_79' title="bbox 2153 4231 3728 4301; baseline -0.003 -11"><span class='ocrx_word' id='word_1_615' title='bbox 2153 4236 2422 4294; x_wconf 84' lang='lat' dir='ltr'><strong>reductae.</strong></span> <span class='ocrx_word' id='word_1_616' title='bbox 2461 4232 2644 4288; x_wconf 80' lang='lat' dir='ltr'><strong>Dictas</strong></span> <span class='ocrx_word' id='word_1_617' title='bbox 2672 4246 2804 4300; x_wconf 75' lang='lat' dir='ltr'><strong>ergo</strong></span> <span class='ocrx_word' id='word_1_618' title='bbox 2832 4241 3051 4288; x_wconf 83' lang='lat' dir='ltr'><strong>sanctas</strong></span> <span class='ocrx_word' id='word_1_619' title='bbox 3079 4231 3468 4300; x_wconf 84' lang='lat' dir='ltr'><strong>proprietates,</strong></span> <span class='ocrx_word' id='word_1_620' title='bbox 3497 4249 3728 4301; x_wconf 88' lang='lat' dir='ltr'><strong>quarum</strong></span> 
     </span>
    </p>
   </div>
   <div class='ocr_carea' id='block_1_79' title="bbox 2151 4322 3726 4398">
    <p class='ocr_par' dir='ltr' id='par_1_79' title="bbox 2151 4322 3726 4398">
     <span class='ocr_line' id='line_1_80' title="bbox 2151 4322 3726 4398; baseline -0.002 -18"><span class='ocrx_word' id='word_1_621' title='bbox 2151 4324 2496 4398; x_wconf 83' lang='lat' dir='ltr'><strong>participatio</strong></span> <span class='ocrx_word' id='word_1_622' title='bbox 2523 4339 2621 4392; x_wconf 89' lang='lat' dir='ltr'><strong>per</strong></span> <span class='ocrx_word' id='word_1_623' title='bbox 2649 4323 2852 4394; x_wconf 84' lang='lat' dir='ltr'><strong>primas</strong></span> <span class='ocrx_word' id='word_1_624' title='bbox 2880 4331 3002 4392; x_wconf 79' lang='lat' dir='ltr'><strong>post</strong></span> <span class='ocrx_word' id='word_1_625' title='bbox 3025 4337 3122 4376; x_wconf 86' lang='lat' dir='ltr'><strong>eas</strong></span> <span class='ocrx_word' id='word_1_626' title='bbox 3163 4322 3519 4378; x_wconf 84' lang='lat' dir='ltr'><strong>subsistentes</strong></span> <span class='ocrx_word' id='word_1_627' title='bbox 3557 4323 3688 4378; x_wconf 86' lang='lat' dir='ltr'><strong>ﬁunt</strong></span> <span class='ocrx_word' id='word_1_628' title='bbox 3711 4365 3726 4388; x_wconf 84' lang='lat'><strong>,</strong></span> 
     </span>
    </p>
   </div>
   <div class='ocr_carea' id='block_1_80' title="bbox 2154 4412 3728 4488">
    <p class='ocr_par' dir='ltr' id='par_1_80' title="bbox 2154 4412 3728 4488">
     <span class='ocr_line' id='line_1_81' title="bbox 2154 4412 3728 4488; baseline -0.003 -17"><span class='ocrx_word' id='word_1_629' title='bbox 2154 4419 2284 4488; x_wconf 88' lang='lat' dir='ltr'><strong>ipsis</strong></span> <span class='ocrx_word' id='word_1_630' title='bbox 2317 4417 2424 4470; x_wconf 84' lang='lat' dir='ltr'><strong>illis</strong></span> <span class='ocrx_word' id='word_1_631' title='bbox 2461 4424 2586 4484; x_wconf 87' lang='lat' dir='ltr'><strong>post</strong></span> <span class='ocrx_word' id='word_1_632' title='bbox 2609 4415 2776 4470; x_wconf 77' lang='lat' dir='ltr'><strong>Deum</strong></span> <span class='ocrx_word' id='word_1_633' title='bbox 2819 4421 3072 4482; x_wconf 87' lang='lat' dir='ltr'><strong>tanquam</strong></span> <span class='ocrx_word' id='word_1_634' title='bbox 3113 4412 3400 4468; x_wconf 81' lang='lat' dir='ltr'><strong>lcrarchiis</strong></span> <span class='ocrx_word' id='word_1_635' title='bbox 3443 4425 3728 4481; x_wconf 82' lang='lat' dir='ltr'><strong>repommt.</strong></span> 
     </span>
    </p>
   </div>
   <div class='ocr_carea' id='block_1_81' title="bbox 467 4500 3730 4594">
    <p class='ocr_par' dir='ltr' id='par_1_81' title="bbox 467 4500 3730 4594">
     <span class='ocr_line' id='line_1_82' title="bbox 467 4500 3730 4594; baseline -0.008 -14"><span class='ocrx_word' id='word_1_636' title='bbox 467 4537 602 4590; x_wconf 81' lang='lat' dir='ltr'><strong>tale,</strong></span> <span class='ocrx_word' id='word_1_637' title='bbox 633 4534 690 4580; x_wconf 88' lang='lat' dir='ltr'><strong>et</strong></span> <span class='ocrx_word' id='word_1_638' title='bbox 717 4524 874 4594; x_wconf 89' lang='lat' dir='ltr'><strong>paulo</strong></span> <span class='ocrx_word' id='word_1_639' title='bbox 905 4531 1028 4592; x_wconf 88' lang='lat' dir='ltr'><strong>post</strong></span> <span class='ocrx_word' id='word_1_640' title='bbox 1055 4538 1122 4575; x_wconf 76' lang='lat' dir='ltr'><strong>ex</strong></span> <span class='ocrx_word' id='word_1_641' title='bbox 1163 4523 1264 4575; x_wconf 88' lang='lat' dir='ltr'><strong>hoc</strong></span> <span class='ocrx_word' id='word_1_642' title='bbox 1302 4517 1367 4572; x_wconf 90' lang='lat' dir='ltr'><strong>ad</strong></span> <span class='ocrx_word' id='word_1_643' title='bbox 1404 4513 1641 4591; x_wconf 81' lang='lat' dir='ltr'><strong>perfecte</strong></span> <span class='ocrx_word' id='word_1_644' title='bbox 1665 4511 1776 4568; x_wconf 66' lang='grc' dir='ltr'><strong>εει-ε</strong></span> <span class='ocrx_word' id='word_1_645' title='bbox 1801 4511 2044 4566; x_wconf 89' lang='lat' dir='ltr'><strong>indistri-</strong></span> <span class='ocrx_word' id='word_1_646' title='bbox 2077 4500 2128 4558; x_wconf 88' lang='lat' dir='ltr'><strong>D</strong></span> <span class='ocrx_word' id='word_1_647' title='bbox 2151 4509 2244 4563; x_wconf 76' lang='lat' dir='ltr'><strong>Ait</strong></span> <span class='ocrx_word' id='word_1_648' title='bbox 2269 4523 2398 4577; x_wconf 76' lang='lat' dir='ltr'><strong>ergo</strong></span> <span class='ocrx_word' id='word_1_649' title='bbox 2429 4507 2562 4560; x_wconf 90' lang='lat' dir='ltr'><strong>haec</strong></span> <span class='ocrx_word' id='word_1_650' title='bbox 2585 4505 2772 4560; x_wconf 80' lang='lat' dir='ltr'><strong>dicens</strong></span> <span class='ocrx_word' id='word_1_651' title='bbox 2799 4505 2852 4568; x_wconf 67' lang='grc' dir='ltr'><strong>Β,</strong></span> <span class='ocrx_word' id='word_1_652' title='bbox 2885 4503 3142 4558; x_wconf 86' lang='lat' dir='ltr'><strong>visionem</strong></span> <span class='ocrx_word' id='word_1_653' title='bbox 3165 4502 3235 4556; x_wconf 82' lang='lat' dir='ltr'><strong>ab</strong></span> <span class='ocrx_word' id='word_1_654' title='bbox 3261 4501 3350 4555; x_wconf 90' lang='lat' dir='ltr'><strong>illo</strong></span> <span class='ocrx_word' id='word_1_655' title='bbox 3373 4502 3393 4533; x_wconf 79' lang='lat'><strong><em>&quot;</em></strong></span> <span class='ocrx_word' id='word_1_656' title='bbox 3423 4511 3730 4572; x_wconf 85' lang='lat' dir='ltr'><strong>susceptam</strong></span> 
     </span>
    </p>
   </div>
   <div class='ocr_carea' id='block_1_82' title="bbox 465 4603 2048 4680">
    <p class='ocr_par' dir='ltr' id='par_1_82' title="bbox 465 4603 2048 4680">
     <span class='ocr_line' id='line_1_83' title="bbox 465 4603 2048 4680; baseline -0.011 -9"><span class='ocrx_word' id='word_1_657' title='bbox 465 4619 654 4671; x_wconf 80' lang='lat' dir='ltr'><strong>butum</strong></span> <span class='ocrx_word' id='word_1_658' title='bbox 689 4623 982 4670; x_wconf 78' lang='lat' dir='ltr'><strong>coartatur.</strong></span> <span class='ocrx_word' id='word_1_659' title='bbox 1025 4615 1219 4666; x_wconf 82' lang='lat' dir='ltr'><strong>lterum</strong></span> <span class='ocrx_word' id='word_1_660' title='bbox 1269 4608 1406 4680; x_wconf 78' lang='lat' dir='ltr'><strong>ignis</strong></span> <span class='ocrx_word' id='word_1_661' title='bbox 1453 4605 1698 4660; x_wconf 78' lang='lat' dir='ltr'><strong>caliditas</strong></span> <span class='ocrx_word' id='word_1_662' title='bbox 1746 4603 1915 4671; x_wconf 76' lang='lat' dir='ltr'><strong>magis</strong></span> <span class='ocrx_word' id='word_1_663' title='bbox 1961 4615 2048 4656; x_wconf 88' lang='lat' dir='ltr'><strong>se-</strong></span> 
     </span>
    </p>
   </div>
   <div class='ocr_carea' id='block_1_83' title="bbox 466 4693 2050 4779">
    <p class='ocr_par' dir='ltr' id='par_1_83' title="bbox 466 4693 2050 4779">
     <span class='ocr_line' id='line_1_84' title="bbox 466 4693 2050 4779; baseline -0.013 -15"><span class='ocrx_word' id='word_1_664' title='bbox 466 4711 640 4779; x_wconf 81' lang='lat' dir='ltr'><strong>ipsam</strong></span> <span class='ocrx_word' id='word_1_665' title='bbox 679 4701 956 4763; x_wconf 86' lang='lat' dir='ltr'><strong>distribuit</strong></span> <span class='ocrx_word' id='word_1_666' title='bbox 996 4706 1048 4760; x_wconf 87' lang='lat' dir='ltr'><strong>in</strong></span> <span class='ocrx_word' id='word_1_667' title='bbox 1083 4701 1366 4772; x_wconf 85' lang='lat' dir='ltr'><strong>capaciora</strong></span> <span class='ocrx_word' id='word_1_668' title='bbox 1395 4739 1412 4762; x_wconf 84' lang='lat'><strong>,</strong></span> <span class='ocrx_word' id='word_1_669' title='bbox 1447 4705 1502 4753; x_wconf 86' lang='lat' dir='ltr'><strong>et</strong></span> <span class='ocrx_word' id='word_1_670' title='bbox 1538 4696 1605 4750; x_wconf 85' lang='lat' dir='ltr'><strong>ad</strong></span> <span class='ocrx_word' id='word_1_671' title='bbox 1644 4693 2050 4766; x_wconf 86' lang='lat' dir='ltr'><strong>similitudinem</strong></span> 
     </span>
    </p>
   </div>
   <div class='ocr_carea' id='block_1_84' title="bbox 465 4785 2054 4854">
    <p class='ocr_par' dir='ltr' id='par_1_84' title="bbox 465 4785 2054 4854">
     <span class='ocr_line' id='line_1_85' title="bbox 465 4785 2054 4854; baseline -0.011 0"><span class='ocrx_word' id='word_1_672' title='bbox 465 4815 622 4854; x_wconf 87' lang='lat' dir='ltr'><strong>suam</strong></span> <span class='ocrx_word' id='word_1_673' title='bbox 655 4801 790 4853; x_wconf 86' lang='lat' dir='ltr'><strong>bene</strong></span> <span class='ocrx_word' id='word_1_674' title='bbox 815 4795 1190 4852; x_wconf 69' lang='lat' dir='ltr'><strong>conuenientia</strong></span> <span class='ocrx_word' id='word_1_675' title='bbox 1211 4803 1271 4846; x_wconf 84' lang='lat' dir='ltr'><strong>et</strong></span> <span class='ocrx_word' id='word_1_676' title='bbox 1295 4796 1432 4846; x_wconf 77' lang='lat' dir='ltr'><strong>bene</strong></span> <span class='ocrx_word' id='word_1_677' title='bbox 1455 4791 1612 4845; x_wconf 80' lang='lat' dir='ltr'><strong>ducta</strong></span> <span class='ocrx_word' id='word_1_678' title='bbox 1647 4807 1660 4840; x_wconf 90' lang='lat'><strong>:</strong></span> <span class='ocrx_word' id='word_1_679' title='bbox 1693 4785 1939 4839; x_wconf 68' lang='lat' dir='ltr'><strong>ad‘vero</strong></span> <span class='ocrx_word' id='word_1_680' title='bbox 1968 4800 2054 4839; x_wconf 83' lang='lat' dir='ltr'><strong>re-</strong></span> 
     </span>
    </p>
   </div>
   <div class='ocr_carea' id='block_1_85' title="bbox 470 4879 2057 4948">
    <p class='ocr_par' dir='ltr' id='par_1_85' title="bbox 470 4879 2057 4948">
     <span class='ocr_line' id='line_1_86' title="bbox 470 4879 2057 4948; baseline -0.008 -4"><span class='ocrx_word' id='word_1_681' title='bbox 470 4890 894 4946; x_wconf 78' lang='lat' dir='ltr'><strong>funuationibus.</strong></span> <span class='ocrx_word' id='word_1_682' title='bbox 913 4889 1215 4942; x_wconf 79' lang='lat' dir='ltr'><strong>contrarias</strong></span> <span class='ocrx_word' id='word_1_683' title='bbox 1233 4884 1504 4940; x_wconf 76' lang='lat' dir='ltr'><strong>eSseutias</strong></span> <span class='ocrx_word' id='word_1_684' title='bbox 1555 4882 1663 4948; x_wconf 85' lang='lat' dir='ltr'><strong>ipsa</strong></span> <span class='ocrx_word' id='word_1_685' title='bbox 1699 4879 1900 4934; x_wconf 86' lang='lat' dir='ltr'><strong>nullum</strong></span> <span class='ocrx_word' id='word_1_686' title='bbox 1929 4879 2057 4932; x_wconf 88' lang='lat' dir='ltr'><strong>abs-</strong></span> 
     </span>
    </p>
   </div>
   <div class='ocr_carea' id='block_1_86' title="bbox 470 4969 2058 5048">
    <p class='ocr_par' dir='ltr' id='par_1_86' title="bbox 470 4969 2058 5048">
     <span class='ocr_line' id='line_1_87' title="bbox 470 4969 2058 5048; baseline -0.006 -18"><span class='ocrx_word' id='word_1_687' title='bbox 470 4995 638 5033; x_wconf 83' lang='lat' dir='ltr'><strong>eonso</strong></span> <span class='ocrx_word' id='word_1_688' title='bbox 688 4978 996 5048; x_wconf 82' lang='lat' dir='ltr'><strong>primitivae</strong></span> <span class='ocrx_word' id='word_1_689' title='bbox 1045 4973 1374 5046; x_wconf 85' lang='lat' dir='ltr'><strong>operationis</strong></span> <span class='ocrx_word' id='word_1_690' title='bbox 1409 4969 1690 5036; x_wconf 78' lang='lat' dir='ltr'><strong>vestigium</strong></span> <span class='ocrx_word' id='word_1_691' title='bbox 1728 4969 2058 5024; x_wconf 77' lang='lat' dir='ltr'><strong>manifestat.</strong></span> 
     </span>
    </p>
   </div>
   <div class='ocr_carea' id='block_1_87' title="bbox 477 5064 2059 5140">
    <p class='ocr_par' dir='ltr' id='par_1_87' title="bbox 477 5064 2059 5140">
     <span class='ocr_line' id='line_1_88' title="bbox 477 5064 2059 5140; baseline -0.007 -18"><span class='ocrx_word' id='word_1_692' title='bbox 477 5068 542 5122; x_wconf 74' lang='lat' dir='ltr'><strong>Et</strong></span> <span class='ocrx_word' id='word_1_693' title='bbox 567 5070 670 5122; x_wconf 87' lang='lat' dir='ltr'><strong>hoc</strong></span> <span class='ocrx_word' id='word_1_694' title='bbox 685 5085 756 5122; x_wconf 86' lang='lat' dir='ltr'><strong>eo</strong></span> <span class='ocrx_word' id='word_1_695' title='bbox 784 5069 1038 5140; x_wconf 74' lang='lat' dir='ltr'><strong>amplius,</strong></span> <span class='ocrx_word' id='word_1_696' title='bbox 1065 5067 1190 5136; x_wconf 85' lang='lat' dir='ltr'><strong>quia</strong></span> <span class='ocrx_word' id='word_1_697' title='bbox 1220 5064 1332 5124; x_wconf 87' lang='lat' dir='ltr'><strong>his,</strong></span> <span class='ocrx_word' id='word_1_698' title='bbox 1367 5075 1506 5130; x_wconf 75' lang='lat' dir='ltr'><strong>quae</strong></span> <span class='ocrx_word' id='word_1_699' title='bbox 1535 5073 1638 5110; x_wconf 79' lang='lat' dir='ltr'><strong>non</strong></span> <span class='ocrx_word' id='word_1_700' title='bbox 1665 5069 1786 5112; x_wconf 91' lang='lat' dir='ltr'><strong>sunt</strong></span> <span class='ocrx_word' id='word_1_701' title='bbox 1809 5067 2059 5128; x_wconf 79' lang='lat' dir='ltr'><strong>cognata,</strong></span> 
     </span>
    </p>
   </div>
   <div class='ocr_carea' id='block_1_88' title="bbox 477 5149 2063 5228">
    <p class='ocr_par' dir='ltr' id='par_1_88' title="bbox 477 5149 2063 5228">
     <span class='ocr_line' id='line_1_89' title="bbox 477 5149 2063 5228; baseline -0.006 -16"><span class='ocrx_word' id='word_1_702' title='bbox 477 5174 576 5228; x_wconf 84' lang='lat' dir='ltr'><strong>per</strong></span> <span class='ocrx_word' id='word_1_703' title='bbox 603 5169 910 5227; x_wconf 82' lang='lat' dir='ltr'><strong>opportuna</strong></span> <span class='ocrx_word' id='word_1_704' title='bbox 943 5159 1047 5212; x_wconf 90' lang='lat' dir='ltr'><strong>sibi</strong></span> <span class='ocrx_word' id='word_1_705' title='bbox 1079 5154 1328 5212; x_wconf 81' lang='lat' dir='ltr'><strong>habentia</strong></span> <span class='ocrx_word' id='word_1_706' title='bbox 1355 5149 1660 5206; x_wconf 75' lang='lat' dir='ltr'><strong>admittitur</strong></span> <span class='ocrx_word' id='word_1_707' title='bbox 1695 5150 1950 5217; x_wconf 87' lang='lat' dir='ltr'><strong>primum,</strong></span> <span class='ocrx_word' id='word_1_708' title='bbox 1979 5157 2063 5202; x_wconf 46' lang='lat' dir='ltr'><strong>utd</strong></span> 
     </span>
    </p>
   </div>
   <div class='ocr_carea' id='block_1_89' title="bbox 2155 4591 3734 4665">
    <p class='ocr_par' dir='ltr' id='par_1_89' title="bbox 2155 4591 3734 4665">
     <span class='ocr_line' id='line_1_90' title="bbox 2155 4591 3734 4665; baseline -0.004 -14"><span class='ocrx_word' id='word_1_709' title='bbox 2155 4597 2322 4652; x_wconf 74' lang='lat' dir='ltr'><strong>fuisse</strong></span> <span class='ocrx_word' id='word_1_710' title='bbox 2349 4595 2595 4665; x_wconf 75' lang='lat' dir='ltr'><strong>theologo</strong></span> <span class='ocrx_word' id='word_1_711' title='bbox 2633 4609 2736 4663; x_wconf 86' lang='lat' dir='ltr'><strong>per</strong></span> <span class='ocrx_word' id='word_1_712' title='bbox 2777 4609 2940 4647; x_wconf 67' lang='lat' dir='ltr'><strong>unum:</strong></span> <span class='ocrx_word' id='word_1_713' title='bbox 2989 4591 3372 4664; x_wconf 71' lang='lat' dir='ltr'><strong>imperantium</strong></span> <span class='ocrx_word' id='word_1_714' title='bbox 3413 4592 3570 4648; x_wconf 86' lang='lat' dir='ltr'><strong>nobis</strong></span> <span class='ocrx_word' id='word_1_715' title='bbox 3609 4606 3734 4646; x_wconf 87' lang='lat' dir='ltr'><strong>san-</strong></span> 
     </span>
    </p>
   </div>
   <div class='ocr_carea' id='block_1_90' title="bbox 2153 4683 3735 4755">
    <p class='ocr_par' dir='ltr' id='par_1_90' title="bbox 2153 4683 3735 4755">
     <span class='ocr_line' id='line_1_91' title="bbox 2153 4683 3735 4755; baseline -0.003 -13"><span class='ocrx_word' id='word_1_716' title='bbox 2153 4699 2366 4742; x_wconf 88' lang='lat' dir='ltr'><strong>ctormn</strong></span> <span class='ocrx_word' id='word_1_717' title='bbox 2394 4695 2448 4740; x_wconf 88' lang='lat' dir='ltr'><strong>et</strong></span> <span class='ocrx_word' id='word_1_718' title='bbox 2475 4688 2752 4740; x_wconf 86' lang='lat' dir='ltr'><strong>beatorum</strong></span> <span class='ocrx_word' id='word_1_719' title='bbox 2785 4685 3134 4755; x_wconf 78' lang='lat' dir='ltr'><strong>angelorum,</strong></span> <span class='ocrx_word' id='word_1_720' title='bbox 3157 4693 3214 4739; x_wconf 88' lang='lat' dir='ltr'><strong>et</strong></span> <span class='ocrx_word' id='word_1_721' title='bbox 3255 4693 3382 4740; x_wconf 84' lang='lat' dir='ltr'><strong>ante</strong></span> <span class='ocrx_word' id='word_1_722' title='bbox 3423 4683 3735 4742; x_wconf 88' lang='lat' dir='ltr'><strong>illuminati-</strong></span> 
     </span>
    </p>
   </div>
   <div class='ocr_carea' id='block_1_91' title="bbox 2161 4777 3729 4851">
    <p class='ocr_par' dir='ltr' id='par_1_91' title="bbox 2161 4777 3729 4851">
     <span class='ocr_line' id='line_1_92' title="bbox 2161 4777 3729 4851; baseline -0.006 -14"><span class='ocrx_word' id='word_1_723' title='bbox 2161 4799 2280 4837; x_wconf 81' lang='lat' dir='ltr'><strong>t&#39;ant</strong></span> <span class='ocrx_word' id='word_1_724' title='bbox 2323 4782 2488 4851; x_wconf 87' lang='lat' dir='ltr'><strong>ipsius</strong></span> <span class='ocrx_word' id='word_1_725' title='bbox 2531 4779 3002 4840; x_wconf 79' lang='lat' dir='ltr'><strong>ntanutlut&#39;tionetn</strong></span> <span class='ocrx_word' id='word_1_726' title='bbox 3042 4777 3096 4832; x_wconf 83' lang='lat' dir='ltr'><strong>in</strong></span> <span class='ocrx_word' id='word_1_727' title='bbox 3137 4777 3280 4831; x_wconf 83' lang='lat' dir='ltr'><strong>illam</strong></span> <span class='ocrx_word' id='word_1_728' title='bbox 3325 4786 3566 4838; x_wconf 74' lang='lat' dir='ltr'><strong>sanctam</strong></span> <span class='ocrx_word' id='word_1_729' title='bbox 3608 4790 3729 4832; x_wconf 82' lang='lat' dir='ltr'><strong>con-</strong></span> 
     </span>
    </p>
   </div>
   <div class='ocr_carea' id='block_1_92' title="bbox 2161 4864 3736 4944">
    <p class='ocr_par' dir='ltr' id='par_1_92' title="bbox 2161 4864 3736 4944">
     <span class='ocr_line' id='line_1_93' title="bbox 2161 4864 3736 4944; baseline -0.006 -14"><span class='ocrx_word' id='word_1_730' title='bbox 2161 4873 2568 4944; x_wconf 86' lang='lat' dir='ltr'><strong>templationem</strong></span> <span class='ocrx_word' id='word_1_731' title='bbox 2607 4871 2929 4939; x_wconf 76' lang='lat' dir='ltr'><strong>reposuisse.</strong></span> <span class='ocrx_word' id='word_1_732' title='bbox 2973 4868 3040 4924; x_wconf 87' lang='lat' dir='ltr'><strong>Et</strong></span> <span class='ocrx_word' id='word_1_733' title='bbox 3077 4869 3268 4926; x_wconf 79' lang='lat' dir='ltr'><strong>sedere</strong></span> <span class='ocrx_word' id='word_1_734' title='bbox 3311 4867 3444 4920; x_wconf 88' lang='lat' dir='ltr'><strong>vidit</strong></span> <span class='ocrx_word' id='word_1_735' title='bbox 3481 4864 3736 4932; x_wconf 71' lang='lat' dir='ltr'><strong>excelsis-</strong></span> 
     </span>
    </p>
   </div>
   <div class='ocr_carea' id='block_1_93' title="bbox 2161 4955 3734 5029">
    <p class='ocr_par' dir='ltr' id='par_1_93' title="bbox 2161 4955 3734 5029">
     <span class='ocr_line' id='line_1_94' title="bbox 2161 4955 3734 5029; baseline -0.01 -9"><span class='ocrx_word' id='word_1_736' title='bbox 2161 4967 2327 5022; x_wconf 85' lang='lat' dir='ltr'><strong>simas</strong></span> <span class='ocrx_word' id='word_1_737' title='bbox 2373 4962 2672 5025; x_wconf 84' lang='lat' dir='ltr'><strong>essentias,</strong></span> <span class='ocrx_word' id='word_1_738' title='bbox 2715 4969 2978 5029; x_wconf 84' lang='lat' dir='ltr'><strong>quantum</strong></span> <span class='ocrx_word' id='word_1_739' title='bbox 3025 4958 3076 5010; x_wconf 90' lang='lat' dir='ltr'><strong>in</strong></span> <span class='ocrx_word' id='word_1_740' title='bbox 3113 4956 3373 5026; x_wconf 77' lang='lat' dir='ltr'><strong>symbolis</strong></span> <span class='ocrx_word' id='word_1_741' title='bbox 3411 4955 3734 5018; x_wconf 80' lang='lat' dir='ltr'><strong>dicendum,</strong></span> 
     </span>
    </p>
   </div>
   <div class='ocr_carea' id='block_1_94' title="bbox 2161 5043 3738 5127">
    <p class='ocr_par' dir='ltr' id='par_1_94' title="bbox 2161 5043 3738 5127">
     <span class='ocr_line' id='line_1_95' title="bbox 2161 5043 3738 5127; baseline -0.01 -16"><span class='ocrx_word' id='word_1_742' title='bbox 2161 5065 2284 5127; x_wconf 86' lang='lat' dir='ltr'><strong>post</strong></span> <span class='ocrx_word' id='word_1_743' title='bbox 2311 5053 2508 5112; x_wconf 82' lang='lat' dir='ltr'><strong>Deum,</strong></span> <span class='ocrx_word' id='word_1_744' title='bbox 2535 5064 2592 5106; x_wconf 79' lang='lat' dir='ltr'><strong>et</strong></span> <span class='ocrx_word' id='word_1_745' title='bbox 2619 5051 2762 5108; x_wconf 81' lang='lat' dir='ltr'><strong>circa</strong></span> <span class='ocrx_word' id='word_1_746' title='bbox 2803 5050 2970 5104; x_wconf 83' lang='lat' dir='ltr'><strong>Deum</strong></span> <span class='ocrx_word' id='word_1_747' title='bbox 3005 5044 3328 5108; x_wconf 80' lang='lat' dir='ltr'><strong>collocatas,</strong></span> <span class='ocrx_word' id='word_1_748' title='bbox 3373 5043 3738 5114; x_wconf 83' lang='lat' dir='ltr'><strong>superpriuci-</strong></span> 
     </span>
    </p>
   </div>
   <div class='ocr_carea' id='block_1_95' title="bbox 2161 5129 3737 5216">
    <p class='ocr_par' dir='ltr' id='par_1_95' title="bbox 2161 5129 3737 5216">
     <span class='ocr_line' id='line_1_96' title="bbox 2161 5129 3737 5216; baseline -0.01 -18"><span class='ocrx_word' id='word_1_749' title='bbox 2161 5145 2337 5216; x_wconf 73' lang='lat' dir='ltr'><strong>patent</strong></span> <span class='ocrx_word' id='word_1_750' title='bbox 2382 5143 2750 5196; x_wconf 81' lang='lat' dir='ltr'><strong>suunnitatem</strong></span> <span class='ocrx_word' id='word_1_751' title='bbox 2787 5139 2838 5192; x_wconf 88' lang='lat' dir='ltr'><strong>in</strong></span> <span class='ocrx_word' id='word_1_752' title='bbox 2872 5133 3047 5191; x_wconf 89' lang='lat' dir='ltr'><strong>medio</strong></span> <span class='ocrx_word' id='word_1_753' title='bbox 3087 5132 3584 5202; x_wconf 83' lang='lat' dir='ltr'><strong>superlirtnatarum</strong></span> <span class='ocrx_word' id='word_1_754' title='bbox 3631 5129 3737 5182; x_wconf 86' lang='lat' dir='ltr'><strong>vir-</strong></span> 
     </span>
    </p>
   </div>
   <div class='ocr_carea' id='block_1_96' title="bbox 477 5217 3742 5316">
    <p class='ocr_par' dir='ltr' id='par_1_96' title="bbox 477 5217 3742 5316">
     <span class='ocr_line' id='line_1_97' title="bbox 477 5217 3742 5316; baseline -0.009 -15"><span class='ocrx_word' id='word_1_755' title='bbox 477 5217 606 5316; x_wconf 72' lang='lat' dir='ltr'><strong>pote</strong></span> <span class='ocrx_word' id='word_1_756' title='bbox 639 5217 806 5316; x_wconf 65' lang='lat' dir='ltr'><strong>ignita</strong></span> <span class='ocrx_word' id='word_1_757' title='bbox 847 5247 1058 5302; x_wconf 80' lang='lat' dir='ltr'><strong>faciens</strong></span> <span class='ocrx_word' id='word_1_758' title='bbox 1092 5245 1166 5300; x_wconf 84' lang='lat' dir='ltr'><strong>ab</strong></span> <span class='ocrx_word' id='word_1_759' title='bbox 1205 5243 1376 5312; x_wconf 68' lang='lat' dir='ltr'><strong>igneis</strong></span> <span class='ocrx_word' id='word_1_760' title='bbox 1415 5236 1572 5292; x_wconf 82' lang='lat' dir='ltr'><strong>facile</strong></span> <span class='ocrx_word' id='word_1_761' title='bbox 1599 5237 1834 5302; x_wconf 83' lang='lat' dir='ltr'><strong>mobilia,</strong></span> <span class='ocrx_word' id='word_1_762' title='bbox 1885 5247 1941 5294; x_wconf 86' lang='lat' dir='ltr'><strong>et</strong></span> <span class='ocrx_word' id='word_1_763' title='bbox 1968 5253 2066 5307; x_wconf 88' lang='lat' dir='ltr'><strong>per</strong></span> <span class='ocrx_word' id='word_1_764' title='bbox 2164 5245 2336 5294; x_wconf 79' lang='lat' dir='ltr'><strong>tutum</strong></span> <span class='ocrx_word' id='word_1_765' title='bbox 2363 5231 2862 5304; x_wconf 76' lang='lat' dir='ltr'><strong>supercolloeatam.</strong></span> <span class='ocrx_word' id='word_1_766' title='bbox 2899 5225 3096 5282; x_wconf 82' lang='lat' dir='ltr'><strong>Didicit</strong></span> <span class='ocrx_word' id='word_1_767' title='bbox 3117 5237 3249 5292; x_wconf 76' lang='lat' dir='ltr'><strong>ergo</strong></span> <span class='ocrx_word' id='word_1_768' title='bbox 3293 5217 3588 5276; x_wconf 86' lang='lat' dir='ltr'><strong>visionibus</strong></span> <span class='ocrx_word' id='word_1_769' title='bbox 3629 5221 3742 5289; x_wconf 82' lang='lat' dir='ltr'><strong>ipse</strong></span> 
     </span>
    </p>
   </div>
   <div class='ocr_carea' id='block_1_97' title="bbox 1781 5365 2472 5426">
    <p class='ocr_par' dir='ltr' id='par_1_97' title="bbox 1781 5365 2472 5426">
     <span class='ocr_line' id='line_1_98' title="bbox 1781 5365 2472 5426; baseline -0.007 -2"><span class='ocrx_word' id='word_1_770' title='bbox 1781 5367 1868 5426; x_wconf 71' lang='lat' dir='ltr'><strong>VA</strong></span> <span class='ocrx_word' id='word_1_771' title='bbox 1877 5367 2034 5426; x_wconf 72' lang='lat' dir='ltr'><strong>RIAE</strong></span> <span class='ocrx_word' id='word_1_772' title='bbox 2067 5365 2472 5425; x_wconf 79' lang='lat' dir='ltr'><strong>LECTIONES.</strong></span> 
     </span>
    </p>
   </div>
   <div class='ocr_carea' id='block_1_98' title="bbox 552 5463 1896 5546">
    <p class='ocr_par' dir='ltr' id='par_1_98' title="bbox 552 5463 1896 5546">
     <span class='ocr_line' id='line_1_99' title="bbox 552 5463 1896 5546; baseline -0.01 -16"><span class='ocrx_word' id='word_1_773' title='bbox 552 5479 573 5512; x_wconf 78' lang='grc'>⁸</span> <span class='ocrx_word' id='word_1_774' title='bbox 603 5476 670 5532; x_wconf 73' lang='lat' dir='ltr'><strong>A‘</strong></span> <span class='ocrx_word' id='word_1_775' title='bbox 702 5476 1000 5546; x_wconf 74' lang='lat' dir='ltr'><strong>nequivere.</strong></span> <span class='ocrx_word' id='word_1_776' title='bbox 1078 5472 1098 5500; x_wconf 76' lang='lat'><strong><em>‘</em></strong></span> <span class='ocrx_word' id='word_1_777' title='bbox 1129 5470 1170 5523; x_wconf 92' lang='lat' dir='ltr'><strong>ll</strong></span> <span class='ocrx_word' id='word_1_778' title='bbox 1203 5467 1489 5522; x_wconf 63' lang='lat' dir='ltr'><strong>der/arcu.</strong></span> <span class='ocrx_word' id='word_1_779' title='bbox 1571 5463 1592 5492; x_wconf 85' lang='grc'>³</span> <span class='ocrx_word' id='word_1_780' title='bbox 1617 5463 1682 5515; x_wconf 75' lang='grc' dir='ltr'><strong>Λ·</strong></span> <span class='ocrx_word' id='word_1_781' title='bbox 1708 5477 1896 5517; x_wconf 72' lang='lat' dir='ltr'><strong>rerum.</strong></span> 
     </span>
    </p>
   </div>
   <div class='ocr_carea' id='block_1_99' title="bbox 481 5545 866 5600">
    <p class='ocr_par' dir='ltr' id='par_1_99' title="bbox 481 5545 866 5600">
     <span class='ocr_line' id='line_1_100' title="bbox 481 5545 866 5600; baseline -0.008 1"><span class='ocrx_word' id='word_1_782' title='bbox 481 5549 506 5581; x_wconf 71' lang='grc' dir='ltr'><strong>ν</strong></span> <span class='ocrx_word' id='word_1_783' title='bbox 543 5546 630 5600; x_wconf 84' lang='lat' dir='ltr'><strong>AE</strong></span> <span class='ocrx_word' id='word_1_784' title='bbox 657 5547 725 5600; x_wconf 86' lang='lat' dir='ltr'><strong>ab</strong></span> <span class='ocrx_word' id='word_1_785' title='bbox 746 5545 866 5598; x_wconf 77' lang='lat' dir='ltr'><strong>illa.</strong></span> 
     </span>
    </p>
   </div>
   <div class='ocr_carea' id='block_1_100' title="bbox 1977 5452 3240 5518">
    <p class='ocr_par' dir='ltr' id='par_1_100' title="bbox 1977 5452 3240 5518">
     <span class='ocr_line' id='line_1_101' title="bbox 1977 5452 3240 5518; baseline -0.009 -3"><span class='ocrx_word' id='word_1_786' title='bbox 1977 5463 1994 5493; x_wconf 67' lang='grc'>³</span> <span class='ocrx_word' id='word_1_787' title='bbox 2023 5459 2115 5516; x_wconf 85' lang='lat' dir='ltr'><strong>EH</strong></span> <span class='ocrx_word' id='word_1_788' title='bbox 2135 5471 2210 5516; x_wconf 78' lang='lat' dir='ltr'><strong>at.</strong></span> <span class='ocrx_word' id='word_1_789' title='bbox 2255 5475 2262 5484; x_wconf 75' lang='lat'><em>‘</em></span> <span class='ocrx_word' id='word_1_790' title='bbox 2292 5459 2311 5498; x_wconf 85' lang='lat'><strong>&#39;-</strong></span> <span class='ocrx_word' id='word_1_791' title='bbox 2334 5457 2540 5512; x_wconf 75' lang='lat' dir='ltr'><strong>A‘Hae</strong></span> <span class='ocrx_word' id='word_1_792' title='bbox 2588 5457 2800 5518; x_wconf 76' lang='lat' dir='ltr'><strong>etenim,</strong></span> <span class='ocrx_word' id='word_1_793' title='bbox 2829 5455 2870 5506; x_wconf 78' lang='grc' dir='ltr'>Ε</span> <span class='ocrx_word' id='word_1_794' title='bbox 2925 5453 3030 5506; x_wconf 75' lang='lat' dir='ltr'><strong>Eae</strong></span> <span class='ocrx_word' id='word_1_795' title='bbox 3077 5452 3240 5506; x_wconf 82' lang='lat' dir='ltr'><strong>enim.</strong></span> 
     </span>
    </p>
   </div>
   <div class='ocr_carea' id='block_1_101' title="bbox 3320 5449 3734 5506">
    <p class='ocr_par' dir='ltr' id='par_1_101' title="bbox 3320 5449 3734 5506">
     <span class='ocr_line' id='line_1_102' title="bbox 3320 5449 3734 5506; baseline -0.005 -4"><span class='ocrx_word' id='word_1_796' title='bbox 3320 5452 3339 5482; x_wconf 80' lang='grc'>⁸</span> <span class='ocrx_word' id='word_1_797' title='bbox 3365 5451 3403 5502; x_wconf 86' lang='lat'><strong>.\</strong></span> <span class='ocrx_word' id='word_1_798' title='bbox 3414 5449 3500 5502; x_wconf 84' lang='grc' dir='ltr'><strong>ΕΗ</strong></span> <span class='ocrx_word' id='word_1_799' title='bbox 3533 5449 3734 5506; x_wconf 70' lang='lat' dir='ltr'><strong>habent.</strong></span> 
     </span>
    </p>
   </div>
   <div class='ocr_carea' id='block_1_102' title="bbox 2023 5599 2268 5658">
    <p class='ocr_par' dir='ltr' id='par_1_102' title="bbox 2023 5599 2268 5658">
     <span class='ocr_line' id='line_1_103' title="bbox 2023 5599 2268 5658; baseline -0.008 -3"><span class='ocrx_word' id='word_1_800' title='bbox 2023 5599 2197 5658; x_wconf 72' lang='grc' dir='ltr'><strong>ΝΟΤΑ</strong></span> <span class='ocrx_word' id='word_1_801' title='bbox 2211 5601 2268 5654; x_wconf 73' lang='grc' dir='ltr'><strong>Ε.</strong></span> 
     </span>
    </p>
   </div>
   <div class='ocr_carea' id='block_1_103' title="bbox 555 5707 838 5764">
    <p class='ocr_par' dir='ltr' id='par_1_103' title="bbox 555 5707 838 5764">
     <span class='ocr_line' id='line_1_104' title="bbox 555 5707 838 5764; baseline -0.004 -1"><span class='ocrx_word' id='word_1_802' title='bbox 555 5723 582 5748; x_wconf 75' lang='grc' dir='ltr'>ι</span> <span class='ocrx_word' id='word_1_803' title='bbox 611 5711 715 5763; x_wconf 81' lang='lat' dir='ltr'><strong>lsn.</strong></span> <span class='ocrx_word' id='word_1_804' title='bbox 750 5707 838 5764; x_wconf 68' lang='lat' dir='ltr'><strong>Vl.</strong></span> 
     </span>
    </p>
   </div>
   <div class='ocr_carea' id='block_1_104' title="bbox 2256 5689 2518 5742">
    <p class='ocr_par' dir='ltr' id='par_1_104' title="bbox 2256 5689 2518 5742">
     <span class='ocr_line' id='line_1_105' title="bbox 2256 5689 2518 5742; baseline -0.015 0"><span class='ocrx_word' id='word_1_805' title='bbox 2256 5695 2278 5730; x_wconf 79' lang='grc'><strong>1-</strong></span> <span class='ocrx_word' id='word_1_806' title='bbox 2301 5690 2401 5742; x_wconf 68' lang='lat' dir='ltr'><strong>lsa.</strong></span> <span class='ocrx_word' id='word_1_807' title='bbox 2437 5689 2518 5740; x_wconf 52' lang='lat' dir='ltr'><strong>\‘l.</strong></span> 
     </span>
    </p>
   </div>
  </div>
