4168 6284
1004 315 1014 327 ⁸
1060 278 1100 309 4

443 316 581 373 illo?»

1831 302 1949 362 1οᾹ
1960 306 2113 361 ΝΝΙΒ
2151 304 2346 361 SCOTI

3578 307 3721 365 ιθιει

443 432 725 501 theologus
746 472 758 493 .
792 430 915 500 quia
944 427 1097 497 juxta
1128 439 1343 480 omnem
1385 408 1895 494 superessentialem
1936 436 2025 475 su-
2053 420 2099 481 Α
2130 419 2249 488 pio,
2282 421 2421 474 sicut
2446 419 2740 473 secundum
2772 431 2870 471 nos
2895 431 3140 471 sunnnus
3163 417 3415 471 sacerdos
3439 433 3536 485 per
3582 434 3717 474 suos

438 521 889 597 peremincntiam
917 518 1163 585 incompa
1175 514 1416 567 rabiliter
1431 510 1915 582 supercollocatum
1941 517 2025 563 est

438 619 680 673 divinum
736 611 894 667 simul
925 608 1072 663 omni
1110 606 1303 661 visihili
1360 604 1724 674 invisibilique
1781 602 2022 662 virtute;

440 709 613 779 atqui,
649 705 773 776 quia
806 700 1046 779 omnium
1070 706 1153 753 est
1187 696 1692 758 remotissimorum,
1724 700 1783 745 ut
1812 693 2025 745 univer-

439 800 584 858 sale.
637 808 812 863 neque
860 792 1051 862 primis
1100 805 1318 850 eormn,
1372 800 1509 853 quae
1562 793 1720 846 sunt,
1774 781 2028 837 essentiis

432 890 633 945 sinrilc.
672 886 860 941 Adhuc
892 890 946 935 et
973 881 1212 935 omnium
1256 878 1424 944 ipsum
1460 873 1781 944 principium
1811 880 1865 925 et
1894 887 2024 925 cau-

442 994 564 1034 sam
596 970 1028 1030 subetantilicam
1058 984 1208 1029 esse,
1239 981 1293 1020 ct
1321 980 1507 1017 cut-tun
1530 1004 1543 1027 ,
1573 977 1713 1032 (plac
1754 973 1904 1020 sunt.
1940 975 2029 1013 se-

434 1077 588 1123 creta
618 1062 995 1133 singu‘aritate.
1018 1054 1356 1112 innnutabile
1378 1053 1889 1115 fundamentum,“
1916 1064 2027 1118 quo

440 1167 649 1212 etesse
675 1194 688 1218 ,
717 1164 772 1208 et
803 1154 936 1207 bene
965 1163 1118 1211 esse,
1160 1147 1322 1201 etiam
1357 1140 1486 1216 ipsis
1513 1158 1726 1197 summe
1755 1139 1979 1194 munitis
2008 1140 2022 1169 ⁸

440 1260 526 1308 est
553 1248 863 1305 virtutibus.
891 1243 1095 1299 Deinde
1119 1240 1336 1295 easdem
1364 1236 1828 1292 sanctissimornm
1862 1231 2025 1286 Sera-

442 1343 594 1415 pbim
627 1340 851 1395 edoctus
876 1344 962 1390 est
990 1331 1277 1389 deiformes
1304 1331 1533 1383 virtutes
1552 1368 1566 1391 ,
1612 1340 1765 1381 sacra
1805 1322 2022 1395 quidem

442 1436 686 1506 ipsorum
714 1426 1182 1499 cognominatiotie
1207 1421 1401 1491 ,-quod
1417 1430 1499 1474 est
1522 1418 1786 1490 ignitum,
1823 1417 1887 1469 de
1917 1429 2027 1482 quo

440 1505 604 1596 paulo
629 1531 751 1594 post
790 1535 897 1575 nos
920 1518 1191 1579 dicemus,
1237 1522 1494 1582 quantum
1529 1509 1694 1563 nobis
1733 1505 2022 1580 possibile,

439 1613 890 1671 subintroducere
912 1608 964 1663 in
991 1604 1250 1661 deiformc
1277 1603 1475 1672 ignitae
1497 1600 1711 1653 virtutis
1731 1612 2017 1668 anagogas.

436 1708 664 1762 Marum
694 1717 822 1757 vero
850 1713 1088 1768 expansa
1114 1710 1267 1750 sacra
1299 1692 1621 1747 formatione
1649 1691 1701 1743 in
1745 1689 1982 1743 divinum
2005 1729 2019 1753 ,

2130 508 2410 563 ministros
2454 517 2548 561 aut
2592 507 2904 562 sacerdotes
2951 522 3190 576 purgans
3222 518 3316 562 aut
3362 507 3715 574 illamiuaus,

2128 604 2243 671 ipse
2268 603 2467 657 dicitur
2495 618 2726 671 purgare
2751 612 2806 656 et
2833 600 3172 662 illuminare,
3223 615 3318 668 per
3363 602 3538 668 ipsum
3584 618 3711 670 pur—

2128 693 2267 764 gatis
2292 692 2605 754 ordinibus,
2639 706 2737 760 per
2775 705 2834 746 se
2879 690 2929 743 in
2961 690 3133 759 ipsum
3180 688 3565 757 reperientibus
3589 704 3717 758 pro-

2128 786 2275 853 prias
2304 796 2490 837 sacras
2517 781 2865 851 operationcs
2891 798 2915 845 ε,
2949 780 3029 834 sic
3064 787 3120 833 et
3158 780 3438 848 proprium
3474 781 3717 851 purgati-

2128 891 2248 929 vam
2273 876 2555 930 scientiam
2596 882 2652 928 et
2697 873 2954 927 virtutem
3007 873 3123 941 ipse
3152 872 3529 943 purgationem
3562 874 3717 927 theo-

2129 967 2232 1036 logi
2292 967 2581 1038 perireicns
2631 965 2885 1035 angelus,
2947 965 3000 1019 in
3052 964 3221 1019 Deum
3275 965 3495 1033 quidem
3551 966 3713 1019 veluti

2128 1056 2438 1123 causalem,
2495 1058 2689 1112 deinde
2738 1057 2791 1111 iu
2846 1057 3019 1125 ipsum
3075 1055 3397 1125 Seraphim,
3457 1065 3713 1125 tanquam

2128 1150 2302 1217 primo
2328 1158 2573 1218 agentem
2605 1162 2875 1200 sumntum
2909 1148 3276 1209 sacerdotem,
3302 1147 3549 1216 reponit;
3603 1148 3713 1201 vel-

2128 1241 2205 1295 uti
2229 1241 2476 1295 fortassis
2521 1240 2644 1309 quis
2688 1238 2910 1303 dixerit,
2956 1234 3077 1293 cum
3122 1238 3364 1308 angelica
3410 1241 3714 1294 reverentia

2125 1340 2417 1403 purgatum
2456 1332 2694 1385 edocens
2714 1370 2729 1392 ,
2759 1330 2886 1398 quia
2918 1329 2971 1383 in
3003 1339 3055 1383 te
3084 1338 3212 1382 ante
3240 1344 3329 1383 me
3356 1328 3715 1398 perﬁciendae

2127 1422 2470 1495 purgationis
2517 1421 2847 1490 principium
2895 1420 3111 1490 quidem
3158 1428 3243 1476 est
3291 1420 3601 1487 excelsum,
3659 1432 3716 1476 et

2125 1515 2357 1570 essentia
2378 1555 2393 1578 ,
2421 1523 2475 1567 et
2502 1511 2755 1577 Creator,
2787 1520 2843 1566 et
2875 1511 3139 1577 causalis,
3180 1512 3493 1581 primasque
3532 1528 3717 1567 essen.

2129 1608 2229 1661 tias
2258 1607 2324 1660 ad
2351 1620 2470 1660 esse
2499 1606 2796 1669 adducens,
2825 1615 2880 1660 et
2903 1606 3048 1660 circa
3077 1620 3136 1659 sc
3155 1606 3513 1660 collocatione
3541 1607 3714 1660 comi-

2132 1712 2287 1762 nens,
2310 1709 2362 1751 et
2390 1699 2687 1751 observans
2729 1695 3175 1769 inc‘onversibiles
3198 1705 3251 1749 et
3280 1711 3412 1750 casu
3445 1704 3712 1758 carentes,

432 1794 766 1866 inprimis,
820 1791 872 1845 in
915 1788 1139 1851 mediis,
1183 1786 1236 1839 in
1282 1783 1483 1837 ultimis
1526 1780 1883 1835 intellectibus
1928 1778 2023 1831 ab-
2056 1766 2186 1844 Βρι
2235 1790 2474 1858 ερῑιιειηη
2517 1803 2741 1843 movens
2788 1766 2841 1841 in
2885 1786 3089 1856 primas
3133 1786 3481 1856 propriarum
3531 1786 3709 1854 prmi-

439 1888 672 1944 solutam
711 1893 765 1937 et
802 1880 1123 1935 altissimam
1165 1875 1560 1931 extensionem.
1604 1871 1710 1926 Sed
1746 1880 1801 1925 et
1828 1885 2025 1923 eorum
2056 1903 2063 1909 -

438 1976 760 2034 multificum
789 1981 845 2030 et
874 1968 1208 2027 multiforme
1234 1966 1422 2020 videns
1462 1961 1843 2017 intellectualis
1872 1961 2027 2014 theo-

412 2073 622 2142 .logus,
664 2076 720 2122 et
760 2064 860 2119 alis
903 2058 1161 2131 distingui
1191 2072 1310 2113 eam
1351 2056 1542 2112 subtus
1582 2057 1780 2125 pedes,
1826 2060 1881 2106 et
1906 2065 2023 2106 eam

404 2162 629 2218 -~subtus
656 2157 819 2213 facies
846 2154 1104 2208 visionem
1127 2189 1142 2216 ,
1169 2157 1224 2204 et
1258 2161 1383 2202 eum
1413 2145 1466 2199 in
1512 2144 1702 2199 mediis
1741 2142 1841 2196 alis
1884 2155 2026 2195 sem-

435 2265 540 2322 per
567 2256 770 2304 motum
790 2278 813 2307 ,λ
831 2242 897 2298 ad
930 2238 1253 2296 invisibilem
1294 2249 1480 2291 eorum
1500 2274 1515 2300 ,
1554 2247 1691 2303 quae
1732 2231 1845 2285 visa
1874 2239 2022 2292 sunt,

443 2318 661 2408 abripsa
694 2335 947 2391 reductus
985 2337 1070 2385 est
1107 2325 1426 2388 scientiam,
1470 2321 1813 2378 manifestata
1855 2319 1904 2372 ei
1945 2318 2025 2370 al.

446 2421 1174 2486 tissimorum'intellectuum
1209 2415 1450 2470 multivia
1498 2422 1555 2467 et
1592 2411 1867 2466 multivida
1908 2410 2020 2463 vir-

416 2530 597 2575 ~tute:
630 2523 686 2571 et
709 2527 896 2569 eorum
932 2523 1085 2566 sacra
1124 2504 1448 2569 formidine,
1494 2518 1656 2573 quam
1701 2502 1901 2555 habent
1941 2515 2027 2553 su-

440 2607 811 2682 permundane
838 2603 892 2659 in
924 2580 1174 2657 altiordm
1204 2606 1253 2653 et
1295 2597 1601 2669 graviorum
1641 2590 1929 2663 superbam
1969 2596 2025 2643 et

431 2697 700 2754 audacem
727 2703 783 2749 et
809 2687 1194 2763 impossibilem
1226 2686 1654 2742 scrutationem:
1688 2692 1743 2736 et
1783 2681 1836 2735 in
1876 2694 2022 2735 cout-

432 2784 843 2843 memoratione
868 2782 1036 2837 Deum
1058 2777 1382 2834 imitantium
1404 2766 2022 2829 actionum‘incessabile

400 2884 499 2930 aet
521 2868 1334 2943 aitivolum‘semperwmotionis.
1362 2864 1554 2918 Sed-et
1584 2862 1741 2915 illam
1784 2859 2021 2913 divinam

434 2976 491 3023 et
520 2965 744 3021 multum
789 2963 1086 3034 preciusam
1117 2955 1462 3028 hymnodiam
1491 2952 1735 3008 eruditus
1760 2958 1876 3016 est,
1912 2943 2021 3003 for-

438 3066 622 3113 mante
689 3054 950 3109 visionem
1006 3050 1195 3121 angelo
1248 3048 1545 3103 secundum
1588 3045 1858 3097 Ivirtutem
1917 3043 2014 3111 ipsi

436 3147 722 3219 thwlogo,
766 3153 822 3199 et
864 3143 1113 3199 tradente
1160 3139 1431 3210 propriam
1459 3151 1675 3192 sacram
1709 3134 2010 3190 scientiam.

434 3238 629 3295 Docuit
657 3251 785 3307 ergo
814 3251 936 3290 eum
967 3242 1022 3289 et
1050 3233 1174 3297 hoc,
1200 3232 1324 3300 quia
1358 3229 1704 3301 purgatioest
1735 3235 2019 3296 quantum—

426 3342 651 3398 .cunqne
682 3326 922 3397 purgatis
960 3324 1073 3393 ipsa
1122 3322 1336 3377 divinae
1381 3319 1647 3374 claritatis
1674 3316 2016 3386 incognitae,

417 3426 700 3490 quantum
752 3413 1048 3486 possibile,
1102 3408 1467 3481 participatio.
1522 3407 1667 3462 Haec
1716 3415 1895 3461 autem
1948 3418 2013 3456 ex

416 3509 608 3579 ipsius
637 3504 935 3558 divinitatis
965 3501 1189 3555 remotis
1217 3499 1429 3560 causis,
1462 3509 1567 3565 qua
1607 3508 1796 3549 omnes
1834 3506 2017 3547 sacros

413 3594 744 3653 intellectus
771 3586 1294 3659 superessentialitrr
1314 3584 1672 3638 occultatione
1699 3580 2016 3652 perficiens,

434 3681 715 3739 altissimis
740 3679 887 3733 circa
918 3692 977 3731 se
1008 3674 1300 3728 virtutibus
1350 3672 1689 3726 manifestior
1748 3670 2019 3740 quomodo

418 3782 556 3838 .eat,
580 3780 636 3827 et
665 3767 838 3838 magis
886 3765 1231 3835 scmelipsam
1275 3760 1584 3817 manifestat
1623 3769 1681 3816 et
1723 3760 2047 3814 distribuit..

424 3862 643 3920 Deinde
664 3877 729 3917 ex
760 3857 1013 3915 secundis
1051 3865 1145 3910 aut
1189 3854 1525 3919 novissimis,
1568 3862 1662 3908 aut
1697 3853 1898 3908 nostris
1938 3852 2018 3907 in-

416 3953 833 4013 ullectualibus
862 3951 1181 4013 virtutibus,
1216 3956 1476 4019 quantum
1507 3947 1576 4001 ab
1606 3946 1719 4016 ipsa
1751 3959 2047 4014 nnaquae»

420 4062 544 4119 que
581 4046 878 4103 secundum
941 4041 1202 4098 deife’rme
1257 4040 1469 4103 extitit,
1524 4038 1603 4094 sic
1673 4037 2041 4092 manifestam.

433 4152 588 4194 suam
618 4132 1065 4191 illuminationem
1096 4130 1345 4186 cenducit
1391 4128 1477 4183 ad'
1502 4128 1750 4199 propriae
1787 4128 2019 4182 occulta-

418 4228 602 4284 .tionis
630 4225 956 4281 laddandum
989 4222 1254 4292 ignotum.
1274 4220 1451 4275 Lucet
1476 4229 1654 4274 autem
1679 4234 1779 4288 per
1805 4218 2013 4289 singula

433 4322 684 4378 secundis
708 4335 804 4391 per
827 4320 1020 4390 prima,
1040 4324 1095 4372 et
1115 4317 1160 4372 si
1189 4325 1404 4387 oportet
1422 4315 1660 4370 breviter
1681 4314 1885 4378 dicere,
1910 4314 2014 4383 pri-

432 4429 526 4470 mo
544 4428 613 4468 ex
629 4413 845 4467 occulto
865 4412 931 4465 ad
954 4396 1300 4465 manifestum
1327 4409 1539 4463 ducitur
1564 4423 1662 4477 per
1685 4407 1887 4476 primas
1912 4406 2015 4458 vir-

432 4516 593 4561 tutes.
639 4504 759 4559 Hoc
794 4516 925 4571 ergo
970 4502 1247 4569 theologus
1276 4501 1462 4555 didicit
1491 4473 1760 4555 ett—lucem
1784 4498 2013 4551 ducente
2046 4473 2090 4532 θ

418 4611 558 4650 eum
587 4593 807 4663 angelo,
828 4592 938 4644 hoc
965 4599 1047 4643 est
1065 4629 1080 4654 ,
1109 4591 1479 4660 purgationem
1508 4600 1562 4643 et
1587 4604 1776 4642 omnes
1803 4588 2013 4642 divinas

428 4684 778 4754 operationes
798 4695 893 4751 per
914 4682 1117 4750 primas
1139 4682 1402 4734 essentias
1425 4681 1724 4735 reducentes
1748 4681 1799 4735 in
1825 4695 2013 4735 omnes
2036 4694 2037 4697 ‘

424 4775 674 4844 reliquas
722 4771 966 4826 distribui
1009 4770 1305 4824 secundum
1337 4771 1756 4843 uniuscujusque
1785 4774 1852 4828 ad
1894 4775 2031 4828 dei—‘

432 4865 567 4920 licas
611 4858 1062 4931 participationes
1109 4856 1432 4928 analogiam.
1488 4857 1713 4929 PrOpter
1766 4862 1908 4930 quod
1952 4872 2015 4916 et

436 4954 607 5025 ignite
636 4959 971 5022 purganvam
1000 4947 1384 5018 proprietatem
1409 4948 1540 5017 ipsis
1564 4948 1849 5020 Seraphim
1873 4962 2035 5005 cou-'

434 5050 726 5112 sequenter
753 5042 872 5108 post
899 5039 1065 5093 Deum
1096 5039 1354 5107 reposuit.
1386 5037 1525 5094 Nihil
1566 5054 1702 5109 ergo
1744 5041 2015 5095 inordina-

424 5143 582 5199 tum,
612 5132 655 5187 si
680 5145 913 5204 purgare
977 5132 1177 5186 dicitur
1218 5130 1522 5202 theologum
1573 5132 1875 5202 Seraphim.
1922 5131 2013 5186 Sic

432 5225 579 5277 enim
610 5223 748 5278 Deus
777 5230 969 5293 purgat
988 5236 1206 5286 omnes,
1233 5237 1462 5290 quorum
1494 5222 1655 5277 totius
1681 5222 2014 5291 purgationis

426 5325 518 5368 est
543 5328 727 5368 causa.
754 5313 918 5383 Magis
937 5322 1140 5378 autem,
1161 5310 1405 5380 proxime
1427 5312 1568 5365 enim
1594 5320 1806 5366 utemur
1826 5327 2010 5365 exent-

2129 1878 2321 1933 darum
2352 1878 2732 1948 opmationnm
2764 1876 3222 1946 participatioues.
3252 1874 3368 1930 Hoc
3396 1876 3541 1930 enim
3582 1877 3712 1930 haec

2129 1986 2214 2023 me
2241 1970 2441 2024 docens
2479 1970 2553 2023 ait
2597 1969 2765 2038 ipsius
2792 1967 3076 2037 Serapltim
3104 1966 3462 2022 manifestare
3489 1969 3701 2022 missio-

2127 2061 2315 2115 nem".
2353 2059 2610 2113 Summus
2642 2068 2824 2113 autem
2851 2057 3108 2113 sacerdos
3144 2068 3202 2111 et
3231 2067 3354 2126 post
3384 2058 3547 2112 Deum
3573 2058 3708 2119 dux,

2128 2154 2246 2223 ipse
2276 2152 2667 2223 praestantium
2698 2150 3061 2206 essentiarmn
3092 2158 3352 2211 ornatus,
3393 2164 3422 2201 a
3462 2163 3568 2218 quo
3605 2162 3713 2215 ego

2127 2257 2359 2313 purgare
2401 2237 3015 2295 deiformiterernditus
3062 2252 3207 2298 sunt,
3248 2238 3359 2306 ipse
3406 2237 3564 2304 igitur
3608 2243 3695 2289 est
3730 2268 3739 2273 ι

2126 2350 2226 2406 per
2275 2349 2359 2388 me
2402 2344 2455 2387 te
2503 2346 2774 2403 purgans,
2819 2344 2915 2401 per
2958 2345 3118 2399 quem
3162 2329 3413 2400 proprias
3453 2327 3711 2397 providae

2127 2425 2369 2478 actiones
2394 2437 2460 2477 ex
2506 2422 2719 2477 occulto
2746 2431 2800 2474 et
2843 2420 2895 2474 in
2932 2435 3038 2474 nos
3074 2419 3329 2489 produxit
3377 2420 3492 2487 ipsa
3539 2417 3711 2471 totius

2126 2529 2287 2569 causa
2317 2523 2373 2567 et
2399 2512 2577 2583 Opifex
2605 2512 2961 2582 purgzm'rmie.
2995 2511 3137 2565 Haec
3164 2510 3385 2580 quidem
3413 2509 3504 2563 ille
3525 2508 3713 2563 docuit

2126 2618 2244 2668 me,
2277 2603 2370 2657 tibi
2403 2611 2586 2657 autem
2611 2616 2714 2672 ego
2747 2600 2920 2654 trado.
2965 2599 3078 2653 ’l‘na
3122 2608 3301 2652 autem
3347 2597 3711 2652 concesserim

2125 2693 2473 2748 intellectuali
2502 2701 2558 2746 et
2587 2690 2875 2746 discretim
2901 2690 3128 2744 scientia
3155 2730 3170 2753 ,
3201 2698 3296 2743 aut
3322 2689 3550 2742 alteram
3580 2702 3705 2758 par-

2126 2793 2234 2838 tem
2264 2785 2529 2838 dictarum
2558 2796 2843 2836 causarum
2871 2780 3075 2835 absolvi
3107 2779 3469 2841 dubitatione,
3492 2786 3555 2831 et
3580 2792 3706 2831 cano

2122 2874 2244 2929 dcm
2298 2874 2568 2927 honorare
2616 2879 2742 2926 ante
2798 2871 3043 2933 alteram,
3074 2879 3330 2940 tauquam
3372 2882 3712 2939 consequens

2121 2974 2177 3020 et
2223 2962 2546 3018 rationabile
2595 2970 2651 3016 et
2703 2976 2874 3030 aeque
2924 2975 3112 3015 verum
3156 2959 3496 3024 habentem;
3546 2965 3639 3011 aut
3677 2972 3709 3010 a

2124 3065 2175 3110 te
2203 3056 2354 3124 ipso,
2384 3054 2528 3125 quod
2563 3067 2690 3107 vere
2723 3052 2845 3108 veri
2879 3051 3146 3116 vicinius,
3193 3051 3459 3115 invenire,
3528 3059 3621 3104 aut
3644 3049 3714 3104 ab

2122 3148 2295 3202 altero
2337 3142 2582 3209 discere,
2615 3144 2727 3199 Deo
2778 3144 3030 3199 videlicet
3053 3144 3252 3205 dame,
3297 3152 3354 3197 ct
3383 3142 3535 3211 prius
3576 3141 3714 3196 reci-

2123 3237 2398 3309 pientibus
2420 3235 2645 3305 angelis,
2670 3243 2725 3289 et
2744 3233 3056 3304 angelorum
3079 3232 3270 3287 amicis
3295 3231 3451 3286 nobis
3472 3230 3714 3286 revelare

2123 3344 2219 3397 per
2242 3326 2359 3396 ejus
2387 3327 2559 3397 magis
2590 3323 2877 3379 amabilem
2903 3322 3441 3392 contemplationem.
3468 3328 3471 3333 ‘

2627 3412 3032 3470 CAPITULUM
3071 3412 3210 3467 XlV.

2230 3508 2375 3575 Quid
2403 3505 2659 3577 signiﬁcet
2704 3506 2726 3536 ⁸
2763 3504 2989 3557 traditus
3023 3501 3292 3571 angelicas
3330 3515 3596 3554 numerus.

2195 3599 2258 3653 Et
2301 3600 2403 3653 hoc
2451 3605 2629 3651 autem
2679 3596 2923 3665 dignum,
2978 3603 3037 3648 ut
3065 3594 3314 3658 aestimo,
3360 3589 3705 3646 intellectuali

2121 3691 2451 3762 cognitione,
2468 3690 2591 3758 quia
2615 3689 2950 3756 eioquiorunt
2968 3686 3033 3740 de
3051 3684 3256 3762 angelis
3294 3683 3512 3738 traditio
3532 3681 3706 3736 mllies

2121 3785 2265 3840 milia
2293 3797 2414 3838 esse
2459 3782 2534 3837 ait
2564 3793 2613 3845 α,
2655 3791 2706 3836 et
2736 3782 2921 3835 decem
2944 3779 2965 3810 ⁸
2991 3758 3135 3833 milia
3163 3778 3344 3832 decies
3374 3776 3575 3838 milies,
3607 3789 3693 3829 se-

2121 3876 2353 3929 cundum
2401 3888 2498 3927 nos
2547 3870 2959 3927 sublimissimos
2987 3882 3339 3922 numerorum
3388 3866 3442 3920 in
3474 3867 3709 3935 seipsam

2122 3964 2403 4019 revolvens
2444 3971 2499 4016 et
2536 3958 2914 4029 nntitiplicans,
2943 3966 3003 4012 et
3046 3970 3147 4026 per
3173 3957 3271 4011 hos
3296 3965 3484 4026 aperte
3504 3954 3733 4024 signilir

2120 4074 2251 4114 cans
2294 4055 2710 4112 innumerabiles
2741 4052 3054 4109 caelestium
3095 4051 3459 4106 essentiamm
3488 4050 3709 4105 ordinm-

2123 4153 2315 4207 tiones.
2350 4149 2543 4203 Multae
2567 4148 2710 4201 enim
2753 4151 2878 4200 sunt
2916 4143 3106 4197 beatae
3136 4140 3355 4196 militiae
3383 4155 3709 4209 supermnnc

2118 4241 2318 4296 dalinm
2344 4238 2729 4297 inteilrctuum,
2756 4235 3026 4289 infirmam
3053 4242 3108 4287 et
3130 4240 3709 4301 coartatamsnperan-

2122 4344 2201 4388 tes
2229 4329 2584 4385 materialium
2613 4324 2909 4381 secundum
2934 4340 3030 4379 nos
3057 4337 3408 4378 numerorum
3429 4337 3729 4377 comment

2117 4422 2470 4482 surationem,
2506 4429 2562 4473 et
2603 4432 2632 4471 a
2672 4416 2785 4470 sola
2830 4414 3069 4485 gnostica
3104 4412 3378 4473 definitae,
3408 4412 3729 4467 secundum:

2117 4515 2288 4585 ipsam
2315 4508 2782 4581 supcrmundanae
2825 4515 2881 4561 et
2922 4504 3172 4559 caelestis
3221 4501 3607 4571 intelligentiae
3652 4511 3707 4555 et

2118 4601 2380 4671 scientiae.
2406 4598 2668 4653 ditissime
2712 4598 2792 4650 eis
2838 4593 3179 4648 donationem
3240 4593 3474 4645 sanitate
3524 4589 3698 4643 divina

2119 4692 2317 4746 inultae
2354 4687 2613 4744 scientiae
2662 4683 3050 4754 sapientificae,
3077 4683 3315 4735 onmium
3356 4679 3511 4735 simul
3559 4691 3697 4746 quae

2120 4792 2244 4838 sunt
2281 4777 2803 4850 superesscntialiter
2833 4774 3116 4830 existentis
3134 4773 3401 4844 principii,
3425 4781 3480 4824 et
3499 4781 3719 4824 erasae.

2118 4869 2542 4933 substantificae,
2574 4876 2630 4922 ct
2668 4865 2996 4923 continentis
3036 4863 3273 4929 virtutis,
3314 4870 3368 4916 et
3410 4857 3717 4913 ambientis

2117 4961 2619 5018 consummationis.

2630 5038 2821 5095 CAPI'I
2840 5036 3032 5093 ULUM
3071 5034 3189 5090 XV.

2117 5139 2264 5204 Quae
2290 5139 2391 5191 sint
2437 5134 2745 5206 formatirae
2768 5129 3124 5200 angelicorum
3147 5127 3393 5181 virtutum
3424 5123 3721 5193 imagines.-

2185 5226 2290 5281 Fer
2312 5225 2459 5295 quod
2502 5231 2691 5288 restat,
2731 5220 3065 5275 remittentes
3086 5224 3362 5278 nostrum,
3395 5214 3440 5267 si
3466 5212 3715 5273 videtur;

2114 5314 2532 5373 intellectualem
2562 5311 2774 5366 oculum
2821 5308 2964 5363 circa
2996 5306 3256 5361 sublimes
3293 5300 3702 5372 contemplatio-

1680 5425 1933 5482 VARIAE
1969 5427 2259 5485 LEC'I'lON
2268 5426 2368 5481 ES.

548 5519 766 5571 umnm's
792 5533 898 5573 ato.
928 5517 1037 5572 EH.

1117 5521 1135 5547 ²
1162 5518 1202 5583 Α
1227 5515 1519 5584 jussiatmm
1596 5518 1616 5548 ³
1644 5517 1686 5572 Ε
1717 5518 1996 5587 sicui/irrit.
2030 5516 2054 5550 ⁸
2081 5517 2170 5572 Sic
2199 5517 2316 5574 AE:
2358 5517 2441 5570 llit
2473 5527 2525 5570 et
2555 5525 2786 5575 centena.

1948 5604 2196 5663 NOTAE.

505 5703 530 5730 ι
560 5693 692 5744 ιλιι..
726 5693 829 5756 vn,
872 5691 952 5744 ιο.
