4168 6284
428 372 566 429 1065

1088 371 1336 430 VERSIO
1375 376 1657 432 OPERUM
1699 377 1753 432 S.
1797 375 2110 433 DIONYSII.
2140 405 2194 414 -
2233 371 2610 429 CAELESTIS
2651 370 3036 426 IERARCIIIA.

3505 379 3510 382 ’
3562 371 3698 426 1008

425 499 526 538 nes
575 484 814 554 augeiieo
861 483 1064 556 vigore,
1099 488 1164 540 ad
1200 487 1472 542 dividuum
1517 497 1571 542 et
1607 491 2008 560 multipartitam
2040 491 2086 550 Α
2115 487 2386 557 propriam
2429 483 2736 538 manifestet
2758 485 2778 516 ⁸
2821 484 3108 537 actionem.
3141 481 3701 552 lmmensurabiiisquo

425 575 768 629 latitudinem
791 575 1136 632 multiformis
1159 578 1524 646 angelicarum
1553 582 2012 648 speciticationum

430 668 730 733 varietatis,
746 669 1130 725 descendentes
1143 671 1336 726 iterum
1355 673 1404 726 in
1423 673 1550 741 ipsis
1565 685 1818 744 tanquam
1836 675 2019 728 incon-

427 757 782 824 sequemibus
813 759 865 812 in
907 751 1308 829 simplicitatem
1355 764 1667 818 caelestium
1715 765 2016 817 animorum

427 845 700 914 anaiytice
723 846 952 902 reﬂexis.
981 849 1154 904 Unum
1177 863 1356 907 autem
1377 855 1447 906 sit
1474 855 1564 908 tibi
1590 855 2016 924 praecognitum,

423 937 700 1002 qttomodo
723 953 916 992 sacrae
962 940 1313 995 formularum
1343 943 1633 1012 imaginum
1667 945 2020 999 resolutiones

425 1026 646 1078 easdem
693 1027 982 1094 aliquando
1023 1031 1334 1085 caelestium
1385 1035 1742 1088 essentiarum
1788 1035 2018 1104 disposi—

429 1112 610 1169 tiones
637 1116 1036 1172 sanetilieantes
1062 1119 1390 1189 signiﬁcant,
1419 1131 1473 1176 et
1499 1124 1691 1178 iterum
1719 1125 2024 1179 sanctiﬁca-

433 1211 538 1265 tas,
599 1212 656 1256 et
699 1206 1024 1263 novissimus
1067 1212 1499 1279 sanctiﬁcantes,
1553 1205 2023 1284 sanetiﬁcatasque

433 1293 662 1361 primas,
685 1305 738 1349 et
761 1299 1004 1362 easdem,
1031 1309 1092 1354 ut
1118 1302 1320 1355 dictum
1349 1312 1454 1378 est.
1487 1305 1692 1372 primas
1719 1315 1773 1359 et
1821 1307 2024 1360 medias

431 1395 492 1438 et
511 1385 732 1442 ultimas
755 1388 1017 1444 habentes
1043 1392 1288 1456 virtutes,
1322 1393 1464 1448 nulla
1484 1395 1788 1450 inordinata
1821 1399 2024 1454 ratione

435 1475 776 1542 introducta,
805 1479 1100 1535 secundum
1135 1483 1440 1552 bitjusmodi
1491 1489 1878 1542 reseratiouum
1909 1505 2026 1543 Ino-

435 1570 585 1622 dum.
617 1568 670 1623 Si
701 1572 914 1640 quidem
958 1574 1100 1628 enim
1133 1577 1460 1631 sanetitlcari
1488 1579 1745 1647 quasdam
1781 1595 1818 1634 a
1839 1581 2025 1649 priori-

401 1660 540 1712 bus
595 1661 898 1718 diceremus
932 1705 946 1729 ,
1013 1665 1206 1722 deinde
1273 1670 1566 1724 earundem
1627 1674 2028 1729 sanetili'c‘antes

436 1750 662 1817 priores,
695 1752 888 1807 iterum
917 1757 1317 1814 sanetilicantes
1361 1759 1667 1815 ultimarum
1697 1763 2026 1818 sanctiﬁcari

2119 587 2175 632 et
2225 575 2511 632 invisibilis
2556 589 2651 644 per
2704 574 2961 644 seipsum,
3005 583 3196 644 potens
3234 571 3392 627 simul
3435 573 3697 636 omnium,

2065 673 2068 678 ’
2120 679 2171 726 et
2204 683 2560 740 quaecunque
2583 659 2652 722 in'
2673 667 2752 721 eis
2790 675 2915 720 sunt
2949 669 2991 728 ⁸,
3019 663 3152 718 ﬁunt
3176 665 3242 718 ad
3281 665 3548 718 actionetu
3578 677 3700 731 pro-

2121 763 2316 831 priam,
2357 759 2593 824 mobilis,
2647 747 2865 812 tradens
2905 743 3139 824 Seipsum
3173 741 3424 810 omnibus
3457 741 3728 836 quoquo-i

2121 853 2282 908 modo
2301 852 2751 924 proximantibus.
2789 848 3150 904 R‘enovati'vus
3175 855 3399 899 naturae
3432 841 3700 903 custodia,

2123 943 2512 996 illuminativus
2553 939 2950 996 circumvelatis
2978 937 3370 1006 splendoribus,
3403 935 3702 1001 incompre-

2123 1023 2425 1095 hensibilis,
2442 1033 2639 1095 clarus,
2664 1033 2946 1090 discretus,
2971 1029 3237 1091 resiliens,
3262 1042 3476 1081 sursum
3499 1023 3703 1086 ferens,

2123 1132 2280 1178 acute
2293 1137 2496 1186 means,
2513 1109 2782 1186 excelsus,
2800 1109 2902 1175 non
2923 1129 3169 1187 receptus
3184 1117 3508 1173 contumelia
3534 1115 3707 1168 mino-

2124 1215 2372 1279 rationis,
2395 1207 2611 1282 semper
2637 1223 2832 1272 motus.
2869 1228 2966 1284 per
2994 1211 3227 1280 seipsum
3265 1220 3458 1271 motus,
3487 1219 3707 1260 movens

2125 1307 2373 1368 alterum,
2401 1301 2881 1372 comprehcndcns,
2907 1299 3409 1369 iucomprebensus,
3434 1313 3536 1348 non
3561 1295 3706 1349 indi-

2126 1411 2256 1466 gens
2291 1393 2529 1456 alterius,
2568 1393 2737 1446 latens
2768 1407 2914 1454 vere,
2944 1405 3196 1445 crescens
3243 1403 3269 1442 a
3319 1387 3516 1455 seipso,
3545 1393 3600 1437 et
3639 1381 3710 1436 ad

2125 1493 2410 1553 susceptas
2448 1483 2701 1538 materias
2748 1481 3099 1560 manifestans
3149 1479 3344 1536 suimet
3380 1475 3708 1546 magnitudi-

2077 1581 2080 1584 ’
2126 1593 2269 1638 nem,
2296 1575 2524 1635 activus,
2552 1582 2760 1644 potens,
2787 1569 2946 1626 simul
2970 1561 3220 1627 omnibus
3241 1583 3498 1640 praesens
3528 1563 3712 1620 invisi-

2125 1667 2325 1730 biliter,
2347 1651 2619 1734 neglectus
2645 1679 2750 1718 non
2777 1659 3148 1733 esseputatur,
3167 1657 3354 1716 attritu
3383 1669 3585 1719 autent,
3604 1655 3710 1710 sie-

2125 1759 2201 1812 uti
2231 1759 2462 1826 quadam
2494 1757 2724 1810 vindicta
2754 1757 3175 1812 conualui-aliter
3207 1764 3262 1809 et
3287 1752 3503 1824 pr0prie
3530 1749 3710 1804 subito

435 1839 506 1891 ab
529 1840 660 1909 ipsis
701 1843 804 1897 illis
849 1847 1220 1912 sanctiﬁCatis,
1269 1865 1394 1904 vere
1427 1851 1822 1907 inordinatione
1852 1869 1937 1908 res
1972 1863 2026 1908 et
2057 1845 2116 1904 B'
2133 1845 2402 1912 relucens,
2432 1855 2481 1901 et
2510 1847 2700 1902 iterum
2735 1846 3352 1918 incomprehensibiliter
3389 1839 3708 1913 impalpabi-

401 1927 755 1984 confusione
804 1933 968 1988 multa
1020 1936 1356 2006 interposita.
1418 1941 1474 1994 Si
1536 1957 1676 1996 vero
1708 1943 1946 2000 casilem.
1974 1951 2031 1998 et

437 2018 778 2072 sanctiﬁcare
801 2031 858 2076 et
901 2026 1225 2081 sanetiﬂcari
1264 2027 1514 2095 dicimus,
1547 2027 1821 2102 nunquam
1849 2043 2028 2088 autem

435 2108 730 2160 eorundem
766 2119 858 2162 aut
909 2112 978 2165 ab
1019 2114 1246 2181 eisdem,
1290 2118 1384 2172 sed
1414 2133 1522 2174 eas"
1559 2121 1798 2188 singulas
1827 2123 2028 2178 sancti-

437 2193 590 2248 tlcari
628 2197 866 2265 quidem
900 2215 930 2253 a
985 2203 1274 2270 prioribus,
1313 2209 1655 2264 sanctiﬁeare
1702 2218 1884 2264 autem
1935 2209 2030 2266 uo-
2085 2219 2088 2222 ’

436 2284 720 2338 vissimas:
753 2303 862 2340 non
889 2290 1344 2370 inconsequeuter
1369 2295 1620 2351 fortassis
1649 2301 1782 2368 quis
1808 2299 2028 2368 dixerit,
2057 2353 2065 2358 .

441 2373 496 2424 in
523 2373 750 2442 eloquiis
773 2391 940 2433 sae-re-
975 2380 1144 2436 l'actas
1171 2382 1398 2450 formas,
1437 2399 1531 2441 eas
1557 2388 1846 2457 alinuando
1871 2405 2049 2459 posse»

441 2469 498 2513 et
525 2463 717 2558 primis
757 2475 812 2520 et
841 2467 1042 2524 ultimis
1085 2481 1140 2524 et
1179 2475 1372 2528 mediis-
1401 2477 1690 2558 virtutihus
1727 2481 1950 2548 pulchre
1976 2491 2030 2536 et
2083 2491 2086 2494 ’

445 2563 576 2604 vere
604 2551 964 2610 circumdare.
997 2558 1062 2612 Et
1089 2575 1304 2615 sursum
1333 2551 1968 2634 igitur-conversibiliter
2011 2575 2026 2603 '

443 2640 684 2732 extendi,-
723 2650 946 2711 et‘erga
985 2651 1300 2718 semetipsas
1343 2653 1570 2710 ﬁrmiter
1611 2659 1874 2724 convolvi,
1909 2651 2029 2732 pro-

442 2733 682 2822 priarum
727 2733 1042 2791 existentes.
1075 2742 1426 2798 custoditivas
1459 2745 1737 2814 virtutum,
1791 2759 1845 2804 et
1901 2765 2027 2822 erga

447 2821 714 2920 venientia
747 2825 992 2882 soeiabili
1026 2834 1391 2898 processione,
1421 2839 1670 2905 providus
1689 2855 1782 2894 eas
1819 2842 1870 2896 in
1899 2821 1998 2912 par

415 2911 756 2978 -tieipatione
783 2915 996 2972 virtutis
1037 2935 1180 2986 esse,
1230 2925 1480 2980 omnibus
1529 2943 1634 2982 non
1683 2929 1817 2985 falso
1864 2911 2026 2987 euad-

446 3001 638 3054 unabit
709 3005 728 3034 ⁸
791 3009 1116 3065 caelestibus
1168 3015 1439 3080 essentiis,
1504 3019 1604 3072 etsi
1647 3019 1766 3074 aliis
1811 3019 2025 3091 quidem

445 3093 780 3158 supcrposite
815 3105 871 3149 et
925 3099 1322 3166 universaliter,
1373 3113 1431 3158 ut
1467 3121 1628 3177 saepe
1667 3109 1869 3164 dictum
1920 3122 2022 3178 est,

2132 1941 2216 2003 lis,
2252 1955 2358 1993 non
2383 1939 2620 1994 minutus
2647 1939 2698 1993 in
2728 1941 2980 1994 oumibus
3011 1939 3294 1994 ditissimis
3319 1938 3516 1991 suimet
3537 1931 3708 1986 tradi-

2131 2033 2388 2090 tionibus.
2417 2031 2483 2084 Et
2515 2031 2710 2085 multas
2742 2031 2985 2087 fortassis
3015 2031 3136 2102 quis
3161 2029 3394 2084 inveniet
3419 2025 3558 2096 ignis
3575 2037 3712 2092 pro-

2129 2123 2390 2193 prietates
2414 2105 2776 2192 pulcltras,.ut
2803 2121 2856 2176 in
2891 2119 3234 2174 sensibilibus
3281 2113 3606 2184 imaginibus
3625 2111 3709 2168 di-

2130 2214 2287 2266 vinae
2346 2213 2698 2282 operationis.
2762 2209 2875 2266 Hoc
2919 2226 3050 2281 ergo
3109 2210 3344 2265 scientes
3407 2202 3710 2274 tbcosoplti,

2129 2303 2392 2358 caelestes
2422 2303 2686 2358 essentias
2716 2318 2782 2357 ex
2805 2303 2927 2372 igne
2955 2299 3317 2364 conformant,
3340 2297 3714 2365 signiﬁcantes

2129 2409 2314 2448 earum
2341 2391 2603 2448 deiforme
2624 2403 2700 2457 et,
2717 2401 2975 2463 quantum
3021 2391 3298 2462 possibile,
3320 2377 3410 2444 Dici
3430 2386 3708 2444 imitabile.

2131 2481 2235 2538 Sed
2268 2491 2322 2536 et
2345 2480 2773 2535 bumauil‘ormes
2790 2483 2932 2550 ipsas
2958 2469 3290 2543 describunt,
3322 2469 3542 2550 propter
3559 2475 3713 2530 intel-

2129 2572 2377 2634 lectuale,
2403 2582 2457 2627 et
2495 2588 2710 2626 sursum
2759 2573 3008 2626 habendo
3061 2561 3616 2632 intuitivasvirtutes,
3656 2575 3715 2621 ct

2130 2661 2331 2734 figurae
2351 2663 2370 2694 "
2389 2671 2594 2717 rectum
2618 2669 2671 2717 et
2693 2661 3042 2725 luculentum,
3058 2672 3108 2716 et
3141 2661 3434 2716 secmnlum
3462 2667 3710 2712 naturam

2127 2755 2425 2825 principale
2453 2763 2507 2808 et
2537 2755 2735 2826 regale,
2761 2764 2814 2809 et
2844 2755 3140 2809 scentulum
3174 2768 3390 2808 sensum
3429 2749 3712 2804 minimum

2127 2845 2365 2916 quidem,
2392 2855 2652 2915 quantum
2690 2843 2756 2899 ad
2803 2843 3037 2914 reliquas
3083 2833 3534 2898 irrationabilium
3589 2839 3712 2895 ani-

2129 2937 2348 2990 malium
2375 2937 2618 2997 virtutes,
2650 2935 2888 2990 omnium
2920 2950 3048 2989 vero
3074 2933 3504 3004 potentissimum
3521 2946 3720 2987 secun-
3759 2965 3764 2970 -

2127 3027 2252 3080 dum
2283 3025 2584 3081 intellectus
2615 3011 3036 3096 magnitudinem
3068 3027 3292 3088 virtute,
3331 3035 3385 3078 et
3415 3023 3710 3079 secundum
3749 3050 3760 3058 ν

2133 3115 2504 3170 rationabilem
2559 3117 2838 3170 scientiam
2889 3115 3246 3170 continuilate
3271 3115 3314 3178 ³,
3338 3123 3392 3172 et
3417 3113 3710 3168 secundum

445 3179 568 3236 aliis
617 3199 746 3239 vero
793 3189 1190 3256 particulariter
1233 3204 1290 3249 et
1347 3197 1603 3266 Sulijecte.
1663 3201 2024 3259 lncboaudum
2055 3200 2099 3260 C
2131 3215 2324 3261 natura
2365 3193 2598 3260 lanimae
2663 3205 2894 3260 liberum
2959 3212 3020 3259 et
3079 3205 3532 3276 potentissimum.
3607 3203 3706 3256 Est.

443 3281 624 3328 autem
673 3279 896 3344 ratione,
929 3291 985 3336 et
1027 3287 1391 3352 quaerendum
1439 3290 1491 3343 in
1527 3291 1701 3360 prima
1732 3291 2024 3348 formarum

443 3364 792 3432 resolutione,
843 3370 912 3424 ob
960 3389 1121 3439 quam
1159 3393 1376 3434 causam
1423 3382 1688 3454 theologia
1741 3385 1851 3439 fere
1891 3385 2028 3440 ultra

437 3467 628 3511 omnes
651 3457 922 3515 invenitur
943 3463 1216 3521 bonorans
1241 3469 1462 3538 ignitam
1485 3488 1696 3527 sacram
1712 3477 2028 3546 descriptio-

441 3561 586 3602 nem.
639 3549 881 3608 Invenies
925 3571 1054 3626 ergo
1094 3573 1212 3614 eam
1267 3577 1370 3617 non
1435 3564 1607 3620 solum
1649 3577 1795 3622 rotas
1843 3569 2028 3640 igneas

441 3639 893 3709 conformantem,
921 3650 1014 3701 sed
1042 3659 1096 3703 et
1120 3651 1370 3706 animalia
1408 3653 1593 3722 ignita,
1623 3664 1672 3711 et
1705 3658 1847 3712 viros
1875 3639 2027 3728 quasi

442 3728 584 3794 ignis
629 3731 960 3803 fulgurantes
996 3750 1034 3803 ³,
1071 3749 1124 3794 et
1163 3744 1306 3798 circa
1344 3761 1438 3800 eas
1484 3749 1743 3804 caelestes
1767 3753 2026 3808 essentias

443 3820 688 3876 cumulos
707 3827 1000 3881 certantum
1031 3831 1169 3900 ignis
1191 3833 1710 3903 circumponentem,
1743 3849 1794 3892 et
1811 3841 2026 3894 "trutina

447 3909 868 3997 immensurabili
919 3921 1096 3974 sonitu
1179 3923 1300 3994 igne
1379 3925 1655 3997 ﬂagrantia
1709 3943 1756 3981 ιι.
1811 3930 1915 3984 Sed
1974 3941 2028 3986 ct

449 3996 697 4055 Turonos
757 4004 833 4057 ait
881 4011 1064 4077 igneos
1109 4025 1262 4078 esse,
1311 4023 1364 4069 et
1421 3996 1564 4084 ipsos
1632 4018 2028 4075 excelsisSimos

449 4088 730 4159 Set-apium
774 4096 998 4150 caelitus
1048 4102 1297 4157 ardentes
1327 4119 1402 4160 ex
1443 4108 1909 4174 cognominatio'ne
1958 4111 2028 4164 si-

443 4181 702 4250 gniﬁcare
728 4201 740 4237 :
775 4197 827 4240 et
860 4188 998 4258 ignis
1022 4208 1130 4260 pro
1157 4196 1400 4250 rietatem
1430 4209 1476 4250 et
1504 4199 1870 4266 operationem
1897 4201 2027 4269 ipsis

442 4271 738 4362 distribuit,
786 4287 838 4329 ct
883 4282 1103 4335 omnino
1153 4299 1366 4338 sursum
1415 4287 1772 4356 deorsumque
1803 4289 2023 4360 ignitam

443 4361 672 4458 honorat
699 4367 936 4422 selectim
965 4373 1273 4458 \formarnm
1306 4378 1589 4431 facturam.
1621 4379 1762 4449 Ergo
1809 4381 2023 4450 igneum

443 4450 749 4520 significare
779 4450 974 4517 censeo
995 4467 1317 4521 caelestium
1351 4472 1652 4525 animorum
1675 4473 2028 4531 deifo‘rmissi-
2053 4517 2066 4522 η

2089 3297 2092 3300 ’
2130 3305 2305 3350 autem
2334 3304 2388 3349 et
2411 3311 2506 3366 per
2529 3295 2757 3366 singula,
2792 3305 2849 3349 ut
2873 3296 3137 3360 -aestimo,
3171 3293 3466 3364 corporalis
3495 3303 3768 3348 nostrae.-

2133 3389 2439 3460 multiplicis
2491 3389 2796 3458 partitionis
2854 3388 3096 3443 invenire
3154 3385 3414 3442 caelestes
3463 3384 3710 3444 virtutes,

2130 3481 2408 3544 dicentes,
2444 3481 2821 3551 conspeclivas
2871 3477 3087 3550 quidem
3135 3477 3439 3547 signiﬁcare
3484 3473 3714 3527 virtutes

2130 3571 2304 3640 ipsum
2337 3569 2402 3623 ad
2432 3569 2611 3624 divina
2653 3568 2943 3622 luminaria
2975 3567 3332 3622 clarissimum
3386 3572 3710 3633 respectum,
3749 3613 3754 3616 _

2129 3671 2183 3716 et
2213 3662 2403 3717 iterum
2440 3669 2676 3717 teneram
2710 3671 2764 3715 et
2803 3659 3143 3730 lii‘luidamet
3185 3673 3290 3712 non
3318 3670 3708 3726 repercussum,
3749 3705 3752 3708 .

2129 3751 2222 3806 sed
2263 3761 2416 3807 acute
2447 3751 2718 3818 mobilem,
2755 3759 2808 3806 et
2834 3766 3045 3820 puram,
3072 3760 3126 3804 et
3154 3739 3366 3820 planam
3409 3745 3716 3816 impassibi-

2129 3839 2252 3893 liter
2271 3841 2574 3894 divinarum
2620 3841 3016 3907 susceptionem
3056 3837 3528 3892 illuminationnm.
3563 3833 3711 3890 Olfa—

2129 3937 2308 3982 ctuum
2339 3944 2466 3981 vero
2516 3929 2828 3982 discrclivas
2859 3927 3130 3988 virtuU:s,_
3157 3923 3280 3978 illud
3311 3911 3478 3992 super
3511 3921 3716 3976 intelle-

2128 4027 2271 4072 ctum
2304 4033 2468 4072 suave
2489 4018 2682 4072 olentis
2701 4015 3117 4076 distributionis,
3145 4023 3404 4082 quantum
3433 4013 3710 4078 possibile,

2131 4107 2485 4178 receptivum,
2519 4117 2574 4160 et
2611 4124 2715 4180 non
2749 4106 3049 4174 ltnjusmotli
3083 4107 3310 4162 scientia
3361 4107 3711 4162 discretivum

2129 4210 2183 4256 et
2226 4201 2443 4254 omnino
2481 4201 2845 4270 refugilivnm.
2894 4201 3115 4254 Aurium
3150 4215 3277 4254 vero
3305 4199 3550 4264 virtutes,
3583 4199 3710 4252 illud

2129 4289 2395 4363 particeps
2421 4301 2470 4347 et.
2498 4292 2800 4363 gnostieum
2823 4293 3035 4346 divinae
3061 4291 3425 4360 inspirationis
3449 4289 3714 4358 suscepti-

2129 4402 2274 4440 vum.
2312 4369 2620 4440 Gustativas
2649 4393 2850 4446 autem,
2891 4383 3236 4438 invisibilium
3269 4397 3514 4458 escarum
3545 4381 3711 4451 pleni-

2132 4477 2411 4542 tudinem,
2461 4459 2522 4530 et
2589 4475 2890 4529 divinarum
2940 4482 2994 4528 et
3053 4473 3334 4552 alentium.
3368 4483 3709 4542 promotuum

447 4557 612 4636 "mi"-
660 4545 762 4614 Ῐρδῖ
808 4553 950 4605 ellit'n
997 4559 1168 4610 sancti
1203 4559 1434 4626 theologi
1467 4560 2020 4631 b'superessentialem
2055 4559 2101 4617 Ι)
2127 4567 2510 4636 susceptivum.
2535 4564 2784 4619 Tactivas
2811 4580 2962 4627 vero,
2990 4545 3360 4618 convenientis
3388 4571 3488 4617 aut.
3508 4577 3708 4616 noeen—

442 4643 496 4687 et
536 4635 822 4696 informem
873 4650 1164 4702 essentiam
1217 4650 1266 4703 in
1317 4653 1436 4722 igne
1488 4669 1646 4725 saepe
1687 4656 2019 4724 describunt,

443 4737 697 4798 tauquam
736 4735 966 4790 habente
998 4739 1194 4794 muitas
1223 4743 1457 4808 divinae,
1487 4745 1530 4798 si
1555 4745 1634 4799 fas
1655 4745 1856 4814 dicere,
1899 4765 2050 4817 pro--

441 4821 720 4888 prietatis,
777 4825 1036 4894 quantum
1086 4833 1137 4886 in
1183 4835 1486 4891 visibilibus
1543 4839 1824 4912 imagines.
1882 4843 2023 4912 Ignis

441 4912 580 4963 enim
611 4916 882 4971 sensibilis
901 4929 986 4973 est
1009 4921 1248 4990 quidem,
1272 4927 1350 4978 sit:
1373 4927 1676 4992 dicendum,
1695 4931 1744 4984 iu
1773 4933 2022 4990 omnibus

443 5009 495 5051 et
541 5017 636 5068 per
687 5001 865 5060 omnia
904 5009 1048 5066 clare
1097 5015 1262 5080 venit,
1315 5024 1368 5069 ct
1406 5027 1709 5073 removetur
1747 5005 2016 5079 omnibus.

446 5089 510 5182 lit
534 5091 738 5149 lucidus
774 5097 795 5128 ⁸*
828 5111 911 5154 est
939 5103 1098 5157 simul
1129 5115 1180 5160 et
1210 5107 1364 5174 quasi
1409 5108 1674 5174 occultus,
1725 5111 2024 5182 incognitus

443 5178 559 5246 ipse
589 5195 684 5247 per
707 5184 964 5255 seipsnm,
995 5207 1099 5247 non
1131 5195 1482 5250 accumbentc
1507 5198 1752 5263 materia,
1787 5178 2022 5271 inquam

2127 4657 2195 4712 tis
2239 4657 2291 4711 in
2338 4657 2564 4714 scicntia
2611 4655 3022 4726 diaguoslicum.
3075 4653 3370 4723 Palpebras
3420 4651 3612 4708 deinde
3656 4659 3713 4708 et

2124 4743 2428 4814 supercilia,
2460 4727 2763 4820 divinarum
2803 4743 3069 4818 visionum
3112 4742 3500 4820 intelligentiae
3531 4751 3711 4818 custo-

2124 4838 2368 4893 ditivum.
2417 4838 2714 4894 Juvenilem
2759 4853 2885 4893 vero
2915 4847 2968 4893 et
3014 4837 3260 4893 adultam,
3299 4846 3548 4914 aetatem,
3581 4836 3710 4910 illud

2125 4929 2442 5010 innovan‘tis.
2462 4945 2673 4999 semper
2700 4929 2879 4984 vitalis
2909 4930 3141 4982 virtutis.
3175 4929 3368 4982 Dentes
3400 4937 3600 4992 autem,
3628 4925 3711 4998 di-

2127 5023 2356 5078 visivum
2391 5013 2592 5080 inditae
2633 5023 2919 5078 nutrientis
2949 5021 3314 5098 perfectionis.
3345 5020 3708 5091 Unaquaeque

2129 5114 2272 5168 enim
2303 5099 2535 5170 essentia
2563 5113 2935 5170 intellectualis
2964 5114 3216 5168 donatam
3251 5113 3350 5165 sibi
3384 5128 3412 5164 a
3444 5113 3708 5165 diviniora

2132 5203 2454 5260 uuiformem
2503 5203 2905 5274 intellirentiam
2956 5200 3174 5255 nrovida
3209 5197 3404 5254 virtute
3438 5198 3626 5253 dividit
3654 5207 3708 5252 et

1727 5327 1975 5396 VARIAE
2016 5311 2414 5393 LECTIONES.

577 5425 616 5479 Β
649 5429 1094 5482 ronversabililer.
1173 5434 1192 5462 ²
1225 5433 1262 5486 Α
1318 5433 1646 5490 εθιηιηηαυίι.
1752 5438 1772 5468 ³
1799 5433 1931 5495 BE"

1983 5443 2326 5514 fulgorum“.

2432 5447 2450 5476 "
2491 5447 2578 5502 ΕΗ
2621 5445 2864 5499 lucidius.
2969 5446 3104 5500 5M5
3157 5443 3511 5512 Inanifestut..
3578 5441 3599 5471 ⁸
3657 5449 3706 5494 ιι

441 5511 780 5566 quiscunque
809 5500 860 5552 in
883 5501 956 5554 eis
991 5513 1110 5554 sum
1167 5503 1292 5554 lium
1318 5520 1425 5557 unt.
1481 5505 1586 5559 liii.
1663 5515 1681 5546 ⁷
1715 5509 1802 5564 ltll
1834 5500 2024 5582 ﬁgura.
2065 5500 2123 5546 v3
2149 5515 2236 5568 BI!
2270 5500 2587 5569 conprimunt»,

1967 5629 2142 5685 NO'H
2155 5632 2210 5684 I‘I.

515 5743 538 5771 τι
570 5735 766 5789 Etet'lt.
801 5735 846 5794 i;
885 5741 1014 5790 Itan.
1049 5738 1255 5803 \'ll;'<l\'
1287 5737 1412 5806 Heg.
1446 5736 1502 5792 ΙΙ.

2237 5741 2260 5780 ι)
2297 5741 2458 5795 Hebr.
2495 5741 2560 5795 Σ.
