4168 6284
534 322 673 383 ηϋτ

1911 328 2029 384 1οΑ
2039 328 2189 398 ΝΜξῷ
2228 326 2418 386 SCOTI

3646 327 3799 383 σθω

527 436 846 505 multiplicat
872 438 936 491 ad
987 435 1256 492 inferioris
1307 438 1601 495 ductricetn
1641 439 1964 511 attalogiam.
1993 440 2105 496 liu~
2130 444 2179 501 Α
2205 442 2407 510 absque
2447 455 2596 494 mora
2638 438 3039 509 pen'enientent
3072 437 3365 500 circi-nun,
3398 447 3454 491 et
3495 438 3788 492 desursum

531 542 711 595 pueros
742 534 918 580 autem
950 514 1266 592 etbraehia,
1305 536 1357 582 et
1382 528 1576 584 iterum
1607 544 1816 595 manus,
1844 528 2101 584 furtivum

530 625 587 673 et.
618 617 952 686 operativum
983 624 1037 670 et
1080 618 1333 672 activum.
1362 619 1469 674 Cor
1503 634 1631 675 vero
1654 620 1958 690 symbolum
1985 633 2105 673 esse

529 705 808 759 deilormis
849 706 1008 768 vitae,
1060 708 1329 778 prepriam
1369 708 1581 765 vitalem
1623 710 1873 763 virtutem
1906 708 2105 763 deifor—

531 794 690 848 uniter
730 795 784 848 in
833 808 918 856 ea,
972 810 1110 863 quae
1160 797 1556 864 praeintcllecta
1584 806 1728 862 sunt,
1764 796 2102 853 seminantis.

530 883 754 938 Pectora
799 883 991 938 iterum
1038 886 1346 954 signiﬁcare
1371 886 1562 939 durum
1611 895 1666 940 et
1701 887 2101 961 custoditivutn,

532 980 590 1025 ιιι
619 988 647 1024 a
693 976 968 1043 supposito
1015 963 1177 1030 corde
1220 976 1463 1037 viviﬁcae
1491 976 1900 1032 distributionis.
1940 976 2106 1032 Dorsa

530 1076 680 1127 vero,
726 1064 1037 1119 continuum
1083 1066 1247 1119 simul
1290 1076 1607 1120 cunctarum
1643 1067 1896 1123 tortilium
1936 1051 2106 1123 virtu-

535 1162 666 1206 tum.
698 1152 864 1208 Pedes
892 1140 1095 1220 autem,
1134 1157 1328 1211 mohile
1357 1166 1412 1211 et
1456 1157 1609 1211 velox
1640 1165 1695 1211 et
1720 1156 1919 1212 cursile
1944 1157 1995 1211 in
2026 1156 2106 1210 di-

535 1243 655 1295 vina
684 1258 898 1315 semper
920 1247 1097 1300 euntis
1124 1247 1394 1301 motionis.
1422 1246 1646 1316 Propter
1669 1248 1811 1317 quod
1832 1256 1886 1303 et
1908 1262 2107 1315 petum-

535 1342 618 1387 tos
695 1336 956 1406 theologia
1035 1345 1339 1391 sanctorum
1412 1338 1780 1393 inlelleclnnm
1859 1336 2108 1407 figuravit

534 1423 696 1490 pcdcs
725 1436 776 1478 ⁸.
830 1423 1126 1480 Penuatnm
1179 1442 1409 1496 namque
1454 1428 1722 1497 signiﬁcat
1759 1420 2139 1497 anagogieanr

535 1513 917 1578 velocitatem,
973 1523 1029 1569 et
1083 1515 1316 1571 caeleste
1376 1532 1586 1572 sursum
1652 1533 1838 1571 versus
1900 1518 2107 1572 itineris

534 1603 791 1665 activum,
817 1613 871 1658 et
919 1606 986 1659 a-b
1011 1606 1155 1658 omni
1190 1605 1374 1659 humili
1416 1622 1509 1675 per
1554 1622 1766 1661 sursum
1815 1606 1993 1661 ferens
2025 1623 2113 1662 re-

535 1703 758 1745 motum.
791 1691 907 1761 Ipsa
939 1708 1065 1747 vero
1094 1710 1389 1763 pennarum
1418 1695 1606 1750 levitas
1645 1696 1776 1749 nihil
1809 1705 2106 1759 terrenum,

2207 529 2262 583 in
2290 544 2353 582 ea
2384 543 2524 598 quae
2548 527 2799 581 deorsum
2815 565 2839 591 ,
2864 541 3085 580 sursum
3106 525 3521 583 transvectivum
3552 530 3786 591 motum,

2154 665 2158 669 .
2203 617 2497 689 erigentem
2543 617 2760 686 quidem
2810 618 3047 671 secunda
3083 617 3151 670 ad
3189 617 3523 682 superiorem
3560 616 3786 672 celsitu-

2205 706 2414 768 dinem,
2462 716 2871 774 moventemquc
2916 707 3085 774 prima
3149 706 3219 757 ad
3271 706 3786 761 commmiicativam

2203 808 2259 851 et
2295 797 2572 868 providam
2620 797 2886 852 minorum
2912 798 3309 866 processimuem
3340 806 3385 844 ο.
3417 794 3571 851 Dicet
3596 806 3788 852 autem

2204 884 2451 943 fortassis
2491 887 2636 956 quis,
2676 888 2821 943 aérei
2859 888 3081 957 spiritus
3124 897 3401 945 ventosum
3434 889 3785 953 cog-nomina.

2206 977 2407 1032 tionem
2435 976 2695 1034 deiforme
2744 978 3057 1033 caelestium
3087 978 3415 1046 signiﬁcare.
3436 977 3616 1033 habet
3637 981 3781 1034 enim

2204 1077 2259 1121 et
2288 1068 2391 1123 hoc
2420 1068 2637 1123 divinae
2665 1068 2997 1138 operationis
3031 1068 3325 1135 imaginem
3351 1076 3406 1121 et
3430 1065 3692 1126 formam.
3723 1081 3783 1124 ut

2207 1154 2260 1210 in
2309 1155 2613 1226 symbolica,
2643 1154 2911 1226 theologia
2947 1170 3044 1223 per
3086 1155 3416 1211 tetrasticam
3452 1152 3783 1218 diiudicatio-

2205 1258 2327 1299 nem
2360 1258 2457 1313 per
2480 1244 2635 1314 plura
2666 1245 3097 1300 demonstratum
3111 1251 3217 1305 est,
3238 1244 3531 1298 secundum
3560 1254 3782 1299 naturae

2207 1334 2500 1401 motivam,
2551 1344 2608 1390 et
2648 1336 2978 1405 gignentem,
3007 1333 3367 1397 etrvelocem,
3409 1342 3467 1387 et
3508 1342 3782 1401 potentem

2206 1424 2585 1494 capacitatem,
2610 1432 2664 1479 et
2690 1423 2929 1497 ignotum
2958 1423 3113 1479 nobis
3133 1431 3190 1476 et
3211 1420 3480 1476 invisibile
3506 1421 3785 1485 latibulum

2208 1515 2533 1568 moventium
2555 1514 2941 1584 principiorum
2961 1512 3576 1571 etconsttmmationum.
3601 1509 3784 1565 Nescis

2206 1606 2366 1669 enim,
2418 1605 2611 1675 inquit,
2661 1604 2798 1667 unde
2835 1607 2968 1659 venit
3028 1612 3129 1657 αιιε.
3171 1619 3274 1673 quo
3320 1602 3460 1657 radit
3495 1601 3541 1655 ί.
3580 1602 3685 1654 Sed
3728 1610 3787 1654 et

2210 1696 2367 1750 nubis
2411 1696 2539 1767 ipsis
2566 1695 2801 1765 speciem
2838 1695 3097 1765 theologia
3151 1694 3591 1755 circumforrnat,
3619 1694 3786 1763 signi»

532 1774 626 1834 sed
676 1789 845 1836 totum
911 1785 1108 1837 munde
1152 1794 1205 1837 et
1252 1785 1371 1839 sine
1413 1786 1676 1856 gravitate
1726 1787 1777 1840 iu
1835 1788 2108 1843 exrelsum
2141 1778 2181 1835 Β
2212 1784 2380 1840 ficans
2429 1801 2525 1856 per
2566 1787 2669 1855 hoc
2717 1801 2903 1841 saeros
2960 1785 3265 1857 intellectus
3318 1784 3517 1839 occulti
3568 1785 3790 1852 quidem

532 1872 848 1929 ascendens.
902 1872 1113 1927 Nudum
1145 1890 1355 1944 quoque
1392 1885 1447 1929 et
1485 1876 1863 1939 discaiceatum
1889 1878 1917 1917 ιι
1946 1889 2001 1931 et
2029 1868 2107 1933 di-

535 1957 757 2014 missum
789 1968 842 2014 et
887 1960 1219 2028 absolutum,
1263 1973 1316 2018 et
1360 1966 1793 2022 immensurabile
1814 1978 1867 2025 et
1892 1985 2107 2040 purum,

532 2060 743 2111 eormn,
771 2064 909 2117 quae
936 2058 1089 2104 extra
1116 2060 1259 2118 sunt,
1288 2056 1638 2123 oppositione,
1670 2057 1810 2112 ctad
1848 2059 2108 2129 simplici-.-

536 2142 699 2188 tatem
748 2136 1003 2201 divinam,
1053 2150 1311 2208 quantum
1348 2144 1619 2213 possibile,
1676 2148 2108 2215 assimilativum.

536 2226 641 2280 Sed
666 2229 916 2309 quoniam
947 2229 1139 2285 iterum
1173 2232 1364 2302 simpla
1392 2238 1463 2290 et
1492 2235 1714 2290 multum
1747 2240 1893 2292 varia
1923 2241 2109 2310 sophia

533 2317 785 2371 ct‘imdos
810 2319 990 2384 vestit,
1015 2328 1069 2375 et
1116 2337 1246 2377 vasa
1286 2326 1548 2394 quaedam
1600 2326 1691 2382 dat
1727 2328 1855 2398 ipsis
1880 2331 2111 2399 circum.
2168 2320 2171 2321 ⁷

537 2405 698 2468 ferre,
738 2406 823 2461 fer
854 2409 872 2439 ‘
894 2416 952 2463 et
993 2409 1291 2469 animorum
1327 2415 1640 2470 caelestium
1665 2433 1854 2474 sacros
1879 2412 2112 2477 amictus

534 2502 590 2547 et
611 2508 835 2568 Organa,
862 2502 1157 2555 secundum
1200 2505 1341 2572 quod
1397 2506 1548 2561 nobis
1595 2509 1869 2576 possibile,
1903 2511 2111 2580 aperia-
2148 2572 2151 2575 ἰ

536 2600 675 2639 mus.
693 2586 904 2644 Claram
926 2591 1140 2661 quidem
1161 2593 1304 2647 enim
1329 2605 1535 2651 vestem
1552 2597 1929 2671 ignoamque‘,
1948 2590 2112 2672 signi—

535 2674 698 2730 ticare
739 2680 966 2735 aestimo
1017 2680 1278 2739 deiforme
1326 2685 1481 2754 juxta
1536 2690 1674 2760 ignis
1718 2692 2003 2762 imaginem
2054 2698 2111 2748 et

533 2765 883 2834 lueulentmn,
933 2779 1151 2841 propter
1199 2774 1251 2828 iu
1307 2777 1457 2832 caelo
1504 2778 1732 2847 quietes,
1780 2782 1866 2837 ubi
1929 2782 2109 2839 lumen

536 2865 591 2909 et
637 2859 856 2915 omnino
911 2861 1174 2919 invisibile
1209 2866 1493 2922 dicendum
1546 2879 1639 2925 aut
1678 2872 2112 2931 intellectualiter

534 2944 868 3015 iliuminaus,
899 2958 992 3004 aut
1030 2952 1458 3012 intellectualiter
1501 2959 1876 3017 illuminatnm.
1914 2963 2109 3020 Sacer-

536 3039 767 3095 dmalem
817 3057 976 3107 vero,
1040 3044 1110 3098 ad
1153 3045 1330 3102 divina
1378 3060 1431 3104 et
1475 3054 1704 3122 mystica
1747 3055 2108 3126 speculamina

538 3127 810 3183 ductivum
842 3141 896 3187 et
924 3133 1088 3189 totius
1119 3135 1259 3191 vitae
1300 3149 1500 3193 votum.
1529 3116 1710 3198 ionas
1749 3116 1984 3217 quoque,
2028 3146 2107 3201 fe-
2136 3116 2183 3176 Ο

535 3217 836 3274 cundarum
881 3222 1117 3292 ipsarum
1162 3228 1541 3284 custoditivum
1584 3232 1865 3301 virtutum,
1895 3244 1952 3290 et
1978 3226 2113 3290 coné

534 3320 847 3377 grcgantcm
888 3324 981 3366 eas
1020 3311 1261 3368 habitum
1311 3316 1363 3370 in
1407 3318 1639 3386 seipsum
1668 3321 1815 3376 unite
1845 3325 2110 3391 converti,

474 3440 477 3441 ν
533 3406 590 3451 et
616 3399 958 3456 circulariter
998 3418 1122 3457 cum
1168 3402 1429 3461 facilitate
1471 3423 1598 3464 casu
1642 3421 1861 3465 earente
1889 3421 2113 3469 naturae

535 3488 882 3544 similitudine
905 3491 1050 3546 circa
1073 3493 1306 3562 seipsum
1332 3495 1684 3552 circumferri.
1715 3499 1905 3573 Virgas
1926 3503 2113 3569 etiam,

538 3578 715 3645 regale
759 3595 822 3633 ac
869 3580 1078 3646 ducale,
1110 3591 1361 3651 rectaque
1397 3585 1427 3619 ι
1460 3590 1645 3644 omnia
1675 3586 1953 3648 definiens.
1985 3595 2109 3649 Teia

537 3684 663 3722 vero
700 3679 754 3723 et
791 3684 1035 3736 secures,
1078 3672 1569 3732 dissimilitudinum
1617 3682 1977 3750 scparativum
2005 3727 2020 3753 ,
2058 3698 2113 3743 et

535 3758 958 3815 discernentium
986 3762 1244 3818 virtutum
1273 3780 1519 3833 acumen,
1543 3777 1599 3825 et
1624 3770 1809 3827 eilieax
1838 3782 1892 3829 et
1922 3787 2106 3839 actuo-

534 3864 673 3904 sum.
714 3850 1048 3910 Geometrica
1087 3863 1143 3910 et
1184 3858 1443 3912 tectoniea
1492 3846 1649 3927 vasa,
1695 3861 2026 3933 fundativum
2059 3878 2119 3923 et

536 3941 929 3997 aediﬁcativum
971 3953 1027 4001 et
1067 3944 1446 4015 perfectivum,
1502 3960 1557 4004 et
1607 3967 1959 4026 quaecunque
2005 3958 2109 4012 alia

536 4033 841 4088 reducentis
880 4041 935 4087 et
970 4037 1335 4092 eonvertentis
1373 4047 1501 4096 sunt
1538 4044 1895 4100 secundorum
1930 4048 2111 4118 provi-

530 4121 765 4177 dentiae.
798 4122 893 4178 Est
935 4133 1113 4180 autem
1139 4125 1360 4195 quando
1394 4135 1449 4183 et
1492 4127 1541 4183 in
1572 4145 1669 4185 nos
1701 4129 2003 4188 divinorum
2025 4135 2112 4204 ju-

532 4212 794 4267 diciornm
821 4221 948 4268 sunt
971 4214 1212 4286 symbola
1238 4216 1347 4282 illa,
1373 4234 1511 4288 quae
1540 4233 1658 4275 acta
1680 4233 1835 4291 sunt,_
1855 4240 1884 4278 ιι
1907 4227 2110 4283 sanctis

529 4302 738 4376 angelis
760 4320 987 4375 organa,
1015 4306 1135 4361 aliis
1164 4307 1379 4376 quidem
1409 4298 1678 4367 declarant
1690 4313 1809 4369 ibus
1834 4317 2112 4386 corrigen-

533 4405 637 4448 tem
687 4395 1067 4466 discipliuam,
1120 4407 1214 4452 aut
1265 4400 1574 4470 punientem
1628 4403 1932 4474 justitiam,
1988 4406 2109 4463 aliis

528 4500 658 4541 vero
715 4496 976 4559 angustae
1040 4487 1381 4557 libertatem,
1436 4501 1528 4547 aut
1565 4493 1881 4565 disciplinae
1919 4496 2100 4564 linem,

534 4583 629 4627 aut
656 4576 851 4645 prioris
881 4578 1215 4634 constantiae
1243 4578 1269 4611 ⁸
1297 4583 1737 4652 resumptionem,
1767 4592 1859 4640 aut
1880 4589 2097 4658 opposi-

532 4665 731 4718 tioncm
759 4665 985 4719 aliorum
1020 4667 1307 4733 donorum,
1331 4685 1617 4739 parvorum
1643 4682 1734 4728 aut
1760 4691 2096 4746 magnorum,

533 4754 866 4811 sensibilium
919 4766 1012 4812 aut
1058 4759 1405 4815 invisibiiium
1445 4760 1516 4817 δε
1556 4774 1609 4820 et
1649 4767 1869 4823 omnino
1922 4768 2099 4823 forsan

529 4861 636 4902 non
659 4847 915 4904 dubitarit
946 4851 1226 4921 perspicax
1262 4853 1472 4911 animus
1494 4857 1721 4928 pulchre
1751 4860 2104 4915 invisibilihus

528 4938 768 4994 adunare
841 4940 1091 4999 visibilis.
1150 4943 1299 5015 Ipsos
1359 4946 1520 5003 etiam
1580 4959 1769 5006 ventos
1839 4950 2105 5008 nominari

525 5040 716 5081 eorum
768 5028 1107 5089 velocitatem
1151 5034 1451 5105 signiﬁcat,
1502 5047 1558 5093 et
1601 5039 1653 5093 in
1702 5041 1952 5095 omnibus
1999 5041 2111 5095 fere

2136 4447 2193 4505 Ι)

2212 1877 2431 1931 luminis
2462 1868 2893 1947 supermundane
2919 1875 3545 1950 super-reptatas..prima
3570 1873 3782 1941 appari-

2211 1966 2357 2020 tione
2374 1966 2607 2036 primam
2644 1965 3130 2041 manifestationetn
3157 1978 3415 2034 pompose
3434 1964 3789 2031 accipientes,

2210 2064 2266 2110 et
2303 2056 2472 2124 ipsam
2503 2058 2720 2124 copiose
2760 2056 2811 2110 in
2838 2071 2924 2119 ea,
2977 2069 3118 2124 quae
3156 2063 3283 2111 sunt
3309 2054 3563 2117 secundo,
3604 2053 3787 2107 lucide

2210 2156 2265 2202 et
2305 2134 2778 2217 proportionaliter
2814 2143 3197 2199 distrihueutes
3222 2162 3242 2195 :
3288 2151 3357 2197 et.
3386 2143 3503 2210 quia
3540 2140 3799 2210 genitale-

2211 2240 2292 2293 eis
2317 2248 2373 2295 et
2398 2238 2669 2295 viviﬁcum
2698 2247 2756 2292 et
2787 2237 3022 2293 activum
3054 2244 3107 2290 et
3134 2234 3478 2303 perfectivnm
3504 2232 3791 2292 subsidia

2205 2314 2359 2397 juxta
2406 2327 2823 2383 intellectualem
2873 2326 3122 2380 imhrimn
3172 2324 3597 2390 conceptionem.
3638 2338 3797 2389 quau-

2212 2419 2484 2486 excipiens
2542 2416 2977 2493 sinus‘humidis
3018 2413 3212 2484 pluviis
3260 2416 3313 2471 in
3363 2413 3553 2468 vitales
3603 2421 3788 2480 partes

2212 2518 2487 2564 evocatur.
2508 2507 2626 2578 Ipsa
2653 2516 2832 2565 autem
2862 2515 2918 2561 et
2940 2505 2961 2536 ⁸
2989 2506 3133 2561 aéris
3170 2504 3440 2563 etgelectri
3466 2511 3525 2557 et
3548 2500 3784 2570 lapidum

2212 2598 2608 2663 multicolorum
2628 2599 2865 2669 speciem
2894 2595 3162 2665 theologia
3184 2590 3785 2659 caelestibusessemiis

2212 2691 2568 2762 circumponit
2610 2692 2656 2744 ³.
2700 2690 2971 2749 Electram
3012 2688 3248 2757 quidem,
3296 2685 3455 2754 quasi
3496 2681 3785 2737 auriferae

2211 2781 2370 2837 simul
2410 2790 2465 2836 et
2490 2788 2821 2853 argenteum,
2874 2777 3140 2849 signiﬁcat
3184 2774 3586 2845 imputrihilem,
3633 2779 3694 2824 ut
3726 2771 3782 2823 in

2212 2888 2366 2937 auro,
2394 2880 2451 2928 et
2469 2856 2626 2927 simul
2650 2871 2881 2941 largum,
2905 2878 2960 2925 et
2984 2885 3089 2923 non
3135 2868 3425 2929 minutum,
3455 2874 3509 2918 et
3544 2864 3784 2917 inconta-

2211 2964 2472 3019 minatum
2499 2961 2867 3033 splendorem,
2898 2968 2955 3013 et
2982 2968 3249 3028 apertam,
3280 2963 3341 3010 ut
3372 2955 3427 3010 in
3446 2957 3786 3022 argento,"

2215 3053 2579 3118 lueiformem,
2601 3060 2654 3106 et
2678 3050 2964 3106 caelestem
2994 3047 3319 3111 claritatem.
3365 3043 3575 3099 Chaleo
3602 3050 3787 3094 autem

2213 3142 2527 3209 secundum.
2553 3124 2777 3195 traditas
2820 3138 3056 3193 rationes
3096 3136 3436 3205 aut-igneum
3462 3139 3595 3196 ,aut
3636 3129 3783 3183 auri-

2213 3234 2385 3288 forme
2452 3230 2867 3287 attribuendum.
2936 3226 3190 3296 Lapidum
3235 3240 3363 3279 vero
3416 3221 3788 3277 ntulticolores

2213 3325 2419 3393 species
2468 3322 2771 3393 signiﬁcare
2807 3319 3237 3380 aestimandum,
3283 3325 3387 3369 auc
3419 3313 3572 3381 quasi
3634 3310 3788 3367 albas

2211 3415 2517 3479 luciforme,
2567 3422 2667 3468 aut
2686 3413 2838 3482 quasi
2885 3413 3079 3468 rubeas
3120 3408 3447 3470 aurifer-nte,-
3491 3412 3585 3459 aut
3626 3402 3783 3470 quasi

2211 3505 2438 3575 pallidas
2471 3503 2707 3572 juvenile
2739 3513 2793 3557 et
2836 3518 3067 3566 novum;
3097 3511 3148 3556 et
3182 3515 3278 3569 per
3312 3496 3555 3567 singulas
3580 3492 3786 3561 species

2212 3594 2452 3648 invenies
2498 3592 2847 3663 anagogicam
2900 3592 3201 3662 typicarnm
3257 3587 3547 3656 imaginum
3594 3579 3787 3648 dijudi-

2211 3683 2500 3737 cntionem.
2563 3683 2668 3737 Sed
2717 3682 2969 3752 quoniam
3038 3681 3251 3749 quidem
3305 3680 3441 3733 haec
3488 3673 3793 3730 scettiulum.

2210 3773 2462 3827 virtutem
2508 3787 2536 3825 a
2592 3773 2745 3826 nobis
2793 3771 3121 3827 suilicieutcr
3160 3771 3301 3823 dicta
3353 3781 3474 3823 csse
3525 3763 3776 3818 arbitror».

2210 3863 2594 3917 transeundum
2640 3864 2689 3917 in
2747 3872 2987 3917 sanctam
3031 3860 3415 3914 rest-rationem
3471 3851 3782 3908 caelestium

2209 3952 2511 4013 animorum
2536 3968 2688 4007 saerc
2713 3954 2972 4022 ﬁguratae
2998 3948 3239 4004 hestialis
3265 3945 3619 4001 t'ormationis.
3650 3942 3786 3996 Leo-

2210 4058 2332 4097 nem
2360 4042 2505 4098 enim
2537 4041 2843 4111 signiﬁcare
2870 4042 3205 4115 censendum.
3230 4037 3524 4115 principale
3547 4045 3605 4093 et
3625 4035 3785 4089 mbu-

2210 4144 2376 4197 stum,
2406 4141 2460 4186 et
2505 4132 2821 4189 indomitum
2852 4112 2915 4186 et.
2948 4131 3186 4201 abditqu
3229 4112 3512 4183 iticﬂabiiis
3536 4124 3784 4179 divinitar

2157 4282 2161 4284 γ
2213 4223 2302 4288 tis,
2341 4230 2401 4276 ut
2432 4224 2603 4277 virtus
2630 4220 3039 4276 assimilativum
3065 4215 3505 4272 intellectualium
3536 4213 3781 4283 vestigio-

2211 4313 2328 4369 rum
2358 4313 2829 4370 circumvelamine
2877 4320 2933 4366 et
2970 4310 3193 4380 mystice
3244 4306 3492 4362 fortassis
3527 4316 3785 4375 pompeio

2210 4407 2408 4461 arnictu
2435 4445 2461 4469 ,.
2482 4404 2773 4459 seetmdum
2798 4402 3030 4457 divinam
3070 4398 3513 4454 illuminatiouem
3532 4396 3586 4455 in
3613 4401 3789 4448 seruam

2213 4498 2459 4553 restituto
2505 4494 2727 4551 itinere.
2764 4492 2936 4563 Ipsam
2985 4507 3112 4547 vero
3141 4490 3322 4554 horis,
3347 4487 3579 4545 validum
3598 4492 3661 4553 et
3681 4501 3783 4537 tto-

2205 4604 2352 4651 vum,
2390 4594 2443 4639 et
2470 4584 2495 4616 ⁵
2530 4582 2918 4638 intelleetuales
2956 4580 3334 4641 suicoslaturu
3382 4578 3438 4633 in
3486 4573 3779 4643 susceptio-

2207 4695 2328 4735 nem
2370 4674 2682 4732 caeleStium
2719 4683 2774 4728 et
2810 4673 3145 4743 gignentium
3184 4671 3468 4733 imbrium,
3511 4675 3563 4722 et
3596 4672 3774 4720 custoe

2208 4772 2427 4826 ditivum
2473 4779 2528 4823 et
2576 4758 3027 4837 potentissimum.
3072 4765 3245 4834 Ipsam
3304 4762 3494 4818 dehinc
3543 4755 3774 4827 aquilae,

2212 4860 2388 4931 regale
2416 4868 2473 4915 et
2498 4858 2788 4924 altiferum,
2820 4866 2873 4912 et
2894 4856 3189 4919 citivoium,
3227 4864 3283 4927 et
3318 4854 3383 4908 ad
3408 4848 3781 4922 potentiiicum

2213 4951 2521 5004 alimentum
2544 4959 2760 5004 acutum
2786 4957 2841 5003 et
2866 4947 3123 5011 sobrium,
3148 4956 3204 5000 ct
3235 4943 3389 5015 agile,
3416 4952 3469 4995 et
3497 4940 3633 4995 bene
3660 4954 3781 4990 ma-

2213 5041 2506 5104 chinatum,
2539 5052 2591 5096 ct
2624 5043 2689 5097 ad
2717 5041 2990 5110 copiosum
3024 5047 3077 5094 ct
3108 5037 3543 5097 multoluuentcut
3573 5031 3792 5086 radium

1796 5152 2049 5207 VARIAE
2085 5150 2485 5227 LECTIONES.
2750 5216 2766 5221 μ

599 5234 612 5265 ¹
637 5233 727 5289 ΒΙΙ
755 5247 863 5289 seu.
942 5238 963 5268 '
1001 5235 1090 5292 BH
1118 5248 1404 5311 rectaeque.
1486 5241 1510 5273 ⁸
1527 5241 1570 5295 Α
1596 5241 1979 5308 beneﬁcentiae.
2054 5240 2074 5272 ⁸
2095 5253 2143 5297 et
2173 5260 2281 5300 om.
2308 5243 2372 5297 Α.
2450 5242 2471 5273 ³
2501 5243 2585 5297 illi
2611 5244 2704 5296 ad.

2047 5352 2224 5407 NOTA
2233 5350 2295 5407 EI.

597 5454 629 5492 ⁸’
655 5456 850 5513 Ezech.
879 5458 918 5515 l.

597 5525 625 5630 ξ
653 5527 799 5630 ξειιὲ
830 5529 1014 5630 ξνιιι,
1034 5529 1172 5585 XIX.

594 5606 617 5698 ἶ
650 5595 908 5723 ἒῖκοξιὶ.¹ᾖι
927 5685 944 5736 ε
964 5652 1138 5721 indic.
1168 5666 1262 5733 Vl;
1287 5668 1348 5724 ιι.
1376 5668 1510 5725 Mac.
1531 5669 1601 5734 v;
1627 5669 1820 5727 Ezech.
1847 5671 2099 5737 xxxxn;

2211 5461 2375 5547 Apoc:
2405 5461 2743 5547 ΧΧΙξυιξιἮς.
2774 5460 2857 5547 ill;
2883 5460 3046 5547 ῐιιςΙι.
3072 5458 3203 5511 νιιι.

2282 5544 2307 5570 ο
2336 5532 2470 5586 Grn.
2502 5530 2739 5595 XXVIII;
2772 5531 2929 5586 Joan.
2962 5531 2998 5584 I.

2288 5603 2303 5639 ί
2334 5600 2486 5657 Joan.
2529 5600 2612 5660 ΙΙΙ,
2645 5604 2713 5664 8;
2743 5600 2908 5656 Isaiae
2935 5598 2996 5652 V.

2286 5675 2306 5709 ⁸
2338 5672 2503 5725 Isaiae
2534 5670 2653 5736 LV;
2690 5672 2853 5741 Apoc.
2891 5670 2939 5735 l;
2974 5670 3107 5724 Dan.
3139 5667 3197 5721 ll.
