4168 6284
539 287 668 340 ωτι

476 429 482 435 ι
535 398 616 449 Vl.
647 400 721 451 De
745 404 1155 463 perﬁciendorum
1173 407 1445 454 ordinibus.

480 534 486 540 _
535 468 642 519 \‘ll.
672 471 746 521 De
773 472 1078 534 perﬁciendis
1101 475 1148 523 in
1166 474 1534 525 dormientibus.

607 554 1113 610 Praeeumbentium
1157 559 1512 625 capitulorum
1560 559 1865 613 doctrinam
1917 572 2113 611 seetm-

535 648 662 701 dum
691 645 956 714 duplicem
981 647 1193 715 perﬁcit
1229 649 1463 701 modum.
1502 647 1741 701 Primum
1772 649 1915 702 enim
1946 662 2112 716 expo-
2168 694 2171 699 .

475 722 483 728 ”
534 736 625 791 nit'
656 738 759 791 hoc
779 776 796 800 ,
824 734 1094 805 quemodo
1124 738 1401 807 perﬁcitur
1431 739 1745 808 mysterium
1775 737 2021 809 capituli,
2044 752 2109 791 ac

1902 291 2182 348 JOANNIS
2220 295 2427 353 δα)τῦ

3666 308 3818 364 me

2227 414 2427 469 deinde
2481 415 2721 469 thwriac
2782 415 3057 484 quandam
3126 416 3474 472 traditionem
3523 438 3537 472 :
3615 432 3808 492 utputa

2171 540 2181 544 -
2223 507 2468 575 mysterii
2516 506 2925 563 illuntiltationis
2975 508 3247 578 expositio
3268 509 3556 579 primum;
3605 514 3807 570 deinde

2221 597 2463 651 secunda
2516 597 2722 651 theoria
2786 596 2925 663 ejus.
2980 597 3180 651 lterum
3229 600 3483 670 jtnysterii
3548 605 3809 666 caedito:

2217 688 2519 756 expositio;
2554 687 2747 743 deinde
2777 687 2985 742 theoria
3018 686 3166 756 ejus-

688 937 1139 1091 INCIPIT
1242 938 1578 1090 una
1685 938 1827 1088 IIII
1880 1176 1883 1179 _
1940 894 2851 1103 IIIIIIIIISIISIIIII
2920 820 3588 1091 IIIIIIIIIIIIIII.
3674 1080 3679 1084 ,

1089 1198 1482 1281 εΑριτυιυΜ
1525 1198 1565 1252 ῐ.

533 1333 681 1399 Quae
727 1334 792 1386 ait
840 1331 1217 1386 ecclesiasticae
1260 1329 1562 1384 lcrarchimz
1610 1330 1859 1393 traditio,
1896 1339 1942 1383 et
1978 1344 2114 1396 me

1022 1401 1255 1471 ejusdem
1303 1400 1610 1469 speculutio.

602 1533 738 1598 Quia
784 1533 999 1615 quidem
1042 1530 1338 1586 secundum
1372 1546 1469 1586 nos
1503 1531 1781 1585 Ierarcl'tia'
1819 1545 2108 1600 puerorum

470 1618 485 1625 ’
531 1622 835 1675 divinorum
876 1621 1240 1676 sacratissima
1272 1621 1476 1675 intenta
1520 1630 1682 1689 atque
1708 1621 1887 1675 divina
1940 1620 2111 1675 liabe-

470 1706 475 1710 ’
532 1723 620 1767 tur
647 1714 833 1768 deillca
866 1713 1092 1767 scientia
1123 1721 1177 1767 et
1197 1712 1515 1781 operatione
1538 1722 1592 1767 et
1615 1713 2106 1778 consummatione,

472 1814 475 1819 '
528 1820 597 1857 ex
635 1805 1087 1873 supermnndanis
1134 1813 1190 1859 et
1240 1804 1623 1860 sacratissimis
1672 1819 1770 1860 nos
1820 1806 2109 1861 ostendere

530 1900 743 1967 υνυς-ιρι
803 1897 1033 1966 eloquiis
1066 1908 1273 1952 sacrae
1329 1896 1680 1967 perfectionis
1725 1897 2107 1967 mysteriorum

528 1989 728 2046 τελετήν
755 1987 858 2051 bis,
891 1988 991 2056 qui
1020 2003 1086 2042 ex
1119 1987 1440 2043 ierarchicis
1459 1988 1812 2043 sacramentis
1859 1997 1915 2042 et
1943 1988 2107 2042 tradi-

529 2074 767 2131 tionibus
795 2076 1025 2145 perfecti
1050 2087 1195 2132 sunt.
1235 2077 1341 2133 Sed
1382 2079 1527 2143 vide,
1572 2080 1844 2148 quomodo
1888 2094 1992 2133 non
2039 2093 2105 2133 ex

528 2169 818 2238 principio,
895 2169 939 2223 si
1014 2179 1201 2223 sancta
1268 2178 1576 2224 sanctorum
1646 2180 1989 2223 revene‘rare.
2046 2167 2105 2223 Si

467 2254 483 2260 “
528 2267 709 2313 autem
742 2265 799 2312 et
834 2272 973 2327 quae
1001 2266 1128 2312 sunt
1173 2267 1383 2313 secreta
1431 2257 1524 2312 Del
1562 2256 2017 2312 intelle‘etualibus
2052 2265 2110 2311 et

530 2342 901 2402 invisibilibus
958 2347 1201 2401 scientiis
1264 2347 1669 2411 honoriﬁcabis,
1713 2346 2106 2415 impartieipata

469 2440 477 2448 '
527 2422 743 2506 quidem
773 2436 907 2492 haec
935 2447 989 2491 et
1036 2437 1463 2491 incontaminata
1505 2438 1573 2492 ab
1603 2435 1937 2506 imperfectis
1978 2451 2108 2491 con-

2142 1205 2185 1259 Λ
2216 1197 2392 1251 cltiam
2426 1195 2786 1251 laudantibus.
2835 1197 3063 1253 Tantum
3103 1214 3281 1259 tamen
3328 1205 3506 1258 dicere
3548 1221 3801 1262 necessa-

2220 1291 2380 1351 rium,
2414 1289 2686 1358 quomodo
2714 1299 2766 1343 et
2796 1291 2882 1343 illa
2917 1278 2969 1345 ei
2998 1296 3178 1350 omnis
3207 1312 3350 1350 nunc
3380 1295 3603 1352 laudans
3628 1314 3795 1367 supra

2216 1395 2312 1432 nos
2349 1378 2617 1432 lerarcbia
2651 1394 2810 1433 unam
2865 1381 3023 1436 habet
3072 1392 3125 1438 et
3169 1385 3413 1438 eandem.
3443 1400 3538 1454 per
3579 1402 3796 1444 munem

2214 1469 2567 1524 let-arelticam
2628 1460 2902 1547 actionem
2963 1473 3253 1539 virtutem,
3312 1456 3592 1547 ipsumque
3646 1494 3805 1533 sum-

2214 1548 2360 1613 mum
2398 1548 2756 1625 sacerdotem,
2799 1563 3068 1630 quomodo
3109 1565 3260 1633 juxta
3312 1579 3435 1620 eum
3482 1569 3801 1639 essentiaet

2212 1652 2457 1723 analogia
2502 1661 2555 1707 et
2587 1653 2720 1708 ordo
2765 1655 2926 1709 habet
2957 1656 3143 1725 perﬁci
3166 1658 3458 1711 soeimdum
3502 1660 3706 1724 divina,
3738 1670 3801 1715 et

2212 1741 2478 1807 deiﬁcari,
2510 1751 2563 1797 ct
2614 1743 2869 1813 subjectis
2902 1745 3114 1799 tradere
3156 1748 3452 1801 secundum
3482 1749 3800 1806 dienitatetn

2212 1832 2524 1901 unicuique,
2596 1832 2735 1889 facta
2789 1833 2836 1888 ci
2900 1833 3158 1911 divinitus
3225 1850 3379 1891 sacra
3432 1837 3794 1893 deiﬁcatione.

2208 1919 2467 1990 Ipsosque
2496 1922 2741 1977 subditos
2778 1924 2928 1991 sequi
2958 1924 3173 1992 quidem
3204 1925 3477 1989 meliores,
3505 1927 3803 1981 extendere

2209 2027 2337 2067 vero
2367 2013 2606 2066 minores
2642 2014 2691 2067 in
2718 2028 2784 2068 ea
2823 2028 2962 2082 quae
2993 2021 3115 2066 ante
3138 2021 3285 2067 sunt.
3314 2012 3581 2080 Quosdam
3610 2025 3794 2069 autem

2209 2110 2265 2153 et
2296 2116 2571 2169 praeesse,
2599 2110 2672 2164 et,
2706 2110 2966 2171 qttantum
3012 2101 3293 2170 possibile,
3321 2103 3452 2158 alios
3491 2103 3715 2165 ducere,
3735 2110 3798 2155 et

2208 2206 2304 2260 per
2336 2192 2476 2245 hanc
2504 2191 2742 2245 divinam
2792 2201 2848 2246 et
2890 2192 3248 2247 ierarchieam
3292 2192 3616 2249 harmoniam
3658 2206 3794 2251 vero

2209 2280 2538 2335 subsistente
2566 2282 2808 2335 bono'et
2850 2281 3078 2349 sapienti
3129 2290 3183 2336 et
3225 2282 3421 2352 optimo
3466 2282 3795 2351 participare

2207 2370 2629 2439 unumquodque
2670 2383 2913 2440 quaeque
2941 2370 3186 2425 virtutes.
3244 2365 3351 2426 Se'd
3400 2371 3545 2440 ipsae
3571 2372 3793 2440 quidem

2209 2458 2513 2529 supernos
2562 2461 2833 2515 essentiae
2881 2469 2941 2515 et
2988 2461 3391 2526 ordinationes,
3425 2477 3650 2531 quarum
3676 2460 3790 2529 jant

468 2528 477 2537 '
527 2539 773 2618 servans,
801 2525 986 2618 sacris
1020 2534 1199 2579 autem
1243 2524 1392 2618 solis,
1413 2617 1422 2618 ὲ
1446 2528 1737 2580 sacrorum
1771 2540 1893 2618 cum
1947 2539 2103 2618 saera
2136 2559 2183 2618 Β
2213 2549 2526 2603 memoriam
2554 2564 2763 2603 sacram
2802 2547 3051 2612 fecimus,
3083 2558 3138 2604 et
3174 2550 3539 2618 ineorporales
3571 2559 3696 2604 sunt
3734 2557 3790 2602 et

527 2613 938 2678 illuminatione,
967 2626 1155 2671 sancte
1192 2624 1247 2670 et
1287 2615 1509 2685 pulchre
1543 2617 1965 2672 communicaris.
2012 2615 2104 2673 Sic

527 2708 694 2771 enim,
726 2716 786 2761 ut
810 2706 1079 2779 theologia
1108 2707 1273 2761 Deum
1309 2706 1652 2762 laudantibus
1679 2709 1834 2763 nobis
1862 2708 2102 2775 tradidit,

490 2802 585 2850 'et
612 2794 727 2865 ipse
775 2796 932 2853 Jestts
980 2796 1347 2853 divinissimus
1387 2800 1603 2853 animus
1652 2806 1707 2853 et
1757 2812 2105 2868 superessen-

468 2888 471 2891 ’
529 2884 695 2952 tialis,
717 2888 896 2943 omnis
920 2886 1225 2943 lerarchiac
1250 2887 1779 2945 etsanctiﬁcationis
1802 2897 1858 2944 et
1886 2888 2103 2943 deiﬁca-

470 2982 475 2993 '
527 2976 692 3031 tionis
719 2978 1037 3051 principium
1068 2985 1136 3053 et
1161 2979 1397 3033 essentia
1444 2988 1499 3034 et
1529 2979 1868 3034 divinissima
1908 2980 2103 3044 virtus,

466 3068 481 3076 '
525 3065 701 3121 beatis
735 3076 789 3121 et
845 3077 1086 3122 nostrum
1136 3067 1450 3123 melioribus
1499 3069 1750 3124 essentiis
1803 3068 2105 3141 signiﬁcan-

467 3166 476 3175 ’
527 3155 635 3210 tius
676 3154 1379 3214 simul'et“intc|lectu:tlius
1411 3159 1621 3225 illucet,
1647 3168 1703 3215 ct
1739 3175 1834 3215 eas
1862 3161 1944 3215 'ad
1979 3172 2105 3230 pro-

522 3246 701 3315 prium
728 3246 909 3303 lumen
939 3248 1219 3303 assimulat
1241 3250 1532 3303 secundum
1560 3250 1833 3316 virtutem,
1866 3260 2106 3304 nostras-

523 3349 630 3405 que
662 3336 728 3390 ad
755 3352 814 3391 se
836 3345 1161 3402 extentatas,
1190 3346 1245 3391 et
1265 3352 1307 3389 π
1336 3354 1362 3391 s
1390 3337 1720 3392 extendente
1742 3338 1887 3393 bono
1921 3353 2105 3392 amore

522 3423 811 3492 eomplicat
855 3424 1055 3480 multas
1090 3425 1408 3490 alteritatves,
1465 3426 1529 3480 et
1576 3427 1637 3480 in
1684 3426 2005 3482 uniformem
2050 3437 2106 3484 et

521 3512 760 3569 divinam
795 3529 1176 3572 consummans
1211 3517 1402 3580 vitam,
1447 3517 1689 3572 habitum
1728 3527 1784 3572 et
1814 3519 2098 3583 actionem,

522 3612 770 3660 sanctam
793 3614 848 3662 et
876 3605 1152 3675 pulchram
1181 3606 1348 3660 donat
1377 3607 1591 3661 divinae
1613 3609 2062 3665 sacerdotalitatis
2084 3616 2100 3647 ¹

519 3694 801 3750 virtutem.
834 3694 1034 3750 Deinde
1063 3696 1116 3751 in
1152 3705 1394 3751 sanctam
1422 3699 1699 3755 venientes
1725 3700 1890 3755 divini
1918 3715 2102 3756 sacer-

522 3786 656 3840 dotii
682 3785 1082 3856 operationem,
1105 3788 1324 3858 propius
1352 3788 1567 3858 quidem
1599 3804 1700 3845 nos
1727 3789 1989 3845 ellicimur
2009 3807 2101 3847 su-

520 3891 618 3948 per
637 3891 736 3932 nos
753 3878 1112 3933 essentiam-tn
1143 3879 1436 3934 secundum
1469 3881 1722 3936 virtutem
1757 3881 2094 3936 similitudini
2124 3895 2171 3958 ε

521 3969 793 4024 manentis
835 3980 890 4024 et
940 3969 1292 4026 immutabilis
1336 3988 1523 4027 earum
1559 3988 1748 4029 sacrae
1790 3973 2095 4028 collocatio-

520 4059 626 4125 nis,
654 4069 711 4114 et
736 4061 756 4089 '
786 4059 888 4117 hac
922 4061 989 4115 ad
1012 4061 1232 4119 beatam
1272 4061 1397 4120 lesu
1438 4073 1487 4121 et
1519 4065 1768 4130 divinam
1794 4064 2097 4123 claritatem

521 4150 894 4220 respicientes,
923 4162 978 4205 et
1014 4168 1364 4223 quaecunque
1387 4156 1570 4210 videre
1620 4157 1893 4226 possibile,
1922 4154 2098 4224 explo-

519 4252 704 4297 rantes
730 4258 882 4298 sacre
905 4252 960 4299 et
1001 4244 1460 4315 speculationibus
1484 4247 1746 4301 scientiae
1787 4245 2101 4309 illumiuali,

520 4335 804 4404 mysticam
851 4334 1185 4404 disciplinam
1239 4335 1539 4391 consecrati
1590 4346 1645 4390 et
1688 4322 2136 4403 consecrantes,-

517 4429 828 4485 lueifortnes
878 4438 933 4485 et
977 4430 1175 4496 deiﬁci,
1223 4431 1445 4500 perfecti
1492 4440 1549 4486 et
1587 4431 1937 4501 perfectiores
1979 4433 2094 4487 ﬁeri

519 4522 836 4589 poterimus.
869 4518 1143 4584 Quaedam
1173 4520 1336 4590 igitur
1366 4522 1690 4592 Angelorum
1726 4534 1810 4578 est
1845 4532 1901 4578 ct
1923 4525 2117 4579 ArclI-'

517 4610 828 4680 angelorum
850 4608 1151 4673 lerarchia,
1166 4620 1219 4664 et
1253 4613 1745 4682 supermundalium
1762 4615 2090 4686 Principum,

519 4697 953 4762 ctPotestatttm,
1005 4708 1059 4753 et
1086 4698 1385 4767 Virtutum,
1430 4703 1994 4777 Dominationumque,
2042 4717 2099 4763 et

518 4787 822 4842 divinorum
856 4787 1341 4854 Thronorum,aut
1387 4794 1822 4862 aequipotentum
1865 4799 2096 4853 Titi-ouis

517 4886 897 4943 cssenttarum,
927 4892 1062 4948 quas
1088 4879 1352 4950 theologia
1383 4891 1589 4939 attente
1614 4895 1671 4939 et
1711 4903 1924 4958 semper
1950 4891 2092 4943 circa

517 4973 687 5026 Deum
744 4986 865 5026 esse
912 4980 967 5025 et
1018 4980 1141 5042 post
1189 4972 1355 5028 Deum
1413 4959 1598 5041 tradit,
1659 4977 1944 5032 Cberubim
2000 4993 2095 5033 eas

517 5060 881 5117 Hebraeorum
905 5078 1035 5118 voce
1060 5074 1115 5118 et
1133 5063 1418 5133 Serapltitn
1452 5066 1738 5121 nominans
1762 5087 1775 5121 :
1805 5076 2090 5122 oruatuunt

513 5171 702 5211 eorum
731 5165 787 5212 et
812 5156 1205 5212 lerarcltiarum
1233 5166 1450 5226 sanctos
1477 5159 1696 5214 ordines
1724 5170 1778 5233 et
1803 5158 2092 5215 divisiones

2209 2640 2540 2703 invisibiles,
2583 2649 2638 2695 et
2686 2642 3116 2710 supermuudana
3166 2650 3250 2695 est
3296 2641 3591 2697 secundum
3644 2641 3788 2708 ipsas

2205 2731 2475 2787 lerarclIia
2502 2750 2515 2786 :
2545 2748 2664 2785 eam
2692 2747 2819 2786 vero
2843 2733 3135 2787 secundum
3170 2748 3269 2786 nos
3293 2718 3537 2785 videmus
3562 2744 3789 2801 prapot-

2206 2821 2478 2877 tionaliter
2510 2822 2663 2877 nobis
2686 2822 2817 2891 ipsis
2852 2821 3184 2877 sensibilium
3214 2821 3581 2889 symbolarum
3608 2822 3781 2877 varie~

2209 2921 2317 2968 tate
2362 2912 2793 2981 multiplicatam,
2826 2928 2891 2966 ex
2936 2912 3128 2981 quibus
3171 2911 3470 2965 ierarcbice
3500 2911 3551 2963 in
3582 2910 3785 2965 unifor-

2206 3019 2346 3057 mem
2389 3004 2600 3057 tlteosin
2645 3004 2696 3057 in
2743 3018 3144 3066 commensura,
3195 3016 3334 3070 quae
3362 3002 3658 3055 secundum
3691 3017 3789 3056 nos

2206 3104 2307 3158 est,
2365 3095 2694 3159 reducimur,
2758 3093 3036 3163 Deumque
3103 3104 3159 3147 et
3214 3093 3448 3147 divinant
3506 3092 3784 3148 virtutem.

2207 3184 2359 3254 Ipsae
2387 3184 2627 3253 quidem,
2656 3192 2719 3238 ut
2752 3183 3079 3247 intellectus,
3106 3181 3406 3251 intelligunt
3448 3181 3601 3251 juxta
3645 3184 3786 3251 quod

2206 3280 2286 3332 eis
2330 3276 2413 3330 fas
2458 3284 2541 3329 est
2572 3291 2714 3330 :nos
2768 3290 2899 3330 vero
2949 3273 3291 3330 sensibilibus
3350 3273 3672 3343 imaginibus
3729 3275 3783 3327 in

2205 3368 2459 3430 divinas,
2508 3375 2768 3435 quantum
2828 3364 3079 3435 possibile
3130 3375 3246 3429 est,
3302 3364 3609 3419 reducimur
3653 3378 3783 3418 cou-

2207 3457 2599 3528 templationes.
2661 3457 2904 3527 Veroque
2973 3453 3302 3517 dicendum,
3355 3470 3519 3509 unmn
3568 3454 3780 3522 quidem

2205 3558 2309 3613 est,
2349 3548 2499 3616 cujus
2548 3563 2738 3602 omnes
2784 3545 3086 3601 uniformes
3131 3553 3414 3615 appetunt,
3462 3543 3785 3614 participant

2206 3657 2334 3694 vero
2370 3655 2474 3692 non
2508 3639 2849 3693 uniformiter
2869 3637 3059 3692 eodem
3087 3644 3143 3690 et
3196 3651 3304 3689 uno
3344 3644 3489 3699 cute,
3514 3634 3604 3688 sed
3637 3634 3790 3687 sicut-

2208 3729 2495 3799 unicuique
2531 3727 2708 3783 divina
2732 3727 2860 3798 juga
2901 3726 2922 3758 ³
2968 3724 3292 3781 distribuunt
3315 3723 3468 3793 juxta
3496 3721 3783 3792 dignitates

2208 3831 2436 3891 partem.
2477 3819 2584 3874 Sed
2622 3818 2768 3873 haec
2783 3818 3000 3887 quidem
3027 3814 3182 3870 nobis
3226 3814 3279 3868 in
3303 3831 3391 3877 ea,
3422 3826 3564 3889 quae
3603 3821 3686 3867 est
3712 3812 3780 3866 de

2203 3911 2500 3967 visibilibus
2549 3918 2573 3951 δ
2628 3895 3088 3971 elseusibilibus,
3138 3906 3349 3959 actione
3401 3896 3571 3959 multo
3621 3903 3789 3956 latius

2203 4003 2427 4059 dicenda
2465 4010 2609 4056 sunt.
2651 3999 2806 4054 Nunc
2838 4012 2968 4053 vero
2991 4004 3231 4050 nostram
3260 3994 3609 4057 lerarchiam,
3633 3990 3778 4062 p'rin-

2201 4096 2508 4167 cipiumque
2530 4093 2645 4163 ejus
2674 4101 2728 4146 et
2749 4089 3058 4153 essentiam,
3099 4096 3360 4155 quantmn
3391 4084 3645 4156 possibile
3668 4091 3779 4147 est,

2201 4188 2381 4243 dicere
2414 4184 2649 4248 te‘ntabo,
2673 4182 2912 4237 omnium
2941 4178 3331 4233 lcrarcltiarum
3362 4176 3682 4247 principium
3721 4183 3777 4229 et

2199 4276 2722 4335 consummationem
2776 4268 2960 4327 desum
3018 4268 3291 4323 invocans.
3325 4266 3420 4319 Est
3455 4266 3671 4335 quidem
3699 4265 3779 4320 le-

2199 4367 2427 4424 rarchia,
2444 4366 2646 4430 omnis,
2676 4362 2972 4418 secundum
2997 4354 3315 4413 honorabile
3338 4363 3560 4410 nostrae
3587 4368 3775 4410 sacrae

2199 4456 2525 4520 traditionis,
2553 4440 2730 4509 omnis
2766 4451 3134 4520 subjectorum
3179 4461 3459 4502 sacrorum
3499 4446 3654 4509 ratio,
3682 4453 3775 4498 attt

2196 4543 2655 4602 universalissima
2684 4539 2841 4608 hujus
2870 4538 3115 4593 fortassis
3143 4535 3471 4598 lerarcltiac,
3495 4542 3589 4587 aut
3612 4533 3771 4602 hujus

2196 4648 2475 4692 sacrorum
2512 4629 2929 4687 consummatio.
2960 4627 3157 4682 Nostra
3195 4626 3358 4697 igitur
3395 4622 3656 4679 lerarebia
3686 4622 3773 4675 di-

2195 4728 2337 4783 citur
2359 4733 2414 4781 et
2441 4733 2525 4781 est
2552 4722 2835 4778 continens
2856 4719 3118 4787 omnium,
3143 4732 3283 4788 quae
3303 4717 3452 4787 juxta
3473 4729 3588 4768 eam
3613 4723 3771 4777 sunt,

2195 4830 2475 4871 sacrorum
2514 4812 2657 4866 actio
2681 4825 2701 4866 :
2731 4809 3024 4865 secundum
3051 4823 3215 4877 quam
3241 4807 3448 4861 divinus
3486 4802 3775 4858 lerarcltes

2195 4902 2465 4973 perfectus
2492 4902 2741 4957 omnium
2781 4899 3024 4964 habebit,
3065 4913 3206 4967 quae
3259 4896 3547 4953 secundum
3589 4894 3773 4965 ipsum

2194 5001 2340 5058 sunt,
2370 4992 2855 5048 sacratissimorum
2880 4989 3370 5060 participationem,
3392 4994 3577 5056 utpote
3598 4985 3770 5041 lerar-

2196 5083 2296 5137 clIa
2320 5080 2756 5154 cognominatus.
2791 5078 2943 5133 Sicut
2965 5079 3108 5133 enim
3138 5077 3467 5132 lerarehiam
3496 5077 3587 5146 qui
3618 5076 3779 5142 dicit,

2194 5172 2433 5228 omnium
2459 5170 2618 5226 simul
2651 5170 3098 5239 comprehensam
3122 5169 3254 5223 dicit
3283 5182 3565 5227 sacrorum
3593 5168 3774 5237 dispo—

514 5259 851 5314 consequens
898 5245 1139 5300 invenies
1180 5246 1236 5300 in
1263 5247 1344 5301 eis
1388 5257 1653 5313 "051mm.
1688 5264 1795 5302 ιιοιι
1821 5249 2088 5319 COIIdigue
2120 5252 2165 5309 Ι)
2196 5264 2447 5318 sitionem
2477 5275 2493 5314 :
2522 5261 2601 5317 sic
2629 5260 2913 5316 lerarchen
2948 5259 3158 5324 dicens,
3183 5255 3429 5314 declarat
3467 5257 3773 5314 mirabilem

514 5336 751 5407 quidem,
779 5344 837 5388 ut
865 5338 1117 5405 possibile
1157 5346 1359 5402 autem,
1406 5347 1461 5392 et
1507 5349 1563 5393 ut
1600 5340 1866 5410 theologia
1898 5359 2088 5398 sacra-

515 5425 738 5482 tissimis
768 5420 1063 5493 Scripturis
1112 5427 1531 5491 subintroduxit,
1573 5428 1724 5497 juxta
1778 5445 1871 5486 eas
1920 5432 2089 5490 lerat»

2197 5361 2252 5410 et
2277 5351 2515 5408 divinum
2538 5351 2740 5415 virum,
2762 5348 2941 5404 omnis
2968 5362 3158 5403 sacrae
3183 5346 3455 5402 erudith
3484 5348 3773 5415 scientiae,

2200 5445 2252 5500 in
2282 5457 2388 5514 quo
2407 5456 2540 5513 pure
2567 5455 2662 5496 sua
2697 5439 2963 5495 lerarchia
2995 5442 3170 5494 omnis
3193 5436 3472 5509 perﬁcitur
3497 5447 3553 5493 et
3572 5454 3769 5510 cogno-

1809 5543 2058 5609 VARIAE
2095 5548 2491 5647 LECﬁ‘lONES.
2698 5616 2702 5621 λ
2998 5620 3005 5623 _

579 5655 598 5684 ⁸
624 5650 719 5705 BE
745 5651 1100 5706 sacerdotalis.
1202 5656 1220 5680 ²
1266 5651 1353 5706 BH
1378 5670 1460 5706 ex.
1540 5656 1559 5686 ³
1590 5656 1675 5711 llll
1692 5657 1842 5729 jura.
1926 5664 2095 5719 ἈΗΕ
2117 5667 2179 5718 dc
2218 5661 2574 5725 iuris-Milibus,
2618 5660 2702 5730 (de
2730 5677 2835 5714 om.
2871 5660 2953 5730 li).
2994 5668 2998 5672 ‘
