4168 6284
341 327 480 385 1675

898 323 1146 377 γεειδιο
1183 321 1466 377 OPliRUM
1505 322 1561 376 S.
1608 317 1920 375 OMNIS“.
1950 316 2023 357 ἔ·-
2056 315 2588 372 ECCLESIASTICA
2629 314 3026 371 lEliABtZUlA.

3464 304 3597 366 tu’tt

331 439 525 505 status.
558 435 730 501 Hujus
757 430 1079 503 principium
1107 430 1436 493 lerarchiae,
1472 430 1594 484 fotu;
1618 431 1782 492 vitae,
1814 438 1913 482 es-r‘
1936 431 1977 486 Λ
2011 443 2113 481 non
2148 437 2370 496 propter
2410 427 2713 481 immundos
2750 427 2921 480 solum
2944 467 2957 490 ,
2996 427 3192 495 quibus
3221 436 3319 483 uc‘c
3356 426 3599 498 symbola

335 527 509 582 sentia
538 523 817 583 bonitatis,
849 537 954 589 una
982 521 1331 575 resistentium
1357 534 1519 576 causa
1552 521 1814 584 Trinitas,
1844 536 1912 576 ex

336 631 449 691 qua
468 625 522 671 et
552 629 670 668 esse
697 621 753 667 et
796 612 931 665 bene
959 624 1079 667 esse
1102 610 1521 667 subsistentibus
1571 626 1670 680 per
1704 611 1916 665 bottita-

282 771 288 777 _
336 719 466 761 tem.
497 707 607 760 llac
640 705 880 759 omnium
920 703 1235 757 summitate
1258 704 1591 773 divinissitna
1634 704 1915 773 principali

337 798 689 860 beatitudine,
723 797 861 850 trina
894 794 1081 857 unica,
1123 810 1249 850 vere
1300 795 1585 860 existente,
1617 794 1915 873 secundum

338 889 492 942 nobis
567 885 1143 954 incotnprebensibile,
1221 884 1349 938 huic
1408 882 1916 938 desiderabilissima

337 981 586 1035 voluntas
627 980 845 1049 quidem
893 986 979 1034 est
1030 978 1309 1033 rationalis
1347 978 1498 1032 salus
1524 986 1580 1031 et
1624 978 1918 1032 secundum

342 1084 441 1122 nos
464 1077 519 1122 et
545 1084 708 1137 super
731 1083 828 1122 nos
849 1068 1230 1122 essentiarum.
1259 1067 1404 1121 llaec
1425 1076 1605 1121 autem
1631 1083 1734 1120 non
1764 1066 1924 1121 aliter

341 1162 456 1215 ﬁeri
484 1169 683 1229 potest,
714 1160 821 1215 nisi
851 1159 1117 1214 deiﬁcatis
1168 1159 1409 1214 solvatis.
1445 1158 1720 1213 Deiiiratio
1742 1167 1921 1211 autem

341 1251 514 1303 estad
538 1248 729 1310 Deum,
750 1256 1010 1317 quantum
1040 1248 1319 1316 possibile,
1343 1258 1395 1302 et
1423 1247 1717 1301 similitudo
1739 1256 1789 1300 et
1814 1246 1928 1299 uni-

346 1348 449 1393 tas.
473 1336 629 1393 Omni
656 1348 837 1392 autem
865 1339 965 1393 hoc
986 1352 1271 1391 commune
1293 1337 1594 1392 lerarcbiae
1634 1351 1923 1397 somnium,

345 1430 412 1482 ad
446 1428 615 1485 Deum
646 1437 701 1483 et
744 1428 925 1481 divina
977 1437 1182 1496 attenta
1216 1428 1452 1491 dilectio,
1483 1426 1740 1481 divinitus
1765 1436 1927 1494 atque

300 1508 303 1513 ’
345 1526 596 1586 potenter
620 1516 943 1578 sacrificam,
972 1526 1027 1591 et
1053 1516 1123 1570 ab
1151 1531 1339 1571 eorum
1370 1515 1660 1570 contrariis
1689 1514 1924 1583 perfecta

344 1617 399 1660 ct
425 1604 848 1660 inconversibilis
873 1606 1127 1669 reversio,
1147 1606 1382 1676 cognitio
1394 1591 1604 1670 eorum,
1622 1619 1759 1672 quae
1775 1612 1923 1666 sunt,

344 1710 484 1765 quae
506 1711 592 1759 ea,
620 1709 760 1770 quae
788 1704 936 1760 sunt,
964 1704 1070 1760 est,
1092 1695 1473 1751 intellectualis
1502 1695 1745 1750 veritatis
1769 1705 1825 1747 et
1848 1693 1925 1746 vi-

1972 538 1978 545 -
2018 529 2240 587 tangere
2284 517 2389 579 fas,
2441 517 2536 571 sed
2564 517 2688 585 quia
2730 527 2785 571 et
2832 518 3134 587 symbolica
3177 521 3441 587 quaedam
3490 529 3605 575 est.

1972 648 1981 659 .
2018 608 2170 674 Quod
2193 594 2409 676 quidem
2438 607 2548 660 dixi
2582 607 3056 675 proportionalitcr
3085 609 3239 662 nobis
3265 609 3394 679 ipsis
3417 619 3603 667 nostra

1974 742 1982 751 .
2022 698 2319 761 lerarcbia,
2369 697 2689 753 desiderans
2735 697 3010 752 sensibilia
3064 699 3114 751 in
3154 715 3272 753 eam
3309 716 3375 754 ex
3425 702 3506 755 eis
3533 701 3603 757 ad

1976 830 1983 835 .
2022 787 2309 843 invisibilia
2356 788 2673 843 diviniorem
2709 798 2949 843 nostram
3006 789 3392 846 reductionem.
3434 791 3604 848 Reve-

2022 878 2210 933 lamiae
2258 890 2436 934 tamen
2467 891 2587 935 suut
2623 881 2990 951 symbolarum
3020 882 3259 936 rationes
3287 883 3482 937 divinis
3512 899 3602 938 sa-

2023 973 2132 1026 cris
2175 971 2584 1042 perfer-toribus.
2618 971 2762 1037 Quas
2808 989 2910 1039 pou
2942 982 3023 1025 est
3047 972 3253 1038 justum
3284 974 3517 1028 educere
3549 974 3601 1027 in

2025 1065 2200 1118 adhuc
2225 1065 2605 1134 perliti-.icndos,
2629 1063 2885 1125 scientes,
2907 1065 3175 1131 quomodo
3193 1079 3470 1118 sacrorum
3496 1065 3606 1118 Deo

1977 1172 1985 1177 '
2028 1158 2274 1210 tradente
2300 1155 2639 1225 lcgislatores
2667 1165 2955 1208 ornatuum
2980 1156 3195 1207 statutis
3219 1164 3273 1208 et
3313 1155 3607 1211 int-onfusis

2025 1245 2325 1308 ordinibus,
2351 1254 2405 1298 et
2447 1259 2770 1313 unoquoque
2798 1244 3092 1297 secundum
3125 1243 3439 1312 dignitatem
3467 1247 3608 1299 acci-

2028 1334 2211 1405 piente
2258 1333 2696 1404 proportionibus
2723 1341 2777 1385 et
2811 1331 2983 1385 sacris
3028 1330 3498 1384 distrilmtionibus
3522 1331 3608 1385 le-

1988 1460 1995 1465 -
2030 1427 2299 1482 rarcbiam
2325 1426 2731 1479 ordinaverunt.
2778 1422 3004 1492 Propter
3031 1423 3173 1491 quod
3216 1430 3273 1476 et
3310 1422 3415 1475 tuis
3440 1421 3611 1477 sacris

2029 1519 2461 1576 confessionibus
2498 1520 2747 1581 credens,
2778 1518 3051 1571 recordari
3094 1517 3237 1571 enim
3266 1531 3452 1570 earum
3493 1530 3611 1570 san-

2028 1618 2173 1664 ctum
2201 1619 2304 1673 est,
2354 1609 2436 1663 sic
2478 1624 2694 1662 omnem
2739 1608 2955 1677 «tandem
2998 1607 3396 1676 Stlpct'posilttltl
3424 1605 3609 1659 lerat-

2029 1700 2247 1755 cbicam
2266 1707 2508 1761 sanetam
2540 1698 2749 1751 laudent
2778 1704 2800 1734 ¹
2829 1714 2933 1751 non
2964 1696 3144 1750 trades
3189 1695 3369 1758 alteri,
3420 1704 3611 1749 contra

342 1787 424 1839 sio
448 1794 502 1838 ct
521 1767 770 1844 scientia,
789 1784 1074 1840 uniformis
1094 1784 1575 1840 consummationis
1597 1784 1775 1861 divina
1793 1797 1922 1852 par-
1949 1773 2003 1832 B
2026 1780 2198 1859 ama
2225 1791 2509 1844 ordinatos
2566 1790 2661 1843 tibi
2711 1788 3001 1844 deiter-mes
3029 1804 3213 1842 sacros
3256 1766 3608 1856 perfectum.

299 1954 304 1961 .
344 1876 611 1946 ticipatio,
648 1876 818 1944 ipsius
845 1876 1026 1941 unius,
1066 1885 1326 1944 quantum
1372 1875 1647 1945 possibile,
1675 1885 1919 1929 contem-
1994 1904 1995 1907 η
2027 1882 2237 1951 Easque
2268 1880 2490 1947 patieris
2520 1879 2764 1933 cmtﬁteri
2813 1879 3104 1934 secundum
3134 1878 3301 1947 legem
3351 1876 3613 1930 ierarcbi-

342 1964 600 2034 plationis
647 1963 889 2029 refectio,
919 1966 1162 2020 nutriens
1211 1965 1553 2021 invisibiliter
1581 1974 1637 2019 et
1666 1964 1922 2019 deiﬁcans
2022 1986 2166 2034 cam,
2212 1972 2534 2024 mundorum
2584 1971 2800 2038 quidem
2857 1970 3055 2024 mtmda
3084 1968 3345 2037 tanger’e,
3376 1982 3615 2022 comma.

302 2124 307 2125 γ
342 2070 558 2109 omnem
589 2055 642 2109 in
673 2069 733 2110 se
763 2064 1066 2110 extentum.
1117 2056 1372 2111 Dicamus
1402 2058 1602 2126 itaque,
1656 2056 1923 2126 quomodo
1990 2075 1995 2079 ’
2025 2061 2316 2128 nicareque
2340 2059 2469 2114 solis
2490 2061 2912 2114 deiiicativorum
2937 2059 3156 2120 divinis,
3178 2067 3232 2113 et
3250 2057 3612 2127 perfecturum

343 2144 524 2197 divina
573 2144 862 2207 beatitudo,
895 2155 1086 2200 natura
1114 2146 1383 2205 divinitas.
1420 2146 1741 2217 principium
1771 2145 1922 2200 deiti-
1998 2146 2358 2219 iperfectivis,
2387 2148 2700 2218 sanctisque
2732 2149 3217 2204 sanctissimornm.
3260 2146 3614 2216 Aliorumque

344 2236 601 2300 nationis,
652 2252 717 2291 ex
744 2252 851 2307 quo
896 2237 1133 2291 deiﬁcari
1161 2238 1426 2291 deilicatis
1470 2238 1711 2292 bonitate
1745 2237 1922 2290 divina
2027 2240 2457 2296 ierat-chimrum
2490 2239 2583 2294 tibi
2610 2240 2796 2294 ethoc
2822 2239 3018 2294 tradidi
3051 2238 3235 2293 divino
3259 2236 3420 2292 dono.

344 2325 675 2379 lerarcbiam
711 2325 762 2378 in
810 2325 984 2379 salute
1011 2334 1067 2377 et
1101 2326 1307 2379 unitate
1342 2326 1579 2381 omnium
1603 2334 1659 2379 et
1694 2325 1924 2378 rationa-

348 2416 480 2469 lium
526 2425 582 2470 et
624 2415 1061 2470 iutrllectualium
1091 2416 1447 2469 essentiarum
1472 2402 1716 2469 donavit.
1749 2414 1814 2468 Et
1840 2431 1925 2467 sn-

349 2504 735 2576 permundanis
764 2505 978 2573 quidem
1010 2514 1065 2558 et
1089 2504 1262 2560 beatis
1299 2506 1571 2574 quietibus
1601 2505 1924 2559 immateria-

351 2596 454 2651 lius
503 2603 557 2649 et
602 2593 1031 2649 intcllectualius.
1100 2592 1214 2647 Eon
1272 2594 1416 2647 enim
1457 2594 1796 2647 extrinsecus
1835 2607 1927 2645 eas

350 2684 494 2738 Deus
535 2685 587 2738 in
626 2683 808 2739 divina
838 2693 1098 2753 moveret,
1144 2683 1489 2737 invisibiliter
1537 2692 1717 2737 autem
1756 2691 1811 2735 et
1849 2682 1926 2736 iu-

352 2773 619 2829 trinsecus
668 2773 994 2827 illuminatas
1036 2788 1154 2827 eam
1206 2772 1260 2826 in
1291 2786 1348 2826 se
1376 2787 1564 2840 puram
1604 2780 1661 2827 et
1689 2772 1928 2826 immate-

349 2863 539 2918 rialem
567 2864 956 2933 diriuissimam
988 2862 1334 2916 voluntatem.
1375 2860 1542 2915 Nobis
1562 2868 1763 2924 autem,
1785 2859 1926 2929 quod

351 2954 540 3008 illiset
594 2953 935 3007 unii'ormiter
978 2962 1033 3007 et
1087 2952 1370 3006 connexim
1419 2952 1670 3014 donatur,
1704 2965 1767 3004 ex
1821 2950 1928 3003 Deo

356 3042 570 3096 traditis
595 3040 844 3112 eloquiis,
876 3051 1131 3111 quantum
1179 3042 1331 3095 nobis
1364 3040 1635 3110 possibile,
1667 3039 1720 3093 in
1751 3041 1926 3094 varie-

2565 2371 2961 2451 CAPITULUM
3010 2349 3099 2426 IL“

2382 2481 2454 2537 De
2489 2484 2824 2553 perﬁciendis
2847 2485 2902 2539 in
2926 2485 3256 2553 pltotismate.

2097 2597 2309 2651 Dictum
2339 2604 2422 2649 est
2452 2595 2616 2664 igitur
2647 2609 2674 2646 a
2711 2594 2865 2649 nobis
2890 2609 3069 2658 sacre,
3096 2593 3364 2663 quomodo
3387 2594 3502 2664 ipsa
3529 2599 3616 2649 est

2000 2684 2320 2740 secundum
2368 2699 2467 2739 nos
2513 2682 2818 2737 lerarcbiae
2860 2682 3268 2751 interpretatio,
3322 2682 3388 2735 ad
3443 2682 3615 2737 Deum

2026 2786 2235 2842 nostra,
2269 2782 2528 2845 quantum
2556 2773 2705 2836 licet,
2727 2783 2783 2827 et
2804 2771 3107 2826 similitudo
3134 2780 3189 2826 et
3218 2773 3412 2827 unitas.
3448 2771 3618 2842 Hujus

2027 2879 2228 2929 au'em,
2265 2875 2323 2919 ut
2347 2865 2524 2920 divina
2569 2865 2764 2919 docent
2807 2863 3041 2932 eloquia,
3065 2862 3432 2931 piissimorum
3458 2876 3612 2916 man-

2005 2959 2276 3013 datorum
2321 2954 2697 3009 dilectiouibns
2740 2961 2797 3006 et
2836 2952 3008 3007 sacris
3051 2950 3357 3005 actionibus
3375 2948 3615 3018 jucunde

2030 3045 2362 3115 perlicimur.
2413 3041 2648 3097 Servabit
2677 3041 2833 3103 enim,
2880 3040 3073 3109 inquit,
3108 3037 3331 3108 diligens
3374 3054 3456 3091 me
3501 3053 3619 3092 ocr-

314 3207 322 3213 σ
357 3140 465 3186 tate
493 3142 545 3186 et
569 3132 909 3188 multitudine
956 3132 1337 3202 separabilium
1374 3130 1735 3203 symbolarum
1767 3126 2001 3187 dona-aC
2035 3138 2163 3190 bum
2180 3151 2372 3197 meum,
2403 3144 2451 3189 et
2484 3133 2647 3186 Pater
2672 3149 2818 3186 utens
2867 3131 2889 3163 ³
2929 3130 3109 3201 diliget
3154 3146 3292 3193 eunt,
3318 3139 3367 3183 et
3405 3129 3476 3182 ad
3497 3144 3617 3183 eum

356 3226 467 3272 tum
490 3228 590 3273 est.
629 3216 874 3272 Essentia
922 3219 1064 3272 enim
1118 3226 1334 3273 nostrae
1363 3217 1666 3272 lerarcbiae
1701 3226 1783 3271 est
1824 3216 1933 3272 Deo

355 3309 552 3365 tradita
577 3311 811 3380 eloquia.
846 3309 1194 3365 Sanctissima
1226 3319 1406 3364 autem
1448 3309 1658 3380 eloquia
1684 3309 1818 3363 baec
1852 3308 1932 3361 di-

352 3398 553 3465 cimus,
596 3414 949 3470 quaecunque
979 3416 1007 3452 a
1059 3398 1254 3453 divinis
1296 3399 1498 3454 nostris
1572 3413 1727 3453 sacre
1761 3396 1936 3466 perfe-

350 3495 593 3549 ctoribus
615 3493 670 3545 in
697 3490 1044 3561 agingraphis
1084 3489 1240 3543 nobis
1270 3498 1325 3542 et
1370 3488 1685 3559 tbeologicis
1737 3488 1935 3540 donata

354 3594 481 3641 sunt
527 3583 703 3638 deliis.
745 3565 907 3651 Atqui
958 3592 1010 3635 et
1055 3595 1407 3655 quaecunque
1459 3581 1527 3635 ab
1582 3581 1713 3649 ipsis
1766 3578 1938 3633 sacris

322 3746 325 3747 ν
352 3674 483 3729 viris
504 3672 929 3728 immaterialiori
953 3670 1194 3726 doctrina
1219 3680 1276 3724 et
1299 3672 1505 3725 minore
1526 3665 1797 3740 quomodo
1818 3669 1933 3739 jam

357 3765 575 3819 caelesti
626 3763 919 3827 lerarcbia,
965 3778 1030 3817 ex
1058 3762 1332 3816 intellectu
1386 3763 1437 3816 in
1470 3762 1803 3817 intellectmn
1845 3778 1940 3830 per

361 3853 597 3907 medimn
643 3852 865 3906 verbum
915 3850 1191 3920 corporale
1238 3852 1479 3920 quidem,
1531 3851 1949 3905 immateriaiius

326 3959 495 4022 .vero
543 3953 721 3997 tamen
767 3952 923 3996 extra
969 3943 1286 4012 scripturam
1332 3943 1497 3998 duces
1524 3943 1692 3997 nostri
1744 3942 1939 4003 eruditi

361 4044 507 4090 sunt.
532 4032 717 4105 Neque
732 4035 864 4090 haec
885 4035 1254 4089 divinismnmi
1276 4036 1591 4094 sacerdotes
1612 4035 1662 4088 in
1687 4033 1938 4088 sacrificii

362 4139 668 4189 romtnuuc,
700 4140 806 4178 non
839 4125 1025 4178 relatis
1051 4109 1429 4189 invisibilibus,
1461 4125 1554 4178 sed
1598 4124 1651 4179 in
1682 4121 1942 4193 symbolis

362 4217 534 4272 sacris
557 4217 910 4271 tradiderunt.
940 4215 1035 4271 Est
1056 4216 1197 4271 enim
1231 4232 1335 4270 non
1366 4214 1542 4269 onmis
1567 4214 1818 4275 mundus,
1848 4226 1942 4265 ne-

362 4321 468 4374 que
506 4309 766 4368 omnium,
807 4316 865 4361 ιιι
895 4307 1104 4376 eloquia
1142 4307 1314 4370 aiunt,
1345 4292 1571 4360 scientia
1597 4317 1645 4357 ι.
1681 4303 1943 4359 Necessa-

365 4397 446 4449 rio
478 4396 641 4468 igitur
682 4397 840 4466 primi
871 4386 1086 4452 nostrae
1123 4384 1428 4451 lera‘rcbiae
1457 4395 1621 4451 duces
1645 4411 1711 4449 ex
1760 4411 1941 4465 supcr-

364 4490 640 4545 essenliali
690 4490 916 4559 deitate,
966 4492 1065 4561 ipsi
1117 4490 1300 4546 divino
1351 4488 1536 4558 repleti
1576 4489 1740 4554 dono,
1785 4498 1842 4543 et
1888 4489 1942 4543 in

366 4580 596 4651 idipsmn
624 4583 815 4639 deinde
862 4585 1075 4654 praeire
1119 4598 1183 4638 ex
1229 4583 1408 4637 divina
1441 4583 1679 4637 bonitate
1710 4591 1726 4621 ι
1770 4580 1941 4645 missi,

364 4680 421 4725 et
455 4671 552 4740 ipsi
596 4687 725 4728 vero
769 4673 985 4741 copiose
1018 4672 1285 4737 aniantes,
1318 4656 1571 4742 tanquam
1602 4670 1710 4736 Dii,
1730 4684 1940 4733 eorum,

330 4814 337 4817 τ
365 4765 454 4832 qui
487 4775 604 4833 post
641 4781 702 4820 se
731 4774 879 4831 sunt,
906 4765 1237 4820 reductionis
1282 4774 1338 4820 et
1365 4764 1743 4827 deificationis,
1767 4762 1940 4817 sensi-

367 4855 563 4911 bilibus
585 4857 909 4927 imaginibus
934 4856 1349 4925 supercaelestia
1377 4863 1431 4910 et
1450 4855 1708 4910 varietate
1730 4864 1786 4908 et
1809 4852 1942 4907 mul-

338 4992 343 4997 .
371 4943 598 4998 titudiue
626 4946 935 5010 conuexim,
967 4954 1024 5000 et
1068 4947 1123 5001 in
1156 4944 1407 5000 Immanis
1431 4944 1635 5005 divina,
1661 4953 1716 4997 et
1756 4945 1809 4997 in
1836 4959 1949 4998 ma—

338 5032 650 5099 .tcrialibus
683 5035 1083 5103 immaterialia,
1123 5044 1179 5091 et
1217 5036 1304 5090 his
1326 5049 1463 5104 quae
1501 5034 1792 5087 secundum
1845 5048 1944 5087 nos

344 5129 498 5193 _suut
548 5125 1045 5193 superesscntialia,
1092 5125 1311 5194 scriptis
1343 5140 1456 5176 suis
1504 5130 1689 5175 etnon
1728 5122 1943 5188 scriptis

350 5209 656 5285 doctrinis,
703 5213 999 5266 Secundum
1025 5229 1211 5268 sacras
1257 5213 1415 5267 nobis
1462 5211 1722 5265 dederunt
1752 5209 1937 5279 leges:

351 5382 365 5409 ρ

351 5429 357 5450 ⁷
449 5431 535 5486 ’il
573 5433 783 5500 pietate.
862 5440 881 5468 ²
922 5432 964 5486 Ε
1012 5430 1366 5484 Ierarclticam
1407 5428 1689 5500 secundum
1718 5428 1947 5486 Iaudem.

376 5499 623 5558 habentis
661 5500 951 5567 uiuentis,
976 5501 1139 5565 illud;
1174 5501 1214 5554 A
1245 5500 1510 5563 habentis,
1536 5499 1756 5553 existens
1790 5501 1937 5558 illud.
1976 5558 1983 5569 ,

2039 3230 2317 3290 veniemus,
2346 3238 2391 3281 et
2420 3227 2743 3281 mansionem
2771 3224 2912 3295 apud
2933 3237 3053 3277 eum
3077 3222 3330 3293 faciemus
3353 3221 3402 3274 δ.
3437 3219 3621 3287 Quod-

2010 3325 2161 3377 *dam
2217 3332 2348 3389 ergo
2409 3325 2493 3372 est
2540 3316 2863 3386 principium
2932 3312 3427 3368 sanctissimorunr
3463 3324 3619 3364 man-

2038 3411 2286 3466 datorum
2325 3420 2516 3463 sacrae
2542 3406 2793 3464 actionis,
2830 3404 2896 3458 ad
2923 3403 3153 3456 aliorum
3179 3399 3481 3455 divinorum
3509 3397 3623 3452 elo-

2037 3501 2287 3572 quiorum
2312 3508 2367 3554 et
2400 3512 2678 3555 sacrarum
2715 3497 2989 3551 actionum
3024 3493 3382 3562 susceptivam
3421 3504 3620 3560 oppor-

2012 3592 2321 3647 tunitatem
2376 3590 2618 3645 formans
2662 3586 2927 3641 animales
2979 3593 3197 3639 nostros
3254 3581 3506 3644 habitus,
3555 3579 3624 3631 ad

2041 3681 2459 3754 supercaelestis
2484 3679 2685 3750 quietis
2705 3691 2983 3747 anagogen
3011 3683 3255 3730 nostrum
3291 3672 3395 3727 iter
3421 3669 3628 3743 faciens

2042 3789 2230 3828 sacrae
2268 3782 2325 3827 et
2360 3771 2728 3831 divinissimae
2758 3777 2975 3822 nostrae
3006 3762 3431 3835 regenerationis
3461 3760 3626 3816 tradi.

2043 3864 2137 3917 tio.
2170 3862 2235 3916 Ut
2260 3861 2403 3914 enim
2429 3858 2731 3916 communis
2758 3867 2941 3911 noster
2967 3856 3042 3908 ait
3069 3856 3196 3917 dux,
3220 3851 3516 3907 secundum
3542 3852 3624 3905 in-

2017 3952 2319 4005 tellectum
2351 3949 2567 4018 quidem
2619 3948 2672 4000 in
2716 3946 2896 3999 divina
2943 3941 3516 4012 primordialisrmotus
3543 3947 3627 3993 est

2045 4045 2153 4097 Deo
2204 4040 2496 4107 divinaque
2543 4037 2854 4098 dilectione,
2903 4033 2969 4086 ad
3016 4046 3224 4086 sacram
3254 4030 3623 4099 operationem

2043 4130 2347 4185 divinorum
2413 4125 2789 4181 mandatorum
2833 4119 3281 4191 principalissima
3331 4117 3624 4187 processio,

2042 4218 2256 4275 cssendi
2279 4215 2534 4269 divinitus
2562 4228 2658 4267 nos
2691 4208 3116 4266 ineﬂ'abilissima
3139 4207 3379 4260 creatio.~
3397 4204 3454 4260 Si
3481 4205 3629 4259 enim

2043 4324 2162 4365 esse
2179 4305 2432 4361 divinitus
2457 4310 2538 4357 est
2554 4303 2731 4356 divina
2756 4299 3055 4372 generatio,
3078 4296 3339 4363 numquid
3362 4310 3468 4350 non
3488 4293 3514 4330 δ
3532 4293 3626 4348 ali-

2047 4374 2261 4468 quando
2281 4395 2408 4464 quid
2431 4401 2672 4447 nosceret
2691 4393 2797 4444 Deo
2811 4386 3159 4442 traditurum?
3170 4383 3353 4453 Neque
3373 4383 3589 4453 quidem
3605 4381 3631 4409 ⁸

1973 4466 2023 4528 υ
2048 4466 2399 4558 operaretur,
2445 4483 2536 4554 qui
2595 4496 2771 4552 neque
2818 4479 3115 4535 subsistere
3149 4474 3408 4530 divinitus
3442 4471 3629 4527 habuit

2047 4580 2155 4634 Aut
2183 4576 2440 4646 numquid
2473 4590 2526 4628 et
2573 4588 2672 4627 nos
2713 4573 3007 4627 humanum
3055 4562 3631 4622 dicimus'subsistere

2047 4675 2263 4738 Oportet
2313 4664 2546 4734 primum
2576 4701 2592 4726 ,
2643 4660 2837 4716 deinde
2891 4655 3104 4727 operari
3154 4654 3448 4710 secundum
3498 4650 3631 4706 nos?

2037 4757 2328 4824 Quomodo
2353 4770 2423 4808 an
2453 4770 2557 4807 non
2580 4752 2865 4806 existentis
2889 4764 3062 4818 neque
3089 4742 3433 4809 motumysed
3459 4755 3633 4810 neque

2047 4847 2447 4904 snbsistentiam
2484 4841 2734 4897 habentis
2780 4844 2801 4875 ⁶
2830 4838 2956 4893 illud
2995 4835 3329 4891 solummodo
3359 4828 3649 4900 operantis

2056 4949 2149 4995 aut
2170 4936 2445 5009 patientis,
2479 4934 2531 4987 in
2559 4932 2755 5002 quibus
2782 4943 2904 4984 esse
2927 4935 3087 4981 natus
3110 4925 3226 4978 est?
3249 4921 3354 4976 Sed
3387 4922 3488 4975 hoc
3514 4917 3634 4987 qui-

2049 5034 2194 5095 dem,
2212 5039 2270 5083 tll
2293 5028 2542 5090 aestimo,
2567 5033 2833 5094 apertum.
2858 5017 3060 5072 Deinde
3074 5022 3251 5067 autem
3266 5012 3447 5065 divina
3459 5010 3483 5045 τ
3499 5009 3635 5062 divi—

2049 5137 2147 5176 nae
2174 5116 2540 5190 generationis
2566 5112 2910 5183 inspiciemus
2930 5104 3190 5177 symbola.
3210 5101 3275 5155 Et
3297 5099 3434 5190 mibi
3457 5096 3635 5150 mullus

2048 5186 2396 5282 imperfectus
2418 5209 2469 5262 in
2500 5199 3005 5272 contemplationem
3038 5193 3236 5248 veniat.
3281 5186 3492 5244 Etenim
3530 5199 3635 5239 non

1649 5317 1899 5383 YAIHAE
1938 5323 2335 5385 LECTIONES.

2026 5435 2047 5467 ³
2079 5448 2223 5487 metu
2272 5446 2381 5484 oni.
2412 5429 2454 5481 Β
2477 5428 2535 5481 li.
2610 5424 2655 5456 πθ
2686 5423 2725 5477 Α
2756 5422 3077 5490 m'qm'tqmtm
3179 5416 3201 5447 ⁵
3229 5413 3269 5469 ll
3306 5412 3461 5473 enim,
3540 5409 3559 5439 ⁸
3598 5406 3640 5461 Ε

2021 5506 2041 5535 ⁷
2065 5503 2241 5556 divina
2264 5518 2372 5555 om.
2407 5498 2514 5551 BH.

1912 5588 2164 5647 NOTAE.

447 5700 468 5726 ι
497 5685 650 5740 Joau.
687 5687 829 5753 Xlll',
864 5689 878 5742 1
908 5689 1033 5743 (ἰυν.
1070 5686 1198 5741 “IL

2145 5684 2170 5722 ιι
2210 5646 2360 5735 ιοεηέ.
2392 5677 2525 5743 )uv,
2559 5672 2651 5729 εδ.
