4168 6284
608 324 747 382 i073

1991 304 2273 364 JOANNIS
2309 303 2507 361 SCO'H

3680 332 3683 339 ·
3753 308 3917 367 ποτε

606 438 816 491 soiarcs
853 434 1088 505 fulgores
1110 431 1162 485 in
1196 429 1424 485 infirmis
1450 426 1664 498 pupillis
1692 424 1885 480 intueri
1914 438 2020 479 non
2048 422 2191 492 ρει-ἰν
2219 422 2269 483 Α
2294 420 2597 475 orationem
2649 428 2861 474 sacram
2898 418 3047 480 facit.
3090 428 3141 471 ct
3183 435 3322 474 nanc
3351 424 3498 505 omni
3530 423 3612 478 sic
3638 424 3909 483 Ecclesia

607 529 877 589 maiusum,
929 538 1105 593 neque
1146 521 1252 587 bis,
1296 533 1435 589 quae
1458 534 1619 587 supra
1669 531 1767 572 nos
1801 523 1948 579 sunt,
1988 513 2188 569 audere

609 620 919 673 innocuum.
951 613 1227 686 Siquidem
1257 626 1380 667 vera
1411 618 1491 665 est
1513 608 1668 678 juxta
1698 606 1869 675 legem
1896 604 2188 669 lerarchia,

608 708 794 763 Oziam
824 703 1073 773 quidem,
1104 701 1229 771 quia
1259 700 1431 757 sacris
1469 698 1671 755 abusus
1696 706 1801 763 est,
1838 696 2186 760 subvertens;

604 799 786 855 (litore
809 811 956 858 vero,
986 795 1116 866 quia
1163 808 1326 862 supra
1374 806 1432 846 se
1471 791 1672 855 sacris;
1724 787 1910 843 Nadab
1930 797 2111 843 autem
2135 793 2193 841 et

596 886 804 951 ,Abiud,
827 884 954 955 quia
985 882 1218 955 propriis
1244 879 1522 952 propinane
1550 878 1703 933 abusi
1734 886 1865 931 sunt
1890 889 1938 930 ο.

1058 1012 1366 1083 Mysteer
1391 1009 1743 1082 photismatis.

678 1150 942 1206 Summus
961 1147 1176 1217 quidem
1196 1126 1481 1208 sacerdos,
1505 1142 1719 1199 assidue
1752 1141 1818 1201 ad
1849 1142 2016 1196 Deum
2046 1138 2196 1195 simi-

605 1241 832 1298 iitudine
878 1254 1067 1294 omnes
1114 1237 1361 1291 homines
1412 1235 1595 1291 volens
1645 1234 1824 1291 salvos
1871 1247 2014 1297 esse,
2049 1239 2104 1286 et
2138 1231 2192 1286 in

607 1331 940 1401 agnitionem
999 1331 1244 1387 veritatis
1301 1329 1483 1383 venire
1514 1330 1568 1394 ιι,
1616 1327 1896 1399 praedicat
1944 1325 2194 1382 omnibus

606 1436 697 1482 ea,
721 1437 862 1490 qttae
886 1436 1011 1474 vere
1037 1429 1180 1484 sunt,
1214 1419 1525 1488 Evangelia,
1574 1419 1740 1472 Deum
1766 1416 2054 1486 propitium
2084 1415 2190 1477 bis,

607 1510 697 1581 qui
733 1512 784 1565 in
815 1521 957 1565 terra
1002 1523 1150 1581 sunt,
1186 1525 1250 1563 ex
1286 1509 1499 1580 propria
1531 1510 1853 1567 cxistentem
1882 1514 1937 1561 et
1959 1505 2189 1561 naturali

610 1600 870 1661 bonitate,
921 1599 1252 1657 suilicientcr
1297 1600 1480 1669 Venire
1529 1599 1599 1665 ad
1628 1598 1885 1655 unitatem
1916 1612 2069 1652 suam
2096 1612 2194 1666 per

608 1688 998 1759 humanitatem
1031 1690 1188 1759 digne
1216 1689 1618 1753 aestimantent,
1671 1697 1728 1744 et
1765 1689 1832 1745 ad
1879 1702 1939 1743 se
1992 1686 2187 1743 unitati

2295 514 2623 580 complente,
2670 512 3073 568 subintroducit
3103 513 3319 582 quidem
3349 504 3497 577 eum",
3522 524 3579 569 et
3596 510 3767 572 exuit
3796 535 3913 589 per

2296 608 2597 664 ministros.
2638 607 2770 662 Dein
2816 616 3062 661 statuens
3103 606 3156 660 in
3204 605 3449 662 occiduis
3492 607 3790 678 intentum,
3840 622 3909 667 et

2298 716 2492 755 manus
2513 699 2812 771 erigentem
2836 698 2903 753 ad
2937 699 3107 768 ipsam
3143 713 3436 754 conversas
3466 701 3762 769 regionem.
3799 718 3907 760 ex-

2298 792 2513 865 suiilare
2558 792 2778 862 quidem
2818 791 2917 861 ipsi
2959 800 3040 845 ter
3068 789 3290 859 iubetur
3323 790 3585 858 Sathana,
3624 805 3679 850 et
3707 797 3906 853 adhuc

2298 897 2438 952 quae
2480 871 2605 940 sunt
2652 879 3159 943 abrenuntiationis,
3208 882 3478 937 confiteri.
3510 882 3575 938 Et
3603 894 3686 939 ter
3711 887 3765 940 ei
3798 889 3904 941 ab-

2302 972 2757 1029 renuntiationem
2823 980 3164 1036 contestans,
3221 972 3570 1029 confitentem
3625 983 3708 1031 ter
3761 979 3899 1044 hoc,

2302 1061 2606 1118 transducit
2646 1059 2711 1115 ad
2742 1061 3025 1123 orientem,
3055 1070 3112 1116 et
3136 1061 3202 1116 ad
3236 1062 3447 1117 caelum
3483 1066 3897 1135 respicientem,

2299 1163 2353 1208 et
2385 1169 2579 1211 manus
2605 1154 3012 1218 extendentem,
3052 1153 3205 1222 jubet
3236 1156 3543 1212 coordinari
3585 1158 3812 1215 Christo
3839 1172 3906 1218 et

2300 1245 2553 1300 omnibus
2616 1246 2728 1300 Deo
2794 1244 3008 1300 traditis
3070 1247 3244 1302 sacris
3306 1247 3557 1317 eloquiis.
3625 1251 3703 1305 Eo
3754 1267 3909 1311 Vero

2299 1344 2353 1390 et
2418 1336 2521 1392 hoc
2572 1335 2842 1400 faciente,
2902 1343 3131 1391 testatur
3190 1337 3389 1392 iterum
3446 1349 3530 1393 ter
3581 1341 3895 1396 confessio-

2300 1442 2443 1482 nem.
2478 1427 2545 1482 Et
2570 1426 2767 1483 iterum
2799 1427 2916 1497 ipso
2946 1435 3028 1480 tcr
3056 1426 3370 1492 conﬁtente,
3398 1444 3562 1484 orans
3590 1430 3892 1494 benedicit,

2299 1526 2358 1572 et
2407 1532 2603 1573 manus
2653 1517 2899 1588 imponit.
2933 1517 3000 1571 Et
3033 1518 3099 1571 ad
3123 1530 3391 1571 summum
3415 1520 3736 1575 exurentibus
3760 1536 3892 1576 cum

2299 1605 2589 1669 ministris,
2619 1603 2852 1659 all'erunt
2881 1604 3101 1675 quidem
3146 1605 3460 1661 sacerdotes
3496 1609 3767 1663 unctionis
3804 1626 3896 1663 sn-

2297 1709 2450 1749 crum
2476 1693 2676 1750 oleum.
2710 1693 2839 1764 Ipse
2855 1704 3038 1748 autem
3061 1695 3372 1749 unctionem
3401 1711 3498 1766 per
3518 1696 3891 1767 signationem

611 1779 783 1835 instar
824 1778 963 1849 ignis
1004 1779 1307 1833 assimilarc
1346 1779 1448 1843 sibi
1498 1768 1644 1833 unita
1689 1779 1984 1837 secundum
2020 1778 2198 1848 ipsum
2228 1768 2281 1827 Β
2294 1796 2389 1849 1e.-
2437 1789 2723 1857 incipiens,
2776 1798 3020 1844 ceterum
3074 1789 3449 1844 sacerdotibus
3477 1788 3652 1845 virum
3687 1807 3897 1860 ungi-re

604 1869 942 1941 propositum
982 1879 1343 1943 coaptautcm.
1376 1872 1639 1941 Quotquot
1696 1871 1834 1926 enim
1895 1881 2195 1939 receperunt

615 1977 752 2030 eum,
783 1960 923 2014 dedit
966 1961 1038 2015 eis
1088 1971 1419 2031 potestatem,
1445 1962 1585 2029 ﬁlios
1637 1961 1731 2025 Dei
1762 1961 1912 2028 ﬁeri,
1940 1961 2198 2025 credenti-

609 2034 707 2121 bus
744 2052 798 2104 in
828 2051 1034 2104 nomine
1071 2050 1206 2120 (jus,
1236 2052 1327 2118 qui
1373 2069 1480 2106 non
1532 2068 1597 2105 ex
1623 2051 1989 2119 sanguinibus,
2033 2066 2197 2121 neque

606 2156 677 2213 ex;
714 2140 978 2194 voluntate
1029 2136 1228 2201 rantis,
1260 2128 1373 2193 sed
1428 2156 1493 2193 ea:
1536 2139 1656 2207 Deo
1707 2141 1817 2194 nati
1856 2150 2051 2194 sunt-0.
2092 2138 2195 2205 Qui

608 2230 786 2287 autem
822 2225 1012 2284 horum
1044 2228 1216 2300 diligit
1256 2244 1383 2284 vere
1428 2228 1924 2300 supermundalium
1959 2228 2196 2293 divinant

609 2317 1100 2389 participationem,
1153 2319 1374 2374 veniens
1419 2322 1485 2374 ad
1528 2318 1798 2389 quendam
1838 2320 2196 2384 eruditorum,

608 2411 801 2465 suadet
843 2405 902 2466 si:
939 2410 1061 2464 duri
1092 2410 1160 2464 ab
1189 2414 1372 2474 eO'ea,
1422 2426 1564 2480 quae
1600 2419 1685 2465 est
1718 2410 1784 2464 ad
1818 2425 2087 2465 summum
2113 2424 2199 2464 sa-

608 2502 903 2564 cerdotem,
939 2500 1043 2554 via.
1077 2500 1192 2569 ipse
1221 2501 1432 2563 autem
1457 2499 1838 2555 universaiéter
1872 2500 2193 2555 subsecutu-

610 2602 728 2650 rum
772 2602 894 2642 esse
942 2588 1211 2658 promittit
1249 2588 1565 2659 tradituros,
1603 2600 1658 2646 et
1682 2589 1842 2658 digne
1870 2589 2199 2645 accessionis

607 2674 747 2748 t-jus,
776 2687 833 2731 et
858 2677 1016 2732 simul
1046 2678 1222 2754 omnis
1255 2678 1307 2733 in
1340 2678 1388 2731 id
1418 2679 1563 2747 quod
1607 2679 1862 2747 deinceps
1907 2687 2011 2743 est,
2060 2678 2199 2734 vitae

606 2764 976 2837 cognitionem
1002 2767 1262 2835 recipere,
1286 2782 1411 2822 eum
1440 2768 1657 2836 quidem
1685 2768 1829 2823 illius
1851 2768 2023 2825 salute
2045 2782 2198 2827 sacre

607 2852 1002 2927 interregante.
1030 2854 1110 2910 Ad
1142 2872 1270 2912 vero
1303 2857 1376 2912 rei
1406 2856 1742 2913 altitudinem
1766 2867 1955 2914 contra
1974 2874 2200 2919 mensu—

612 2955 821 3011 raptem
850 2947 1139 3000 humanum
1153 2988 1166 3011 ,
1184 2949 1376 3001 horror
1390 2949 1609 3015 quidem
1629 2949 1808 3004 subito
1823 2958 1875 3003 et
1891 2936 2166 3020 impossihi
2179 2980 2197 2991 -

609 3039 733 3093 litas
755 3040 1138 3095 circumstant:
1161 3040 1487 3095 abeuntibus
1505 3048 1685 3099 tamen
1707 3042 1789 3095 eis
1808 3041 2197 3113 perlicit,_quod

609 3128 838 3198 petitum
860 3139 945 3183 est
987 3129 1323 3184 deiformiter
1349 3128 1631 3187 confessus
1657 3140 1763 3188 est.
1792 3131 1970 3209 Etkqui
2001 3132 2197 3202 accipit

607 3234 753 3284 eum,
786 3220 932 3279 ducit
955 3220 1022 3274 ad
1049 3221 1116 3274 ab
1140 3219 1409 3277 ierarchia
1442 3221 1903 3291 cognomimimm.
1927 3223 2045 3292 ipse
2070 3238 2200 3279 vero

607 3327 730 3367 etin)
772 3311 972 3367 laetitia
1017 3320 1271 3382 tauquam
1323 3312 1374 3365 in
1421 3312 1661 3370 humeris
1702 3326 1858 3367 ovem
1889 3311 2197 3381 recipiensd

608 3402 873 3456 atubohus
903 3402 1051 3463 viris.
1098 3411 1155 3455 ut
1186 3403 1443 3466 diximus,
1482 3404 1714 3472 primum
1755 3403 1970 3472 quidem
2018 3404 2200 3459 laudat

605 3506 706 3568 per
734 3490 1130 3545 intellectuaies
1163 3490 1534 3549 Encharistias
1561 3501 1615 3547 et
1639 3492 1981 3563 corporalem
2008 3495 2199 3550 adora-

613 3579 813 3632 tiouem
865 3594 1031 3633 unum
1082 3579 1374 3650 benignum
1404 3581 1755 3651 principium,
1783 3599 1847 3643 ex
1877 3599 1983 3653 quo
2008 3594 2198 3641 vocata

610 3675 895 3741 vocantur,
945 3679 1001 3723 et
1054 3669 1256 3724 salvata
1300 3657 1599 3733 salvantur.
1632 3674 1834 3729 Deinde
1870 3689 2085 3733 onmem
2112 3692 2199 3733 sa—

607 3775 757 3839 cram
785 3761 1193 3831 dispositionem
1238 3765 1290 3819 in
1321 3768 1708 3835 cooperatione
1737 3770 1955 3838 quidem
1985 3784 2042 3826 et
2068 3788 2198 3829 con-

606 3849 1121 3933 lestivitatesalutis
1152 3855 1288 3918 viri,
1325 3856 1701 3933 Eucharistiae
1736 3875 1950 3933 quoque
1986 3863 2199 3920 divinae

610 3941 899 4021 boiiitatis,
946 3944 999 3999 in
1031 3934 1247 4000 sacrum
1280 3948 1504 4019 chorum
1530 3965 1891 4023 congregans,
1915 3953 2200 4025 inprinci-

605 4031 696 4103 pio
721 4033 937 4104 quidem
969 4037 1237 4105 quendam
1266 4037 1495 4107 eloquiis
1521 4039 1919 4099 incumbentem
1949 4046 2207 4101 omnibus,

604 4122 884 4191 Ecclesiae
912 4124 1336 4194 plenitudinibus
1357 4127 1617 4199 hymnum
1646 4131 1844 4201 psallit.
1871 4132 1937 4189 Et
1953 4145 2074 4203 post
2095 4137 2197 4193 hoc

605 4215 844 4294 divinam
889 4214 1134 4281 salutans
1179 4232 1446 4285 mensam,
1499 4221 1565 4275 ad
1610 4221 1785 4279 virum
1816 4224 2193 4282 advenientem

603 4307 839 4369 accedit.
870 4317 936 4383 et‘
963 4309 1258 4387 interrogat
1306 4327 1453 4375 eum,
1498 4312 1629 4382 quid
1676 4314 1861 4370 volens
1908 4318 2077 4373 venit.
2118 4319 2198 4375 Eo

600 4412 733 4461 vero
754 4399 1011 4470 religiose
1031 4411 1346 4467 accusante,
1360 4400 1510 4469 juxta
1532 4404 1799 4459 anadochi
1822 4406 2194 4476 traditionem,
2217 4441 2268 4501 ι)

606 4489 1068 4565 incredulitatem,
1120 4493 1477 4561 ignorantiam
1524 4495 1634 4551 veri
1676 4496 1831 4562 boni,
1869 4497 2049 4562 divina
2080 4501 2187 4556 vita

2297 1883 2445 1936 omni
2494 1893 2722 1950 corpore
2775 1879 3013 1952 tradens,
3052 1879 3120 1933 ad
3148 1885 3381 1933 matrem
3406 1878 3688 1935 ﬁliolitatis
3712 1882 3891 1944 venit,

2297 1979 2355 2025 et
2383 1980 2511 2025 tunc
2540 1985 2737 2041 aquam
2774 1971 2945 2024 sacris
2974 1968 3407 2024 iuvocationibus
3436 1969 3800 2035 sanctiﬁcans,
3834 1979 3896 2025 et
3920 2022 3923 2023 ν

2299 2061 2471 2121 tribus
2505 2059 2839 2117 sanctissimi
2869 2059 3183 2115 chrismatis
3210 2058 3624 2115 cruciformibus
3657 2061 3895 2116 eti'usio-

2299 2150 2790 2220 nibus‘periieiens
2822 2151 2988 2215 illam,
3040 2159 3098 2205 et
3141 2151 3449 2206 chrismatis
3495 2153 3897 2209 sacratissimis

2297 2243 2719 2299 immissionibus
2744 2244 2953 2315 aequali
2994 2259 3222 2299 numero
3251 2235 3461 2300 sacrum
3491 2246 3598 2301 Deo
3625 2252 3899 2317 accepta-

2295 2335 2479 2391 bilium
2526 2336 2910 2406 prophetarum
2957 2336 3313 2407 inspiratione
3357 2336 3651 2392 melodema
3688 2353 3894 2393 conso-

2298 2439 2456 2488 nans,
2477 2422 2631 2490 jubet
2672 2424 2848 2478 virum
2896 2423 3103 2481 aii'erri.
3154 2424 3223 2485 Et
3252 2426 3487 2495 quodam
3517 2426 3793 2480 sacerdote
3820 2443 3888 2482 ex

2298 2515 2661 2585 descriptione
2711 2515 2881 2584 ipsius
2935 2513 3273 2570 anadochum
3330 2515 3703 2585 praedicante,
3770 2517 3889 2585 ipse

2297 2606 2514 2676 quidem
2545 2621 2575 2659 a
2605 2605 2981 2661 sacerdotibus
3011 2605 3079 2660 ad
3109 2621 3305 2676 aquam
3333 2607 3571 2672 ducitur,
3602 2608 3667 2661 ad
3690 2607 3885 2661 summi

2298 2695 2595 2751 sacerdotis
2644 2710 2863 2748 manum
2908 2704 3014 2750 :et
3060 2696 3129 2750 ad
3175 2710 3299 2752 eum
3343 2697 3725 2761 manuductus,
3773 2697 3887 2766 ipse

2298 2799 2542 2840 summus
2569 2784 2833 2838 sacerdos
2861 2782 3094 2854 desuper
3118 2792 3291 2848 stans,
3335 2784 3754 2839 reclamantibus
3784 2785 3887 2838 ite-

2298 2893 2418 2930 rum
2448 2877 2514 2931 ad
2552 2890 2824 2931 summum
2866 2876 3219 2931 sacerdotem.
3254 2872 3406 2944 juxta
3457 2891 3651 2946 aquam
3689 2891 3883 2931 nomen

2298 2967 2607 3037 perﬁciendi
2637 2967 3027 3031 sacerdmihus,
3054 2975 3138 3021 ter
3167 2968 3387 3037 quidem
3431 2969 3604 3049 ipsum
3646 2968 3885 3023 summus

2302 3060 2558 3115 sacerdos
2605 3059 2869 3129 haptisat,
2914 3058 3088 3114 tribus
3116 3058 3879 3129 perﬁciendi.dimcrsiouihus

2248 3130 2275 3173 "~
2306 3162 2359 3205 et
2407 3151 2806 3205 emersionibus
2860 3151 3054 3204 trinam
3089 3148 3306 3205 divinae
3358 3150 3708 3205 beatitudinis
3735 3149 3885 3203 inro—

2302 3241 2858 3297 eans'snbstantiam.
2906 3239 3251 3308 Accipientes
3307 3248 3488 3294 autem
3536 3256 3659 3294 eum
3707 3254 3887 3294 sacen-

2301 3330 2468 3391 dv-tcs,
2493 3330 2784 3400 porrigunt
2821 3328 3150 3384 accessionis
3175 3337 3232 3383 et
3260 3328 3540 3383 anadocho
3567 3338 3621 3383 et
3648 3326 3789 3392 duci,
3828 3334 3886 3381 et

2299 3434 2422 3474 cum
2494 3420 2612 3490 ipso
2673 3419 3003 3489 accipientes
3054 3417 3376 3473 vestimenta
3437 3402 3886 3488 perﬁciendorum

2300 3509 2643 3575 adunatim',
2672 3511 2740 3563 ad
2782 3523 3052 3563 summum
3098 3506 3439 3562 sacerdotem
3489 3506 3682 3562 iterum
3729 3505 3889 3560 redu-

2298 3610 2449 3654 cunt.
2510 3599 2629 3669 Ipse
2686 3614 2818 3655 vero
2873 3597 3320 3654 deiﬁcantissimo
3377 3605 3650 3669 unguento
3706 3595 3885 3648 virum

2298 3690 2539 3758 signans,
2581 3689 2905 3759 participem
2937 3687 3251 3748 manifestat
3281 3687 3348 3743 de
3377 3696 3557 3742 cetero
3577 3700 3729 3741 sacre
3754 3699 3882 3753 per-

2300 3782 2633 3839 fectissimae
2659 3780 3054 3836 Eucharistiae.
3090 3777 3236 3838 Haec
3264 3788 3444 3835 autem
3474 3777 3776 3849 perﬁciens,
3814 3772 3883 3832 ab

2300 3874 2399 3929 ista
2428 3873 2451 3905 ⁸
2481 3874 2534 3928 in
2558 3875 2841 3944 sequentia
2877 3873 3249 3944 processione,
3277 3871 3474 3927 iterum
3507 3872 3560 3925 in
3589 3871 3878 3940 primorum

2298 3967 2610 4022 extenditur
2632 3965 3165 4036 Contemplationem,
3195 3964 3351 4036 quasi
3388 3979 3487 4034 per
3517 3963 3721 4017 nullum
3751 3972 3883 4041 tem-

2299 4073 2399 4129 pus
2424 4066 2520 4112 aut
2570 4056 2786 4111 modum
2827 4056 3104 4111 in‘alieno
3140 4056 3373 4124 quodam
3415 4058 3637 4124 praeter
3664 4051 3881 4124 propria

2299 4160 2683 4212 conversurus,
2717 4147 2811 4202 sed
2837 4160 2868 4199 a
2892 4145 3090 4200 divinis
3119 4146 3172 4199 in
3201 4134 3382 4199 divina
3406 4144 3715 4207 attendens,
3743 4155 3880 4195 sem.

2298 4253 2395 4309 per
2416 4239 2600 4297 divino
2626 4237 2828 4310 Spiritu
2862 4236 3369 4293 transordiaandus.

2969 4366 3218 4424 Theoria.

2363 4498 2510 4562 Haec
2556 4499 2794 4568 quidem,
2843 4505 3105 4567 quantum
3155 4496 3208 4551 in
3247 4495 3529 4567 symbolis,
3578 4506 3766 4549 sacrae
3789 4492 3885 4545 ho-

603 4579 864 4635 deidiam
903 4581 945 4644 ¹,
976 4582 1339 4651 dignanteqne
1366 4600 1463 4653 per
1501 4602 1725 4643 sacram.
1749 4602 1906 4642 suam
1929 4591 2191 4647 medieta-
2286 4591 2427 4645 stiae
2457 4590 2637 4644 divina
2665 4589 2944 4661 generatio
2975 4588 3108 4651 nihil
3162 4587 3479 4647 indecorum
3528 4594 3622 4638 aut
3647 4582 3882 4637 immun-

606 4675 714 4737 Iern
760 4667 871 4737 Deo
898 4667 1077 4729 divina
1124 4672 1407 4739 consequi,
1443 4677 1914 4749 testaturquidem
1948 4679 2045 4749 ipsi
2075 4694 2199 4751 pro-
2288 4679 2436 4736 dnm.
2487 4694 2666 4748 neque
2711 4694 2781 4733 ex
2830 4678 3181 4735 sensibilibus
3221 4676 3426 4731 habens
3455 4669 3874 4739 characteribus,

608 4758 845 4815 futuram
884 4761 1244 4817 universalem
1293 4762 1408 4817 fore
1450 4767 1910 4836 propitiationem,
1935 4782 2197 4842 tanquam

605 4849 1003 4919 perfectissimo
1050 4859 1106 4906 et
1150 4851 1521 4919 immaculato
1553 4855 1682 4913 Deo.
1743 4860 1809 4914 Et
1858 4862 2094 4918 divinam
2139 4865 2190 4919 ei

605 4938 1078 4993 conversationem
1130 4941 1500 5009 introducens,
1535 4955 1589 5000 et
1626 4947 1991 5021 interrogans,
2035 4952 2079 5007 si
2109 4953 2190 5007 sic

604 5043 963 5101 conversatus
988 5043 1092 5096 est,
1121 5045 1245 5106 post
1268 5037 1662 5094 confessionem
1693 5042 1919 5111 imponit
1949 5042 2067 5111 ejus
2093 5059 2187 5100 ca-

602 5121 698 5190 piti
729 5138 973 5193 manum,
1000 5134 1073 5194 ct.
1096 5127 1341 5197 signans,
1381 5129 1610 5186 describi
1641 5130 1871 5200 imperat
1895 5133 2192 5191 sacerdoti-

598 5212 704 5275 bus
730 5214 906 5271 virum
927 5225 984 5272 et
1004 5216 1366 5283 anadochum.
1392 5218 1529 5290 ipsis
1549 5228 1729 5274 autem
1757 5219 2189 5287 describentibus

2293 4770 2385 4824 sed
2415 4769 2524 4824 Deo
2553 4769 2746 4839 dignae
2773 4766 3247 4836 contemplationis
3278 4765 3577 4835 aenigmata
3617 4757 3883 4814 naturali-

2297 4861 2399 4915 bus
2448 4868 2504 4914 et
2570 4859 2845 4915 hominem
2899 4857 3218 4913 decentibus
3268 4854 3495 4926 speculis
3551 4850 3875 4922 imaginans.

2296 4948 2436 5021 Quid
2460 4949 2626 5014 enim,
2656 4949 2713 5011 si
2742 4954 2986 5019 apparet,
3020 4956 3237 5016 peccat,
3277 4952 3333 5002 et
3372 4941 3694 5002 diviniorem
3720 4941 3878 4995 ratio-

2298 5057 2420 5098 nem
2451 5042 2905 5112 perﬁciendorum
2927 5038 3179 5095 silentem
3209 5036 3468 5109 consulit,
3498 5042 3556 5091 et
3592 5031 3772 5089 divina
3793 5030 3879 5087 do-

2295 5135 2468 5189 ctrina
2502 5132 2840 5191 advenientis
2866 5130 3296 5186 -viviticationem
3334 5143 3487 5185 sacre
3510 5140 3792 5198 peragens,
3825 5128 3876 5178 et

2295 5226 2473 5281 omnis
2500 5223 2669 5287 simul
2686 5223 2927 5287 malitiae
2954 5222 3330 5303 pereximiam
3359 5231 3427 5281 et,
3445 5220 3682 5277 divinam
3718 5216 3876 5273 vitam

1893 5329 2146 5388 VARIAE
2181 5334 2582 5403 LECTIONES;
2610 5390 2617 5391 ,

676 5415 694 5443 ⁸
734 5410 925 5469 Divina
966 5416 1072 5487 uita
1097 5417 1355 5485 desidiam
1380 5433 1489 5477 om.
1518 5417 1654 5505 ΒΗ..
1703 5420 1724 5452 ²
1762 5421 1853 5478 ΑΕ
1882 5422 2200 5484 adnuerunt.

679 5607 705 5670 ξ
743 5596 989 5670 ligarat.
1022 5599 1225 5666 XXVI;
1260 5602 1417 5657 Num.
1452 5602 1599 5670 XVI;
1632 5602 1803 5663 chit.
1840 5606 1909 5664 Χ.

674 5657 714 5697 δ’
743 5664 764 5716 ι
792 5664 929 5720 ΤίΙὶΙ.
1213 5657 1223 5666 Ι
1294 5730 1300 5735 ,
1524 5657 1529 5659 Ὗ
1588 5657 1599 5670 Ι
1633 5657 1803 5663 ᾔτην-
1843 5657 1923 5721 η-.

2272 5432 2294 5485 ³
2330 5429 2423 5484 ΑΒ
2457 5429 2591 5498 ipsa.

2139 5514 2391 5579 NOTAE.

2380 5624 2401 5651 ε
2443 5610 2599 5667 Juan.
2630 5611 2670 5677 1,
2710 5613 2790 5666 12.
3593 5639 3596 5643 ·

2371 5682 2395 5722 δ
2438 5681 2566 5739 an.
2597 5682 2708 5739 XV.
3432 5720 3443 5744 ι
3512 5712 3522 5765 ρ
3558 5692 3600 5762 ηε
3798 5721 3851 5764 -τξ
