2084 3142
168 173 235 201 ΜΠ

459 171 581 199 VliltSIO
600 171 741 199 Ol’lilib'il
762 172 790 198 5.
811 171 967 199 DlONYSIl.
982 187 1016 191 —
1029 172 1291 200 ECCLESIASTHIA
1313 173 1506 200 ll‘lRAlNLllld.

1731 177 1799 205 1078

167 220 327 254 purgatione
342 227 389 253 per
410 226 507 252 aquam
526 218 641 245 natttrali
658 218 824 252 corporalius
844 219 893 253 ipsi
914 218 960 245 de-
973 221 999 250 Α
1012 219 1056 252 qui
1081 218 1252 253 imperfectus
1267 223 1317 249 est,
1333 219 1388 252 ipse
1402 228 1452 246 non
1467 220 1527 246 itide
1545 219 1553 234 ‘
1573 221 1756 255 concupiscet,
1770 223 1800 249 in

168 265 320 292 Mancinus?
335 264 405 290 llaec
418 271 482 298 ergo
493 263 544 290 etsi
557 262 620 290 nihil
633 263 704 290 aliud
718 263 834 290 divinius
848 263 960 290 haberet

168 310 394 345 perficiendorum
419 309 566 343 symbolica
592 309 718 341 traditio,
744 317 796 335 non
822 310 959 336 immunda

167 360 250 386 esset.
266 359 296 381 ut
319 355 442 386 aestimo,
467 355 618 382 doctrinam
644 354 750 389 quidem
777 359 866 382 rectae
888 355 960 381 vitae

169 399 342 426 itrtrodncens
354 400 374 430 ³,
386 398 588 433 perfectamque
596 399 623 426 in
631 399 732 426 malitia
744 398 959 426 conversationis

168 443 338 475 solutionem,
361 444 550 470 universaliter
577 450 690 479 corpore
713 443 872 471 naturaliter
897 450 961 476 pur-

167 492 230 522 gato
244 495 291 521 per
310 495 419 522 aquam,
435 489 610 515 confirmans.
636 488 690 515 Sed
714 489 750 515 sit
763 489 871 523 quidem
895 489 960 514 haec

167 531 332 566 imperfectis
353 533 533 560 introductiva
556 534 706 560 animarum
730 535 810 564 actio.
833 539 860 560 et
875 537 959 560 icrar-

166 577 245 603 cbica
260 582 288 604 et
300 577 457 609 uniformia,
468 583 598 613 quantum
625 578 676 610 fas,
692 587 706 605 a
724 579 894 606 multitudine
907 578 960 605 dis-

168 621 304 655 tinguens,
322 626 351 648 et
367 623 572 649 comnioderans
596 623 742 650 immundis
760 624 900 650 ordinibus
921 624 960 650 in-

166 672 335 701 eompactam
346 667 525 695 altitudinem.
539 668 594 695 Nos
609 673 698 695 autem
707 669 909 696 aseensionibus
920 677 962 695 sa-

167 712 222 739 cris
237 713 264 739 in
281 712 460 748 pet-factorum
482 715 613 749 principia
629 715 812 749 respicientes,
832 720 858 742 et
877 723 908 742 ea
922 716 962 742 di-

167 756 268 785 vinitus
276 759 578 794 eruditi,oognoscemus
585 768 699 795 quorum
707 766 766 787 sunt
775 760 807 787 t-h
818 765 961 787 tracturum

168 801 278 837 eﬂigies,
291 808 318 831 et
328 812 442 838 quorum
457 805 630 831 invisibiliuni
641 805 782 840 imagines.
797 805 865 832 Sunt
879 806 960 837 enim,

168 853 198 873 ut
219 848 247 874 in
269 855 313 880 ea,
335 856 406 883 quae
430 855 472 876 est
487 850 520 876 de
536 850 716 877 invisibilibus
736 854 763 876 et
780 850 959 881 scnsibilibus,

1010 264 1084 291 brevi
1099 271 1161 290 vero
1172 264 1282 299 peripsa
1295 264 1334 290 sui
1346 265 1442 298 prima,
1453 265 1548 292 deinde
1557 266 1643 292 adhuc
1658 267 1758 299 priora,
1772 273 1802 294 et

1010 316 1059 342 per
1071 308 1116 335 illa
1128 308 1154 334 iii
1167 308 1341 343 praestantia,
1357 313 1384 335 et
1396 308 1529 342 perfeettts
1543 310 1568 335 in
1581 310 1804 338 snbl‘missimam-

1010 354 1128 381 divinam
1147 354 1172 380 in
1187 354 1281 380 ordine
1294 358 1320 380 et
1342 361 1418 380 sacro
1431 353 1558 381 ascendet
1571 356 1799 383 communionem.

1010 399 1095 433 llujus
1109 403 1150 425 est
1163 405 1275 426 ornatus
1289 403 1316 426 et
1336 399 1404 426 sacri
1418 399 1521 426 ordinis
1536 400 1633 435 imago,
1657 401 1802 437 advenien-

1011 444 1045 469 tis
1059 443 1192 472 confusio,
1201 448 1338 475 eteorum,
1352 451 1420 478 quae
1428 444 1574 470 secundum
1583 445 1700 479 scipsum
1709 445 1719 461 ‘
1727 451 1801 477 stitit,

1010 488 1138 523 cognitio,
1153 489 1185 514 ad
1210 496 1342 514 smmnum
1370 488 1537 515 sacerdotem
1560 489 1619 516 viae
1634 491 1802 521 anadocbuui

1011 533 1112 560 habens
1126 533 1293 567 magistrum.
1309 532 1374 558 Eum
1387 540 1449 559 vero
1457 533 1496 559 sic
1507 535 1695 569 asrcudcnteui
1712 525 1802 564 divina

1012 579 1148 605 beatitudo
1163 578 1188 604 in
1214 586 1290 604 suam
1315 579 1546 612 participationem
1563 581 1667 614 recipit,
1691 586 1717 608 et
1740 589 1802 615 pro-

1012 624 1098 659 prium
1114 623 1203 649 ltuncn
1221 628 1348 656 tanquam
1365 624 1479 657 quodam
1499 624 1547 658 ipsi
1565 625 1640 659 signo
1653 628 1744 657 tradit,
1759 628 1801 654 di-

1013 670 1101 695 vinum
1115 669 1267 702 ptrrfieietis,
1282 672 1308 694 et
1320 669 1562 696 communicanlem
1576 671 1738 704 diiinorum,
1751 674 1805 700 dis-

1013 714 1166 742 tributionis
1196 718 1223 740 et
1253 721 1346 741 sacrae
1383 714 1560 741 ordinationis
1589 725 1595 742 :
1622 724 1735 751 quortnn
1763 722 1804 744 est

1012 761 1160 796 symbolum
1191 768 1317 791 sacrum,
1348 761 1453 787 Summo
1484 762 1622 789 sacerdote
1650 763 1803 791 advenienti

1013 808 1139 834 donatum
1155 806 1334 842 signaculum,
1363 813 1389 833 et
1411 807 1579 834 sacerdotum
1605 809 1732 836 salutaris
1755 810 1803 836 de-

1013 852 1142 886 scriptio:
1159 852 1184 878 in
1199 852 1311 879 salvatis
1331 860 1391 878 eum
1406 860 1612 885 eonnumerans,
1629 859 1654 881 et
1667 855 1804 882 memoriis

166 892 273 919 actione
297 899 390 928 aperte
414 895 579 928 disputatum
595 900 635 922 est
661 896 683 928 ⁸,
703 896 834 930 quaedam
850 896 958 930 quidem
976 896 995 924 ll
1010 897 1095 923 sacris
1117 904 1220 931 ponens
1245 896 1313 930 apttd
1337 905 1397 923 eum
1422 902 1449 923 et
1470 898 1649 929 auadoehum,
1677 903 1803 932 tauquam

167 940 331 967 seusibititer
345 948 440 969 sacrae
460 942 633 969 invisibilinm
655 943 665 959 ³
690 943 904 978 imaginationes,
930 947 957 969 et

168 983 193 1012 in
222 991 253 1010 ea
281 985 459 1013 umnuductio
482 991 509 1013 et
535 987 588 1013 via.
606 987 752 1014 lnvisibilia
776 994 840 1014 vero
853 994 956 1019 eorum,

166 1035 237 1061 quae
250 1030 397 1057 secundum
406 1039 513 1058 sensum
522 1038 581 1058 sunt
590 1053 596 1063 ,
607 1033 816 1059 ierarcbicortun
826 1039 850 1060 et
859 1034 958 1067 princi-

166 1073 239 1107 pium
254 1079 281 1101 et
296 1075 418 1102 scientia.
435 1076 561 1104 Dicamus
583 1078 673 1112 igitur,
688 1079 821 1112 quomodo
837 1084 875 1104 est
895 1079 958 1105 divi-

167 1126 216 1145 nae
226 1119 398 1147 beatitudinis
407 1121 521 1152 inanitas,
531 1130 637 1155 semper
646 1122 721 1156 juxta
730 1124 822 1149 eadem
832 1123 957 1150 etsunili-

169 1169 210 1190 ter
223 1163 327 1191 habens
338 1166 441 1199 proprii
454 1166 562 1193 luminis
577 1167 710 1193 beneficos
720 1169 819 1199 radius,
832 1169 856 1194 in
866 1176 960 1195 omnes

167 1209 275 1242 copiose
288 1211 416 1244 expandit
436 1211 629 1239 iiitelleclu.:les
651 1213 748 1239 vultus.
775 1213 802 1239 Si
820 1213 879 1247 quis
896 1221 960 1249 ergo

168 1253 323 1281 disceserit
335 1255 369 1282 ab
383 1255 510 1283 invisibili
529 1256 630 1283 lumine
645 1262 691 1284 aut
709 1258 899 1289 invisibilibus,
913 1266 958 1284 su-

168 1300 278 1332 perbus,
304 1307 351 1333 per
370 1307 399 1327 se
424 1305 530 1335 potens.
556 1302 674 1328 malitiae
694 1309 785 1328 amore
808 1304 960 1330 cotnlocens

169 1344 327 1371 naturaliter
341 1344 479 1379 inspersos
493 1346 517 1372 ei
533 1346 565 1372 ad
579 1346 718 1373 illtnninau
731 1348 783 1373 lum
799 1347 892 1377 virtus.
903 1354 961 1374 sus.

168 1389 294 1422 penditnr
319 1391 472 1424 praesentis
495 1391 551 1426 ipsa
574 1392 683 1418 luminis
710 1401 761 1419 non
787 1393 959 1424 discedentis,

168 1433 216 1460 sed
228 1434 425 1468 superluceiuis
434 1435 491 1470 ipsa
503 1436 671 1470 aspicicns‘et
681 1441 805 1464 avertens
816 1445 962 1464 occurret:-

169 1478 206 1505 tis
215 1478 391 1507 deiforniiter.
407 1480 490 1514 Siqne
499 1481 558 1515 ejus
570 1482 706 1509 moderate
720 1482 769 1516 ipsi
785 1483 838 1509 dati
851 1482 961 1509 visibilis

169 1522 286 1550 visiones
301 1524 488 1558 supersilierit,
501 1530 528 1552 et
541 1525 573 1552 ad
587 1525 658 1560 ipsas
675 1533 756 1561 super
767 1534 844 1553 sunni
858 1526 959 1553 vultum

1010 941 1132 968 vivificac
1147 941 1179 967 ad
1196 941 1336 967 veritatem
1352 941 1410 967 viac
1426 946 1573 968 amatorem
1591 942 1696 976 quidem
1712 951 1803 969 verum

1009 990 1035 1013 et
1060 991 1270 1020 consequentem
1296 986 1395 1013 ducens
1417 986 1511 1019 divini,
1535 995 1587 1014 llOll
1614 987 1805 1022 errantemque

1011 1032 1065 1060 Deo
1082 1033 1188 1060 traditis
1215 1033 1383 1061 ductionibus
1406 1034 1544 1068 sequentis
1568 1035 1803 1061 mantnluetorem.

1011 1080 1064 1107 Sed
1081 1087 1132 1107 non
1146 1080 1236 1106 inest"
1251 1087 1355 1107 summe
1382 1080 1579 1107 contrariorum
1596 1080 1675 1107 simul
1693 1080 1807 1114 partici-

1012 1133 1182 1161 pare,ncque
1197 1126 1411 1152 communionem
1425 1126 1559 1160 quandam
1572 1126 1605 1152 ad
1615 1134 1695 1152 unum
1707 1125 1807 1152 bal-en-

1013 1177 1066 1199 tem
1077 1172 1191 1206 partitas
1199 1170 1298 1197 habere
1314 1171 1394 1202 vitas,
1406 1170 1428 1197 si
1440 1171 1518 1197 unius
1531 1170 1625 1205 recipit
1637 1170 1741 1196 firmam
1751 1178 1806 1204 par-

1012 1216 1206 1250 ticipationem,
1220 1215 1480 1242 sedimmoderatum
1501 1222 1560 1241 esse
1578 1218 1604 1241 et
1623 1213 1805 1241 inordinatum

1012 1261 1038 1288 in
1057 1261 1181 1287 omnibus
1199 1260 1381 1286 uniformitate
1395 1259 1580 1286 divisionibus.
1604 1260 1679 1293 Quod
1698 1259 1806 1294 quidem

1012 1306 1192 1341 symbolotum
1214 1305 1322 1332 traditio
1346 1312 1423 1332 saeve
1447 1305 1594 1336 insinuans,
1619 1305 1806 1331 advenientem

1012 1351 1084 1378 velut
1099 1351 1213 1385 priorem
1229 1351 1311 1377 vitatu
1328 1358 1440 1380 exuens,
1453 1354 1480 1377 et
1493 1349 1662 1384 IISquejnxta
1676 1350 1748 1375 illam
1764 1349 1806 1375 til-

1013 1396 1093 1422 Iimos
1108 1395 1215 1422 habitus
1230 1394 1346 1426 solvens,
1359 1394 1458 1420 nttdnm
1476 1398 1499 1421 et
1527 1393 1712 1420 discalciatum
1736 1393 1807 1420 sistit

1013 1439 1046 1466 ad
1060 1439 1170 1466 occidua
1183 1439 1368 1473 aspicientem,
1384 1443 1411 1465 et
1424 1446 1550 1464 manuum
1565 1438 1807 1465 abrenunciationc

1012 1486 1142 1512 obscurae
1156 1485 1272 1511 malitiae
1287 1488 1443 1512 renuentem
1458 1483 1673 1515 communioncs,
1693 1488 1720 1511 et
1733 1484 1807 1518 Enge-

1014 1530 1099 1556 nitnui
1115 1529 1165 1556 sibi
1189 1528 1414 1555 dissimilitudinis
1436 1528 1558 1555 habitum
1575 1532 1702 1562 tanquam
1718 1528 1808 1561 exspi-

169 1567 308 1596 claritates
331 1570 435 1596 obtueri
455 1569 615 1598 fiducialiter
637 1571 755 1603 audebit,
781 1571 823 1598 lux
850 1572 958 1606 quidem
974 1576 995 1605 C
1013 1579 1115 1601 rantem
1151 1578 1178 1600 et
1204 1573 1371 1600 universales
1405 1573 1590 1599 confitentem.
1624 1572 1665 1599 Ad
1693 1573 1743 1599 hoc
1768 1573 1813 1598 sic-

168 1613 325 1647 eperabittrr
348 1619 454 1648 praeter
467 1615 551 1641 lucem
568 1615 633 1641 nilnil
646 1623 653 1647 ;
679 1615 735 1650 ipsa
750 1623 813 1642 vero
828 1616 960 1650 perfectos

168 1657 324 1692 imperfecte
349 1660 554 1694 concupiscens,
582 1667 615 1687 eo
632 1660 739 1694 quidem
760 1666 813 1694 quo
837 1661 962 1694 inconse‘

167 1707 282 1736 quentes
307 1711 358 1730 non
373 1704 454 1730 etiam
474 1705 621 1739 intelliget,
644 1705 825 1740 humilemque
839 1706 961 1733 inornate

166 1749 327 1783 despiciens,
339 1758 387 1785 per
404 1751 518 1785 seipsam
538 1751 644 1779 refellit.
666 1751 867 1783 Verumtamen,
890 1752 960 1787 quod

166 1794 275 1828 quidem
298 1795 436 1828 dixeram,
456 1797 576 1823 benefice
600 1805 706 1830 semper
736 1797 962 1825 intellectualiluts

168 1838 287 1866 vultibus
301 1839 420 1867 divinum
436 1847 581 1872 expansum
604 1844 645 1868 est
662 1841 764 1873 lumen,
786 1842 908 1875 inestque
923 1841 963 1867 cis

169 1885 290 1919 recipere
306 1891 445 1919 praesente
458 1894 501 1917 eo.
514 1891 541 1913 ct
559 1894 665 1920 semper
676 1887 708 1913 ad
725 1887 806 1913 Deum
822 1887 960 1914 decentem

170 1930 339 1963 propriorum
355 1931 536 1958 traditionem
561 1932 693 1958 exis:entc
717 1931 900 1966 paratissimo.
922 1931 961 1957 ΛιΙ

170 1973 242 2001 hanc
255 1974 360 2003 divinus
373 1982 493 2001 summus
507 1976 633 2002 sacerdos
656 1975 818 2003 reformatur
836 1975 962 2001 imitatio-

171 2027 245 2051 nem.
270 2019 425 2054 luciformes
451 2027 514 2048 sane
537 2021 643 2048 divinae
667 2021 804 2048 doctrinae
825 2020 962 2046 t'lat‘il:tlcs

171 2064 278 2098 copiose
286 2064 313 2090 in
320 2070 413 2097 omnes
419 2064 613 2100 expanden's,et
619 2065 805 2091 advenientem
813 2064 963 2090 ilhuniuarc

172 2109 217 2135 Dei
234 2109 354 2136 imitator
367 2110 552 2144 paratissimus
566 2118 623 2140 cus.
641 2117 693 2136 non
719 2109 865 2140 invidiose,
877 2115 963 2142 neque

171 2154 308 2181 immunde
331 2155 414 2189 priori
443 2155 577 2189 apostasia
609 2154 783 2181 itnmoderata
815 2153 964 2187 quidquam

171 2206 277 2233 semper
291 2207 396 2229 usurus.
418 2200 464 2227 sed
479 2199 607 2227 divinitus
621 2207 726 2233 semper
745 2198 965 2233 provenieutibus

1011 1619 1120 1645 onmino
1138 1617 1383 1645 immensurabilcm
1404 1617 1489 1651 ipsum
1505 1622 1533 1644 et
1554 1625 1606 1644 non
1622 1617 1813 1644 communica!

1011 1663 1091 1690 bilem
1121 1662 1220 1689 factum
1245 1662 1278 1688 ad
1303 1662 1442 1689 Orientem
1474 1661 1625 1688 transdncit
1652 1661 1678 1687 in
1716 1654 1807 1688 divino

1012 1708 1111 1734 lumine
1126 1712 1225 1734 statum
1239 1711 1264 1734 et
1281 1711 1433 1741 respectum
1452 1707 1571 1733 futurum
1588 1706 1645 1732 fore
1661 1706 1758 1733 munde
1779 1707 1805 1734 in

1012 1745 1207 1786 perfectissimo
1229 1751 1331 1778 malitia
1352 1751 1438 1778 reditu
1461 1750 1632 1786 permittens,
1659 1754 1686 1777 et
1712 1758 1807 1778 sacras

1013 1797 1072 1831 ejus
1086 1797 1119 1823 ad
1138 1805 1221 1823 umtm
1238 1796 1389 1823 rationabili
1407 1796 1525 1822 contuitu
1551 1795 1733 1823 confessiones
1749 1797 1808 1822 nni-

1013 1842 1091 1869 fornii
1116 1841 1185 1868 facto
1212 1841 1333 1868 veritatis
1355 1848 1447 1867 amore
1470 1841 1612 1875 recipit-ns.
1641 1840 1693 1867 Sed
1709 1845 1750 1867 est
1770 1841 1809 1868 ibi

1012 1886 1124 1917 clarum,
1153 1890 1180 1912 ιιι
1209 1886 1333 1917 aestimo,
1362 1886 1571 1912 lerarcbicornm
1593 1885 1721 1917 eruditis,
1745 1886 1808 1920 quia

1013 1932 1124 1958 devictis
1151 1931 1176 1957 in
1202 1930 1361 1957 fortitudine
1388 1931 1421 1956 ad
1447 1938 1528 1956 unum
1560 1930 1757 1963 resistentibus,
1781 1935 1811 1959 et

1013 1975 1208 2002 Contrariorum
1223 1974 1420 2001 univcrsalibus
1435 1974 1690 2006 intercmptiouibus
1704 1979 1731 2000 et
1752 1972 1808 2002 non.

1014 2019 1204 2049 SlLilSlSlt‘JIlilS,
1217 2018 1386 2044 immutabile
1398 2018 1534 2051 praevalet
1544 2018 1739 2045 intellectualia
1750 2019 1807 2045 dei-

1014 2063 1108 2090 formis
1123 2062 1297 2089 habiludiuis.
1318 2062 1376 2090 Non
1389 2063 1461 2089 enim
1478 2062 1565 2089 redire
1580 2067 1686 2096 oportet
1705 2068 1806 2090 tantum

1014 2108 1047 2134 ab
1062 2107 1134 2133 omni
1154 2106 1264 2139 malitia,
1289 2107 1334 2133 sed
1356 2110 1383 2133 et
1406 2105 1520 2133 viriliter
1534 2106 1692 2133 collocatum
1708 2114 1767 2133 esse
1780 2113 1808 2137 et

1015 2153 1177 2190 intrepidum
1201 2160 1307 2188 semper
1330 2157 1422 2179 contra
1440 2152 1572 2186 perditam
1589 2152 1616 2178 in
1636 2159 1696 2179 eam
1715 2150 1806 2190 subje.

1015 2199 1142 2230 ctionem,
1160 2206 1245 2231 neque
1263 2198 1353 2232 templi
1376 2197 1497 2224 veritatis
1510 2197 1535 2223 in
1554 2196 1646 2231 requie
1663 2191 1811 2231 aliquando.

171 2244 229 2271 suis
251 2244 276 2270 in
303 2245 386 2272 lucem
414 2245 583 2275 ductionibus
606 2246 753 2273 ierarchice
790 2245 911 2272 rebicens
935 2245 960 2271 in
977 2243 1002 2271 D
1015 2244 1083 2271 fieri.
1097 2244 1211 2273 Attende
1227 2250 1293 2270 vero
1308 2248 1335 2270 et
1349 2243 1523 2271 aetcrualiter
1543 2244 1568 2270 in
1584 2251 1643 2271 eam
1673 2249 1702 2271 ut
1721 2244 1809 2271 virtus

171 2288 242 2316 bono
256 2294 353 2317 ornatu
372 2293 399 2317 et
412 2291 506 2318 ordine
528 2295 555 2318 et
569 2290 692 2325 analogia
708 2290 918 2325 uniuscujusque
927 2290 959 2316 ad

171 2342 248 2362 sacra
262 2337 542 2364 coinmensurationis.
563 2337 616 2364 Sed
636 2337 762 2372 quoniam
788 2341 897 2364 sanctae
915 2344 960 2362 or-

170 2380 315 2408 dinationis
329 2387 371 2409 est
383 2381 545 2416 principium
569 2381 649 2414 Deus,
665 2383 812 2410 secundum
826 2381 898 2415 quod
917 2388 960 2407 se-

171 2424 244 2458 ipsos
263 2429 430 2460 cognoscunt
452 2426 522 2453 sacri
547 2426 708 2459 intellectus,
736 2426 769 2453 ad
793 2433 961 2459 consequens

172 2473 284 2497 naturae
296 2471 401 2498 visibile
417 2478 569 2503 recurrens,
586 2471 611 2498 in
627 2471 758 2506 principio
767 2471 875 2504 quidem
888 2470 958 2505 quis,

173 2513 279 2546 quando
300 2519 353 2547 est,
378 2515 436 2550 ipse
457 2516 579 2543 videbit:
595 2520 624 2543 et
639 2516 690 2543 hoc
703 2515 817 2549 accipiet
834 2516 962 2550 primum,

173 2564 206 2584 ex
222 2563 343 2592 respectu
370 2561 403 2587 ad
427 2561 517 2588 lumen
542 2569 648 2589 sacrum
672 2561 780 2588 donum.
809 2561 858 2594 Qui
875 2566 963 2588 autem

174 2605 281 2640 propria
303 2607 372 2634 bene
393 2607 603 2642 impassibilibus
619 2608 703 2636 oculis
725 2607 841 2641 inspicit,
858 2614 891 2633 ex
912 2614 963 2633 non

175 2648 326 2678 lucentibus
349 2651 457 2685 quidem
487 2657 637 2680 revertetur
666 2652 833 2687 ignorantiae
866 2652 966 2679 obscu-

174 2694 224 2727 ris,
239 2694 285 2722 Dei
301 2700 391 2724 autem
402 2697 599 2731 perfectissima
611 2698 713 2726 unitate
724 2702 749 2725 et
761 2698 965 2732 participatione

1016 2289 1165 2316 cxtendiad
1175 2287 1369 2323 perfectissima
1389 2288 1537 2316 divinitatis
1556 2289 1741 2316 ascensionem
1763 2296 1806 2315 sa-.

1014 2343 1060 2361 cre
1072 2342 1179 2368 semper
1194 2338 1325 2368 agentem.
1344 2334 1424 2360 Vides
1445 2338 1534 2360 autem
1552 2334 1647 2360 horum
1667 2334 1809 2369 diligentes

1015 2378 1146 2413 imagines
1161 2378 1186 2404 in
1208 2378 1355 2405 icrarchice
1379 2377 1560 2412 perficiendis.
1584 2378 1727 2405 Deifortuis
1746 2380 1805 2413 qui-

1014 2425 1074 2451 dem
1092 2431 1214 2451 suumms
1234 2424 1360 2451 sacerdos
1382 2424 1492 2451 inchoat
1508 2431 1614 2451 sacram
1640 2423 1805 2455 unctionem,

1014 2469 1168 2497 sacerdotes
1181 2477 1245 2496 vero
1271 2470 1321 2496 sub
1336 2469 1393 2503 ipso
1411 2469 1553 2503 perficiunt
1569 2470 1703 2496 unctionis
1722 2469 1807 2495 sacri-

1017 2515 1116 2547 flcitnn,
1131 2516 1164 2541 ad
1177 2522 1255 2541 sacra
1271 2514 1296 2540 in
1319 2514 1492 2541 similitudine
1506 2514 1698 2548 perficiendum
1720 2518 1807 2540 cerui—

1017 2561 1088 2587 mina
1101 2565 1255 2588 evocantes.
1268 2556 1417 2586 secundum
1433 2566 1503 2592 quae
1519 2558 1568 2584 sub
1584 2558 1715 2584 militante
1728 2558 1805 2584 (ibri-

1015 2610 1056 2633 sto
1072 2605 1158 2632 factus
1171 2610 1221 2632 est.
1237 2604 1369 2638 Quoniam
1390 2607 1419 2630 ut
1438 2599 1507 2629 Deus
1523 2605 1565 2629 ‘cst
1595 2602 1707 2628 militiae
1730 2609 1805 2628 crea-

1013 2656 1067 2682 tor,
1093 2655 1121 2677 ut
1142 2650 1249 2684 sapiens
1261 2656 1326 2676 vero
1340 2647 1413 2684 leges
1428 2647 1487 2681 ejus
1501 2647 1601 2681 posuit,
1617 2650 1745 2681 operatus
1766 2646 1807 2672 est

1017 2702 1045 2724 ut
1058 2698 1154 2730 bonus,
1170 2698 1283 2725 decorus
1302 2695 1449 2722 victoribus
1462 2690 1592 2728 praemia.
1616 2692 1649 2719 Et
1668 2692 1754 2719 adlutc
1767 2691 1806 2718 di-

812 2762 937 2789 V'AlllAE
956 2762 1156 2790 LECTIONES.

211 2818 218 2834 '
231 2824 298 2845 recte
311 2820 487 2847 introdnrcns.

527 2820 535 2835 ¹
557 2819 576 2847 Ε
596 2819 753 2854 disputatur.

176 2851 185 2867 ⁸⁵
207 2852 249 2880 ΒΗ
266 2859 313 2880 rst.

807 2818 816 2833 ³
836 2817 960 2853 imagines
970 2834 1003 2839 ——
1015 2817 1180 2845 inrisibilium
1196 2824 1250 2844 om.
1266 2815 1319 2843 ΒΗ.

1359 2815 1366 2829 ⁸
1380 2815 1399 2841 Β
1416 2821 1466 2840 n0u
1483 2813 1584 2839 tnrindc.
1624 2813 1634 2827 ⁵
1650 2811 1691 2838 Bil
1708 2811 1809 2846 ipsuiut
