4168 6284
599 328 739 383 1079

1969 323 2249 385 ιοΑΝΝιδ
2288 325 2485 382 SCOTI

3748 323 3908 381 1030

595 436 799 503 vinius,
832 435 1085 506 quoniam
1117 435 1332 505 quidem
1368 445 1425 491 ut
1460 436 1698 508 optimus
1727 438 1779 492 in
1810 438 2071 493 militibus
2103 438 2178 495 cf.
2285 414 2617 506 spiciamns,
2639 445 2858 507 propter
2887 439 3015 507 quid
3046 452 3333 493 commune
3381 436 3501 497 aliis
3554 437 3903 499 ierarrhieis

600 528 775 582 fectus
798 535 882 581 est
907 540 1031 579 cum
1061 526 1192 596 ipsis
1241 543 1413 593 sacre,
1470 544 1568 598 pro
1613 544 1803 582 eorum
1851 528 2099 597 libertate
2135 539 2190 583 et

598 619 850 683 victoria,
876 615 941 669 ad
968 619 1158 672 mortis
1183 628 1236 672 et
1266 619 1629 688 corruptionis
1651 614 1973 674 concertans
1997 630 2187 689 poten-

603 717 733 768 tem,
766 698 1101 771 certantibus
1149 707 1365 774 quidem
1421 715 1676 775 tanquam
1733 707 1873 762 Deus
1915 707 2189 778 perfectus

602 795 846 850 ascendit
872 795 1144 866 gaudens:
1170 804 1353 850 manet
1391 804 1571 849 autem
1602 795 1654 849 in
1682 797 1940 866 sapientis
1973 796 2193 868 legisla-

605 885 877 949 tionibus,
935 896 991 941 et
1061 886 1353 939 secundum
1423 901 1518 941 cas
1581 887 1697 941 sine
1765 889 2190 960 transgressione

604 975 885 1032 contendit
952 977 1019 1031 ad
1098 977 1359 1030 bonorunt
1446 977 1810 1046 praemiorum
1881 993 2030 1045 spem
2099 977 2192 1033 llr-

604 1069 764 1125 miter
824 1068 1064 1130 habens,
1126 1067 1227 1120 sub
1281 1066 1493 1135 optimo
1551 1064 1775 1120 militiae
1847 1064 2072 1121 Domino
2137 1075 2194 1120 et

605 1162 743 1216 duce
814 1158 1114 1213 ordinatus.
1172 1156 1448 1225 Superatis
1505 1172 1635 1209 vero
1700 1155 1893 1208 divinis
1954 1155 2191 1225 vestigiis

609 1252 841 1307 militum
900 1250 1057 1319 primi
1123 1264 1220 1317 per
1272 1247 1585 1306 bonitatem,
1624 1244 1790 1299 Deum
1856 1245 2193 1301 imitantibus

610 1343 824 1399 militiis
872 1342 937 1395 ad
985 1340 1380 1394 deiﬁcationem
1436 1337 1741 1393 contrarias
1779 1338 1829 1390 ei
1870 1336 2194 1392 reluctantes

609 1445 665 1489 et
716 1432 1064 1503 operatioues
1111 1439 1166 1483 et
1206 1427 1602 1493 subsistentias,
1650 1426 2004 1481 comtnoritur
2040 1424 2195 1481 Chri-

612 1531 720 1585 sto,
778 1520 1004 1590 mystice
1050 1516 1336 1572 dicendum
1383 1526 1634 1584 peccato,
1694 1530 1790 1584 per
1846 1515 2193 1585 baptismum.

612 1611 681 1665 Et
709 1626 919 1665 meeum
939 1608 1213 1678 sapienter
1238 1607 1508 1678 intelligit,
1535 1622 1688 1662 sacra
1713 1594 1835 1660 cum
1859 1615 2057 1675 quanta
2081 1606 2197 1677 pul-

609 1699 913 1755 chritudine
941 1699 1102 1753 habet
1147 1698 1406 1769 symbola.
1439 1697 1651 1751 Etenim
1698 1697 1951 1767 quoniam
1981 1698 2208 1767 quidem.

2290 529 2486 595 tcletis,
2519 531 2751 586 discreto
2782 532 2910 587 huic
2938 531 3076 596 ultra
3105 540 3320 587 ceteras
3353 531 3654 600 reponitur,
3685 540 3748 586 et
3774 531 3893 587 sin-

2287 622 2551 697 gulariter
2579 623 2923 691 praedicatur
2947 624 3257 678 communio
3285 632 3339 678 et
3369 623 3616 694 synaxis,
3640 639 3905 693 unaqua-

2289 728 2394 782 que
2423 728 2577 767 saera
2617 712 2913 783 perfectiva
2943 714 3187 774 actione,
3235 715 3475 784 partitas.
3494 724 3713 773 nostras
3740 714 3903 769 vitas

2290 805 2352 859 in.
2373 804 2692 859 uuiferuzem
2716 805 3442 876 deiticationem-eolligente.
3463 815 3519 860 et
3540 807 3905 861 diversarum

2289 893 2538 947 deiformi
2574 896 2986 963 eomplicatioue
3024 896 3093 949 ad
3142 911 3309 949 unum
3339 897 3786 962 communionem
3833 906 3899 951 et

2291 982 2552 1037 unitatem
2580 983 2834 1037 donante.
2871 984 3109 1043 Dicimus
3133 991 3335 1047 autem,
3368 984 3491 1053 quia
3522 999 3618 1040 eas
3646 983 3900 1039 aliorum

2292 1072 2714 1125 ierarclticorum
2748 1074 3112 1143 symbolarum
3146 1074 3583 1143 participationi,
3621 1089 3901 1129 consum-

2292 1161 2457 1215 matio
2507 1176 2575 1215 cx
2625 1162 2782 1216 istius
2827 1163 3023 1216 divinis
3063 1171 3118 1218 et
3159 1162 3477 1231 perfectivis
3517 1166 3765 1219 invenire
3803 1172 3897 1220 est

2292 1252 2467 1307 donis.
2507 1252 2622 1306 Non
2649 1253 2794 1307 enim
2826 1253 3128 1319 inestfere,
3151 1255 3422 1323 quandam
3448 1255 3631 1324 perlici
3663 1256 3892 1310 teletam

2296 1343 2689 1407 ierarcltieam,
2742 1344 2843 1397 nisi
2890 1343 3224 1400 divinissima
3272 1344 3611 1400 Eucltaristia
3653 1346 3708 1399 in
3747 1359 3890 1400 cono

2296 1433 2652 1488 sumtnatione
2696 1449 2792 1501 per
2833 1433 3044 1503 singula
3089 1432 3542 1503 perficiendorum
3588 1436 3657 1490 ad
3715 1452 3893 1489 unum

2296 1518 2666 1589 perﬁcieutem
2709 1522 2762 1574 in
2804 1537 2955 1595 saera
2994 1523 3207 1579 actione
3250 1523 3644 1591 collectionem,
3680 1534 3737 1579 et
3777 1524 3897 1580 Deo

2300 1610 2496 1665 tradita
2541 1611 2830 1665 donatione
2875 1611 3291 1680 perfectivorum
3332 1615 3711 1685 mysteriorum
3762 1629 3896 1683 per—

2302 1702 2516 1757 liciente
2561 1702 2729 1772 ipsius
2783 1704 2849 1758 ad
2906 1704 3072 1759 Deum
3123 1706 3577 1760 communionem.
3649 1705 3705 1760 Si
3753 1719 3897 1774 ergo

609 1804 757 1844 mors
782 1798 866 1844 est
902 1788 955 1841 in
990 1788 1163 1850 nobis,
1199 1802 1302 1840 non
1334 1788 1621 1851 essentiae,
1659 1804 1764 1841 non
1794 1787 2198 1851 sulisistcntiae,

2304 1779 2654 1863 unaquaeque
2715 1794 3137 1851 ierarcbicarum
3202 1795 3508 1861 teletarum,
3571 1796 3891 1867 imperfecta
3942 1807 3953 1817 θ

612 1882 768 1953 juxta
796 1882 940 1951 quod
974 1881 1146 1933 visum
1185 1890 1268 1935 est
1297 1880 1443 1943 aliis,
1479 1880 1752 1935 uuitorum
1779 1895 1906 1935 vero
1933 1879 2213 1949 separatio

613 1974 772 2030 nobis
804 1972 1070 2027 invisibile
1101 1973 1331 2037 ducens,
1366 1973 1603 2026 animam
1633 1973 1877 2042 quidem,
1912 1981 1972 2026 ut
2014 1971 2069 2026 in
2095 1972 2206 2041 pri-

608 2064 823 2119 vatione
844 2064 1090 2134 corporis
1117 2077 1332 2132 semper
1358 2061 1616 2128 futurant,
1647 2078 1845 2133 corpus
1883 2078 2011 2118 vero
2044 2070 2103 2117 ut
2148 2063 2204 2118 in

616 2167 759 2212 terra
789 2155 1080 2219 occultum,
1111 2165 1204 2210 aut
1224 2154 1375 2224 juxta
1405 2155 1630 2211 alteram
1655 2157 1923 2226 quandam
1952 2172 2209 2228 carpem-

566 2252 571 2257 ’
614 2249 745 2304 lium
785 2250 1163 2314 mutationum,
1206 2264 1269 2303 ex
1309 2264 1371 2303 ea
1409 2262 1549 2317 quae
1577 2257 1659 2303 est
1690 2249 1986 2304 secundum
2027 2248 2201 2303 homi-

569 2339 574 2345 ’
614 2356 737 2394 nem
768 2341 948 2411 specie
995 2340 1330 2403 demolitum,
1363 2338 1586 2409 pulchre
1615 2343 1711 2408 p'er
1758 2354 1953 2407 aquam
1984 2336 2205 2392 univer-

572 2442 575 2447 '
614 2430 743 2483 salis
771 2428 1061 2483 occultatio
1099 2428 1150 2482 in
1194 2429 1385 2484 mortis
1431 2437 1485 2482 et
1527 2427 1835 2497 sepulturae
1859 2427 2206 2483 informitatis

612 2517 847 2588 imagine
861 2518 1140 2589 accipitur.
1168 2518 1334 2573 Sacre
1348 2519 1511 2586 igitur
1529 2521 1649 2588 bapt
1662 2519 1975 2574 izaudorum
1990 2518 2206 2591 symbo-

615 2609 719 2664 lica
750 2609 995 2664 doctrina
1020 2609 1242 2679 mystice
1263 2609 1442 2676 docet,
1476 2608 1648 2663 tribus
1672 2607 1724 2663 in
1758 2623 1895 2677 aqua
1918 2609 2203 2664 dimcrsio-

575 2703 580 2706 ’
615 2699 776 2752 nibus
827 2698 1063 2752 divinam
1098 2696 1275 2753 ttiduo'
1302 2698 1632 2768 totidemque
1664 2700 1911 2753 noctibus
1938 2698 1988 2752 itt
2030 2698 2206 2767 sepul-

615 2800 734 2842 tura
782 2786 907 2843 Jesu
955 2788 1095 2842 vitae
1138 2789 1345 2844 datoris
1386 2789 1587 2843 imitari
1636 2797 1888 2853 mortem,
1943 2799 2202 2858 quantum

617 2877 873 2947 possibile
905 2878 1035 2932 viris
1063 2878 1242 2932 divina
1296 2878 1542 2939 intitatio,
1602 2880 1653 2933 in
1687 2893 1792 2948 quo
1816 2878 1971 2946 juxta
2003 2880 2201 2950 eloquii

576 2970 579 2971 ⁷
616 2969 980 3040 mysterialcm
1010 2979 1065 3023 et
1108 2970 1373 3024 occultam
1417 2970 1783 3034 traditionem,
1823 2969 1955 3024 nihil
2001 2971 2205 3026 invenit

614 3060 866 3130 ptiuceps
898 3062 1077 3116 mundi
1103 3073 1149 3114 ς.
1184 3061 1387 3116 Deinde
1411 3078 1538 3118 vero
1557 3062 1857 3117 lnciformia
1883 3062 2202 3135 vestimenta

2304 1883 2517 1953 quidem
2545 1898 2660 1949 ens,
2705 1885 2771 1939 ad
2798 1899 2961 1938 unum
2990 1894 3227 1939 nostram
3253 1886 3689 1947 communionem
3715 1896 3770 1941 et
3799 1900 3899 1957 sy-

2306 1963 2489 2030 naxim
2533 1992 2637 2031 non
2682 1975 2970 2044 perﬁciet:
3018 1985 3075 2032 et
3116 1986 3199 2032 est
3247 1977 3433 2039 teleta.
3484 1990 3706 2049 propter
3739 1979 3893 2050 quod

2306 2064 2675 2134 imperfectum
2701 2063 2896 2120 aufert.
2945 2064 3094 2120 Finis
3118 2076 3299 2121 autem
3325 2067 3482 2122 totius
3505 2077 3561 2122 et
3586 2068 3893 2138 capitulum

2305 2154 2607 2210 divinorum
2671 2154 3049 2226 mysteriorum
3106 2154 3346 2225 perfecto
3388 2158 3633 2222 traditio,
3681 2155 3897 2213 merito

2306 2246 2605 2301 ierarcbica
2666 2245 3022 2314 intelligentia
3078 2247 3595 2317 cognominationem
3644 2248 3697 2301 ei
3748 2261 3892 2316 pro-

2303 2339 2475 2409 priam
2510 2352 2574 2393 ex
2616 2337 2884 2395 actionum
2920 2337 3412 2397 veritatcinvcuit.
3459 2335 3551 2393 Sic
3583 2346 3641 2391 et
3671 2351 3890 2392 sacram

2305 2429 2520 2483 divinae
2559 2428 2922 2499 generationis
2967 2427 3205 2492 teletam,
3251 2428 3507 2496 quoniam
3548 2428 3782 2497 primum
3813 2426 3893 2479 lu-

2308 2535 2427 2575 men
2469 2520 2670 2583 tradit,
2716 2528 2770 2573 et
2805 2518 3044 2572 omnium
3088 2529 3171 2573 est
3219 2518 3551 2587 principium
3584 2518 3887 2572 divinarum

2308 2611 2359 2666 in
2396 2610 2576 2665 lumen
2618 2608 3094 2671 iutroductionum,
3143 2624 3207 2662 ex
3248 2607 3499 2678 perfecto,
3525 2623 3650 2663 vera
3693 2607 3890 2661 illumi-

2306 2702 2539 2759 nationis
2578 2701 2941 2756 nominatione
2980 2699 3280 2753 laudamus.
3327 2698 3607 2769 Siquidem
3639 2698 3895 2753 omnibus

2268 2855 2271 2858 ἠ
2304 2806 2590 2847 commune
2634 2791 2965 2851 ierarchicis,
2989 2789 3161 2845 lucem
3202 2790 3343 2844 sacri
3372 2790 3589 2844 tradere
3613 2789 3891 2858 perlicien-

2304 2885 2408 2939 dis.
2456 2884 2561 2938 Sed
2609 2884 2744 2938 haec
2787 2883 3019 2952 primum
3047 2880 3230 2935 videre
3273 2882 3495 2935 donavit
3534 2880 3685 2943 mihi,
3713 2888 3771 2936 et
3791 2894 3899 2948 per

2308 2973 2479 3042 ipsum
2515 2971 2633 3041 ejus
2670 2971 2963 3041 principale
3008 2969 3188 3024 lumen
3237 2970 3291 3025 in
3335 2969 3566 3027 aliorum
3610 2983 3887 3024 sacrorum

2302 3072 2654 3134 conspectum
2695 3062 2988 3119 luciducor.
3043 3059 3186 3115 llaec
3219 3069 3399 3115 autem
3430 3059 3691 3122 dicentes,
3722 3060 3887 3128 respi-

622 3154 849 3207 induuut
876 3152 1336 3210 consummatum.
1357 3154 1511 3209 Virili
1545 3155 1687 3209 enim
1722 3163 1775 3209 ct
1805 3130 2052 3211 deiformi
2074 3171 2204 3211 con—
2229 3129 2274 3189 δ
2305 3156 2508 3210 ciemus
2548 3162 2601 3207 et
2646 3152 2945 3223 videbimus
3007 3151 3304 3211 ierareltice
3364 3165 3462 3219 per
3490 3149 3717 3221 ,singula
3740 3148 3886 3207 dili-

576 3236 583 3241 ’
619 3242 910 3297 trariorum
944 3243 1396 3312 impassibilitate,
1423 3253 1476 3298 et
1502 3243 1567 3297 al
1594 3259 1757 3298 unum
1785 3244 1943 3297 firmo
1959 3244 2214 3317 contuitu.

618 3333 928 3386 inornatum
960 3342 1216 3398 ornatur,
1261 3341 1316 3386 et
1367 3333 1595 3388 informe
1644 3334 2021 3398 formiticatur,
2071 3333 2205 3389 luci-

617 3420 774 3474 formi
802 3420 1177 3474 univerSaIiter
1217 3421 1323 3474 vita
1364 3422 1671 3490 splendens.
1706 3421 1973 3491 nguenti
2019 3430 2199 3477 autent

617 3509 911 3578 perfecziva
934 3507 1127 3563 'unctio
1178 3510 1506 3567 odoriferam
1537 3513 1665 3567 facit
1688 3512 2005 3581 perfectum.
2035 3512 2202 3569 Sacra

615 3596 759 3650 enim
816 3596 1032 3649 divinae
1083 3598 1447 3663 generationis
1492 3601 1887 3654 consummatio
1938 3584 2206 3657 coadunat

621 3694 996 3739 consummata
1021 3685 1204 3740 divino
1227 3687 1458 3756 spiritui.
1479 3689 1822 3745 Invisibiliter
1836 3700 2012 3747 autem
2028 3693 2205 3749 odori-

620 3776 780 3830 tlcunt
813 3787 867 3831 et
896 3776 1248 3847 perlectivum
1274 3780 1586 3844 adventum,
1622 3780 2043 3837 ineﬂ'abillimum
2089 3784 2210 3839 exi-

618 3871 875 3930 stentem,
908 3880 1235 3937 cognoscere
1273 3868 1706 3925 intellectualiter
1750 3873 1988 3928 concedo
2033 3874 2206 3945 dignis

617 3955 913 4010 secundum
944 3956 1270 4015 intellectum
1297 3959 1470 4014 divini
1492 3960 1713 4030 spiritus
1742 3978 1898 4017 sacra
1923 3973 1977 4018 et
2016 3965 2205 4020 deiﬁca

619 4046 1123 4103 communicatione.
1158 4048 1214 4103 In
1245 4049 1350 4105 line
1379 4060 1560 4105 autem
1584 4052 1825 4108 omnium
1856 4068 2098 4129 summus
2121 4071 2205 4111 sa-

616 4134 807 4190 cerdos
846 4137 911 4189 ad
963 4137 1387 4193 sacratissimam
1437 4138 1836 4198 Eucharistiam
1889 4155 2046 4199 vocat
2085 4161 2207 4215 per-

617 4226 842 4291 fectum,
895 4239 951 4283 ct
1000 4222 1418 4301 perfectivorttm
1468 4233 1849 4304 mysteriorum
1899 4236 2001 4306 ipsi
2045 4239 2207 4295 tradit

617 4324 1075 4380 communionem.

1151 4452 1550 4511 CAPITULUM
1584 4452 1668 4508 Ill.

1036 4563 1112 4617 De
1137 4566 1467 4634 perﬁciendis
1498 4567 1551 4621 in
1580 4569 1789 4636 ignari.

689 4674 799 4728 Sed
817 4686 971 4745 euge,
992 4676 1247 4743 quoniam
1272 4675 1433 4744 hujus
1454 4680 2018 4757 commemoravimus,
2038 4696 2199 4752 quam

619 4762 727 4818 non
779 4765 909 4818 mihi
949 4762 1154 4830 justum
1205 4774 1289 4819 est
1333 4770 1725 4823 transcurrenti
1781 4770 2199 4827 ierarchicdrnm

619 4854 748 4924 quid
776 4862 904 4908 ante
930 4869 1049 4908 eam
1082 4854 1225 4910 aliud
1260 4856 1498 4911 laudare.
1531 4858 1744 4915 Etenim
1773 4844 1877 4927 est,
1907 4862 2200 4917 secundum

616 4945 910 5012 gloriosum
966 4955 1209 5002 nostrum
1254 4949 1626 5020 magistrum,
1682 4953 1975 5022 teletagrttm.
2019 4951 2199 5007 teleta.

617 5028 684 5090 Et
715 5044 928 5106 oportet
959 5028 1083 5093 ante
1115 5038 1248 5094 alias
1278 5056 1397 5096 eam
1452 5056 1611 5109 sacro
1645 5043 2001 5107 scribentem,
2032 5057 2199 5111 expo-

617 5139 941 5199 nentemque
991 5146 1056 5185 ex
1111 5131 1289 5193 divina
1333 5132 1487 5203 juxta
1538 5132 1750 5202 eloquia
1801 5142 1855 5187 et
1906 5132 2200 5188 ierarcltica

616 5221 843 5275 scteutia
896 5222 948 5277 itt
994 5238 1202 5277 sacram
1256 5224 1372 5290 ejus
1420 5225 1714 5281 ascendere
1780 5223 1959 5279 divino
2007 5224 2199 5293 spiritu

618 5304 1145 5382 contemplationem.
1200 5313 1266 5368 Et
1294 5315 1525 5383 primum
1555 5316 1770 5386 qmdem
1801 5316 1901 5369 hoc
1930 5330 2084 5369 sacre
2113 5315 2196 5369 in-

2228 4463 2279 4522 D

2303 3257 2514 3319 gentem
2567 3245 2941 3300 sanctissimae
3000 3243 3194 3299 teletae
3246 3242 3514 3298 actionem
3572 3256 3782 3297 sacram
3824 3247 3886 3294 et

2304 3336 2833 3407 contemplationem.

2518 3468 2825 3540 Mysterium
2853 3484 3111 3538 synaxeos
3139 3468 3244 3521 sive
3266 3452 3663 3521 communionis.

2377 3578 2630 3651 Summus
2652 3595 2866 3663 quidem
2894 3594 3147 3651 sacerdos
3167 3593 3466 3648 orationem
3491 3606 3694 3659 sacram
3719 3606 3890 3662 super

2305 3686 2542 3740 divinum
2584 3686 2754 3740 altare
2797 3685 3102 3755 porticiens,
3127 3700 3193 3739 ex
3223 3685 3338 3754 ipso
3366 3684 3575 3740 adplore
3599 3683 3892 3749 iucboans,

2306 3775 2358 3830 in
2402 3789 2623 3835 omnem
2659 3776 2803 3828 venit
2846 3774 2983 3828 sacri
3011 3774 3163 3828 cbori
3208 3773 3493 3827 ambitum.
3522 3770 3751 3827 Rediens
3776 3770 3881 3824 ite-

2306 3882 2422 3920 rum
2470 3866 2543 3921 ad
2577 3866 2816 3919 divimun
2862 3865 3050 3929 altare,
3125 3864 3314 3935 incipit
3351 3880 3506 3919 sacra
3558 3862 3877 3934 psalmorum

2306 3955 2534 4010 tnelodia
2585 3956 2626 4021 ¹,
2677 3956 2998 4010 concinente
3044 3955 3091 4029 ei
3139 3954 3455 4024 psalmieam
3500 3968 3725 4019 sacram
3756 3967 3877 4006 ora-

2307 4048 2504 4101 tionem
2543 4047 2687 4101 omni
2732 4044 3099 4100 ecclesiastica
3143 4029 3519 4112 dispositione.
3565 4042 3761 4096 Deinde
3787 4055 3879 4110 per

2304 4141 2583 4197 ministros
2623 4142 2736 4210 ipsa
2781 4140 3215 4210 prOpheticarum
3260 4122 3526 4193 deltarum
3563 4134 3722 4188 lectio
3748 4147 3876 4188 eou-

2303 4240 2591 4301 scquenter
2628 4230 2705 4285 ﬁt.
2762 4230 2827 4284 Et
2874 4239 2995 4299 post
3038 4231 3135 4283 bas
3162 4226 3296 4283 foris
3338 4227 3474 4292 futnt
3500 4240 3656 4307 sacro
3681 4222 3877 4277 ambitu

2304 4321 2706 4388 catechumeui,
2733 4328 2788 4372 et
2827 4334 2958 4374 cum.
2991 4318 3121 4389 ipsis
3163 4316 3532 4384 energumeni,
3562 4323 3620 4368 et
3643 4312 3734 4381 qui
3760 4318 3881 4368 sunt

2310 4414 2364 4468 in
2411 4412 2766 4483 poenitentia.
2815 4410 3034 4466 Manent
3077 4419 3258 4464 autem
3311 4407 3617 4463 divinorum
3667 4411 3878 4470 aspectu

2305 4511 2360 4557 et
2382 4502 2759 4558 communione
2786 4501 2953 4571 digiti.
3005 4499 3370 4554 Ministrorum
3397 4510 3524 4549 vero
3545 4493 3636 4546 alii
3667 4491 3877 4562 quidem

2308 4601 2457 4651 stant
2495 4592 2560 4646 ad
2604 4591 2785 4660 templi
2832 4598 3015 4662 portas
3059 4587 3383 4651 conclusas;
3434 4582 3525 4639 alii
3570 4594 3691 4634 vero
3733 4579 3874 4633 aliud

2296 4682 2436 4754 quid
2477 4682 2683 4753 proprii
2720 4680 2928 4736 ordinis
2964 4689 3307 4751 onerantur;
3356 4670 3445 4729 alii
3493 4681 3665 4735 autem
3713 4668 3876 4735 mini-

2308 4774 2573 4828 stratoria.
2617 4771 2968 4845 dispositione
3022 4770 3282 4835 discreti,
3341 4781 3458 4833 cum
3505 4759 3877 4817 sacerdotibus

2298 4879 2470 4939 super
2511 4862 2752 4917 divimmt
2793 4861 2964 4916 altare
3011 4869 3317 4932 proponunt
3353 4869 3560 4926 sacrum
3591 4866 3787 4921 panem
3822 4860 3875 4906 et

2307 4954 2695 5025 benedictionis
2737 4945 2993 5023 calicem,
3031 4960 3165 5005 ante
3195 4950 3449 5015 coulessa
3487 4945 3554 5020 ab
3590 4942 3739 4996 omni
3783 4942 3871 4996 Ec-

2305 5044 2501 5100 clesiae
2522 5044 2851 5115 plenitudine
2862 5041 3132 5113 catholica
3156 5026 3522 5110 hyumolo‘gia.
3531 5033 3671 5103 llum
3689 5031 3870 5101 quibus

2304 5137 2517 5190 divinus
2560 5135 2793 5206 pontifex
2824 5134 3125 5209 orationem
3154 5144 3365 5186 sacram
3412 5126 3741 5199 perlicit,_et.
3763 5137 3870 5176 san.-

2288 5238 2445 5293 _ctam
2493 5244 2679 5299 pacem
2737 5225 2989 5298 omnibus
3042 5221 3345 5294 promittit;
3412 5212 3871 5273 etsalutantibus

2305 5321 2447 5376 inter
2485 5335 2542 5375 sc
2583 5318 2811 5373 invicem
2854 5315 3141 5387 omnibus,
3196 5311 3421 5383 mystica
3468 5321 3742 5367 sacrorum
3788 5318 3871 5355 vn.»

1902 5427 2156 5485 VAliIAE
2196 5430 2599 5488 LECTIONES.

703 5515 716 5545 ¹
749 5514 836 5568 Bll
866 5534 1069 5570 sacrum
1101 5520 1426 5586 psalmorum
1459 5519 1757 5575 melodium.

698 5681 721 5706 ⁸
766 5666 919 5725 Juan.
956 5676 1093 5728 XIV.

2152 5613 2397 5669 NOTAE.
