4168 6284
282 405 409 461 teat
460 484 464 489 Δ

847 398 1091 456 γεηδιο
1129 400 1414 456 OPERUM
1452 400 1509 456 S.
1554 398 1867 454 DIONYSII.
1908 431 1978 441 ——
2019 399 2548 455 ECCLESIASTICA
2590 400 2981 455 llillAltCillA.

3338 414 3351 423 '
3422 404 3556 459 lilii!

278 519 543 575 luminum
573 492 902 590 praedicatio
922 515 1222 586 perticitur.
1244 514 1313 570 Et
1337 514 1643 572 lavantibus
1670 531 1859 570 manus
1890 520 2017 576 ,\'et
2063 512 2471 569 collocationem
2520 511 2772 579 edicitur,
2819 524 2875 569 et
2921 518 3171 571 omnibus
3212 498 3560 578 dcitur-mibus

278 626 417 679 aqua
467 623 677 665 stunmo
727 607 1008 661 sacerdote
1052 614 1106 659 et
1150 604 1523 659 sacerdotibus
1549 645 1564 669 ,
1614 615 1897 660 summus'

280 702 496 771 quidem
537 698 788 753 sacerdos
828 696 882 750 i‘n
929 695 1107 750 medio
1150 694 1313 749 divini
1364 685 1552 748 altaris
1592 701 1723 759 stat,
1754 694 1856 748 cir-

278 800 548 849 cumstant
573 800 751 845 autem
788 789 893 845 soli
925 803 1047 844 cum
1087 788 1457 844 sacerdotibus
1486 786 1854 842 ministrarum

278 883 483 939 selecti.
526 879 593 934 Et
614 895 800 934 sacras
819 879 1033 933 divinas
1057 878 1299 933 actiones
1336 892 1578 932 summus
1606 875 1857 932 sacerdos
1890 880 1895 886 '

279 974 523 1033 laudans,
564 969 837 1024 sacrificat
879 967 1239 1029 divinissima,
1283 976 1337 1019 et
1377 967 1476 1020 sub
1510 974 1855 1045 conspectum

277 1063 425 1117 ducit
468 1061 682 1115 laudata
728 1075 824 1130 per
865 1073 1019 1113 sacre
1057 1056 1463 1126 procumbentia
1491 1055 1756 1127 symbola,
1801 1065 1856 1110 ct

274 1153 594 1209 donationes
632 1150 935 1204 divinorum
975 1159 1193 1202 actuum
1237 1146 1556 1211 ostendens,
1603 1146 1657 1201 lu
1702 1161 1854 1200 com—

275 1246 589 1299 munionem
623 1256 810 1297 eorum
835 1240 1155 1295 sanctificat.
1182 1238 1408 1309 Ipseque
1433 1239 1600 1303 venit,
1630 1248 1685 1292 et
1725 1237 1857 1292 alios

273 1336 615 1390 adhortatur.
669 1333 951 1399 Accipiens
974 1340 1101 1385 vero
1126 1340 1180 1385 et
1209 1332 1426 1386 tradens
1449 1329 1683 1384 divinam
1712 1345 1857 1383 com-

275 1428 611 1486 munionem,
656 1426 709 1478 in
739 1423 1127 1479 Ettritaristiam
1166 1439 1379 1479 sacram
1417 1423 1633 1489 desinit,
1678 1422 1859 1478 multis

274 1517 492 1586 quidem
513 1516 573 1589 in
601 1516 711 1569 sola
757 1514 935 1568 divina
964 1514 1203 1584 symbula
1233 1508 1705 1584 prospicientibus,
1742 1515 1858 1585 ipso

274 1616 456 1662 autem
491 1620 704 1673 semper
736 1604 919 1659 divino
940 1605 1130 1674 Spiritu
1170 1606 1239 1660 ad
1279 1618 1461 1661 sancta
1496 1605 1855 1676 perfecturum

272 1696 537 1765 principia
566 1697 618 1749 in
643 1695 813 1748 beatis
844 1705 897 1748 et
920 1695 1371 1750 intellectuaiibus
1402 1696 1858 1765 speculationibus

271 1786 571 1841 ierarcbice
608 1786 659 1838 in
699 1786 935 1855 puritate
961 1785 1242 1841 deiformis
1266 1780 1849 1841 habitusascendente.

954 1921 1197 1977 Theca-ia.

341 2059 473 2113 Veni
509 2059 693 2131 igitur,
722 2074 756 2113 o
784 2072 918 2127 puer
946 2056 1107 2121 bone,
1140 2064 1261 2126 post
1290 2057 1551 2129 imagines
1589 2058 1639 2113 iu
1671 2060 1860 2114 ordine

266 2159 322 2205 et
369 2166 527 2205 sacre
577 2151 631 2204 in
683 2148 1002 2204 deiformem
1062 2144 1439 2219 principalium
1487 2150 1858 2221 exemplorum

265 2242 571 2296 veritatem.
633 2240 768 2321 illud
820 2239 1078 2311 perfectis
1122 2242 1175 2295 in
1226 2241 1588 2297 coadunatam
1637 2259 1858 2298 suarum

265 2334 570 2387 animarum
607 2333 1060 2388 iutroductionem
1092 2332 1289 2399 dicam,
1331 2336 1603 2403 quomodo
1644 2337 1858 2405 symbo-

267 2419 444 2475 lorum
473 2416 625 2474 varia
658 2428 713 2474 ct
753 2435 902 2475 sacra
931 2421 1250 2488 compositio
1294 2435 1401 2475 non
1431 2421 1549 2475 sine
1582 2422 1858 2478 intellectu

265 2512 349 2564 eis
390 2510 666 2574 subsistit,
712 2518 766 2564 et
814 2524 983 2578 usque
1030 2524 1127 2574 ea,
1171 2525 1309 2579 quae
1354 2519 1509 2565 extra
1552 2521 1711 2578 sunt,
1761 2529 1857 2583 ap-

267 2614 469 2669 parens
503 2597 857 2653 solummodo.
908 2597 1276 2653 Sacratissimi
1314 2600 1530 2669 quidem
1567 2602 1712 2655 enim
1744 2602 1857 2656 cio-

271 2690 520 2760 quiorum
566 2700 757 2744 cautus
779 2698 833 2743 et
858 2688 1139 2754 lectiones,
1168 2690 1470 2745 doctrinam
1499 2692 1579 2747 eis
1605 2694 1857 2749 strenuae

264 2778 412 2833 vitae
446 2780 791 2843 denunciant,
820 2787 874 2833 et
914 2779 981 2834 ab
1015 2780 1094 2833 cis
1136 2776 1425 2849 perfectam
1462 2780 1885 2853 corrumpentis'

267 2869 507 2925 malitiae
544 2872 943 2941 purgationem.
997 2871 1337 2926 Divinissima
1384 2884 1563 2928 autem
1606 2876 1764 2929 unius
1800 2886 1856 2930 ct

265 2958 507 3028 ejusdem
551 2968 607 3014 et
647 2961 799 3030 panis
844 2971 902 3015 et
944 2961 1130 3016 calicis
1176 2964 1485 3019 communio
1528 2972 1583 3019 et
1629 2965 1850 3035 pacifica

266 3047 489 3103 traditio
528 3050 757 3103 similem
802 3051 1273 3105 conversationem
1306 3052 1385 3105 eis
1421 3052 1689 3117 divinam,
1735 3063 1853 3107 tau-

265 3152 430 3207 quam
458 3138 707 3192 similiter
724 3137 1008 3193 edentibus
1030 3139 1353 3208 promulgat,
1378 3151 1427 3193 et
1456 3139 1849 3195 divinissimam

1960 602 2436 674 proportionaliter
2476 602 2788 668 illnce’ndo.
2846 606 2989 660 circa
3039 611 3380 679 semctipsam
3431 627 3559 668 vere

1958 694 2165 755 existit,
2196 702 2252 749 et
2278 694 2490 763 propria
2519 696 2740 749 omnino
2766 711 2868 750 non
2894 705 3282 755 transmutatur
3303 702 3492 758 imuuzt
3527 732 3557 747 -

1959 781 2186 835 bititate.
2212 781 2477 836 Similiter
2499 781 2676 837 divina
2696 797 2967 855 synaxeos
2990 787 3292 851 tclcta,‘ctsi
3319 791 3554 847 involuta

1960 877 2015 922 et
2057 868 2288 937 simplex
2343 868 2539 923 habeat
2589 878 2644 925 et
2698 873 3058 942 eomplicitum
3107 878 3448 948 principium,
3504 883 3556 937 in

1959 970 2167 1011 sacram
2200 958 2516 1014 varietatem
2554 962 2917 1030 symbolarum
2960 964 3260 1021 cietuentcr
3286 970 3558 1040 .multipli-

1960 1058 2134 1112 catur,
2158 1057 2215 1103 et
2235 1064 2406 1118 usque
2432 1067 2648 1105 omnem
2675 1054 2859 1122 implet
2883 1054 3235 1111 ierarcbicam
3262 1058 3554 1131 imaginum

1961 1138 2399 1209 descriptiOuem,
2429 1142 2688 1195 continuo
2710 1141 3056 1198 uniformiter
3075 1160 3136 1198 cx
3166 1148 3249 1201 his
3279 1150 3472 1205 iterum
3503 1152 3556 1207 in

1961 1230 2232 1299 propriam
2256 1231 2518 1286 unitatem
2543 1231 2832 1302 coiiigitur,
2865 1242 2920 1287 et
2952 1236 3171 1290 uuificat
3215 1222 3363 1296 inse
3399 1257 3555 1298 sacro.

1964 1321 2228 1375 reductos.
2288 1318 2447 1375 Juxta
2501 1321 2644 1376 hunc
2699 1321 3019 1377 deifortuem
3054 1326 3295 1380 'm'odum
3346 1331 3559 1386 divinus

1963 1424 2203 1465 summus
2232 1413 2502 1475 sacerdos,
2529 1412 2631 1466 etsi
2666 1413 2871 1466 uuitam
2904 1428 3033 1468 suae
3072 1414 3376 1473 lerarchiae
3405 1419 3565 1475 disci-

1891 1514 1894 1519 ‘
1960 1500 2160 1570 plinam
2215 1499 2495 1554 deiformis
2550 1501 2602 1553 in
2656 1500 3225 1571 subjectos-deducit,
3280 1523 3558 1565 sacrorum

1964 1591 2323 1662 aenigmatum
2340 1590 2936 1661 pluralitatilmsutens;
2962 1597 3275 1663 astiterunt,
3303 1606 3556 1669 tanquam
3588 1624 3594 1630 -

1964 1683 2243 1738 absolutus
2268 1692 2323 1738 et
2350 1683 2649 1737 minoribus
2681 1684 3133 1740 immensurabilis
3154 1729 3167 1749 ,
3198 1688 3250 1742 in
3283 1694 3555 1760 propr'um

1964 1773 2286 1844 principium
2315 1774 2633 1829 iudiminute
2663 1775 2992 1842 restituitur,
3025 1786 3080 1831 et
3116 1778 3168 1832 in
3202 1795 3365 1833 unum
3398 1797 3554 1836 suum

1890 1854 1937 1913 Β
1964 1862 2376 1918 intellectualem
2418 1863 2623 1919 faciens
2664 1864 2967 1932 introitum,
3012 1867 3157 1923 videt
3196 1884 3330 1939 pure
3380 1869 3558 1938 perfr-

1960 1968 2171 2014 ctorum
2231 1958 2527 2015 uuiformes
2586 1960 2841 2024 rationes,
2896 1962 2948 2017 in
3005 1963 3238 2018 secunda
3275 1964 3558 2019 clementis

1960 2050 2325 2122 processionis
2364 2064 2656 2117 stunmum,
2692 2052 2743 2106 in
2772 2054 2943 2123 prima
2983 2055 3300 2111 diviniorem
3339 2070 3560 2112 com‘er-

1960 2143 2166 2197 sionem
2222 2140 2503 2195 facientes.
2573 2141 2910 2198 Psalmorum
2968 2155 3149 2199 autem
3214 2145 3508 2200 modulatio
3538 2188 3556 2211 ,

1958 2233 2284 2289 conveniens
2311 2233 2563 2288 Omnibus
2589 2232 2702 2289 fere
2726 2234 3038 2291 ierarcbicis
3066 2238 3355 2309 mysteriis,
3380 2238 3559 2293 nonne

1958 2313 2197 2375 futurum
2227 2331 2311 2377 est
2338 2322 2597 2391 explicari
2634 2325 2874 2379 omnium
2924 2312 3155 2380 summo
3181 2325 3559 2381 Sacerdotalis-

1957 2412 2097 2467 simo
2123 2412 2149 2466 7
2192 2411 2388 2468 Omnis
2433 2413 2654 2483 quidem
2704 2415 2850 2469 enim
2903 2430 3057 2470 saera
3101 2425 3155 2470 et
3197 2417 3558 2488 agiograpbos

1957 2500 2149 2563 deitos,
2183 2509 2277 2555 aut
2302 2501 2355 2555 in
2382 2501 2491 2556 Deo
2515 2501 2859 2557 existentium
2901 2498 3210 2573 generatam
3255 2507 3558 2561 subsistente

1958 2589 2108 2655 tiam,
2148 2598 2202 2644 et
2231 2588 2661 2660 dispositionem,
2711 2594 2803 2644 aut
2852 2592 3077 2663 legalem
3125 2582 3451 2650 lerarcbiam
3502 2603 3559 2650 et

1955 2681 2471 2746 conversationem,
2529 2689 2621 2735 aut
2676 2682 2842 2736 divini
2912 2684 3092 2753 populi
3158 2685 3556 2743 haereditatum

1954 2771 2358 2826 distributiones
2378 2778 2431 2826 et
2454 2773 2832 2839 habitationes,
2863 2784 2957 2829 aut
2977 2774 3218 2842 iudicum
3243 2766 3545 2844 sacrorum,

1953 2872 2046 2913 aut
2103 2875 2285 2927 regum
2341 2854 2641 2931 sapientum
2668 2902 2683 2927 ,
2735 2872 2829 2917 aut
2866 2860 3207 2919 sacerdotum
3250 2867 3555 2923 divinorum

1954 2948 2378 3023 intelligentiam,
2419 2945 2511 3008 aut
2551 2966 2792 3010 veterum
2832 2956 3070 3011 virorum
3109 2959 3159 3011 iu
3192 2960 3455 3016 varietate
3492 2971 3551 3017 et

1951 3041 2294 3097 multitudine
2334 3044 2666 3098 anxietatum
2710 3047 2972 3104 immutab
2995 3048 3097 3102 lem
3144 3049 3197 3104 in
3235 3049 3554 3109 fortitudine

1952 3131 2364 3201 pluiosopbiam,
2410 3142 2504 3187 aut
2529 3135 2800 3189 actionum
2833 3136 3100 3206 sapientes
3127 3137 3421 3203 doctrinas,
3450 3130 3573 3195 aut‘
3637 3204 3642 3215 .

261 3244 488 3285 coenam
516 3239 572 3284 ct
594 3228 887 3299 principale
924 3228 1223 3299 symbolum
1259 3230 1622 3299 perfectorum
1655 3231 1707 3284 iu
1739 3247 1849 3285 mc-
1877 3213 1921 3267 (ἶ
1953 3225 2252 3279 divinorum
2281 3239 2525 3279 amorum
2561 3225 2771 3282 cantica
2801 3237 2855 3281 et
2885 3228 3092 3283 divinas
3117 3229 3379 3301 inagiues
3406 3272 3421 3295 ,
3449 3241 3545 3287 aut

262 3322 749 3377 moriam‘sacram
790 3320 958 3375 ducit.
1000 3317 1159 3374 Juxta
1202 3323 1343 3389 quod
1386 3330 1441 3375 et
1477 3321 1591 3391 ipse
1631 3321 1848 3392 symbo-

262 3410 437 3465 lorum
463 3410 709 3466 conditor
731 3411 964 3479 partitur
990 3410 1408 3465 sanetissimam.
1449 3410 1638 3467 Nonne
1662 3422 1852 3467 sancte

261 3505 311 3560 ei
337 3513 392 3559 et
416 3504 670 3560 unimodc
714 3519 874 3559 sacra
915 3514 1340 3560 concoenantcm
1380 3504 1584 3560 docens
1608 3514 1663 3559 et
1701 3515 1852 3561 recte

262 3590 422 3648 simul
449 3602 505 3649 et
548 3592 904 3658 deiformiter,
944 3592 1211 3663 quomodo
1258 3593 1371 3662 ipsa
1414 3594 1566 3665 juxta
1610 3594 1850 3651 habitum

261 3699 390 3739 vera
443 3683 494 3737 in
537 3683 713 3739 divina
769 3683 1067 3753 assumptio
1110 3682 1178 3737 ad
1219 3682 1624 3739 similitudinem
1665 3700 1850 3739 eorum

265 3775 700 3829 communionem
727 3774 858 3844 ipsis
884 3774 1292 3831 advenientibus
1317 3775 1598 3830 donatur?

334 3862 483 3919 Haec
509 3864 687 3935 igitur,
715 3864 924 3930 ut‘dixi,
954 3865 1006 3919 iu
1037 3865 1305 3920 aditorum
1327 3866 1463 3920 atria
1490 3864 1628 3922 bene
1653 3868 1854 3923 deseri-

262 3962 378 4024 pta,
412 3953 739 4022 imperfectis
767 3957 938 4011 adhuc
964 3957 1028 4011 ad
1051 3954 1555 4028 contemplationem
1579 3958 1855 4012 sufficien-

266 4054 375 4099 tem
414 4043 797 4115 relinquentes.
846 4047 1105 4103 intremus
1134 4046 1492 4103 acansalibus
1535 4048 1587 4101 in
1639 4062 1852 4113 causas,

255 4136 413 4201 juxta
445 4149 651 4189 sacram
689 4148 928 4192 nostram
956 4138 1203 4208 synaxiu,
1245 4148 1301 4193 et
1335 4139 1584 4194 decoram
1618 4138 1857 4191 invisibi-

262 4224 393 4277 lium
421 4223 546 4280 Jesu
574 4224 822 4282 luciduco
850 4228 1151 4283 videbimus
1177 4231 1405 4307 θεωρίαν,
1431 4229 1646 4284 beatam
1686 4228 1858 4283 decla-

262 4314 473 4370 rantem
499 4315 781 4371 manifeste
808 4317 1180 4388 principalium
1212 4317 1507 4372 formarum
1549 4319 1853 4389 pulchritu-

260 4405 464 4459 dinem.
505 4404 609 4459 Sed
631 4405 966 4462 divinissima
988 4420 1045 4463 et
1070 4424 1225 4464 sacra
1261 4409 1442 4474 teleta,
1473 4410 1855 4479 circumposita

260 4493 357 4546 tibi
384 4493 404 4526 ¹
440 4493 729 4563 symbolice
767 4499 1084 4553 vestimenta
1148 4499 1509 4569 aenigmatum
1571 4500 1812 4555 revolans
1840 4543 1854 4565 ,

1956 3312 2257 3368 futurorum
2309 3315 2652 3383 propheticas
2699 3316 3133 3385 praedicationes
3164 3358 3179 3380 .
3226 3327 3321 3374 aut
3367 3319 3554 3375 viriles

1953 3402 2081 3459 Jesu
2109 3403 2322 3457 divinas
2349 3404 2614 3469 actiones,
2644 3412 2737 3459 aut
2762 3406 2999 3474 ipsorum
3025 3407 3409 3478 discipulorum
3442 3398 3569 3465 Deo

1957 3494 2181 3550 traditas
2206 3506 2260 3549 et
2290 3495 2382 3550 Dei
2428 3483 2749 3553 imitator-ias
2793 3499 3234 3555 conversationes
3269 3510 3324 3556 et
3366 3514 3556 3557 sacras

1954 3587 2252 3652 doctrinas,
2282 3595 2374 3642 aut
2404 3587 2666 3643 occultam
2697 3596 2753 3643 et
2785 3589 3068 3660 mysticam
3108 3591 3368 3647 visionem
3414 3592 3557 3662 ipso-

1956 3692 2074 3732 rum
2120 3677 2502 3747 discipulorum
2540 3677 2874 3734 dilectissimi
2912 3689 2964 3733 et
3002 3679 3169 3734 divini
3200 3696 3264 3735 ac
3289 3681 3553 3737 mirabilis

1955 3766 2443 3840 supermundanam
2497 3769 2622 3825 Jcsu
2671 3771 2990 3842 theologiam
3046 3774 3114 3826 ad
3156 3773 3553 3829 deii'icalionem

1954 3860 2268 3929 opportunis
2306 3861 2525 3913 nunciat
2554 3860 2597 3922 ‘,
2635 3868 2691 3914 ct
2721 3861 2893 3915 sacris
2924 3860 3210 3915 teletarum
3239 3871 3294 3914 et
3343 3861 3561 3917 deifor-'

1955 3951 2132 4005 mibus
2185 3951 2440 4020 anagogis
2499 3949 2801 4004 corradlcat
2858 3956 2902 4002 ⁸.
2977 3948 3292 4029 Divinarum
3370 3961 3552 4006 autem

1956 4049 2206 4096 cantuum
2254 4055 2408 4094 sacra
2454 4039 2732 4108 Scriptura
2759 4080 2773 4103 ,
2826 4040 3180 4117 intentionem
3227 4039 3436 4097 habens
3492 4055 3552 4097 et

1958 4130 2255 4198 theologias
2280 4140 2335 4185 et
2358 4131 2567 4184 divinas
2605 4130 2844 4184 actiones
2882 4144 3071 4185 omnes
3115 4132 3449 4203 liymnizare,
3499 4143 3556 4190 et

1958 4222 2260 4278 divinorum
2283 4220 2522 4275 virorum
2553 4234 2737 4279 sacras
2760 4221 3032 4277 orationes
3057 4232 3111 4278 et
3132 4223 3555 4282 sacrificationes

1957 4315 2179 4373 laudare
2213 4354 2228 4376 ,
2271 4312 2627 4368 universalem
2679 4311 2809 4368 facit
2860 4313 3160 4369 divinorum
3206 4326 3448 4381 cantum,
3497 4327 3555 4372 et

1959 4407 2321 4460 narrationem
2357 4405 2423 4459 ad
2461 4405 2625 4460 totius
2666 4405 2997 4461 icrarclticae
3024 4394 3219 4462 teletae
3248 4409 3552 4477 susceptio-

1962 4512 2082 4551 nem
2136 4505 2190 4550 et
2240 4496 2579 4550 traditionem
2609 4536 2623 4559 ,
2663 4496 2904 4551 habitum
2952 4494 3231 4567 pulchrum
3280 4498 3545 4563 elliciens,

259 4561 538 4651 splendide
598 4584 750 4638 nobis
821 4585 1166 4642 manifestere
1225 4589 1245 4620 ⁸
1341 4597 1395 4642 et
1461 4561 1851 4646 intellectuales
1885 4561 1933 4619 θ
1959 4586 2216 4640 divinitus
2242 4580 2360 4639 eam
2392 4584 2760 4653 psilcutibus.
2790 4584 2925 4640 Cum
2953 4561 3145 4657 -igitur
3171 4588 3426 4642 continua
3462 4561 3549 4643 sa;

259 4678 474 4725 nostros
501 4670 677 4726 vultus
705 4673 960 4729 uuiformi
1004 4684 1061 4730 ct
1093 4692 1196 4731 nou
1228 4678 1403 4734 velato
1444 4678 1644 4735 lumine
1685 4680 1851 4750 reple.

256 4757 483 4829 Oportet
524 4763 686 4833 igitur
731 4779 829 4819 nos
867 4766 1013 4821 intus
1035 4767 1243 4833 adesse,
1275 4756 1768 4826 sacratissimorum
1800 4781 1855 4829 et

258 4851 526 4907 invisibile
568 4855 724 4923 primi
775 4856 1104 4926 agalmatum
1152 4859 1507 4923 denudantes,
1559 4863 1610 4916 in
1655 4861 1853 4918 deifur—

260 4953 403 4992 mem
452 4941 569 5010 ejus
612 4934 1066 5013 pulchritudinem
1119 4949 1427 5018 intendere,
1476 4961 1527 5006 ct
1556 4956 1849 5010 scamnum

260 5028 594 5083 sacerdotem
638 5034 895 5091 divinitus
937 5037 1124 5093 videre
1178 5054 1208 5093 a
1251 5041 1432 5094 divino
1478 5041 1633 5095 altari
1689 5060 1856 5114 usque

240 5121 502 5215 ’extrema
532 5122 712 5190 templi
748 5137 871 5177 cum
894 5127 1047 5180 suavi
1078 5129 1246 5183 odore
1283 5130 1605 5195 venientem,
1661 5143 1713 5186 et
1758 5135 1856 5186 ite-

239 5208 380 5292 ;rum
416 5208 467 5263 in
509 5209 624 5280 ipso
661 5212 956 5282 perfective
999 5220 1381 5275 consistentem
1438 5222 1479 5275 ³.
1544 5221 1661 5292 ipsa
1710 5224 1854 5278 enim

258 5316 421 5371 super
444 5305 624 5358 omnia
671 5306 851 5361 divina
897 5310 1195 5375 beatitudo,
1242 5313 1343 5367 etsi
1394 5313 1635 5369 bonitate
1676 5317 1854 5369 divina

256 5394 539 5477 proveniat
564 5396 617 5450 in
647 5397 1089 5467 participantium
1111 5416 1207 5457 sua
1229 5417 1381 5456 sacra
1403 5405 1857 5470 communionem,

256 5484 353 5538 sed
380 5499 489 5539 non
508 5496 662 5541 extra
691 5503 787 5557 per
806 5482 1178 5545 substantiam
1217 5493 1604 5550 immutabilem
1654 5506 1853 5551 statum

1957 4677 2381 4732 cratissimorum
2412 4676 2754 4746 bymuologia
2784 4676 3043 4732 animales
3089 4687 3305 4733 nostros
3331 4678 3553 4735 habitus

1955 4767 2277 4835 condignate
2316 4766 2662 4836 disposuerit,
2699 4766 2764 4820 ad
2791 4767 2950 4836 paulo
2981 4776 3102 4837 post
3147 4767 3415 4824 sacriﬁcia
3461 4786 3557 4839 po-

1958 4856 2153 4921 nenda,
2178 4866 2235 4911 et
2259 4855 2561 4910 divinorum
2594 4844 2846 4911 cantuum
2877 4860 3231 4913 consonantia
3261 4860 3330 4914 ad
3368 4861 3552 4914 divina

1955 4962 2011 5006 et
2034 4951 2280 5020 uosipsos
2305 4963 2359 5005 et
2395 4952 2538 5005 inter
2582 4967 2680 5006 uos
2726 4951 2955 5005 invicem
3001 4944 3344 5020 consensum,
3392 4965 3451 5010 ut
3496 4957 3550 5011 in

1962 5058 2064 5095 una
2121 5051 2176 5095 et
2213 5040 2459 5096 confessa
2514 5056 2790 5095 sacrorum
2836 5042 3053 5111 regione
3084 5042 3106 5073 ⁸
3130 5040 3553 5119 promulgaverit

1962 5133 2272 5186 coordiuata
2321 5139 2377 5187 et
2422 5133 2807 5207 coadumbrata
2868 5132 3038 5202 magis
3090 5132 3143 5184 in
3202 5134 3550 5189 intellectuaii

1961 5221 2287 5292 psalmorum
2320 5220 2633 5291 psalmodia,
2664 5234 2761 5289 per
2789 5217 2970 5289 plures
2997 5228 3052 5273 et
3087 5220 3385 5288 apertiores
3415 5210 3554 5276 inm-"-

1962 5308 2133 5385 giues'
2152 5326 2201 5369 ct
2247 5301 2672 5385 praedicationes
2702 5313 2995 5367 dilatantur
3021 5312 3403 5367 sacratissimis
3428 5328 3553 5383 pro-

1962 5407 2223 5463 fessarum
2249 5406 2709 5467 constructiouum
2734 5404 3070 5459 lectionibus.
3102 5403 3157 5458 in
3182 5404 3267 5459 bis
3282 5406 3552 5475 aspiciens

1961 5513 2135 5561 suere,
2172 5498 2372 5551 videbit
2421 5494 2762 5550 uniformiter
2803 5508 2965 5547 unam
3019 5493 3445 5579 inspirationem,

1584 5607 1835 5662 VARIAE
1872 5607 2273 5666 LECTIONES.

343 5688 360 5721 ¹
383 5686 470 5742 BH
499 5691 619 5744 sibi.

284 5755 322 5808 4
361 5762 618 5827 narravit,
656 5762 695 5817 Ε
725 5755 1024 5822 ηυπῖἁυὶι.
1104 5770 1123 5800 ⁵
1149 5755 1235 5822 ΑΕ
1260 5755 1626 5824 τοιοναὶιίεηιιίτ.

698 5694 718 5723 ¹
747 5695 931 5768 Couj.,
960 5697 1049 5751 ΑΕ
1073 5699 1427 5785 mani[estarr,
1457 5699 1540 5753 ΒΗ
1565 5701 1883 5767 manifestat.
1962 5711 1983 5742 ³
2012 5701 2053 5755 Α
2099 5700 2439 5758 residentem;
2483 5708 2531 5750 et
2564 5698 2762 5778 iterum
2782 5701 3076 5753 —conaisti

725 5770 1024 5822 nuntiavit.
1104 5770 1123 5800 ⁵
1149 5770 1235 5822 Al:
1260 5772 1626 5824 corradicurit.
1704 5776 1724 5805 ⁸
1760 5768 1845 5825 Sic
1883 5772 2009 5836 AE;
2068 5768 2151 5824 BH
2190 5767 2435 5823 confessa
2481 5768 2728 5835 religione
2772 5784 3076 5823 sacrorum.

1962 5711 1983 5742 ³
2012 5701 2053 5755 Α
2099 5700 2439 5758 residenlem;
2483 5708 2531 5750 et
2575 5698 3238 5763 iterum—consistentem
3282 5714 3393 5755 om.
3438 5699 3549 5756 ΒΙΙ.
