4168 6284
273 432 298 484 I
309 431 412 486 085i

877 423 1119 504 \iEIlSltl
1159 422 1441 480 OPERlF-M
1483 423 1540 476 Β.
1587 377 1874 478 ΒΙόΝἷΒΙΙ

1975 449 2003 460 -
2035 417 2560 476 Et,2(ILI-ZSI.-\S'l'lt‘.:\
2604 419 2994 472 lliﬂkllCll'lA.

3423 405 3566 475 test:

191 567 194 572 -
270 544 403 598 dum
431 535 784 602 inmtacnlati,
811 545 864 590 et
886 532 1294 588 incontaminati
1322 541 1445 586 sunt
1475 511 1865 600 perfectissime
1895 531 1940 592 Α
1971 527 2037 581 Ει
2065 527 2166 582 ltoc
2199 537 2376 580 autem
2421 511 2579 578 sacro
2609 517 2878 596 intelligo,
2910 519 3177 592 quomodo
3197 513 3564 598 "superpositis

275 630 624 689 sanctissimi.
647 673 652 688 ._
675 627 824 680 Tunc
852 625 1312 680 sanctissimornm
1361 624 1772 684 sacriticatores,
1808 629 1863 674 et

273 703 746 792 contemplationis
807 726 1117 780 amatores,
1187 713 1582 769 sanctissimam
1647 712 1860 766 teletam

275 822 465 869 sancte
497 819 553 864 ct
585 810 837 862 decenter
868 806 1238 876 inspicientes,
1267 803 1486 856 laudant
1523 800 1859 871 ltytnnologia

276 891 539 960 catholica
563 899 862 956 beneﬁcum
891 907 946 954 et
975 898 1236 952 bonorum
1260 893 1495 964 largiens
1520 891 1858 961 principimn,
1909 941 1912 944 .

277 993 785 1050 subintroduceutcs
823 989 1086 1042 salutares
1136 987 1290 1042 nobis
1319 985 1586 1040 reri-latae
1621 992 1743 1036 sunt
1787 993 1892 1041 te»

279 1087 435 1149 Ietae,
463 1091 706 1142 sanctam
737 1080 1099 1152 pcrfectorum
1125 1078 1519 1132 deitieationem
1549 1077 1860 1132 sacrifican-

279 1187 382 1244 tes.
425 1177 693 1248 llymnum
725 1183 904 1228 autem
933 1171 1077 1225 ltunc
1105 1170 1194 1224 alii
1226 1170 1438 1240 qttidem
1467 1169 1862 1240 ltytnnologiam
1931 1221 1934 1224 ,

279 1275 496 1330 vocant,
550 1264 640 1318 alii
675 1274 853 1316 autent
891 1259 1165 1328 religionis
1210 1258 1534 1328 symlolum,
1583 1258 1670 1310 alii
1718 1273 1862 1316 vro.

283 1329 342 1412 ut
404 1355 655 1418 aestimo,
705 1352 938 1406 divinius
1007 1349 1358 1404 ierat-t-lticam
1431 1348 1864 1408 Eucltaristiam,

285 1423 542 1512 ιίιιιημιιιιιι
591 1440 1085 1510 comprehensiram
1137 1437 1188 1489 in
1257 1451 1355 1488 nos
1414 1437 1672 1498 divinitus
1749 1453 1898 1506 pcr-~

281 1535 613 1602 venieutiam
647 1547 918 1586 sacrorum
965 1529 1248 1584 donorum.
1287 1530 1510 1582 Videtur
1551 1530 1694 1584 enim
1739 1527 1866 1583 ﬂllili

285 1625 674 1676 laudandorntu
711 1621 948 1674 omnium
997 1620 1297 1672 divinorum
1329 1635 1552 1688 alterum
1601 1621 1864 1674 actionem

283 1717 427 1784 circa
459 1731 556 1768 nus
590 1713 726 1776 ﬁeri,
767 1711 1058 1766 essentiam
1104 1711 1318 1778 quidem
1348 1719 1586 1762 nostram
1619 1719 1668 1764 ct
1707 1711 1868 1764 vitam

283 1805 619 1860 deit'ormiter
654 1803 1006 1866 substitucns,
1041 1812 1089 1855 et
1125 1819 1156 1870 p
1179 1801 1510 1869 'int-ipalibus
1533 1801 1791 1870 exemplis
1815 1811 1869 1856 et

1967 617 2147 670 divino
2193 613 2374 674 saltari
2442 613 2546 682 piis
2597 605 2862 682 symbolis
2893 652 2904 674 ,
2962 627 3058 680 per
3112 629 3250 683 quae
3295 609 3564 671 'Christus

1966 707 2300 776 signiﬁcatur
2339 715 2391 758 et
2431 703 2808 772 participatttr,
2853 703 2999 754 adest
3030 703 3398 758 indubitanter
3421 715 3564 759 san-

1966 787 2174 850 clerum
2216 795 2521 864 professio,
2581 789 3014 862 coniunctionem
3047 787 3234 846 eorum
3275 795 3566 868 ‘insepara-r

1965 887 2146 951 ]_Illllt‘.l‘
2175 885 2530 938 manifestans
2575 884 2640 936 ad
2679 875 2997 950 eutn‘super
3023 885 3291 935 mundana
3327 869 3562 938 et‘sact-a

1967 976 2191 1028 unitate.
2229 971 2320 1027 llis
2368 983 2544 1026 autem
2593 987 2674 1030 ea,
2718 986 2858 1039 quae
2885 967 3024 1022 dicta
3058 981 3203 1032 sunt,
3239 971 3352 1040 lege
3396 969 3565 1026 sacri.

1971 1062 2165 1122 tit-aiis,
2199 1053 2349 1114 stans
2395 1063 2445 1114 in
2483 1072 2770 1128 conspectu
2802 1057 3264 1112 sanctissimornm
3296 1045 3568 1132 Symbolo—

1971 1169 2129 1216 rum,
2182 1169 2319 1221 aqua
2349 1208 2351 1210 ,
2379 1167 2570 1204 manus
2642 1149 2886 1204 summus
2935 1153 3187 1204 saeerdos
3257 1153 3399 1206 lavat
3441 1169 3564 1209 cum

1958 1235 2164 1314 ptulitro
2189 1245 2531 1296 sacerdotum
2570 1243 2760 1295 ordine
2789 1260 2801 1293 :
2839 1243 2961 1310 quia
2988 1243 3223 1308 quidem,
3259 1253 3317 1296 ttt
3348 1239 3562 1314 eloquia

1972 1337 2141 1397 aiunt,
2172 1336 2261 1403 qui
2291 1333 2431 1386 lotus
2453 1342 2556 1396 est,
2585 1348 2689 1385 non
2717 1331 2919 1401 indiget
2947 1329 3175 1400 alicujus
3201 1320 3444 1396 alterius,
3464 1335 3564 1388 nisi

1972 1427 2324 1488 summorum,
2361 1427 2410 1480 id
2458 1417 2560 1487 est,
2611 1425 3023 1478 novissimorum
3070 1439 3288 1478 suorum
3337 1425 3567 1478 lavatio-

1975 1517 2057 1570 nis
2091 1515 2138 1578 ἀ,
2170 1525 2388 1584 propter
2418 1514 2857 1568 sublimissinam
2889 1511 3261 1582 purgationem
3291 1511 3342 1569 iit
3376 1504 3570 1570 Casiis-

1974 1607 2110 1658 situo
2139 1604 2515 1657 deil'ormitalis
2561 1604 2766 1665 habitu,
2797 1611 2848 1655 ct
2889 1603 2953 1655 ad
2981 1591 3213 1656 secunda
3246 1604 3568 1674 proveniens

1975 1691 2332 1757 deiforntiter,
2368 1693 2824 1748 iuttncttsuraltilis
2867 1696 2969 1748 erit
3017 1705 3070 1749 et
3119 1697 3417 1762 absolutus,
3452 1705 3568 1751 tan-

1977 1803 2137 1856 quam
2187 1786 2579 1856 perfectissin'e
2621 1785 2928 1844 uniformis.
2976 1800 3030 1840 et
3079 1792 3144 1840 ad
3177 1789 3564 1842 ttnum'iterunt

282 1883 524 1965 llttlt'llt‘lS
568 1895 828 1950 deiforate
869 1905 1114 1948 nostrum
1178 1893 1414 1946 formans
1441 1936 1453 1956 ,
1510 1903 1555 1944 et
1619 1895 1867 1950 diviniori
1904 1869 1946 1930 Β
1977 1877 2250 1930 adunatim
2281 1887 2625 1940 convertens,
2672 1877 2824 1945 quasi
2856 1877 3237 1932 dcil'ormi'.atis
3269 1879 3564 1933 salvantem

285 1991 468 2060 Itabitu
494 1997 550 2042 et
587 1988 934 2046 renovatione
977 1987 1028 2039 in
1071 1987 1482 2055 participatione
1511 1987 1866 2048 constituens,

282 2095 574 2148 segregans
631 2089 810 2132 autem
858 2095 922 2132 ex
981 2078 1300 2150 negligentia
1363 2079 1658 2148 ingenitam
1715 2079 1868 2134 nobis

284 2171 698 2224 sollicitudinem
743 2170 1048 2222 divinorum
1103 2170 1412 2230 donorum,
1464 2168 1712 2222 reficiens
1772 2184 1870 2224 nos

285 2263 456 2326 Itonis,
491 2262 540 2314 in
571 2261 852 2328 antiquum
879 2267 1114 2322 revocat,
1133 2257 1200 2310 'et
1223 2258 1616 2328 perfectissima
1649 2268 1868 2312 nostro-

286 2368 404 2404 rum
455 2353 822 2419 assumptione
871 2350 1464 2422 consumtnatissimam
1525 2350 1868 2420 propriorum

286 2442 628 2510 traditionem
675 2441 876 2510 optimc
924 2452 1197 2510 operatur,
1247 2451 1300 2493 ct
1328 2441 1395 2494 ab
1427 2440 1526 2495 hac
1555 2441 1869 2495 societatem

287 2533 444 2608 nobis
468 2531 559 2586 Dei
585 2541 640 2584 et
667 2529 966 2584 divinorum
1013 2531 1194 2584 donat.
1237 2531 1326 2584 Sic
1352 2539 1530 2584 autem
1561 2531 1736 2584 divina
1769 2532 1870 2586 Itu—

287 2623 544 2688 Inanitate
603 2637 756 2676 sacrc
800 2621 1053 2681 laudata,
1104 2619 1348 2674 occultus
1391 2621 1610 2689 quidem
1660 2622 1872 2676 divinus

286 2713 442 2780 panis
471 2712 778 2781 appetiitnr,
819 2720 876 2765 et
899 2709 1290 2764 benedictionis
1318 2709 1458 2764 calix
1492 2729 1506 2764 :
1536 2712 1870 2766 diriuissima

286 2809 464 2874 autem
510 2801 764 2855 salutatio
809 2808 994 2854 sancte
1047 2801 1224 2869 agitur
1257 2841 1272 2858 ,
1328 2809 1382 2853 et
1425 2801 1870 2870 agiograpltorum

285 2889 620 2964 voluminum
657 2890 880 2959 mystica
912 2899 964 2942 ct
993 2875 1426 2958 supermundana
1459 2891 1721 2944 recitatio.
1756 2889 1870 2945 Non

286 2982 432 3034 enim
461 2996 625 3034 unum
655 2989 736 3034 est
766 2981 832 3032 ad
862 2995 1025 3034 unum
1051 2981 1386 3048 congregari,
1417 2989 1471 3034 et
1507 2981 1662 3034 unius
1699 2983 1871 3048 parti-

287 3069 474 3137 cipare
501 3067 723 3138 paciﬁca
769 3069 1010 3130 unitate,
1063 3069 1131 3121 ad
1180 3069 1386 3136 scipsos
1433 3069 1762 3137 pacificate-2.
1815 3071 1868 3126 Si

285 3159 431 3214 enim
481 3159 550 3212 ab
589 3159 748 3212 unius
791 3157 1242 3228 contemplatione
1291 3167 1344 3210 ct
1401 3159 1622 3212 scientia
1674 3159 1870 3212 illumi-

286 3250 398 3308 nati
431 3288 445 3310 ,
497 3249 566 3302 ad
621 3247 941 3303 uniformem
1001 3259 1056 3302 et
1105 3249 1339 3303 divinam
1403 3251 1872 3318 congregationem

285 3339 642 3402 ttnilicamur,
695 3355 800 3393 non
855 3338 1100 3392 fortassis
1144 3339 1196 3391 in
1247 3341 1474 3408 partitas
1525 3339 1880 3392 rescindimur

285 3431 538 3486 decidere
599 3431 1106 3499 concupiscentias,
1189 3445 1253 3484 ex
1313 3431 1508 3499 quibus
1569 3430 1878 3485 matcrialcs

285 3529 542 3582 creantur
569 3529 623 3574 et
665 3519 946 3590 passibiles
985 3521 1240 3572 adversus
1283 3517 1578 3578 secundum
1625 3529 1876 3572 naturam

287 3611 624 3681 acquil'ortne
674 3612 760 3664 inf.
783 3613 1062 3664 stationes.
1101 3611 1252 3664 Hane
1299 3626 1446 3680 ergo,
1519 3619 1580 3670 ut
1626 3613 1872 3677 aestimo,

287 3699 611 3760 uniformcm
634 3709 686 3754 et
706 3699 1117 3768 inseparabilem
1155 3699 1322 3752 vitam
1347 3701 1494 3768 pacis
1513 3702 1687 3756 actio'
1721 3717 1874 3756 sacra

287 3791 610 3860 promulgat,
653 3791 812 3844 simili
841 3790 1017 3844 simile
1042 3789 1332 3854 collocatis,
1364 3799 1418 3844 et
1467 3792 1680 3859 partitis
1721 3807 1876 3862 sepa-

291 3892 422 3932 rans
449 3878 628 3930 divina
675 3887 730 3931 et
773 3879 922 3930 unita
969 3878 1293 3948 spectacula.
1349 3877 1642 3932 Sacrorum
1691 3889 1872 3934 autem

294 3967 596 4023 tabularum
651 3975 772 4038 post
829 3983 1014 4037 pacem
1069 3969 1318 4024 recitatio
1368 3969 1875 4040 praedicattsancte

290 4057 554 4118 ﬁrmatos,
599 4067 654 4110 et
672 4057 738 4110 ad
785 4065 1038 4110 strenuae
1063 4058 1202 4110 vitae
1221 4059 1746 4112 consummationem
1777 4059 1876 4114 im-

289 4146 622 4202 mutabiliter
671 4147 1037 4201 advenientes.
1069 4146 1178 4200 Nos
1203 4148 1418 4216 quidem
1447 4161 1544 4216 per
1571 4145 1876 4200 similitudi-

288 4253 414 4292 nem
443 4253 628 4292 eorum
674 4240 726 4292 itt
771 4239 1141 4294 beatissimum
1194 4239 1433 4292 habitum
1477 4245 1530 4290 et
1561 4235 1874 4292 dciforment

289 4330 524 4399 quietem
573 4330 801 4386 hortans
828 4340 884 4384 et
931 4330 1314 4392 manuduccns,
1366 4328 1559 4398 quibus
1619 4337 1874 4397 tanquam

289 4420 592 4474 viventibus
615 4421 908 4490 praedicat,
935 4429 1008 4484 et,
1057 4428 1115 4474 ut
1147 4417 1414 4487 theologia
1443 4418 1544 4480 ait,
1591 4433 1694 4472 non
1723 4433 1894 4472 morr

1975 1967 2363 2036 plenitudinem
2390 1976 2444 2018 et
2477 1967 2862 2036 integritatem.
2893 1969 3060 2023 Sacer
3101 1985 3228 2039 ergo
3257 1969 3394 2022 luter
3425 1981 3474 2034 ο,
3503 1969 3584 2025 ιιι

1974 2059 2242 2119 diximus,
2292 2056 2344 2110 in
2387 2073 2449 2111 ea
2502 2059 2796 2112 secundum
2845 2059 3014 2130 legem
3051 2061 3067 2098 ί
3099 2071 3217 2113 erat
3260 2062 3564 2128 lera'rcltia;

1973 2165 2113 2204 nunc
2160 2157 2337 2202 autem
2384 2148 2580 2201 summi
2633 2149 2929 2204 sacerdotis
2965 2141 3020 2206 et
3067 2155 3408 2206 sacerdotum
3453 2167 3569 2205 tua-

1973 2237 2136 2292 tiuum
2176 2238 2423 2307 purgatio
2484 2238 2657 2306 ipsum
2711 2239 2966 2293 insinuat.
3019 2241 3123 2294 Eos
3170 2245 3314 2294 enim
3345 2241 3412 2295 ad
3443 2257 3568 2295 san-

1972 2331 2272 2384 clissimam
2319 2330 2596 2383 venientes
2647 2331 2961 2407 ἱερουργίαν,
2991 2349 3218 2404 purgare
3247 2345 3482 2403 oportet,
3511 2343 3568 2389 ct

1972 2433 2246 2496 extremas
2287 2422 2498 2474 animae
2546 2415 2883 2492 phantasias,
2935 2433 2988 2478 ct
3033 2439 3129 2493 per
3161 2425 3566 2480 similitudinem

1974 2513 2084 2582 ipsa
2151 2519 2358 2563 tantum
2394 2550 2408 2578 ,
2459 2521 2720 2579 quantum
2777 2513 3032 2581 possibile
3096 2525 3220 2578 cst,
3275 2515 3564 2569 admittere

1976 2603 2372 2658 ntanil'estiores
2417 2604 2494 2658 sic
2527 2603 2901 2672 tlteopltanias,
2932 2605 3076 2659 circa
3123 2605 3257 2673 Quas
3299 2614 3570 2675 ponentur

1972 2693 2480 2764 supermuntlalibus
2557 2693 2859 2764 fulgoribus
2911 2695 2962 2748 in
3019 2693 3379 2748 conforntitun
3438 2709 3565 2765 spe-

1974 2792 2216 2844 culorum
2283 2790 2584 2844 claritatem
2655 2787 3100 2844 universaliorem
3152 2797 3206 2842 et
3251 2781 3566 2852 lucidiOrcm

1973 2880 2347 2949 llppclt‘lllllllls
2370 2879 2651 2946 pervenire
2675 2877 2949 2946 proprium
2976 2877 3333 2947 splendorem.
3357 2887 3374 2924 ξ
3396 2873 3564 2930 utnnti

1973 2985 2150 3022 autent
2203 2969 2502 3022 sacerdotis
2550 2977 2604 3022 et
2633 2969 2976 3022 saccrdotmn
3025 2983 3193 3035 usque
3222 2967 3288 3019 ad
3332 2980 3564 3030 summa,

1975 3055 2028 3112 i.l'
2067 3067 2171 3118 est,
2225 3059 2517 3110 novissima
2563 3057 2762 3110 lavatio
2793 3058 2843 3109 in
2875 3065 3164 3125 consttcctu
3197 3057 3251 3109 tit
3283 3047 3564 3108 sanctissi-

1978 3166 2186 3202 morum
2242 3147 2648 3218 symbolarum,
2701 3157 2976 3218 tanquam
3016 3145 3067 3199 in
3121 3145 3322 3200 Christi
3378 3131 3568 3198 omnes

1984 3239 2320 3310 inspicientis
2371 3249 2583 3292 nostras
2630 3239 3026 3294 occultissimas
3079 3237 3340 3298 notiones,
3375 3245 3430 3290 et
3477 3251 3566 3290 Stl-

1981 3331 2330 3384 blimissimae
2373 3327 2706 3399 purgationis
2740 3331 2791 3382 in
2847 3327 2963 3396 ejus
2992 3327 3366 3382 itttetttissi.nis
3393 3325 3567 3379 subti-

1980 3423 2219 3476 litatibus
2263 3421 2654 3488 ctjustissitnis
2703 3431 2757 3474 et
2800 3421 3144 3490 aequissimis
3186 3419 3408 3490 judieiis
3459 3431 3556 3472 ter-

1981 3514 2234 3568 minatac.
2281 3511 2373 3566 Sic
2414 3510 2610 3564 divinis
2653 3497 2898 3565 summus
2951 3511 3205 3564 sacerdos
3256 3507 3456 3570 ttuitur,
3512 3513 3569 3560 ct

1979 3622 2162 3661 sacras
2197 3605 2408 3658 divinas
2449 3603 2693 3658 actiones
2729 3601 2954 3656 laudans
2979 3641 2994 3666 ,
3033 3599 3306 3656 sacrillcat
3345 3597 3569 3652 divinis-

1979 3698 2134 3763 sima,
2168 3707 2221 3750 et
2260 3697 2361 3750 sub
2407 3701 2753 3764 conspectum
2800 3693 2946 3747 ducit
2990 3691 3225 3745 laudata.
3280 3689 3420 3760 Ergo
3447 3703 3568 3744 esse

1980 3788 2031 3840 in
2050 3802 2144 3840 nos
2170 3785 2379 3839 divinas
2400 3785 2639 3838 actiones
2665 3782 2900 3835 diximus
2923 3781 2966 3844 ',
2990 3781 3181 3834 deinde
3213 3777 3565 3840 narrandum,

1978 3886 2178 3947 quanta
2216 3876 2404 3929 virtus.
2453 3872 2570 3925 Non
2605 3876 2748 3924 enim
2795 3886 2986 3925 omnes
3040 3870 3258 3923 laudare
3299 3869 3569 3924 sutliciens

1978 3983 2094 4038 ego,
2137 3980 2309 4032 nequc
2336 3973 2519 4034 aperte
2543 3964 2701 4025 scire,
2726 3971 2779 4014 ct
2803 3962 2939 4014 alios
2971 3962 3021 4014 in
3053 3961 3310 4030 mysteria
3349 3961 3564 4016 ducere.

1979 4057 2340 4122 Quaecunque
2391 4065 2568 4106 autem
2615 4066 2644 4103 a
2685 4050 2880 4104 divinis
2924 4051 3149 4103 snmmis
3193 4049 3568 4104 Sacerdotibus

1979 4153 2376 4214 consequenter
2408 4143 2640 4212 eloquiis
2691 4141 2982 4194 laudantur
3033 4149 3090 4194 et
3143 4139 3566 4214 sacrilieautttr,

1981 4217 2116 4292 ltacc
2145 4276 2160 4302 ,
2211 4243 2268 4290 ut
2318 4235 2472 4290 nobis
2523 4232 2776 4303 possibile
2806 4273 2821 4294 ,
2877 4234 3160 4295 dicemus,
3209 4231 3565 4284 icrarchicam

1982 4325 2387 4398 inspirationem
2427 4325 2620 4378 ducem
2669 4323 3002 4377 invocantes.
3049 4321 3352 4374 Ilutnanam
3407 4329 3567 4373 natu-

1979 4437 2093 4475 ram
2121 4419 2386 4490 principio
2414 4432 2478 4471 ex
2526 4415 2722 4470 divinis
2752 4415 2910 4469 bonis
2953 4409 3269 4482 insipienter
3295 4410 3566 4480 perditam

291 4513 422 4570 tuis.
455 4511 548 4566 sed
579 4511 630 4564 in
668 4510 1056 4566 divinissimatn
1086 4513 1248 4566 vitam
1293 4527 1360 4565 ex
1391 4519 1563 4566 morte
1593 4519 1876 4568 transettn-
1907 4539 1954 4598 υ
1983 4515 2206 4570 multum
2255 4513 2528 4584 passibilis
2574 4512 2684 4565 vita
2738 4509 3014 4582 suscepit,
3071 4519 3125 4562 ct
3167 4504 3568 4574 corrumpentis

291 4601 436 4654 tribus
463 4612 509 4651 α.
545 4599 674 4656 Vide
715 4609 922 4666 autem,
961 4602 1086 4669 quia
1133 4611 1186 4656 ct
1215 4600 1682 4656 recordationibus
1705 4603 1876 4656 sacris

289 4689 650 4755 restituimur,
681 4691 860 4746 divina
897 4691 1156 4745 memoria
1197 4707 1302 4746 non
1338 4691 1646 4745 humanitus
1671 4707 1874 4748 memo‘

287 4780 462 4832 rativa
496 4781 790 4848 phantasia.
829 4779 1156 4842 declat-ante,
1189 4781 1282 4836 sed
1307 4780 1466 4836 veluti
1507 4781 1551 4834 si
1587 4780 1709 4850 quis
1734 4779 1879 4834 dicat

291 4867 548 4922 divinitus
571 4871 868 4924 secundum
890 4869 1192 4924 divinorum
1217 4871 1506 4939 perfectam
1535 4869 1874 4924 deiforutiutn

292 4955 590 5030 preeiosam
617 4967 674 5012 et
696 4959 1088 5014 immutabilem
1117 4961 1496 5030 cognitionem.
1531 4957 1686 5013 Novit
1715 4963 1872 5026 enim,

293 5043 449 5096 aiunt
484 5043 716 5114 eloquia,
765 5049 852 5116 qui
908 5061 1027 5102 sunt
1077 5051 1190 5120 ejus
1243 5050 1300 5115 b;
1351 5059 1404 5102 et
1457 5065 1469 5100 :
1525 5044 1769 5103 Preciosa
1820 5053 1877 5104 in

293 5142 568 5202 conspectu
611 5134 826 5206 Domini
879 5155 1020 5192 mors
1070 5151 1371 5194 sanctorum
1431 5137 1545 5205 ejus
1600 5147 1657 5204 c;
1709 5147 1882 5194 morte

291 5233 610 5280 sanctorum
655 5241 756 5296 pro
800 5229 854 5281 in
891 5232 1178 5286 sanctitate
1223 5228 1684 5284 consummatione
1713 5229 1876 5286 dicta.

1986 4603 2176 4657 mortis
2226 4602 2368 4658 linis.
2427 4601 2844 4672 Consequentur
2875 4598 3040 4660 enim,
3088 4611 3228 4666 quae
3279 4609 3404 4648 vere
3459 4603 3567 4658 est,

1985 4697 2224 4750 lionitate
2251 4695 2461 4764 perdita
2489 4693 2778 4762 apostasia,
2827 4707 3032 4756 sacrae
3066 4691 3118 4744 in
3151 4689 3401 4760 paradiso
3429 4687 3567 4756 legi-

1983 4785 2226 4842 slationis
2292 4783 2778 4856 tranSgressionc,
2851 4781 3288 4836 recalcitrantem
3355 4775 3570 4834 vivitico

1977 4876 2126 4945 iugo,
2169 4874 2402 4944 propriis
2443 4873 2662 4928 nutibus
2691 4859 3136 4928 etidelcctatoriis
3167 4868 3484 4934 adversarii,
3517 4875 3570 4922 et

1985 4953 2217 5018 inimicis
2244 4961 2651 5016 setluctionibus
2697 4961 3012 5023 contrariis,
3061 4957 3366 5012 divinorum
3403 4957 3571 5010 bono-

1984 5069 2100 5108 rum
2140 5053 2377 5107 tradidit.
2412 5052 2540 5106 lnde
2578 5051 2956 5110 miserabiliter
2977 5063 3073 5118 pro
3100 5049 3314 5116 quidem
3346 5057 3570 5102 aeterno

1984 5149 2209 5200 mortale
2250 5144 2535 5208 mntuavit,
2577 5142 2853 5212 proprium
2897 5147 3078 5192 autem
3129 5136 3450 5207 principium
3490 5135 3570 5188 in-

1982 5236 2418 5306 corruptibilibus
2446 5235 2650 5288 habens
2685 5229 3120 5302 generationibus
3147 5267 3161 5293 ,
3207 5225 3275 5280 ad
3319 5221 3568 5295 principii

1577 5339 1828 5396 VARIAE
1861 5341 2263 5400 LECTIONES.

363 5431 382 5460 ³
421 5429 468 5484 Δ
487 5429 530 5487 C
565 5447 720 5484 sacra
739 5434 896 5488 actio.
974 5440 995 5470 ί
1015 5435 1058 5487 Α
1089 5433 1130 5488 Ε
1155 5431 1395 5484 dicimus.

1821 5542 2069 5600 NOTAE.

365 5645 390 5672 ι
427 5633 582 5687 Rom.
625 5632 708 5686 γι.

367 5703 392 5740 ⁵
431 5701 470 5754 ιι
509 5701 650 5754 Tim.
701 5703 760 5756 ll.

366 5783 386 5810 '
435 5772 572 5825 Psal.
607 5774 768 5828 CXV.

2049 5631 2078 5670 δ
2117 5631 2277 5686 Joan.
2321 5631 2452 5686 XIII.

2120 5702 2279 5754 Later
2301 5701 2338 5754 i.
2365 5713 2412 5754 e.
2439 5703 2638 5760 λσυτήσ,
2671 5698 2955 5753 foederum.

2129 5771 2297 5823 I'Sxod.
2341 5769 2507 5836 xxx,
2553 5759 2812 5824 XXXVIII
2849 5782 2902 5825 ιιι
2931 5771 3039 5825 XI...

3456 5749 3480 5768 ⁵.

3467 5771 3480 5796 ἦ

3470 5803 3478 5818 I
