4168 6284
655 320 793 375 4087

2044 309 2328 367 ΙΟᾹΝΜΞ
2363 309 2556 364 SCOTI

3818 313 3981 367 5088

652 436 1067 499 consequenlcm
1122 423 1317 479 merito
1356 423 1512 479 ducta
1561 402 1661 477 est.
1694 398 1872 477 ﬁnem.
1914 422 2018 476 Sed
2048 428 2317 484 αιδην-,Λ
2347 420 2560 474 latidata
2600 433 2695 487 per
2732 433 2887 474 saerc
2932 420 3336 486 procumbentia
3377 422 3641 491 symboua.
3693 421 3977 478 Vclatnut

653 536 776 577 sum
825 517 1054 571 ducente
1107 517 1217 569 vita
1274 514 1579 571 voluntarie
1632 515 1878 569 recidens
1920 515 1987 567 ad
2041 523 2242 570 terram

654 608 924 667 contraria
951 605 1293 661 extremitate
1317 636 1334 670 ,
1366 606 1594 674 gravata
1623 613 1707 659 est
1747 594 1970 659 multum
2004 604 2241 679 passibili

564 728 569 731 τ
652 696 1032 763 mutabilitate.
1076 695 1277 751 Errans
1312 703 1490 748 autem
1533 704 1683 757 recta
1719 693 1827 759 via,
1865 709 2005 763 quae
2048 703 2133 748 est
2176 695 2243 749 ad

650 801 779 842 vere
809 785 1132 845 existentem
1163 784 1356 844 Deum,
1389 782 1670 845 vulnerata
1702 770 1808 846 est,
1836 792 1891 837 et
1923 784 2149 850 perditis
2188 794 2243 837 et

652 875 911 935 maleﬁcis
960 873 1202 940 subjecta
1255 872 1726 935 multitudinibus,
1777 874 1941 927 oblita
1997 884 2100 939 est,
2134 892 2239 931 non

647 966 772 1031 diis,
802 980 978 1034 neque
1020 964 1233 1027 amicis,
1261 963 1357 1017 sed
1383 962 1618 1025 inimicis
1639 961 1932 1017 fantnlans.
1981 964 2116 1034 Ipsis
2145 980 2246 1019 au-

649 1065 756 1111 tem
788 1054 1289 1127 imtnisericorditer
1318 1068 1381 1112 ea
1410 1052 1703 1109 secundum
1736 1054 2006 1123 propriam
2048 1056 2240 1109 imma-
2306 1116 2311 1119 _

646 1145 897 1208 nitatem,
918 1142 1293 1206 abutentibus,
1324 1142 1378 1197 in
1416 1157 1521 1197 non
1538 1172 1541 1175 -
1561 1142 1940 1198 snbsistentias
1965 1145 2238 1200 serviliter

644 1233 834 1294 incidit
880 1242 946 1289 et
1004 1232 1321 1302 perditionis
1376 1230 1702 1309 .periculun‘t.
1777 1231 2002 1289 Divinae
2057 1245 2237 1290 autem

643 1323 900 1381 bonitatis
927 1322 1161 1379 maxima
1193 1321 1539 1383 humanitas,
1563 1337 1666 1390 per
1710 1336 1770 1376 se
1820 1323 1991 1392 ipsam
2041 1339 2238 1394 Opera-

644 1413 836 1470 tricem
885 1415 1041 1470 nobis
1070 1413 1330 1468 divinitus
1357 1428 1459 1481 non
1507 1413 1776 1467 induravit
1823 1416 2235 1482 providentiam,

643 1505 737 1559 sed
779 1505 830 1558 in
879 1504 1105 1559 veritate
1149 1503 1564 1572 participatione
1589 1543 1605 1566 ,
1649 1518 1787 1571 quae
1815 1506 2108 1559 secundum
2141 1522 2238 1561 nos

642 1603 770 1648 sunt
809 1595 951 1649 facta
987 1601 1074 1648 est
1120 1594 1360 1647 omnium
1406 1593 1522 1648 sine
1559 1603 1782 1662 peccato
1829 1606 1881 1649 et
1923 1597 1990 1649 ad
2038 1598 2238 1654 humile

641 1692 885 1743 nostrum
934 1683 1184 1737 unitlcata
1215 1724 1231 1748 ,
1278 1699 1401 1738 cum
1448 1685 1790 1753 propriorum
1848 1687 2129 1745 inconI'nso
2183 1699 2239 1745 et

2343 509 2487 562 enim
2510 518 2563 563 et
2589 524 2693 561 non
2723 509 2949 562 divisum
3005 525 3198 581 panem
3249 512 3514 576 revelatis,
3551 525 3624 576 et
3668 514 3725 566 in
3780 514 3977 568 multa

2344 597 2611 658 dividens,
2650 607 2701 653 ct
2742 600 2996 653 unionem
3055 602 3244 655 calicis
3300 603 3557 656 omnibus
3603 604 3976 671 dispertiat:

2342 688 2638 758 symbolice
2687 690 2951 743 unitatem
2996 690 3336 761 multiplicat,
3366 702 3421 746 et
3457 692 3783 761 distribuit;
3824 711 3970 750 san-

2345 778 2640 831 ctissimam
2670 778 2727 831 in
2769 778 2852 832 his
2874 779 3159 847 {actionem
3191 795 3401 846 sacram
3429 783 3477 846 ',
3521 798 3964 840 consummatis.

2349 866 2521 921 Unum
2561 868 2705 920 enim
2741 877 2798 921 et
2821 868 3073 939 simplum
3118 876 3174 922 et
3209 870 3480 925 occultum
3524 871 3652 926 Jesu
3704 874 3967 931 divinis-

2343 958 2464 1013 simi
2511 958 2686 1022 verbi,
2735 960 3030 1013 secundum
3078 975 3177 1015 nos
3228 961 3280 1014 in
3331 961 3726 1017 humanatione
3775 975 3846 1019 et
3887 969 3963 1021 ad

2342 1049 2696 1117 compositum
2718 1057 2772 1102 et
2792 1049 3025 1115 visibile,
3051 1050 3372 1106 immutabili
3398 1054 3640 1109 bonitate
3660 1063 3723 1109 et
3745 1058 3959 1112 διηπει-

2343 1139 2512 1193 nitate
2542 1140 2813 1208 provenit,
2842 1148 2896 1194 et
2921 1141 2988 1195 ad
3018 1155 3075 1195 se
3116 1154 3357 1198 nostram
3394 1143 3647 1200 nniticam
3697 1148 3958 1203 societa-

2342 1235 2449 1282 tem
2501 1229 2732 1299 benigne
2754 1231 2963 1301 peregit
2992 1239 3035 1296 ³,
3077 1241 3257 1287 nostra
3313 1234 3532 1288 humilia
3570 1236 3952 1294 divinissimis

2340 1317 2452 1371 suis
2490 1332 2698 1372 summe
2753 1320 3017 1374 adunans.
3066 1320 3346 1391 Siquidem
3410 1331 3464 1377 et
3515 1340 3615 1378 nos
3670 1335 3948 1398 tanquam

2342 1408 2582 1463 membra
2610 1410 2829 1477 corpori
2879 1410 3324 1481 compaginamur
3362 1412 3464 1481 ipsi
3518 1423 3835 1470 secundum
3871 1420 3952 1471 id-

2342 1498 2514 1568 ipsnm
2566 1499 2909 1554 immacuiata
2942 1509 2998 1555 ct
3020 1502 3199 1555 divina
3252 1504 3379 1566 vita,
3435 1513 3490 1559 et
3547 1523 3653 1561 non
3682 1523 3950 1564 corrum-

2338 1591 2590 1660 pentibus
2625 1592 2968 1659 passionihus
2990 1591 3145 1661 juxta
3174 1594 3556 1649 mortiﬁcatum
3596 1597 3948 1663 incompacti

2339 1689 2394 1733 et
2424 1679 2696 1736 deformes
2726 1680 2767 1745 δ,
2795 1693 2849 1735 et
2873 1697 2979 1736 non
3029 1685 3414 1739 convenientes
3451 1686 3722 1743 eilicimnr
3759 1695 3829 1744 ad
3857 1691 3946 1743 di-

639 1771 984 1827 inunactdato
1006 1772 1404 1842 perfectissime
1433 1775 1637 1840 habitu,
1682 1775 1748 1829 ad
1780 1793 1838 1831 se
1887 1779 2042 1832 nobis
2087 1795 2227 1834 com-

2337 1771 2459 1823 vina
2499 1773 2735 1825 membra
2763 1782 2817 1826 et
2840 1773 3147 1852 sanissimo.
3188 1775 3412 1844 Oportet
3450 1779 3595 1831 enim
3633 1795 3760 1844 nos,
3786 1782 3835 1836 si
3867 1784 3942 1837 ad

639 1863 1055 1917 municationem
1105 1873 1359 1932 tanquam
1402 1852 1711 1933 congenitis
1753 1869 1817 1921 de
1857 1877 2039 1921 cetero
2067 1870 2233 1923 dona—

636 1954 756 2017 vit,
808 1962 877 2009 et’
903 1956 1243 2024 proin-iurum
1318 1940 1522 2027 recepit
1589 1959 1881 2029 participes
1942 1961 2228 2016 bonorum.

636 2042 976 2112 Apostaticae
1041 2044 1257 2113 quidem
1331 2045 1691 2101 multitudinis
1723 2087 1740 2113 ,
1821 2036 1961 2103 sicut
2016 2049 2228 2103 occulta

637 2132 860 2187 traditio
888 2134 1067 2198 habet,
1097 2151 1236 2203 quae
1267 2145 1457 2192 contra
1489 2152 1586 2195 nos
1616 2148 1715 2204 est,
1745 2140 2011 2194 destruxit
2038 2152 2231 2210 poten-

635 2221 787 2289 tiam,
828 2240 933 2279 non
971 2240 1067 2294 per
1105 2226 1359 2299 virtutem
1395 2212 1679 2296 superans,
1718 2226 1891 2305 juua!
1933 2246 2061 2287 vero
2111 2248 2242 2313 thy-1

636 2316 775 2373 stice
803 2318 959 2373 nobis
991 2319 1247 2387 traditum
1288 2320 1585 2391 eloquium,
1611 2322 1662 2376 in
1682 2322 1892 2391 judicio
1923 2332 1975 2377 et
1992 2324 2224 2392 justitia.

633 2406 784 2474 Quae
826 2409 972 2463 enim
1003 2410 1018 2440 ¹
1048 2411 1342 2466 secundum
1401 2428 1498 2468 nos
1556 2424 1720 2478 sunt,
1771 2416 1839 2468 ad
1895 2415 2227 2469 contrarium

630 2498 794 2554 simul
835 2484 1009 2555 omne
1043 2502 1275 2572 benigne
1326 2505 1613 2572 reparavit.
1664 2489 1823 2572 Quod
1880 2506 2023 2560 enim
2073 2505 2225 2573 juxta

632 2588 870 2645 animum
917 2600 1159 2645 nostrum
1212 2592 1499 2653 obscurum
1540 2604 1657 2665 est,_
1693 2597 1933 2666 implevit
1976 2596 2123 2650 diviti
2173 2605 2228 2649 et

635 2679 972 2739 divinissimo
1016 2683 1237 2748 lumine,
1267 2694 1322 2740 et
1359 2685 1711 2759 deit‘ormibus
1749 2688 1962 2741 ornavit
1996 2687 2226 2741 informe

632 2768 1145 2839 pulchritudinilms.
1177 2774 1404 2827 Animae
1432 2789 1559 2828 vero
1601 2774 1966 2851 habitaculum
2002 2776 2054 2829 in
2096 2791 2225 2845 per-

632 2860 925 2918 fectissima
949 2863 1121 2919 salute
1138 2854 1343 2919 tantum
1362 2866 1660 2933 decidentis
1683 2876 1899 2921 nostrae
1924 2868 2220 2932 essentiae,

632 2950 1006 3019 pellutissimis
1035 2946 1377 3023 passionibus
1420 2948 1477 3008 et
1526 2957 1996 3026 corrumpentibns
2039 2972 2220 3010 macu-

629 3038 700 3095 lis
753 3039 1048 3106 liberavit,
1089 3043 1491 3098 renovationem
1537 3055 1778 3098 nostram
1831 3046 2222 3114 supermunala-

2332 1874 2455 1913 emn
2499 1861 2870 1916 desideramus
2917 1867 3376 1931 communionem,
3420 1868 3472 1920 in
3519 1869 3935 1926 divinissimarn

2334 1947 2417 2001 sui
2447 1950 2741 2001 secundum
2777 1964 2995 2004 carnem
3047 1950 3211 2004 vitam
3264 1954 3556 2021 respicere,
3588 1967 3637 2009 et
3691 1959 3766 2011 ad
3796 1975 3933 2012 eam

2331 2037 2669 2092 similitudini
2715 2055 2869 2093 sacra
2938 2051 3162 2110 peccato
3210 2044 3452 2097 carentia
3497 2044 3823 2099 dciformem
3878 2057 3943 2100 et

2332 2126 2731 2182 innnaculatum
2756 2129 2998 2183 habitum
3022 2145 3324 2204 recurrere.
3360 2131 3447 2188 Sic
3464 2133 3599 2188 enim
3626 2146 3943 2206 compacte

2330 2216 2484 2273 nobis
2515 2218 2580 2271 ad
2610 2218 2785 2272 simile
2815 2219 3130 2273 societatem
3159 2221 3402 2276 donabit.
3443 2222 3577 2279 llaec
3603 2226 3782 2280 sacris
3816 2241 3937 2280 ac-

2331 2308 2565 2364 tionibus
2603 2325 2847 2365 summus
2888 2312 3142 2367 sacerdos
3193 2315 3522 2382 manifestat,
3563 2318 3739 2372 velata
3794 2321 3943 2389 quis

2328 2400 2449 2453 dem
2504 2400 2643 2455 dona
2694 2402 2758 2455 .ιά
2830 2402 3179 2458 manifestum
3251 2407 3477 2473 ducens,
3537 2407 3927 2479 nnil'ormeque

2326 2503 2514 2542 eorum
2565 2492 2616 2544 in
2660 2493 2824 2547 multa
2866 2494 3132 2559 dividens,
3176 2504 3239 2550 et
3284 2497 3699 2553 distributorum
3724 2503 3796 2554 ad
3830 2516 3921 2565 ea,

2329 2578 2380 2631 in
2433 2580 2631 2647 quibus
2680 2582 2816 2635 llunt
2856 2584 3149 2638 secundum
3200 2570 3413 2657 tempus
3456 2589 3680 2655 unitati,
3727 2591 3917 2647 socios

2324 2684 2509 2724 eorum
2535 2671 2822 2738 perlicicns
2856 2674 3174 2743 participes.
3209 2675 3475 2731 Describit
3537 2677 3685 2732 enim
3737 2680 3796 2733 in
3826 2679 3915 2734 bis

2323 2760 2688 2823 sensihitihns,
2705 2763 2803 2816 sub
2824 2774 3168 2832 conspectmn
3188 2765 3393 2820 ducens
3408 2766 3595 2822 Iesum
3612 2768 3913 2838 Christum,

2324 2849 2643 2903 invisihiicm
2676 2863 2935 2918 nostram,
2967 2867 3226 2923 quantum
3252 2856 3305 2910 in
3336 2857 3683 2926 imaginibus,
3715 2862 3910 2927 vitam,

2323 2943 2615 2995 secundum
2651 2945 2815 2999 Deum
2847 2961 2911 2998 ex
2950 2947 3165 2999 OCt'llllo
3195 2947 3593 3015 perfectissima
3624 2961 3679 3003 et
3714 2952 3911 3006 incon-

2321 3029 2437 3085 fusa
2463 3031 2615 3101 juxta
2655 3049 2755 3087 nos
2777 3035 2828 3087 in
2864 3035 3253 3091 hmnanatione
3282 3038 3712 3094 misericorditer
3736 3043 3790 3094 in
3821 3058 3912 3095 na-

632 3145 758 3185 mm
785 3132 1098 3199 ostendens,
1125 3142 1180 3189 ει
1224 3136 1445 3189 multum
1493 3135 1881 3205 perfectionem
1911 3137 2145 3191 divinam
2173 3137 2224 3190 ει,
2259 3127 2302 3187 (ζ
2336 3129 2508 3174 turam
2561 3134 2797 3176 nostram
2864 3125 3253 3192 speciticatum,
3293 3139 3355 3180 et
3407 3130 3474 3182 ad
3524 3130 3783 3198 partih'rle
3816 3149 3912 3184 nu-

630 3219 765 3290 ipsia
812 3221 880 3275 ad
931 3237 1052 3277 eam
1107 3225 1308 3279 nostris
1354 3225 1546 3289 sacris,
1578 3226 1872 3281 secundum
1917 3227 2059 3295 quod
2102 3240 2226 3295 pos-

627 3310 787 3366 sibile
834 3320 963 3378 est,
1031 3306 1496 3389 similitudinibus.
1566 3317 1755 3371 Divina
1805 3332 1935 3373 vero
1995 3317 2224 3372 imitatio

628 3399 901 3463 quomodo
962 3400 1118 3454 nobis
1193 3402 1350 3457 aliter
1413 3404 1647 3474 ingenita
1703 3390 1839 3466 sit,
1871 3406 1972 3459 nisi
2041 3396 2222 3463 sacra-

630 3486 964 3541 tissimarum
1015 3488 1318 3545 divinarum
1354 3492 1629 3547 actionum
1657 3495 1916 3548 memoria
1968 3507 2222 3552 renovata

632 3589 849 3643 semper
883 3577 1197 3634 ierarchicis
1226 3589 1281 3635 et
1309 3583 1483 3637 sacris
1508 3586 1845 3638 orationibus
1872 3594 1926 3639 et
1948 3588 2221 3644 sacriﬁca-

2325 3218 2497 3264 strum
2526 3209 2936 3265 immutabiliter
2966 3228 3030 3267 ex
3058 3230 3163 3269 uno
3192 3215 3487 3270 Secundum
3514 3224 3761 3272 naturam
3791 3236 3912 3288 pra-

2324 3299 2668 3367 venicntetn,
2733 3311 2786 3356 et
2849 3317 2949 3371 per
3013 3304 3296 3375 lit-nigrum
3354 3308 3493 3362 hanc
3559 3311 3906 3366 humanitatis

2324 3390 2667 3446 dilectionem
2727 3393 2780 3447 in
2834 3396 3303 3466 participationem
3337 3399 3421 3452 sui
3467 3408 3522 3452 et
3562 3402 3902 3470 propriorum

2324 3481 2585 3535 bonorum
2634 3493 2918 3538 vocamem
2984 3488 3273 3541 humanam
3337 3498 3573 3558 gentem.
3627 3491 3903 3561 Siquidem

2323 3572 2542 3625 unimnr
2593 3574 2692 3643 ipsi
2748 3575 3120 3631 divinissimae
3169 3578 3310 3632 vitae
3366 3580 3434 3633 ad
3490 3595 3609 3634 eam
3658 3592 3901 3636 instram

631 3664 900 3719 tionibus?
943 3665 1055 3721 Hoc
1096 3683 1226 3739 ergo
1260 3668 1513 3736 facimus,
1561 3682 1621 3726 ιη
1648 3672 1862 3742 eloquia
1906 3675 2219 3740 aium‘ajm
2312 3661 2468 3730 juxta
2498 3667 2750 3720 virtutem
2781 3666 3287 3738 similitudinezper
3306 3671 3415 3724 hoc
3431 3671 3590 3724 etiam
3611 3672 3674 3723 ad
3694 3674 3904 3727 verita-

629 3755 750 3823 ejus
779 3757 1227 3833 recordationem.
1277 3761 1404 3816 Inde
1447 3763 1661 3819 divinus
1693 3778 1937 3843 summus
1963 3771 2217 3843 sacerdos

627 3845 696 3897 ad
729 3844 969 3900 divinum
1009 3838 1179 3903 altare
1213 3861 1385 3916 stans,
1418 3851 1603 3909 laudat
1630 3854 1803 3909 dictas
1823 3838 2016 3913 sacras
2036 3850 2217 3915 actio—

628 3948 728 3986 nes
767 3933 978 3990 divinas
1025 3934 1153 3991 Jesu
1183 3920 1551 4013 div‘inissimae
1582 3932 1797 3998 nostrae
1825 3947 2214 4014 providentiae,

627 4036 763 4090 quas
798 4022 850 4075 in
878 4022 1050 4079 salute
1078 4028 1293 4096 generis
1324 4030 1490 4084 nostri
1521 4030 1858 4101 heueplacito
1884 4036 2216 4089 sanctissimi

626 4110 804 4194 Patris
832 4115 884 4169 in
904 4116 1106 4188 Spiritu
1131 4129 1319 4175 sancto
1343 4123 1637 4191 secundum
1671 4123 1940 4194 eloquium
1971 4143 2219 4182 consum-

626 4190 811 4257 mavit.
844 4203 1099 4260 Laudatis
1128 4217 1308 4263 autem
1339 4214 1396 4264 et
1423 4211 1623 4266 cultmn
1652 4190 1862 4276 earum,
1891 4224 1946 4268 et
1978 4215 2220 4271 inuisibi-

624 4294 731 4349 lem
775 4296 1284 4366 contemplationem
1333 4299 1781 4355 intellectualibus
1826 4302 1997 4357 oculis
2047 4304 2216 4375 inspi-

625 4384 793 4450 ciens,
820 4386 871 4439 in
900 4389 1246 4458 symbolicam
1276 4406 1463 4444 earum
1492 4390 1787 4462 ‘lernrgiam
1817 4394 1983 4459 venit,
2034 4404 2088 4450 et
2114 4384 2217 4453 hoc

2325 3762 2430 3806 tem
2457 3756 2949 3809 eommunicatores
2978 3756 3067 3810 Dei
3088 3766 3141 3809 et
3162 3758 3621 3813 divinissimarum
3646 3776 3900 3815 consum-

2323 3846 2619 3899 mationnm
2662 3847 2886 3899 eriums.
2919 3847 3207 3916 Accipiens
3229 3859 3414 3903 autem
3439 3859 3492 3905 et
3524 3852 3737 3904 tradens
3766 3851 3897 3906 divi-

2324 3951 2446 3988 nant
2504 3937 2963 3999 communionem,
3029 3938 3080 3989 in
3135 3938 3536 3995 EuchariSIiam
3571 3957 3786 3996 sacram
3813 3943 3897 3995 de.-

2320 4027 2449 4081 sinit
2472 4044 2593 4081 cum
2626 4029 2772 4082 omni
2803 4028 3077 4082 Beclirsiae
3105 4043 3261 4084 sacra
3304 4031 3661 4101 plenitudine.
3720 4031 3893 4087 Parti-

2319 4118 2518 4186 ('ipatio
2548 4118 2693 4171 enim
2721 4118 3067 4172 traditionem
3107 4120 3277 4183 ducit,
3308 4129 3364 4173 et
3389 4122 3673 4191 mysticam
3714 4124 3894 4175 distri-

2319 4207 2590 4262 butionem
2646 4209 3027 4278 mysteriorum
3071 4211 3388 4279 assmnptio.
3453 4212 3570 4279 Ipse
3626 4212 3773 4265 enim
3817 4225 3898 4265 est

2318 4297 2617 4351 catholicus
2648 4298 2956 4352 divinorum
3009 4307 3236 4353 ornatus
3289 4309 3344 4352 ct
3388 4301 3544 4365 ordo,
3576 4304 3810 4370 primum
3842 4303 3893 4354 ia

2317 4388 2726 4456 participatione
2743 4388 2853 4443 ﬁeri
2872 4391 3396 4446 etconsummationc
3410 4407 3623 4446 sacrmn
3643 4393 3827 4446 duce-n
3845 4395 3889 4453 ⁸,

628 4471 737 4527 [leo
763 4474 1024 4528 tradente.
1054 4476 1201 4531 Unde
1219 4488 1273 4531 ct
1299 4488 1608 4534 reverenter
1646 4480 1806 4534 simul
1831 4491 1886 4535 et
1916 4471 2212 4541 icramhice

2328 4489 2412 4544 per
2454 4493 2513 4532 se
2544 4479 2800 4534 divinitus
2824 4479 2946 4534 aliis
2991 4480 3387 4545 donandorum,
3441 4481 3623 4549 sicque
3667 4488 3723 4534 et
3777 4482 3893 4536 aliis

626 4570 749 4628 post
796 4575 982 4615 sacras
1012 4565 1282 4618 actionum
1335 4567 1638 4622 divinarum
1680 4567 1900 4636 laudes,
1953 4587 2052 4642 pro
2098 4573 2209 4643 ipsa

624 4661 792 4717 supra
820 4663 880 4702 se
910 4650 1122 4705 actione
1158 4668 1312 4707 sacra
1351 4655 1653 4727 apologiam
1696 4656 1843 4723 facit,
1872 4662 2027 4729 prius
2060 4676 2213 4719 sacre

626 4730 696 4790 ad
729 4737 901 4807 ipsum
940 4739 1173 4795 reboans
1202 4758 1215 4794 :
1246 4740 1326 4795 Tu
1357 4745 1538 4799 dixisti
1578 4764 1592 4799 :
1642 4748 1740 4801 hoc
1761 4748 1927 4817 facite
1955 4752 2013 4806 in
2039 4769 2208 4807 meum

630 4820 1041 4884 recordationem
1068 4829 1117 4884 δ.
1145 4832 1344 4888 Deinde
1367 4834 1477 4890 Deo
1503 4836 1665 4891 simili
1689 4839 1790 4895 hac
1817 4844 2030 4896 actione
2055 4856 2210 4897 sacra

629 4918 825 4990 dignus
874 4930 1060 4990 petens
1116 4922 1276 4990 ﬁeri,
1336 4934 1391 4980 et
1448 4911 1515 4981 ad
1568 4927 1744 4996 ipsum
1802 4930 2076 4986 Christum
2137 4932 2212 4987 si-

628 5010 928 5067 militudine
971 5012 1149 5069 divina
1199 5015 1476 5085 perﬁcere,
1524 5027 1579 5073 et
1627 5019 1757 5076 dare
1796 5023 2114 5089 castissime,
2155 5031 2213 5080 et

626 5112 814 5157 Sancta
848 5100 1237 5177 participantes
1284 5120 1437 5163 sacre
1480 5120 1537 5163 et
1580 5110 1836 5167 decenter
1860 5114 2208 5186 participare,

626 5195 897 5252 sacriﬁcat
962 5199 1292 5253 divinissima
1324 5241 1338 5265 ,
1386 5210 1440 5255 et
1504 5200 1614 5255 sub
1670 5212 2016 5271 conspectum
2064 5207 2212 5261 ducit

2319 4566 2549 4621 tradere.
2582 4565 2808 4636 Propter
2849 4568 2993 4636 quod
3043 4577 3099 4623 et
3150 4569 3345 4622 divinis
3379 4568 3636 4623 doctrinis
3672 4572 3890 4637 quidam

2318 4658 2578 4713 audacter
2602 4659 2908 4721 abutentes,
2935 4668 3066 4713 ante
3089 4660 3385 4721 secundum
3411 4674 3504 4713 eas
3518 4661 3891 4711 wnversatio.

2318 4756 2439 4805 nem
2456 4754 2511 4805 et
2541 4750 2780 4804 habitum
2796 4749 3060 4804 immundi
3088 4762 3142 4806 et
3170 4751 3331 4807 alieni
3352 4750 3566 4806 omnino
3582 4763 3735 4803 sacra
3753 4763 3883 4806 sunt

2316 4840 2669 4911 legislatione.
2693 4837 2762 4894 Ut
2784 4840 2930 4895 enim
2957 4840 3010 4894 in
3033 4840 3301 4895 solaribns
3324 4839 3889 4909 splendoribus-subti-

2315 4930 2478 4985 liores
2496 4939 2551 4985 et
2575 4931 2834 4985 clariores
2861 4931 3217 4986 essentiarum
3250 4930 3452 5001 primae
3473 4929 3678 4985 inﬂuxit
3709 4932 3882 5000 repte-

2320 5030 2424 5086 tae,
2479 5034 2574 5091 per
2632 5022 2813 5076 omnia
2852 5038 2947 5075 eas
2985 5022 3396 5090 supereminens
3454 5021 3631 5074 lumen
3683 5022 3738 5074 in
3799 5038 3883 5084 ea,

2317 5124 2456 5181 quae
2511 5124 2631 5182 post
2673 5126 2766 5167 eas
2814 5112 2941 5167 solis
3001 5113 3172 5164 instar
3201 5110 3462 5163 invehunt
3521 5129 3535 5162 :
3594 5109 3672 5162 sic
3710 5117 3765 5160 et
3815 5108 3889 5159 di-

2319 5206 2446 5261 vino
2468 5207 2611 5261 omni
2645 5219 2749 5258 non
2779 5205 3081 5258 andendmn
3117 5205 3240 5259 aliis
3268 5203 3373 5256 dux
3407 5215 3551 5263 esse,
3575 5200 3677 5252 nisi
3709 5203 3893 5250 sectio:

1897 5312 2151 5368 V’ARIAE
2189 5314 2586 5371 LEC'HONES.

694 5405 714 5433 ³
768 5403 857 5456 ΑΕ
889 5413 1081 5455 mrtem.

1158 5410 1178 5438 ’
1208 5404 1295 5458 Bll
1324 5404 1649 5458 sanctissima
1683 5403 1735 5456 in
1762 5401 1845 5456 his
1892 5405 2029 5458 actio
2069 5404 2397 5475 multiplicat.

2475 5406 2495 5435 ³
2536 5403 2621 5457 BH
2677 5409 2897 5475 peragit.
2976 5404 2998 5433 ⁸
3023 5402 3111 5457 ΑΒ
3137 5401 3436 5469 (triformem
3513 5410 3533 5438 ι
3562 5395 3643 5450 ηιξ
3672 5394 3885 5447 ducem.

2130 5518 2380 5600 None.

628 5644 723 5754 me
767 5632 951 5684 ‘.\Ia'th.
983 5600 1179 5696 X..\'\'l;
1225 5632 1403 5707 _Mnrr.
1435 5633 1583 5698 XIV;
1641 5633 1773 5688 Luc.
1806 5632 1982 5699 XXII;
2018 5633 2039 5686 Ι
2080 5634 2203 5688 Cor.

2391 5637 2416 5674 ¹³
2458 5636 2586 5689 Luc.
2626 5635 2787 5699 XXII,
2827 5634 2916 5701 l9;
2948 5633 3136 5687 Matth.
3179 5627 3422 5693 XX\'l;I
3461 5626 3587 5680 Cor.
3630 5616 3720 5678 Xl.
