2084 3142
183 193 259 223 1089

474 193 602 224 VERSIO
621 195 765 226 OPERUM
782 198 812 227 S.
833 197 992 229 DlONYSll.
1006 189 1048 222 '4-
1066 199 1336 230 ECCLESIASTICA
1353 202 1548 232 lERARCHlA.

1764 206 1832 236 1090

185 242 251 269 dum
262 247 372 268 onmem
393 239 515 269 habitum
541 250 620 270 suum
641 243 743 271 factum
758 245 805 272 Dei
826 245 986 274 formosissi-
999 248 1024 278 Α
1038 244 1147 281 ptibiles
1183 246 1326 282 imagines.
1370 248 1448 281 Quod
1474 249 1549 277 enim
1586 249 1671 277 Deum
1709 250 1834 281 imitatur

185 294 271 318 mum,
284 290 310 314 et
321 294 369 322 pro
384 286 474 314 divina
490 287 668 323 intelligentia
685 294 711 317 et
724 289 826 325 judicio
847 292 984 327 compagi-

185 338 279 359 natum
293 333 468 368 approbatus.
482 333 510 361 ιη
523 334 566 362 his
581 335 671 364 omnis
686 343 828 364 sacrorum
843 338 984 373 dispositio

186 379 337 406 ierarchice
354 380 586 413 condescendens,
600 385 628 409 et
640 381 816 411 divinissimis
830 384 983 411 communi-

185 432 262 456 cans,
278 432 339 451 cum
357 425 508 460 gratiarum
527 426 634 454 actione
655 434 732 455 sacra
747 427 857 461 desinit,
878 428 984 456 divino-

185 478 245 497 rum
257 476 365 498 actuum
379 472 622 507 proportionaliter
640 481 807 509 cognoscens
821 479 849 502 et
868 475 983 504 laudans

183 518 295 553 gratias.
321 517 416 553 Itaque
441 519 532 546 divina
559 527 614 547 non
638 520 837 555 participantes
865 525 892 548 et
905 521 984 557 igno—

184 569 288 596 rantes,
310 571 364 591 non
376 564 458 591 etiam
472 564 498 591 in
511 563 712 593 Eucharistiam
725 566 836 594 venient
854 573 862 595 :
879 571 906 595 et
921 567 983 601 qui-

184 610 245 637 dem
277 609 356 644 juxta
386 610 525 645 propriam
561 614 687 638 naturam
720 611 810 647 dignis
843 612 984 640 existentiv

184 654 235 682 bus
249 655 353 690 gratiae
371 660 489 691 aguntur
506 656 682 684 divinissimis
698 657 902 686 donationibus.
927 658 981 686 Sed

186 697 257 734 quod
279 700 387 735 quidem
416 701 548 734 dixeram,
572 702 694 737 aspicere
717 703 862 739 aliquando
884 705 983 732 divinis

186 745 265 773 donis
280 754 313 773 ex
332 753 374 779 eo,
388 746 433 781 qui
447 748 474 774 in
491 747 560 775 malo
574 752 626 780 est,
645 749 769 777 contuitu
784 750 918 784 nolentes,
943 751 984 778 in-

186 784 255 826 grati
279 792 312 818 ad
337 799 449 827 magnas
473 792 627 820 divinorum
648 799 757 822 actuum
772 801 984 830 permanserunt

186 836 355 864 donationes.
372 836 481 864 Gustata
492 844 589 872 autem,
604 839 680 867 aiunt
690 840 807 875 eloquia,
824 846 847 868 et
860 842 944 869 videte
959 848 983 868 α.

186 882 272 910 Sacra
288 883 359 910 enim
381 884 534 912 divinorum
555 886 677 914 doctrina
696 887 854 922 magniﬁcas
876 896 982 921 eorum,

1036 292 1154 328 agalma,
1173 292 1208 320 ad
1221 292 1296 330 illam
1314 293 1478 323 invisibilem
1500 299 1529 323 et
1553 295 1740 324 beneolentem
1756 298 1831 333 aspi-

1035 335 1111 365 ciens
1130 336 1263 372 formam,
1285 338 1325 367 sic
1352 339 1470 374 seipsum
1496 340 1602 376 ﬁgurat.
1618 347 1647 369 et
1671 341 1772 378 efﬁngit
1799 343 1835 372 ad

1034 382 1259 413 formosissimam
1279 384 1470 414 imitationem.
1485 386 1520 414 Et
1533 387 1603 415 sicut
1616 387 1642 416 in
1658 391 1841 422 sensibilibus

1035 429 1198 466 imaginibus
1209 439 1317 467 semper
1329 432 1363 460 ad
1382 433 1499 468 primam
1515 434 1698 471 exemplarem
1713 435 1832 471 speciem

1034 475 1151 511 scriptor
1163 476 1349 506 inflexibiliter
1361 478 1487 513 intendit,
1503 480 1537 508 ad
1559 480 1662 509 nullum
1681 482 1754 510 aliud
1766 483 1833 512 visi.

1034 520 1129 548 bilium
1144 526 1289 556 retractus,
1301 527 1348 551 aut
1369 525 1517 553 secundum
1543 526 1608 561 quid
1635 528 1760 562 partitus,
1784 534 1831 558 sec

1035 566 1194 602 ipsumillud
1201 569 1274 604 quod
1286 574 1329 597 est
1346 569 1562 605 describendum,
1575 573 1598 600 si
1608 573 1712 607 justum
1728 575 1831 609 dicere,

1035 612 1149 649 ellingit,
1162 619 1190 641 et
1200 616 1326 643 ostendet
1339 615 1350 632 ³
1365 616 1527 645 alterutrum
1541 618 1568 647 in
1580 619 1710 649 alterutro
1722 627 1828 659 propter

1035 661 1170 690 essentiae
1183 662 1364 692 differentiam
1377 671 1385 691 :
1399 664 1440 693 sic
1454 666 1562 694 mundis
1580 667 1607 694 in
1620 668 1711 697 animo
1730 670 1831 698 descri-

1034 704 1076 735 bit
1088 706 1147 742 ipsa
1159 708 1193 736 ad
1214 708 1389 738 beneolacem
1403 714 1431 738 et
1440 703 1578 740 occultam
1597 712 1715 741 formam
1727 714 1831 743 intenta

1036 756 1063 779 et
1079 751 1234 781 inﬂexibilis
1257 755 1451 791 contemplatio
1466 765 1521 785 non
1536 765 1633 787 errans
1651 759 1833 790 deiformosis-

1036 797 1166 825 simorum
1180 799 1351 834 phantasma.
1367 800 1444 830 Juste
1458 802 1542 838 igitur
1554 804 1587 831 ad
1598 806 1833 840 superessentiali~

1037 846 1079 870 ter
1091 844 1293 873 suaveolentem
1308 851 1336 874 et
1360 846 1522 876 invisibilem
1549 850 1776 884 pulchritudinem
1800 853 1834 881 ad

1036 887 1122 915 Deum
1136 890 1269 923 conversi,
1290 890 1473 921 intellectuale
1487 901 1566 923 suum
1585 895 1835 926 inconversibiliter

185 930 230 965 qui
246 930 364 963 discunt,
384 931 486 966 gratias
506 938 683 967 cognoscent,
702 938 730 960 et
751 934 984 963 divinissimarum
1000 932 1024 963 Β
1038 935 1236 970 speciiicantes,
1251 937 1353 965 nullam
1368 944 1451 974 agunt
1463 940 1492 967 in
1516 948 1546 968 se
1568 942 1654 970 Deum
1668 943 1835 973 imitantium

186 982 297 1001 suarum
306 975 474 1003 altitudinem
483 981 509 1004 et
517 978 728 1012 magnitudinem
739 979 766 1006 in
776 980 985 1015 participatione

185 1021 371 1049 sacratissime
403 1022 598 1057 inspicientes,
624 1026 839 1059 supercaelestes
865 1027 985 1061 gratiose

186 1066 334 1096 laudabunt
346 1069 467 1097 actiones
482 1070 590 1098 divinae
608 1071 794 1106 benignitatis.

455 1137 656 1167 CAPITULUM
670 1139 704 1167 Ν

260 1183 297 1210 De
309 1183 475 1217 perﬁciendis
487 1185 514 1212 in
529 1193 603 1220 myro
618 1191 642 1213 et
653 1186 681 1212 in
690 1186 747 1221 ipso
762 1187 912 1221 afferendis.

200 1223 310 1266 iTanta
337 1240 526 1269 sanctissimae
551 1249 686 1277 synaxeos
708 1248 781 1276 sunt,
806 1249 833 1271 et
857 1245 898 1272 sic
915 1245 985 1272 bona

188 1285 333 1312 invisibilia
345 1286 377 1313 ad
391 1294 473 1314 unum
486 1288 574 1321 nobis,
587 1289 658 1315 sicut
668 1296 748 1324 saepe
763 1289 986 1324 diximus,ierar-

188 1330 265 1358 chice
291 1331 474 1358 sacrilicantia
503 1332 661 1361 societatem
689 1339 716 1361 et
743 1335 984 1363 coordinationem.

188 1375 241 1403 Sed
254 1381 293 1404 est
306 1377 385 1411 hujus
398 1378 576 1413 aequipotens
591 1379 677 1407 altera
690 1380 838 1415 pcrfectiva
853 1383 985 1417 operatio,

187 1421 264 1456 myri.
274 1422 381 1449 teletam
406 1423 489 1450 duces
502 1425 590 1452 nostri
602 1425 611 1440 ¹
628 1433 710 1460 quam
724 1427 876 1454 nominant.
891 1426 986 1455 Partes

189 1466 281 1501 itaque
296 1467 353 1501 ejus
368 1469 378 1483 ‘
399 1468 426 1496 in
451 1469 549 1498 ordine
573 1472 722 1499 secundum
746 1480 839 1500 sacras
854 1473 986 1509 imagines

190 1513 376 1547 intendentes,
402 1515 441 1543 sic
465 1517 496 1543 ad
512 1525 595 1544 unum
612 1518 696 1552 ipsius
720 1526 769 1554 per
783 1524 876 1556 partes
901 1520 986 1549 ierar-

191 1559 276 1587 chicis
296 1562 570 1598 contemplationibus
586 1566 776 1595 ascendemus.

1000 1616 1023 1648 C

403 1617 558 1653 Mysterium
569 1619 660 1647 teletae
676 1622 769 1656 myrti

239 1666 305 1690 nxta
324 1664 450 1691 eumdem
471 1673 606 1700 synaxeos
630 1667 741 1694 modum
763 1667 987 1703 imperfectorum

187 1707 365 1735 absolvuntur
387 1709 508 1743 ordines,
525 1711 718 1739 accedentibus
735 1713 838 1741 scilicet
850 1718 879 1741 et
899 1714 986 1741 ierar-

187 1754 265 1781 chico
281 1754 309 1782 in
329 1762 408 1783 omne
424 1756 552 1791 templum
567 1758 636 1786 bene
652 1758 734 1786 olenti
748 1760 863 1792 ambitu,
878 1765 906 1788 et
916 1761 983 1795 psal-

187 1799 255 1826 mica
270 1807 348 1827 sacra
362 1802 498 1835 cantione,
521 1807 550 1830 et
564 1804 797 1832 divinissimorum
816 1805 985 1840 eloquiorum

187 1844 312 1873 lectione.
329 1846 429 1875 Deinde
447 1856 542 1884 myron
558 1857 680 1878 summus
694 1852 821 1879 sacerdos
836 1853 985 1887 accipiens,

187 1892 347 1926 supcrpOnit
363 1893 454 1920 divino
469 1894 548 1922 altari
566 1895 787 1924 circumvelatum
813 1905 828 1924 a
845 1898 985 1925 duodecim

188 1939 286 1973 pennis
307 1941 400 1973 sacris,
423 1943 596 1971 reboantibus
620 1945 700 1972 simul
726 1946 853 1973 omnibus
869 1947 985 1974 sanctis-

189 1984 258 2011 sima
274 1992 341 2012 voce
362 1992 485 2014 sanctum
501 1988 556 2016 Deo
568 1991 777 2025 acceptabilium
789 1992 986 2025 prophetarum

188 2028 368 2064 inspiratione
388 2032 547 2060 melodema.
560 2033 594 2061 Et
609 2035 636 2061 in
652 2035 710 2069 ipso
724 2035 910 2069 perﬁcientem
924 2044 986 2063 ora-

189 2076 291 2104 tionem
318 2078 467 2113 complens,
481 2080 509 2108 in
535 2081 715 2109 sanctissimis
738 2083 985 2110 consecraudorum

188 2122 277 2151 teletis
300 2132 333 2152 eo
352 2125 437 2153 utitur
447 2126 481 2154 ad
498 2135 607 2155 omnem
625 2127 682 2156 fere
696 2128 877 2157 ierarchicam
894 2129 985 2164 perfe-

188 2169 288 2198 ctivam
302 2172 500 2206 Operationem.

524 2219 648 2248 Tlreoria.

224 2259 282 2295 Ipsa
316 2262 397 2298 igitur
427 2264 607 2294 introductiva
636 2266 868 2294 consummativae
904 2267 985 2302 hujus

166 2304 410 2337 'sanctilicationis
446 2318 568 2346 anagoge
595 2319 645 2347 per
669 2320 710 2345 ea,
738 2319 808 2348 quae
833 2314 983 2341 secundum

161 2343 165 2348 ’
186 2349 306 2378 divinum
321 2361 415 2387 myron
428 2363 506 2383 sacre
520 2361 647 2391 aguntur,
665 2357 739 2390 illud,
752 2358 879 2392 aestimo,
893 2359 984 2387 decla-

186 2399 240 2428 rat,
268 2398 340 2432 quod
365 2399 578 2429 circumvelatur
610 2403 712 2431 sanctis
738 2404 806 2431 viris
837 2404 863 2431 in
893 2405 984 2432 animo

187 2447 294 2470 sacrum
308 2447 336 2470 et
354 2444 423 2473 bene
441 2447 578 2480 redolens,
593 2457 662 2483 quae
683 2449 812 2477 divinitus
830 2449 908 2484 jubet
923 2458 985 2478 san-

188 2486 240 2512 ctis
265 2487 340 2520 viris,
359 2498 413 2518 non
443 2493 603 2521 manifestas
634 2494 736 2521 habere
758 2494 785 2521 in
810 2495 895 2530 gloria
916 2504 985 2523 vana

188 2531 336 2559 secundum
346 2535 476 2565 virtutem
486 2539 585 2567 occulti
597 2540 644 2566 Dei
656 2540 742 2567 bonas
753 2544 780 2568 et
794 2542 984 2570 suaveolentes

188 2574 390 2621 similitudines.
398 2581 592 2612 Mundaeenim
604 2590 668 2612 sunt
678 2585 726 2612 Dei
736 2590 856 2613 secretae
866 2592 894 2613 et
905 2594 985 2621 super

188 2620 309 2649 animum
323 2626 509 2655 suaveolentes
522 2629 747 2664 pulchritudines,
762 2635 789 2658 et
814 2620 985 2660 invisibiliter

188 2668 368 2710 ostenduntur
387 2672 557 2702 solummodo
569 2675 808 2710 intellectualibus,
832 2677 985 2706 conformes

188 2709 291 2741 habere
301 2714 423 2746 volentes
440 2725 489 2748 oer
499 2719 627 2749 virtutem
650 2721 679 2750 in
702 2721 844 2751 animabus
858 2723 984 2751 incorru-

997 2292 1024 2323 D

223 2811 337 2849 uim;
349 2798 410 2850 om.
423 2821 480 2852 BH.
518 2825 530 2842 ³
548 2815 675 2855 eius—om.
686 2826 740 2856 BE.
779 2827 790 2843 ³

222 2900 326 2942 έναι.
346 2912 512 2952 χιιιιω.
696 2928 699 2929 ν

399 2964 535 2996 Damon.
558 2964 687 2999 CXXII.

1038 980 1168 1009 virtutum
1184 982 1212 1009 in
1225 983 1429 1018 adspicieudum
1440 985 1518 1020 juxta
1531 987 1667 1023 eloquium
1688 989 1702 1009 ιι
1718 989 1836 1018 homini-

1038 1027 1099 1061 bus,
1108 1028 1155 1055 sed
1167 1033 1260 1057 sancte
1271 1029 1418 1065 inspiciunt
1429 1036 1557 1068 tanquam
1569 1033 1596 1061 in
1608 1034 1735 1070 imagine,
1743 1035 1837 1065 divino

1037 1080 1116 1109 myro
1133 1073 1167 1101 ab
1177 1074 1298 1103 Ecclesia
1309 1076 1491 1105 sacratissima
1505 1078 1709 1108 circumvelata.
1721 1080 1839 1117 Propter

1037 1119 1109 1155 quod
1124 1124 1152 1147 et
1170 1119 1222 1156 ipsi
1246 1122 1395 1150 secundum
1419 1123 1559 1158 virtutem,
1584 1130 1709 1153 sanctum
1737 1130 1765 1154 et
1779 1127 1837 1155 dei-

999 1199 1002 1201 ,
1037 1166 1264 1197 formosissimum
1275 1168 1348 1197 intus
1361 1169 1447 1197 Deum
1461 1170 1610 1205 imitantes,
1626 1176 1653 1200 et
1668 1172 1723 1200 Deo
1737 1173 1839 1201 descri-

1037 1213 1077 1247 pti
1093 1213 1176 1240 animi
1187 1221 1265 1243 sacre
1276 1214 1514 1250 circumvelantes,
1526 1218 1560 1245 ad
1572 1218 1657 1246 solam
1666 1218 1677 1234 ’⁵
1689 1219 1838 1254 respiciunt

1040 1254 1232 1287 archiformem
1241 1259 1457 1296 intelligentiam.
1475 1262 1569 1298 Neque
1580 1263 1654 1291 enim
1666 1265 1835 1300 contempla-

1038 1302 1107 1331 biles
1122 1308 1227 1332 tantum
1256 1310 1320 1333 sunt
1345 1306 1530 1339 diSsirnilibus,
1554 1308 1601 1335 sed
1617 1316 1706 1342 neque
1728 1309 1778 1343 ipsi
1802 1310 1839 1338 ad

1039 1349 1146 1378 illorum
1165 1351 1310 1395 trahuntur
1330 1353 1475 1386 visionem,
1491 1353 1599 1382 sibimet
1614 1360 1812 1391 consequenter
1828 1365 1836 1383 :

1038 1401 1127 1430 neque
1142 1395 1288 1424 visibilium
1305 1397 1438 1433 imagines
1450 1398 1583 1426 bonorum
1595 1403 1622 1426 et
1629 1399 1776 1435 iustorum,
1789 1400 1839 1428 sed

1038 1447 1142 1475 eorum,
1166 1450 1237 1478 quae
1252 1448 1317 1471 sunt
1328 1451 1402 1477 vere,
1418 1452 1484 1473 vere
1499 1450 1610 1473 amant:
1625 1454 1713 1482 neque
1724 1447 1757 1474 ad
1780 1447 1840 1483 glo—

1039 1486 1108 1515 riam
1120 1487 1214 1516 vident
1224 1496 1239 1516 a
1253 1489 1425 1517 multitudine
1437 1490 1660 1520 irrationabiliter
1670 1491 1837 1526 beatiﬁcam,

1039 1533 1087 1561 sed
1112 1535 1213 1562 bonum
1232 1540 1279 1563 aut
1300 1535 1401 1564 malum
1427 1536 1456 1564 in
1470 1531 1565 1572 seipse
1580 1538 1670 1566 divina
1687 1538 1840 1567 imitatione

1036 1578 1200 1614 judicantes,
1213 1580 1348 1616 agalmata
1360 1581 1451 1609 divina
1466 1582 1654 1611 divinissimae
1676 1588 1739 1612 sunt
1752 1584 1836 1612 bene-

1039 1624 1163 1657 olentiae,
1175 1632 1209 1653 ex
1221 1626 1310 1662 seipsa
1320 1634 1416 1655 verum
1431 1628 1501 1656 bene
1513 1628 1576 1656 olax
1591 1628 1705 1662 habens,
1715 1629 1751 1656 ad
1765 1629 1838 1656 mul-

1037 1670 1073 1699 tis
1084 1671 1254 1700 dissimiliter
1268 1673 1404 1708 opinabile
1419 1681 1474 1702 non
1487 1675 1669 1708 convertitur,
1682 1675 1756 1703 veris
1779 1675 1838 1703 suis

1037 1716 1289 1751 pulchritudinibus
1304 1727 1387 1751 unum
1399 1718 1531 1753 formans,
1544 1720 1616 1755 quod
1628 1725 1670 1749 est
1683 1721 1839 1748 sine-simu-

1038 1763 1148 1792 latione.
1163 1763 1217 1792 Fer
1245 1765 1391 1801 reliquum,
1407 1767 1537 1801 quoniam
1550 1772 1561 1787 υ
1577 1767 1698 1795 exterius
1715 1767 1838 1809 pulchri-

1038 1811 1160 1839 tudinem
1187 1807 1362 1848 contemplati
1378 1820 1473 1841 sumus
1488 1814 1571 1841 totius
1587 1814 1675 1842 bonae
1691 1807 1839 1855 etisacrao

1038 1857 1164 1890 actionis,
1187 1857 1217 1885 in
1243 1857 1404 1887 diviniorem
1428 1859 1487 1895 ejus
1511 1859 1688 1900 respiciemus
1709 1859 1836 1892 formam,

1037 1901 1126 1938 ipsam
1136 1903 1165 1930 in
1176 1903 1264 1939 seipsa
1277 1905 1424 1932 revelatam
1449 1905 1583 1933 velamina
1592 1926 1601 1939 ,
1617 1906 1838 1940 contemplantes

1037 1948 1156 1980 beatam,
1179 1949 1375 1984 splendentem,
1404 1950 1548 1978 manifeste
1574 1951 1688 1984 claram,
1705 1956 1733 1978 et
1750 1951 1835 1979 incir-

1038 1992 1190 2020 cumvelate
1203 1993 1384 2021 intellectibus
1396 1995 1545 2030 replentem
1558 2003 1608 2023 nos
1621 1996 1836 2024 suaveolentiae.

1038 2036 1131 2072 Neque
1148 2037 1220 2065 enim
1236 2038 1378 2066 manifesta
1406 2039 1476 2075 myri
1499 2039 1621 2074 perlecta
1642 2040 1763 2075 operatio
1781 2041 1835 2074 his,

1038 2083 1085 2118 qui
1099 2083 1172 2111 circa
1188 2091 1323 2111 summum
1342 2084 1513 2113 sacerdotem
1527 2089 1601 2118 sunt,
1617 2085 1834 2117 incommunica-

1036 2128 1101 2157 bilis
1117 2133 1159 2157 est
1182 2133 1231 2157 aut
1249 2129 1406 2163 invisibilis,
1426 2130 1473 2158 sed
1497 2125 1652 2159 econtrario
1677 2139 1764 2166 usque
1788 2139 1837 2160 eos

1036 2176 1209 2212 perveniens,
1225 2180 1253 2203 et
1270 2179 1392 2204 statuens
1411 2183 1492 2211 supra
1513 2176 1613 2205 multos
1626 2177 1836 2212 contemplatio!

1038 2229 1110 2254 nem,
1137 2221 1172 2249 ab
1196 2221 1353 2257 ipsissacre
1365 2221 1595 2255 circumvelatur,
1614 2226 1642 2250 et
1661 2222 1835 2252 multitudine

1038 2266 1190 2295 ierarcbice
1213 2267 1398 2303 distinguitur.
1411 2267 1521 2296 Divinis
1534 2268 1608 2308 enim
1618 2266 1695 2297 viris'
1707 2271 1835 2299 sacratis-

1038 2312 1169 2341 simorum
1180 2313 1283 2346 radius,
1293 2317 1422 2348 tanquam
1430 2315 1651 2349 congenerationi
1661 2315 1695 2343 ab
1705 2315 1835 2344 invisibili

1037 2365 1105 2393 pure
1127 2362 1157 2386 et
1177 2358 1333 2386 immediate
1345 2359 1467 2393 elucens,
1489 2364 1517 2387 et
1530 2359 1728 2389 intellectuales
1738 2369 1834 2390 eorum

1038 2404 1209 2439 receptiones
1227 2405 1451 2434 incircumvelate
1473 2406 1652 2440 suaviﬁcans,
1680 2408 1714 2435 ad
1742 2407 1833 2442 subje-

1038 2455 1113 2479 ctum
1126 2458 1179 2478 non
1194 2455 1318 2486 prompte
1329 2453 1464 2486 provenit,
1481 2452 1529 2480 sed
1543 2453 1578 2480 ab
1597 2453 1673 2488 ipsis,
1695 2457 1727 2480 ut
1743 2461 1833 2481 secre-

1039 2500 1128 2523 torum
1154 2495 1288 2525 invisibile
1303 2497 1562 2536 contemplantibus,
1589 2498 1650 2525 sine
1668 2505 1784 2533 pompa,
1798 2498 1833 2527 ad

1037 2541 1214 2571 dissimilibus
1228 2542 1476 2576 incontaminabile,
1487 2544 1538 2570 sub
1550 2544 1679 2578 pennatis
1688 2545 1830 2580 aenigma-

1036 2588 1108 2616 tibus
1131 2588 1306 2624 cooperitur:
1321 2596 1371 2625 per
1389 2596 1459 2624 quae
1480 2596 1568 2617 sacra,
1584 2589 1737 2625 aenigmata
1759 2590 1831 2617 bene

1036 2633 1125 2663 ornati
1143 2635 1253 2663 ordines
1281 2635 1447 2663 reducuntur
1472 2635 1506 2663 ad
1530 2641 1636 2663 sacram
1650 2641 1728 2663 suam
1742 2634 1832 2663 analo-

1037 2680 1120 2715 giam.
1136 2680 1186 2708 Est
1212 2687 1287 2717 ergo,
1301 2682 1374 2716 quod
1395 2680 1506 2716 quidem
1532 2680 1757 2722 dixeram,.nunc
1775 2680 1832 2708 lau-

1038 2725 1126 2754 danda
1145 2726 1225 2755 nobis
1236 2733 1317 2756 sacra
1331 2726 1429 2756 teletae
1449 2727 1582 2762 operatio.
1597 2727 1831 2757 consummativae

832 2780 961 2810 VARIAE
978 2781 1182 2812 LECTIONES.
1203 2812 1205 2814 ,

807 2827 832 2856 Δ
844 2833 868 2856 et
879 2828 1001 2862 ostendit,
1014 2829 1060 2857 BH
1074 2835 1103 2858 ut
1115 2830 1246 2862 ostendat.
1283 2830 1296 2847 ‘
1314 2831 1337 2860 E
1346 2831 1469 2860 saturem.
1507 2837 1520 2854 ι
1533 2831 1579 2860 ΒΕ
1589 2833 1730 2868 quomodo.

945 2877 1072 2914 NOTAE}
1082 2883 1086 2886 ’

1058 2921 1073 2962 ξ’
1093 2919 1189 2956 Matth.
1203 2922 1258 2953 nt:
1272 2921 1356 2953 mu
1409 2971 1412 2974 .
1444 2955 1448 2957 _
1647 2970 1690 3002 3⁵
