4168 6284
317 359 344 415 l
354 357 459 417 097

899 361 1148 423 VERSIO
1186 367 1472 426 OPERUM
1513 371 1572 427 S.
1611 371 1933 431 DIONYSII.
1956 379 2596 441 —ECCLES|ASTIC.\
2637 387 3012 452 IERARCHIA

3475 405 3621 464 4098

313 473 636 546 pontiﬁcum
685 477 818 533 ordo
864 479 1075 549 primus
1101 479 1337 555 {quidem
1383 491 1468 554 est
1524 485 1864 580 deividarum
1889 469 1994 557 ’Ἀ
2019 493 2143 552 fuse
2168 509 2447 568 separaris.
2493 497 2723 572 Pr0pter
2753 508 2897 576 quod
2943 517 3001 565 et
3043 521 3248 570 sanctts
3274 527 3400 574 eam
3427 481 3621 580 statuit

317 565 755 624 ordinationum:
780 568 1197 628 sublimissimus
1217 582 1402 630 autem
1431 576 1630 633 iterum
1655 587 1710 635 et
1733 579 1916 636 novis-

317 658 492 716 simus
532 659 696 714 idem.
729 660 941 717 Etenim
989 664 1043 719 in
1076 663 1193 735 ipso
1235 665 1518 736 perﬁcitur
1551 677 1608 724 et
1657 669 1914 742 impletur

315 750 494 805 omnis
517 760 734 806 nostrae
760 751 1062 810 lerarchiae
1089 757 1392 827 diSpositio.
1428 757 1498 813 Ut
1518 759 1664 814 enim
1691 775 1911 818 omnem

315 839 642 898 lerarchiam
675 844 920 900 videmus
971 846 1024 900 in
1071 845 1255 903 Jesum
1302 857 1779 918 consummatam,
1829 853 1911 910 sic

316 948 752 1008 unamquamque
779 939 832 993 in
858 941 1138 1011 proprium
1166 943 1409 998 divinum
1429 959 1704 1000 summum
1728 960 1910 1002 sacer-

312 1022 512 1080 dotem.
539 1025 656 1097 lpsa
687 1037 868 1102 autem
898 1030 1186 1086 ierarcliici
1212 1032 1420 1089 ordinis
1446 1035 1622 1090 virtus
1647 1035 1704 1090 in
1732 1037 1909 1092 omni-

307 1112 412 1169 bus
438 1113 652 1170 locatur
676 1118 848 1173 sacris
878 1119 1354 1188 universitatibus,
1395 1131 1452 1179 et
1476 1138 1574 1194 per
1602 1139 1791 1182 omnes
1820 1141 1908 1183 sa—
1931 1138 1947 1152 '

306 1219 433 1262 cros
459 1209 679 1266 ordines
725 1221 984 1281 operatur
1013 1213 1268 1283 propriae
1293 1214 1599 1274 lerarchiae
1621 1219 1904 1293 mysteria.

306 1299 554 1357 Diserete
593 1313 775 1360 autem
803 1305 950 1371 huic,
977 1305 1120 1362 ultra
1163 1318 1374 1366 ceteros
1403 1312 1644 1380 ordines,
1666 1314 1722 1370 in
1750 1331 1904 1372 suam

307 1394 684 1461 operationem
715 1395 897 1451 divina
929 1398 1014 1454 lex
1064 1399 1342 1457 distribuit
1369 1403 1665 1463 diviniores
1695 1409 1906 1463 sacriﬁ-

305 1484 552 1540 cationes
581 1485 626 1539 ’.
655 1485 770 1542 Hae
800 1496 982 1543 autem
1010 1498 1137 1544 sunt
1179 1490 1532 1560 perfectrices
1559 1497 1905 1555 thearchicae

303 1574 525 1631 virtutis
559 1576 842 1649 imagines,
873 1591 1318 1639 consummantes
1353 1588 1535 1641 omnia
1565 1589 1903 1646 divinissima

302 1665 566 1736 symbola,
598 1676 652 1721 et
679 1683 870 1725 omnes
896 1686 1082 1727 sacras
1110 1675 1514 1744 dispositiones.
1551 1679 1667 1735 Etsi
1696 1682 1840 1737 enim
1870 1698 1902 1738 a

299 1757 675 1814 sacerdotibus
697 1760 1055 1830 perﬁciuntur
1079 1767 1346 1834 quaedam
1374 1767 1722 1826 colendorum
1752 1788 1900 1844 sym-

2017 587 2196 659 portis
2227 588 2526 646 ierarcbica
2564 591 2853 665 legislatio,
2885 598 2953 654 ad
2987 615 3144 664 sacra
3181 607 3618 674 provenientium

2016 682 2307 740 introitum
2338 685 2395 740 in
2423 687 2839 758 perfectissimis
2874 698 3285 766 purgationibus
3308 703 3613 777 insinuans,

2017 784 2076 831 et
2102 778 2170 832 ad
2214 787 2433 834 sanctas
2461 795 2647 836 eorum
2680 782 3046 856 inspectiones
3072 798 3129 846 et
3157 798 3612 858 communicatio-

2015 883 2118 926 nes
2144 871 2168 904 ⁸
2191 887 2471 931 accessum
2507 880 2808 949 purgativis
2839 883 3130 943 virtutibus
3161 891 3404 959 tradens,
3433 903 3489 951 et
3512 908 3615 967 per

2016 978 2114 1022 eas
2141 979 2236 1022 eos
2264 968 2575 1039 impollutos
2618 974 2916 1043 accipiens.
2963 978 3227 1038 Ostensus
3267 993 3354 1039 est
3386 985 3551 1054 igitur
3576 1003 3614 1045 a

2013 1055 2175 1112 nobis
2226 1059 2543 1126 pontiﬁcum
2592 1061 2811 1132 quidem
2860 1068 2994 1123 ordo
3041 1075 3504 1133 eonsummativus
3554 1084 3614 1134 et

2011 1147 2348 1219 perfectivus
2397 1171 2411 1206 :
2457 1154 2802 1211 sacerdotum
2877 1168 3059 1216 autem
3116 1163 3502 1225 illuminativus
3554 1177 3614 1225 et

2011 1235 2294 1296 luciducus
2322 1258 2336 1296 :
2366 1241 2793 1301 ministrantium
2821 1262 2954 1306 vero
2979 1253 3294 1324 purgativus
3325 1265 3382 1312 et
3407 1258 3611 1316 discre-

2011 1330 2160 1387 tivus
2187 1349 2203 1388 :
2232 1331 2441 1388 scilicet
2479 1334 2783 1394 ierarcbica
2816 1342 3010 1399 ordine
3045 1359 3154 1403 non
3189 1346 3453 1418 perﬁcere
3491 1359 3610 1407 tan-

2006 1431 2152 1491 tum,
2170 1425 2264 1480 sed
2287 1433 2342 1480 et
2360 1426 2664 1485 illuminare
2689 1431 2849 1488 simul
2877 1446 2931 1490 et
2954 1439 3221 1496 mundare
3240 1443 3574 1513 percipiente
3589 1486 3606 1511 ,

2007 1526 2066 1572 et
2093 1519 2434 1576 sacerdotum
2460 1521 2661 1580 virtute
2708 1526 2945 1585 habente
2971 1529 3025 1586 in
3053 1534 3234 1605 seipsa
3259 1550 3384 1591 cum
3415 1536 3609 1594 illumi-

2007 1608 2192 1662 nativa
2225 1617 2281 1664 et
2311 1611 2654 1681 purgativam
2682 1615 2988 1675 scientiam.
3019 1621 3175 1680 Aliae
3201 1625 3419 1695 quidem
3459 1629 3606 1684 enim

2007 1699 2249 1757 minores
2293 1702 2346 1756 in
2391 1718 2496 1770 ea,
2548 1721 2686 1775 quae
2743 1710 2971 1769 meliora
3017 1725 3183 1783 sunt,
3233 1733 3337 1774 non
3381 1729 3608 1791 possunt

2008 1799 2406 1859 transmovere,
2431 1808 2497 1850 eo
2517 1798 2662 1864 quod
2690 1798 2948 1868 iniustum
2983 1803 3054 1860 sit
3074 1806 3175 1873 eis,
3202 1809 3268 1863 ad
3296 1807 3606 1880 huiusmodi

2392 1849 2405 1859 ,
2480 1849 2486 1850 ,
2534 1849 2571 1864 ,ν
2691 1849 2948 1868 ---,-------
2983 1849 3054 1860 ...-
3076 1849 3175 1873 ν.-.
3203 1849 3268 1863 ....
3296 1849 3366 1864 ....
3395 1849 3604 1869 ..οιιιυυι

298 1849 572 1916 ὺοιοΐιιω,
603 1849 699 1906 sed
729 1869 1006 1924 nunquam
1038 1856 1327 1926 aliquando
1366 1875 1578 1916 sacram
1605 1863 1902 1936 lhcosene—
1930 1857 1979 1918 Β
2006 1881 2195 1936 conari
2224 1881 2587 1952 maiestatem.
2632 1887 2785 1944 Aliae
2817 1901 3000 1947 autem
3044 1894 3338 1955 diviniores
3366 1849 3604 1959 Jvirtutes

297 1941 434 1996 siam
455 1947 711 2000 sacerdos
735 1947 1050 2015 operabitur
1074 1949 1192 2003 sine
1217 1949 1555 2007 divinissimo
1584 1964 1894 2025 unguento:

294 2049 472 2104 neque
501 2037 718 2093 divinae
754 2040 1150 2096 communionis
1192 2041 1440 2112 perﬁciet
1475 2048 1758 2116 mysteria,
1793 2049 1898 2105 nisi

293 2125 634 2183 divinissimo
662 2128 816 2184 altari
858 2133 1330 2190 communicativis
1358 2139 1714 2206 superpositis
1743 2156 1894 2213 sym-

294 2217 456 2273 bolis.
491 2217 597 2275 Sed
628 2235 802 2290 neque
829 2222 943 2293 ipse
970 2227 1225 2282 sacerdos
1250 2227 1379 2294 erit,
1407 2229 1512 2284 nisi
1538 2230 1607 2285 ab
1634 2233 1897 2288 ierarcbi-

295 2310 376 2365 cis
410 2315 965 2371 consummationibus
1005 2318 1062 2372 in
1108 2318 1212 2374 hoc
1254 2320 1500 2376 sortitus.
1541 2321 1672 2378 Inde
1712 2325 1895 2381 divina

289 2400 559 2471 legislatio
608 2402 1033 2460 ierarchicorum
1079 2408 1332 2463 ordinum
1379 2410 1891 2484 sanctiﬁcationem,

293 2503 349 2549 et
378 2493 550 2549 divini
579 2497 836 2568 unguenti
862 2501 1408 2568 consummationem,
1435 2512 1492 2558 et
1517 2520 1733 2562 sacram
1759 2507 1895 2564 alta-

297 2583 375 2638 ris
400 2585 857 2656 puriﬁcationem,
897 2589 1204 2647 divinorum
1234 2579 1551 2663 pontiﬁcum
1583 2598 1895 2668 perfectivis

288 2677 585 2736 virtutibus
614 2681 962 2753 singulariter
995 2683 1201 2739 divisit.
1242 2683 1340 2741 Est
1376 2687 1545 2759 igitur
1579 2691 1894 2748 sanctiﬁcus

287 2772 448 2838 ordo,
480 2775 942 2831 consummativae
988 2775 1207 2832 virtutis
1241 2777 1501 2850 repletus,
1546 2782 1786 2851 perfecta
1811 2783 1894 2840 le-

293 2864 550 2920 rarchiae
577 2865 812 2922 discrete
859 2869 1149 2938 perﬁciens
1171 2909 1188 2937 ,
1229 2878 1284 2926 et
1324 2871 1581 2930 scientias
1609 2890 1890 2934 sacrorum

287 2954 814 3014 manifestativorum
849 2959 870 2992 ³
899 2961 1166 3029 eruditus,
1190 2964 1490 3020 etedocens
1511 2971 1892 3038 proportiona-

295 3050 378 3107 les
406 3067 594 3108 eorum
624 3063 680 3110 et
705 3071 892 3112 sacros
921 3056 1139 3114 habitus
1166 3065 1222 3114 et
1246 3059 1500 3116 virtutes.

358 3144 716 3203 Sacerdotum
765 3157 944 3205 autem
993 3150 1274 3208 luciducus
1316 3152 1341 3184 ‘
1383 3154 1518 3210 ordo
1565 3155 1622 3212 in
1670 3167 1890 3216 sanctas

283 3237 592 3295 hostiarum
631 3241 994 3313 inspectiones
1026 3247 1341 3302 manuducit
1374 3247 1649 3320 perfectos
1675 3254 1778 3310 sub
1805 3253 1888 3310 di-

281 3326 534 3383 vinorum
557 3330 946 3399 pontiﬁcalium
967 3335 1179 3402 ordine,
1201 3346 1256 3392 et
1276 3347 1400 3410 post
1426 3355 1548 3397 eum
1569 3343 1886 3403 sacriﬁcans

283 3419 534 3489 proprias
571 3435 759 3477 sacras
789 3423 1032 3480 actiones
1058 3465 1074 3492 ,
1127 3425 1181 3480 in
1228 3429 1425 3499 quibus
1471 3433 1616 3501 quod
1661 3434 1884 3504 quidem

287 3509 405 3581 ipse
430 3511 560 3583 agit,
591 3512 814 3570 deiﬁcas
841 3517 1134 3574 ostendens
1179 3534 1278 3590 per
1320 3522 1694 3581 sacratissima
1739 3543 1882 3600 sym-

280 3602 405 3658 bola
429 3643 447 3670 ,
492 3613 548 3660 et
575 3607 1033 3679 contemplatores
1061 3612 1412 3672 advenientes
1455 3618 1746 3689 perﬁciens
1769 3663 1786 3689 ,
1827 3629 1884 3679 et

288 3701 603 3749 sanctarum
637 3695 920 3754 teletarum
958 3703 1451 3762 communicatores
1481 3725 1495 3762 :
1523 3708 1579 3763 in
1607 3723 1881 3769 summum

287 3793 466 3840 autem
513 3788 848 3845 sacerdmem
900 3793 1184 3850 remittens
1222 3795 1308 3852 vel
1335 3799 1880 3872 contemplativarum

277 3875 542 3932 scientiae
565 3948 570 3953 ι
596 3881 1080 3951 contemplatarum
1160 3887 1618 3948 sacriﬁcationum
1668 3896 1879 3954 deside-

278 3976 489 4022 rantes.
522 3965 945 4028 Ministrantium
974 3989 1106 4032 vero
1129 3979 1264 4034 ordo
1300 3961 1616 4054 purgaﬁvus
1639 3993 1693 4040 et
1719 3986 1879 4043 dissi-

275 4056 487 4114 milium
515 4059 862 4133 discretivus,
886 4075 1012 4124 ante
1039 4069 1092 4123 in
1117 4067 1460 4129 saCerdotum
1491 4077 1878 4135 sanctiﬁcatio-

272 4167 372 4209 nes
403 4156 795 4225 accessionem,
826 4172 1025 4234 purgat
1051 4163 1428 4233 advenientes,
1453 4184 1619 4240 puros
1637 4185 1733 4227 eos
1751 4188 1876 4245 per-

270 4243 462 4320 ﬁciens
491 4248 783 4304 contrariis
804 4291 820 4316 ,
863 4260 918 4307 et
946 4253 1015 4308 ad
1058 4256 1363 4313 sacriﬁcam
1393 4243 1786 4330 inspectionem
1820 4272 1876 4320 et

270 4339 820 4397 communicationem
850 4343 874 4376 ⁸
893 4355 1196 4418 coaptatos.
1227 4350 1354 4406 [nde
1375 4339 1696 4409 in-sanctam
1717 4357 1874 4430 theo—

268 4420 550 4500 genesiam
603 4432 840 4489 ministri
916 4439 1296 4498 advenientem
1367 4444 1538 4500 veteri
1598 4427 1873 4508 denudant

266 4521 624 4584 vestimento,
655 4522 834 4580 adhuc
866 4536 924 4582 et
951 4531 1270 4600 absolvunt,
1315 4542 1370 4590 et
1415 4535 1483 4590 ad
1527 4551 1783 4596 occasum
1815 4543 1868 4596 in

266 4611 806 4670 abrenunciationem
859 4614 1146 4689 statuunt,
1177 4613 1180 4616 ’
1208 4633 1265 4680 et
1309 4613 1631 4684 iterum‘ad
1685 4615 1865 4688 ortum

265 4696 624 4758 transducunt
645 4733 718 4744 —
739 4707 1080 4778 purgativae'
1100 4713 1244 4769 enim
1267 4725 1396 4772 sunt
1427 4718 1785 4777 ordinationis
1811 4729 1867 4778 et

260 4787 854 4864 virtutis—repellere
881 4799 1268 4862 universaliter
1289 4805 1543 4878 jubentes
1578 4811 1870 4870 advenien-

260 4881 410 4937 tibus
436 4880 813 4954 prio‘rislvitae
835 4891 1090 4961 amictus,
1133 4905 1188 4952 et
1211 4899 1411 4968 prioris
1439 4892 1870 4962 conversationis

262 4975 614 5032 tenebrosum
637 5019 653 5043 ,
705 4979 1064 5042 ostendentes
1110 4989 1175 5043 et
1199 4987 1490 5047 edocentes
1517 5006 1613 5048 eos
1654 4998 1866 5053 reordi-

262 5063 479 5120 nandos
503 5105 519 5130 ,
547 5081 578 5120 a
606 5082 713 5123 non
735 5071 1176 5136 illuminantibus
1204 5081 1260 5136 in
1291 5081 1648 5140 illuminativa
1687 5095 1869 5144 t'ra‘ns-

263 5155 518 5213 cendere.
551 5157 853 5228 Purgativa'
868 5168 1040 5239 igitur
1062 5175 1147 5228 est
1171 5174 1534 5231 ministrativa
1552 5171 1867 5250 dispositio,

264 5247 320 5304 in
350 5248 829 5313 manifestissima's
854 5261 1198 5320 sacerdotum
1224 5247 1682 5327 sanctiﬁcationes
1711 5272 1869 5328 redu-

2004 1989 2128 2030 cum
2174 1977 2410 2048 propriis
2456 1986 2513 2034 et
2563 1979 2836 2050 subiectas
2880 2000 3012 2044 suae
3059 1989 3410 2059 perfectionis
3447 2009 3601 2050 sacra

2003 2067 2234 2123 scientia
2283 2081 2637 2141 cognoscunt.
2685 2073 2954 2134 Similiter
2995 2083 3250 2150 quoniam
3297 2085 3601 2141 divinarum

2000 2167 2132 2216 sunt
2161 2161 2440 2219 actionum
2467 2165 2768 2236 imagines,
2801 2169 2941 2226 aliae
2967 2175 3396 2234 sanctiﬁcativae
3420 2179 3599 2250 dispo-

1999 2252 2226 2310 sitiones
2249 2255 2388 2312 bene
2413 2259 2590 2314 ornati
2617 2268 2673 2316 et
2699 2262 2968 2322 inconfusi
2991 2266 3298 2326 divinarum
3324 2274 3600 2341 operatio-

1999 2359 2132 2399 num
2178 2345 2384 2403 ordinis
2409 2388 2425 2415 ,
2470 2349 2527 2405 in
2577 2355 2884 2425 semetipsis
2928 2360 3277 2416 ostendentes
3321 2361 3598 2420 ordinatas

1997 2436 2425 2497 illuminationes
2478 2441 2534 2497 in
2579 2445 2826 2514 primas,
2865 2456 2922 2504 et
2969 2453 3218 2520 medias,
3275 2461 3331 2508 et
3379 2454 3602 2513 ultimas

1998 2541 2186 2586 sacras
2240 2534 2486 2590 actiones
2522 2543 2579 2591 et
2627 2538 3000 2598 ordinationes
3025 2585 3042 2609 ,
3091 2544 3146 2599 in
3179 2545 3598 2606 discretionibus

1997 2620 2316 2680 ierarcbicis
2337 2626 2622 2686 ordinatae
2643 2639 2787 2694 sunt,
2807 2633 3238 2702 manifestantes,
3257 2646 3317 2692 ut
3333 2639 3592 2708 diximus,

1995 2711 2052 2768 in
2099 2715 2292 2787 seipsis
2327 2719 2635 2776 divinarum
2666 2724 3046 2794 operationum
3087 2727 3398 2785 ordinatum
3425 2738 3482 2786 et
3509 2731 3594 2788 in-

1995 2806 2304 2864 confusum.
2322 2809 2587 2877 Quoniam
2603 2815 2747 2870 enim
2775 2817 3074 2885 thearcbia,
3106 2819 3158 2875 in
3180 2821 3595 2895 quibuscunque

1993 2895 2160 2964 inest,
2199 2900 2410 2958 animos
2447 2913 2642 2974 purgat
2668 2907 2940 2976 primum,
2971 2909 3166 2966 deinde
3193 2910 3495 2981 illuminat,
3535 2923 3594 2970 et

1991 2987 2330 3048 illuminatos
2350 3004 2693 3051 consummat
2715 2997 2784 3052 ad
2809 2998 3126 3056 deiformem
3151 3001 3542 3071 perfectionem
3571 3023 3588 3060 :

1990 3082 2194 3138 merito
2220 3084 2546 3154 pontiﬁcalis
2571 3087 2875 3145 divinarum
2927 3091 3224 3163 imaginum
3246 3094 3301 3150 in
3324 3095 3588 3154 discretas

1917 3209 1964 3275 ο
1994 3173 2232 3244 seipsam
2263 3175 2499 3233 alternat
2543 3181 2912 3240 ordinationes
2957 3194 3014 3242 et
3055 3186 3322 3254 virtutes,
3357 3205 3588 3260 operose

1992 3265 2290 3324 cincndens
2341 3270 2682 3328 tliearchieas
2727 3277 3074 3345 operationes
3126 3279 3183 3335 in
3225 3282 3586 3341 sanctissimis

1990 3367 2049 3416 et
2097 3359 2398 3419 inconfusis
2451 3364 2734 3422 ordinibus
2807 3370 3106 3440 ponderate
3173 3381 3232 3428 et
3302 3373 3586 3435 inconfusc

1986 3460 2243 3508 statutas.
2301 3454 2410 3510 Sed
2457 3457 2720 3527 quoniam
2764 3462 3074 3518 sanctiﬁcas
3113 3464 3484 3522 ordinationes
3528 3475 3586 3524 et

1987 3545 2432 3616 participationes
2481 3548 2826 3621 virtutesque
2890 3569 3079 3611 earum
3133 3563 3190 3612 et
3241 3559 3584 3627 operationes

1985 3635 2243 3704 diximus,
2271 3648 2536 3710 quantum
2559 3643 2719 3701 nobis
2763 3646 3022 3715 possibile
3056 3655 3162 3716 est,
3191 3657 3246 3706 et
3277 3652 3583 3707 sacratissi-

1984 3743 2106 3785 mas
2129 3745 2350 3799 earum,
2388 3745 2652 3804 quantum
2697 3747 2948 3808 potentes
2972 3755 3197 3810 sumus,
3233 3741 3581 3816 inspiciemus

1982 3823 2504 3884 consummationes.
2600 3865 2611 3877 .
2712 3881 2714 3884 ,
2916 3877 2972 3883 ,ν

2067 3903 2070 3907 ’
2113 3911 2426 3981 Mysterium
2468 3917 2880 3974 sacerdotalium
2922 3924 3452 3984 consummationum.

2053 4001 2310 4066 Summus
2359 4005 2577 4074 quidem
2625 4011 2882 4064 sacerdos
2929 4013 2998 4066 ad
3047 4013 3408 4072 israrchicam
3449 4032 3580 4076 con-

1979 4093 2396 4156 summationem
2423 4096 2706 4160 accedens,
2732 4108 2960 4170 utroque
2984 4105 3122 4172 pede
3151 4107 3417 4166 inclinans
3447 4120 3575 4168 ante

1977 4192 2328 4254 conspectum
2366 4185 2534 4240 divini
2575 4187 3018 4262 altaris,.super
3045 4204 3211 4264 caput
3252 4197 3418 4255 habet
3460 4198 3574 4257 Deo

1976 4275 2174 4330 tradita
2196 4277 2434 4346 eloquia,
2462 4285 2518 4333 et
2547 4278 2907 4338 ierarcbicam
2934 4299 3180 4354 manum,
3208 4295 3265 4342 et
3286 4288 3388 4345 hoc
3413 4294 3574 4350 modo

1977 4380 2008 4420 a
2034 4364 2350 4436 perﬁciente
2386 4381 2510 4423 eum
2539 4384 2754 4426 summo
2781 4375 3064 4433 sacerdote
3102 4380 3462 4438 sanctissimis
3490 4385 3572 4440 in-

1974 4455 2353 4513 vocationibus
2379 4469 2805 4517 consummatur.
2835 4461 3104 4524 Sacerdos
3130 4477 3312 4524 autem
3341 4479 3572 4543 utroque

1897 4579 1950 4640 D
1974 4547 2110 4632 pede
2140 4547 2408 4605 inclinans
2436 4550 2490 4605 in
2515 4561 2806 4620 conspectu
2839 4554 3006 4612 divini
3043 4557 3254 4626 altaris,
3286 4575 3452 4632 super
3477 4579 3570 4619 ca-

1978 4645 2074 4708 put
2098 4637 2262 4693 habet
2288 4639 2645 4696 ierarchicam
2671 4642 2916 4702 dextram
2933 4685 2951 4712 ,
2981 4653 3037 4702 et
3065 4648 3169 4705 hoc
3197 4650 3358 4706 modo
3386 4667 3418 4706 a
3447 4668 3572 4724 per-

1977 4727 2192 4804 ﬁciente
2227 4744 2351 4785 eum
2390 4745 2603 4788 summo
2641 4735 2922 4792 sacerdote
2957 4736 3222 4795 sacriﬁcia
3253 4740 3571 4800 invocatio-

1976 4821 2136 4878 nibus
2158 4822 2549 4880 sanctiﬁcatur.
2573 4824 2822 4884 Minister
2845 4843 2978 4887 vero
3005 4847 3114 4890 uno
3140 4833 3280 4904 pede
3301 4834 3569 4893 inclinans

1978 4913 2035 4970 in
2063 4925 2355 4987 conspectu
2386 4916 2606 4984 altaris,
2646 4934 2809 4990 super
2837 4930 2998 4992 caput
3036 4924 3203 4979 habet
3233 4925 3567 4996 perﬁcientis

1976 5019 2102 5062 eum
2129 5006 2334 5075 summi,
2351 4999 2651 5064 Sacerdotis
2679 5009 2944 5077 dextram,
2969 5011 3338 5083 perﬁciendus
3359 5016 3428 5073 ab
3446 5016 3566 5087 ipso

1977 5096 2400 5174 ministrantium
2438 5101 2885 5172 consummativis
2932 5101 3407 5178 invocationibus..
3431 5105 3564 5162 Uni-

1976 5189 2170 5262 cuique
2200 5200 2382 5264 autem
2427 5208 2616 5249 eorum
2664 5193 2990 5262 cruciforme
3030 5195 3275 5266 signatur
3317 5195 3562 5268 aperti-

1976 5281 2153 5340 ciente
2169 5297 2406 5360 summo
2423 5283 2703 5356 sacerdote
2748 5283 3083 5365 signaculum
3096 5323 3114 5350 ,
3153 5291 3210 5340 et
3231 5298 3557 5355 parumne

262 5356 396 5397 cens
421 5345 1186 5424 purgatos,‘et‘imperl'ectos'
1209 5351 1536 5431 dijudicans,
1566 5372 1622 5418 et
1657 5363 1865 5422 inﬂam-
1965 5353 2286 5454 quemque?
2316 5347 2619 5431 recitatio”
2641 5375 2702 5431 ﬁt
2757 5345 2910 5432 sacra
2932 5415 2951 5442 ,
3012 5359 3074 5431 et
3125 5376 3555 5432 consummativa

265 5449 420 5508 mgns
467 5440 810 5519 mundativis
864 5445 1202 5517 eloquiorum
1272 5447 1754 5523 illuminationibus
1811 5467 1869 5516 et
1965 5440 2258 5534 salutatio,
2305 5465 2574 5544 salutante
2633 5467 2780 5540 omni
2823 5467 3005 5542 divino
3057 5476 3377 5539 praesente.
3410 5466 3552 5533 viro,

267 5521 572 5548 ,1--.”..ε-;οε-·”
629 5533 790 5548 ιιι-οι-
857 5537 898 5545 --ι
932 5536 1123 5548 -ν---σοο
1149 5537 1320 5548 ...ιιι-..ρ
1352 5537 1374 5547 ρ,
1408 5537 1470 5548 ,αφ
1544 5547 1551 5548 ,
1593 5539 1640 5548 ι..
1681 5543 1685 5546 .
2168 5541 2207 5547 ,ι
2261 5539 2314 5548 ...

261 5521 572 5596 doctrinis”,
615 5533 898 5595 e't‘a’dhuc“
932 5536 1640 5606 rm‘m'uhaaé’saéeﬁtoubu's
1680 5543 1864 5608 incon-

1967 5565 2024 5612 et
2089 5541 2501 5615 consummante
2569 5573 2781 5615 summo
2859 5553 3140 5617 sacerdote
3213 5559 3282 5615 ad
3327 5557 3567 5629 aliquid.

1571 5663 1844 5746 VARlAE‘
1867 5668 2284 5729 LECTIONES.

336 5754 481 5828 ‘__S_ic
503 5757 580 5826 B;
607 5759 754 5820 ΑΕΗ
793 5769 1080 5828 deisidum.

243 5870 264 5901 Δ.
339 5823 433 5881 ΒΗ
478 5823 1138 5901 οοήιθηαηὲοηὲηέέῌδῦη
1166 5823 1572 5907 εοῆιῖιιῦίὶἴῆέῖί

1179 5782 1200 5812 ²
1229 5775 1319 5833 ΒΗ
1361 5755 2157 5861 άὶρὶἓιῖὀνέηίξαενίκὶεαεὲοηειη.
2268 5791 2289 5824 ³
2319 5785 2408 5842 Blt
2461 5788 2935 5859 manifestatomut.
2970 5791 3092 5863 τ-ηδ,
3121 5789 3213 5847 ΕΗ
3239 5791 3543 5850 iuridici”.
