4168 6284
599 353 742 410 H03

2013 350 2102 408 ΟΔ
2109 347 2264 408 NNIS
2299 349 2494 410 SCOTI

3732 351 3894 411 1104

597 468 944 544 insingnlari
965 474 1020 524 et
1050 477 1208 523 saera
1237 465 1494 533 statione,
1543 464 1910 523 saeerdotales
1945 481 2181 538 sequen-
2205 468 2261 530 Α
2283 468 2578 524 minativus
2601 485 2617 522 :
2641 467 3110 525 consummativus
3133 463 3425 523 deiformes
3456 479 3660 524 summ.
3688 481 3890 526 sacer-

596 573 709 618 tem
751 561 992 624 ordines,
1019 565 1078 614 et
1103 571 1228 614 cum
1255 557 1389 628 ipsis
1413 564 1670 628 tanquam
1696 567 2120 627 consequentem
2155 557 2174 590 ⁸

596 654 652 708 in
685 652 922 708 divinam
948 665 1046 721 per
1069 663 1130 704 se
1157 663 1440 704 sacrorum
1473 646 1758 703 scientiam
1781 647 1920 702 bene
1947 647 2175 703 credens

595 741 999 798 ascendentem.
1038 739 1261 795 Partitis
1288 747 1470 793 autem
1508 752 1618 793 non
1655 737 1829 794 solum
1885 753 2176 795 conversa-

594 831 852 896 tionibus,
876 830 971 886 sed
997 830 1164 886 etiam
1189 837 1246 885 et
1266 828 1572 900 phantasiis
1598 829 2014 886 abrenunciatio
2044 846 2175 887 con-

593 922 1070 977 summatissimam
1142 920 1414 992 signiﬁcat
1482 922 1872 978 monachorum
1937 923 2176 995 philoso-

590 1013 792 1083 phiam,
817 1013 872 1068 in
910 1012 1139 1069 scientia
1177 1012 1550 1068 unificantium
1597 1012 1908 1068 mandatum
1946 1029 2176 1086 operan-

589 1111 720 1159 tem.
746 1103 842 1159 Est
869 1105 1036 1170 enim,
1065 1104 1408 1171 ut‘diximus,
1435 1120 1542 1160 non
1565 1104 1776 1160 mediae
1818 1104 2174 1174 perﬁciendo-

589 1209 712 1249 rum
753 1194 1026 1262 ordinum,
1076 1196 1172 1251 sed
1195 1195 1439 1252 omnium
1482 1195 1711 1252 altioris.
1757 1196 1986 1268 Propter
2028 1199 2173 1269 quod

587 1297 645 1344 et
663 1289 830 1344 multa
884 1291 939 1344 in
980 1290 1161 1346 media
1202 1290 1544 1347 ordinatione
1598 1291 1892 1347 indiscrete
1941 1306 2174 1366 energu-

589 1380 764 1435 menis
821 1381 1143 1451 ignorantur
1215 1381 1377 1436 modo
1442 1381 1722 1451 quodam'
1753 1382 2172 1453 asingularibus

589 1474 890 1537 monachis,
911 1482 1168 1544 tanquam
1188 1473 1256 1529 ad
1272 1489 1440 1530 unum
1462 1474 1541 1530 sic
1561 1475 1884 1532 debentibus
1899 1477 2168 1545 uniflcari,

587 1573 643 1619 et
670 1565 738 1620 ad
768 1565 1007 1620 divinam
1058 1566 1325 1622 unitatem
1380 1567 1725 1639 congregari,
1749 1577 1805 1624 et
1835 1571 1905 1624 ad
1927 1569 2172 1626 sanctifi-

589 1674 733 1725 cam,
771 1667 832 1714 ut
847 1660 1052 1730 justum
1084 1669 1190 1727 est,
1219 1659 1503 1716 reformari
1536 1662 1725 1729 vitam,
1775 1663 1940 1719 veluti
1970 1677 2168 1736 cogna-

588 1751 787 1805 tionem
811 1750 926 1819 ejus
966 1751 1253 1808 habentem
1288 1753 1344 1808 in
1374 1754 1578 1821 multis,
1627 1765 1682 1810 et
1734 1757 1907 1828 magis
1940 1758 1992 1814 ei
2023 1758 2167 1814 ultra

2283 559 2459 616 dotes.
2500 558 2822 631 Purgandus
2841 566 2864 599 ο
2887 572 3018 613 vero
3057 556 3192 613 ordo
3213 570 3402 612 sacrae
3426 555 3780 628 inspectionis
3815 570 3891 618 et

2275 649 2674 707 communionis
2693 648 2989 720 particeps,
3019 656 3286 719 quantum
3307 647 3486 703 adhuc
3500 650 3880 719 purgandus‘.

2274 740 2732 814 Contemplativus
2753 739 2892 794 ordo
2919 753 3077 795 sacer
3098 739 3348 810 populus.
3396 738 3885 798 Consummandus

2275 841 2456 889 autem
2504 831 2640 890 ordo
2684 831 3048 887 adunatorum
3102 830 3514 885 monachorum.
3574 828 3668 887 Sic
3719 832 3879 888 enim

2273 922 2572 980 secundum
2591 936 2691 978 nos
2707 920 3004 987 lerarchia,
3025 921 3136 976 Deo
3160 920 3375 976 traditis
3396 919 3679 978 ordinibus
3705 937 3874 980 sacre

2273 1011 2534 1084 disposita
2567 1011 2893 1069 caelestibus
2911 1011 3198 1068 lerarchiis
3217 1009 3510 1068 conformis
3523 1019 3628 1079 est,
3652 1013 3878 1072 divinae

2274 1088 2594 1160 imitationis
2647 1118 2800 1170 suae,
2833 1111 3096 1174 quantum
3143 1103 3201 1158 in
3227 1103 3381 1169 viris,
3411 1103 3635 1160 salvans
3662 1103 3877 1162 deifor-

2272 1209 2389 1250 mes
2409 1196 2772 1252 characteres.
2797 1194 2904 1250 Sed
2925 1194 3077 1256 dicis,
3095 1193 3222 1265 quia
3237 1194 3562 1251 caelestibus
3582 1195 3873 1252 lerarchiis

2272 1286 2468 1342 desunt
2498 1287 2720 1344 omnino
2748 1288 3012 1359 purgandi
3055 1286 3274 1343 ordines
3306 1303 3322 1341 :
3353 1301 3461 1342 non
3487 1287 3632 1343 enim
3653 1287 3867 1357 justum

2271 1391 2450 1447 neque
2503 1392 2693 1434 verum
2772 1378 2973 1440 dicere,
3045 1384 3302 1448 tanquam
3353 1376 3532 1432 adhuc
3592 1380 3865 1448 quaedam

2269 1467 2520 1526 caelestis
2553 1467 2834 1539 dispositio
2863 1468 2970 1524 sit'I
2989 1467 3210 1540 polluta.
3229 1467 3339 1539 Ego
3365 1468 3714 1539 autem,quia
3739 1469 3862 1539 qui-

2271 1559 2392 1617 dem
2415 1560 2746 1618 immaculati
2779 1559 3171 1632 perfectissime
3200 1566 3358 1625 sunt,
3389 1567 3446 1614 et
3493 1560 3862 1615 castissimum

2269 1652 2704 1724 supermundane
2719 1653 2938 1718 habent,
2947 1651 3194 1708 confiteri
3209 1666 3295 1706 me
3304 1651 3551 1716 omnino,
3566 1651 3609 1706 si
3625 1666 3728 1707 non
3741 1666 3864 1707 om-

2270 1743 2402 1799 nino
2414 1743 2597 1800 recide
2616 1742 2988 1800 sacratissimo
3009 1741 3307 1798 intellectu.
3331 1741 3390 1797 Si
3404 1742 3549 1797 enim
3565 1742 3758 1814 aliquis
3774 1759 3863 1798 eo-

583 1845 820 1915 reliquas
849 1847 1399 1902 eonsummandorum
1435 1849 1809 1922 ordinationes
1850 1852 2161 1922 proximan-

2277 1850 2469 1901 rum,a
2487 1835 2692 1892 malitia
2720 1845 2989 1908 receptus,
3015 1836 3234 1896 caelesti
3253 1836 3472 1908 quidem
3497 1845 3554 1894 et
3577 1827 3857 1893 incOni'usa

582 1947 713 1993 tem.
769 1938 1125 1995 Crucil‘ormis
1167 1949 1348 1996 autem
1391 1941 1762 1999 similitudinis
1804 1945 2170 2016 signaculum,

581 2029 720 2082 sicut
737 2025 850 2095 jam
875 2044 903 2082 a
928 2030 1084 2084 nobis
1109 2029 1310 2084 dictum
1337 2040 1442 2098 est,
1480 2032 1720 2087 declarat
1742 2035 1986 2096 omnium
2009 2035 2172 2092 simul

579 2116 884 2172 carnalium
951 2119 1343 2174 desideriorum
1401 2119 1866 2179 interdictionem.
1924 2123 2170 2180 Crinium

581 2224 714 2265 vero
738 2219 957 2264 tonsura
991 2209 1262 2282 significat
1291 2212 1544 2267 mundam
1579 2213 1791 2268 Domini
1819 2227 1927 2268 non
1965 2214 2167 2285 ﬁgura-

584 2308 696 2354 tam
735 2299 930 2365 vitam,
969 2314 1078 2354 non
1116 2299 1171 2353 in
1213 2298 1356 2355 ﬁctis
1403 2300 1589 2373 figuris
1645 2301 1813 2356 animi
1861 2301 2168 2359 libertatem

580 2391 924 2461 superposito
973 2389 1264 2457 f'ucantem,
1335 2392 1430 2447 sed
1491 2392 1665 2462 ipsam
1718 2392 1772 2447 in
1816 2393 1994 2464 seipsa
2059 2410 2169 2456 non

578 2482 835 2536 humanis
891 2481 1407 2552 pulchritudinibus,
1435 2483 1530 2538 sed
1582 2483 1905 2540 coadunatis
1949 2494 2006 2543 et
2052 2501 2167 2542 mo-

575 2572 769 2627 nachis
790 2573 844 2626 in
867 2570 1409 2628 deiformosissimum
1435 2573 1736 2630 reductam.
1758 2575 1964 2633 Prioris
1984 2587 2166 2634 autem

575 2662 891 2718 vestimenti
919 2661 1186 2734 expulsio,
1213 2672 1269 2718 et
1289 2663 1512 2720 alterius
1557 2668 1880 2737 assumptio,
1909 2683 1942 2722 a
1985 2669 2164 2724 media

574 2768 732 2809 sacra
810 2754 922 2811 vita
992 2755 1047 2809 in
1113 2755 1532 2825 perfectiorem,
1603 2759 2158 2818 transordinationem

573 2846 864 2918 significat,
936 2847 1077 2902 sicut
1126 2846 1182 2902 in
1239 2864 1392 2904 sacra
1442 2850 1792 2922 theogenesia
1846 2852 2162 2910 vestimenti

575 2936 806 2992 mutatio
837 2936 1147 2994 declarabat
1176 2949 1522 3012 repurgatam
1552 2942 1720 2997 vitam
1750 2943 1806 2998 in
1831 2946 2160 3017 contempla.

579 3027 751 3081 tivum
795 3035 852 3083 et
895 3027 1316 3084 illuminativum
1377 3031 1620 3087 habitum
1662 3035 2069 3094 ascendentem.
2100 3037 2160 3094 Si

2277 1927 2475 1984 cecidit
2491 1927 2800 1987 divinorum
2821 1929 3128 1984 animorum
3157 1929 3466 1997 harmonia,
3489 1929 3552 1986 in‘
3566 1932 3858 1988 obscurum

2271 2017 2694 2087 apostaticarum
2725 2018 3128 2074 multitudinum
3151 2030 3372 2076 evectus
3403 2029 3486 2076 est
3509 2037 3711 2077 casum.
3746 2022 3857 2077 Sed

2269 2114 2354 2162 est
2373 2111 2395 2142 °
2425 2108 2710 2165 dicendum
2737 2109 3058 2166 mirabiliter
3083 2110 3136 2165 in
3165 2111 3390 2167 caelesti
3408 2111 3691 2178 lerarchia,
3721 2114 3857 2182 quia

2268 2198 2520 2271 purgatio
2570 2199 2627 2255 in
2680 2201 2938 2272 subjectis
3005 2203 3260 2258 essentiis
3310 2218 3342 2258 a
3381 2204 3486 2259 Deo
3528 2213 3792 2276 quantum
3831 2206 3854 2236 ⁷

2268 2287 2575 2361 ignotorum
2598 2289 2938 2359 illuminatio,
2962 2293 3017 2349 in
3041 2294 3422 2363 perfectiorem
3443 2311 3532 2351 eas
3555 2297 3852 2351 scientiam

2267 2378 2472 2436 ducens
2503 2381 2934 2438 thearcbicarum
2975 2384 3367 2456 cognitionum,
3405 2393 3458 2440 et
3491 2385 3852 2458 ignorantiam

2269 2483 2478 2536 eorum,
2501 2485 2744 2546 quorum.
2757 2472 2994 2528 nondum
3023 2472 3306 2529 scientiam
3340 2474 3632 2540 habebant,
3664 2484 3854 2546 utpote

2267 2553 2504 2634 purgans
2532 2579 2629 2635 per
2654 2563 2858 2635 primas
2882 2573 2938 2620 et
2961 2565 3254 2622 diviniores
3281 2567 3563 2632 essentias,
3599 2569 3850 2622 reductas

2266 2651 2322 2708 in
2354 2655 2660 2726 superiores
2689 2655 2994 2711 divinarum
3025 2656 3543 2728 contemplationum
3575 2666 3631 2711 et
3670 2659 3846 2712 mani-

2264 2745 2517 2802 festiores
2544 2747 2845 2804 claritates.
2886 2748 2978 2805 Sic
3001 2758 3058 2804 et
3086 2748 3426 2806 illuminandi
3455 2749 3676 2806 ordines
3720 2760 3848 2806 sunt

2265 2845 2322 2894 et
2355 2839 2788 2906 consummandi,
2843 2849 2899 2895 et
2945 2841 3234 2913 purgativi,
3284 2849 3340 2897 et
3390 2841 3756 2907 illuminativi,
3791 2850 3850 2896 et

2264 2933 2683 2988 consummativi
2753 2936 3048 2989 secundum
3123 2934 3409 2990 caelestem
3495 2934 3847 3000 lerarchiam,

2264 3030 2521 3092 tanquam
2568 3021 3041 3080 excellentissimis
3081 3032 3137 3079 et
3184 3024 3540 3081 divinissimis
3593 3025 3850 3080 essentiis

573 3123 754 3170 autem
817 3124 872 3171 et
938 3133 1082 3173 nunc
1147 3123 1426 3188 sacerdos,
1477 3129 1532 3176 et
1569 3137 1782 3191 omnes,
1850 3127 2158 3198 quicunque
2194 3190 2229 3198 _
2261 3115 2547 3172 inferiores
2620 3132 2806 3174 sacras
2863 3127 2921 3173 et
2968 3117 3230 3173 caelestes
3284 3117 3665 3188 dispositiones
3719 3133 3845 3173 cum

572 3207 789 3271 adsunt,
861 3208 1036 3263 sancti
1085 3221 1522 3268 consummatum
1579 3214 1842 3284 salutant,
1912 3190 2155 3276 sanctam

2264 3207 2408 3262 omni
2457 3207 2711 3262 castitate
2761 3207 3116 3279 purgantibus
3141 3208 3197 3263 in
3225 3208 3507 3264 ordinibus
3539 3217 3592 3264 et
3618 3222 3847 3280 propor-

571 3299 917 3355 deil‘ormium
949 3302 1186 3375 intellige
1213 3305 1550 3368 societatem,
1593 3309 1822 3365 caritate
1847 3309 1902 3365 in
1943 3311 2152 3368 laetitia

569 3390 752 3446 divina
807 3392 1238 3450 condelectatam
1286 3397 1390 3452 sibi
1449 3397 1706 3454 invicem.
1762 3401 1822 3454 ln
1869 3402 1978 3456 fine
2027 3418 2158 3460 vero

569 3482 814 3536 omnium
853 3482 1113 3538 sacerdos
1177 3485 1233 3540 in
1286 3485 1660 3542 thearchicam
1719 3493 2155 3551 communionem

567 3578 731 3627 vocat
777 3581 1236 3640 consummatum,
1298 3575 1614 3646 significans
1647 3593 1847 3646 sacre,‘
1879 3587 2156 3653 quomodo

569 3661 861 3732 perfectus,
893 3662 939 3718 si
966 3677 1093 3720 vere
1122 3665 1177 3720 in
1208 3667 1584 3724 monachicam
1607 3671 1757 3727 venit
1780 3680 1836 3728 et
1865 3673 1920 3730 in
1953 3678 2157 3732 coadu-

568 3762 756 3809 natam
785 3769 1090 3828 anagogen,
1127 3772 1235 3814 non
1264 3761 1658 3832 contemplator
1686 3764 2032 3823 solummodo
2053 3771 2158 3826 erit

569 3843 864 3900 secundum
897 3859 956 3901 se
990 3860 1293 3914 sacrorum,
1334 3865 1510 3922 neque
1540 3851 1698 3923 juxta
1734 3857 1976 3913 medium
2010 3860 2157 3916 ordi-

565 3953 692 3994 nem
720 3938 777 3994 in
808 3941 1243 3998 communionem
1271 3943 1454 4000 veniet
1480 3947 1978 4006 sacratissimorum
2011 3967 2158 4022 sym-

567 4031 836 4101 bolorum,
904 4034 1000 4090 sed
1069 4049 1194 4092 cum
1223 4036 1406 4092 divina
1475 4053 1506 4092 a
1573 4054 1633 4095 se
1697 4042 2152 4114 participatorum

570 4141 851 4184 sacrorum
869 4126 1099 4183 scientia
1126 4127 1298 4184 altero
1321 4131 1482 4186 modo
1503 4145 1667 4202 supra
1699 4147 1913 4190 sacram
1938 4135 2152 4204 plebem

566 4219 623 4274 in
653 4219 1078 4291 assumptionem
1100 4220 1282 4276 veniet
1309 4222 1524 4278 divinae
1555 4224 1974 4282 communionis.
2020 4226 2154 4282 Pro-

566 4317 691 4380 pter
719 4308 864 4382 quod
898 4317 955 4366 et
985 4310 1416 4368 sacerdotalibus
1434 4312 1716 4368 ordinibus
1755 4312 1807 4368 in
1832 4329 1986 4370 sacre
2025 4332 2156 4374 con-

567 4401 907 4460 summativis
955 4402 1071 4458 suis
1116 4401 1658 4470 sanctificationibus,
1698 4403 1753 4458 in
1782 4404 1889 4463 line
1916 4409 2150 4464 sanctis-

565 4494 830 4550 simarum
870 4506 1093 4549 suarum
1140 4495 1498 4563 oblationum,
1524 4495 1901 4553 sanctissimae
1942 4497 2152 4555 Eucha-

2260 3298 2497 3357 tionibus
2549 3298 2860 3355 caelestium
2912 3299 3343 3367 lerarchiarum,
3397 3299 3846 3372 implentibusque

2257 3405 2355 3447 eas
2381 3390 2841 3448 divinissimarum
2869 3390 3284 3460 illuminatione,
3331 3400 3389 3448 et
3417 3393 3844 3449 consummanti-

2259 3484 2360 3540 bus
2390 3486 2444 3538 in
2485 3485 2828 3540 sanctissima
2884 3485 3321 3541 thearcliicarum
3362 3484 3840 3556 intelligentiarum

2258 3574 2505 3630 scientia.
2538 3574 2752 3630 Etenim
2775 3574 2910 3646 rjam
2938 3593 2970 3631 a
2991 3577 3370 3633 nobis‘dictum
3405 3585 3511 3643 est,
3533 3586 3586 3632 et
3612 3577 3843 3646 eloquiis

2261 3665 2520 3720 divinitus
2549 3675 2916 3738 comparatur,
2948 3683 3056 3724 non
3091 3682 3186 3724 eas
3205 3682 3329 3724 esse
3354 3683 3542 3724 omnes
3569 3667 3832 3724 caelestes

2260 3757 2640 3828 dispositiones
2676 3757 2731 3814 in
2760 3759 3010 3815 omnibus
3034 3761 3207 3816 sacris
3255 3759 3526 3816 deividum
3563 3758 3838 3814 illumina-

2259 3849 2465 3904 tionum
2525 3849 2788 3915 scientiis,
2827 3851 2922 3905 sed
2976 3864 3044 3905 ex
3097 3849 3210 3906 Deo
3260 3849 3477 3921 quidem
3533 3850 3843 3907 immediate

2256 3940 2479 4011 primas,
2510 3955 2609 4012 per
2638 3941 2758 3996 illas
2785 3941 3035 3997 similiter
3082 3942 3275 3998 iterum
3297 3959 3365 3998 ex
3393 3943 3505 4000 Deo
3543 3944 3838 4016 subjectas,

2257 4031 2733 4102 proportionaliter
2760 4031 2840 4088 eis
2872 4031 3165 4090 illuminari
3188 4033 3661 4093 manifestissimos
3685 4035 3834 4092 Divi-

2259 4123 2448 4180 nitatis
2476 4124 2658 4181 radios
2687 4123 2885 4181 claros.

2776 4256 3174 4322 CAPITULUM
3203 4257 3314 4315 νη.

2572 4369 2652 4426 De
2675 4371 3004 4442 perﬁciendis
3034 4373 3094 4427 in
3127 4374 3519 4432 dormientibus.

2326 4483 2424 4540 His
2450 4491 2632 4540 autem
2673 4484 2933 4551 definitis,
2975 4485 3338 4541 necessarium
3372 4487 3553 4546 dicere
3587 4489 3834 4556 aestimo,

565 4547 1127 4640 ’ίῶωωυηίο
2058 4605 2153 4648 eos
2177 4547 2232 4611 Ῑ)
2253 4589 2309 4634 et
2333 4593 2475 4650 quae
2509 4592 2540 4633 a
2589 4577 2746 4635 nobis
2794 4593 2948 4636 sacre
2987 4580 3044 4634 in
3076 4579 3467 4638 dormientibus
3508 4583 3835 4654 perficienda

567 4685 785 4728 summo
857 4671 1161 4728 sacerdote.
1243 4672 1361 4729 Non
1437 4675 1611 4732 solum
1639 4716 1656 4743 ,
1723 4678 1852 4748 quia
1899 4667 2149 4738 divino-

566 4775 690 4816 rum
748 4760 1129 4833 mysteriorum
1175 4765 1476 4836 assumptio
1521 4766 1943 4842 uniuscujusque
1983 4772 2152 4831 ierar-

565 4849 756 4906 chicae
797 4847 1230 4922 participationis
1279 4861 1365 4909 est
1403 4857 1819 4926 consummatio,
1878 4863 1972 4918 sed
2020 4865 2150 4934 quia

570 4953 627 5002 et
695 4945 811 5015 ipsa
876 4945 1261 5002 communione
1323 4956 1380 5003 et
1443 4948 1780 5006 divinissima
1858 4953 2150 5011 donatione

564 5033 1048 5108 proportionaliter
1068 5037 1148 5093 eis
1172 5040 1469 5096 secundum
1491 5057 1899 5116 unamquamqu
1925 5060 2149 5102 esacrae

565 5144 754 5187 omnes
774 5130 1146 5187 ordinationes
1171 5133 1523 5207 participant.
1549 5133 1617 5189 ad
1648 5138 1925 5209 propriam
1953 5153 2144 5198 earum

565 5221 855 5291 positionis
902 5237 1183 5295 anagogen
1217 5233 1274 5280 et
1302 5229 1848 5286 consummationem.
1891 5230 2150 5306 Compre-

567 5315 798 5372 hensum
818 5324 899 5372 est
929 5316 1094 5388 igitur
1119 5333 1148 5372 a
1177 5319 1354 5384 nobis,
1383 5322 1657 5390 quomodo
1683 5331 1907 5380 sanctae
1928 5325 2147 5394 quidem

563 5407 764 5466 teletae
790 5410 1038 5484 purgatio
1059 5419 1185 5467 sunt
1205 5419 1262 5467 et
1288 5411 1612 5470 illuminatio
1637 5423 1695 5470 et
1719 5419 2148 5474 consummatio:

566 5498 808 5557 ministri
852 5507 1035 5557 autem
1065 5502 1381 5574 purgativus
1400 5533 1408 5540 -
1428 5504 1568 5561 ordo
1604 5519 1622 5560 :
1659 5507 1979 5565 sacerdotes
2029 5509 2178 5564 illu-.

2253 4677 2397 4726 sunt.
2449 4669 2664 4726 Etenim
2727 4683 2904 4740 neque
2949 4671 3050 4725 hoc
3099 4685 3385 4728 commune
3415 4681 3497 4730 cst
3533 4675 3734 4729 sanctis
3779 4684 3836 4729 et

2253 4760 2588 4818 immundis:
2617 4761 2712 4818 sed
2740 4762 2879 4818 sicut
2905 4763 3118 4819 diversa
3160 4763 3332 4819 forma
3376 4774 3456 4821 est
3481 4775 3833 4837 utrorumque

2250 4855 2413 4922 vitae,
2447 4855 2527 4910 sic
2552 4863 2606 4911 et
2647 4857 2715 4912 ad
2745 4864 2974 4912 mortem
2998 4857 3302 4925 venientes,
3342 4858 3429 4927 qui
3476 4856 3690 4929 quidem
3743 4874 3833 4914 sa-

2252 4962 2401 5004 cram
2431 4947 2631 5004 habent
2653 4949 2842 5016 vitam,
2875 4949 2927 5005 in
2948 4964 3108 5006 veras
3127 4950 3512 5020 promissiones
3532 4949 3836 5008 divinitatis

2257 5042 2628 5113 respicientes,
2671 5051 2930 5113 tanquam
2957 5045 3242 5100 veritatem
3289 5059 3445 5100 suam
3488 5044 3542 5100 in
3566 5059 3649 5110 ea,
3696 5061 3838 5115 quae

2255 5135 2546 5191 secundum
2576 5135 2747 5204 ipsam
2777 5142 2882 5202 est,
2935 5136 3333 5191 resurrectione
3389 5135 3828 5206 contemplaturi,

2254 5243 2378 5284 cum
2427 5227 2580 5283 firma
2632 5235 2686 5283 et
2737 5242 2862 5283 vera
2894 5241 2991 5298 spe
3011 5227 3065 5281 in
3096 5227 3524 5283 laetitia-divina
3549 5227 3839 5284 ari-mortis

2254 5333 2521 5375 summum
2565 5317 2809 5383 veniunt,
2841 5317 2990 5374 velut
3016 5317 3084 5373 ad
3114 5317 3277 5375 finem
3308 5319 3841 5374 divinorum-certa-

2254 5413 2481 5479 minum,
2511 5411 2580 5467 in
2617 5409 3012 5482 perfectissima
3059 5421 3116 5466 et
3155 5426 3263 5468 non
3315 5411 3600 5468 deficiente
3625 5413 3737 5467 vita
3782 5423 3841 5469 et

2246 5503 2447 5575 salute,
2465 5517 2608 5573 quae
2621 5502 2919 5568 secundum
2943 5517 3038 5573 eos
3062 5511 3224 5561 erunt
3239 5503 3466 5560 omnino
3483 5505 3724 5579 scientes
3739 5518 3842 5575 per

1873 5615 2125 5680 VARIAE
2159 5614 2618 5681 LECTlONES‘.“'
2765 5615 2767 5617 ’

686 5729 995 5812 οξςζίηεξη-
1022 5737 1562 5812 ςορξςᾳᾳθηιςοῃῄοῃι.
1591 5730 1634 5785 Β
1661 5730 1730 5788 Η.
1837 5737 1859 5770 ³
1884 5735 2161 5812 E'ignoran

2269 5703 2706 5804 quodammodo.
2745 5704 2802 5767 d'
2829 5733 2876 5792 Α
2901 5733 2945 5793 Ε
2972 5731 3262 5806 Purgatus.

567 5792 594 5826 ³
613 5795 681 5850 sit
703 5809 814 5852 om.
843 5795 956 5852 BH.
1027 5797 1051 5830 ⁶
1077 5797 1167 5853 ΒΗ
1188 5792 1258 5855 et.
1333 5801 1355 5832 τ
1375 5798 1469 5856 AE
1492 5809 1763 5872 tanquam.

3360 5737 3385 5768 δ
3411 5733 3503 5792 ΑΕ
3552 5693 3837 5804 purgatus.
