4168 6284
425 317 568 378 “05

980 312 1234 373 VERSIO
1268 310 1557 372 OPERUM
1595 311 1656 372 S.
1698 307 2042 370 DIONYSII..
2067 335 2142 354 -ι
2173 303 2712 367 ECCLESIAS’I‘ICA
2746 299 3142 383 IERARCHIA.

3569 297 3710 356 “06

425 437 666 495 futuram
693 447 846 492 suam
874 430 1235 489 universatem
1259 431 1732 487 resurrectionem.
1779 428 2012 487 Sanctae
2039 429 2091 492 Α
2116 432 2297 480 autem
2325 420 2608 478 domestici
2635 420 2934 477 secundum
2956 419 3204 476 divinam
3242 415 3631 475 habitationem
3656 427 3730 504 et.

424 529 570 586 enim
596 527 828 592 animae,
858 524 924 580 ad
954 539 1074 580 eam
1110 524 1166 580 in
1196 523 1339 578 mala
1360 523 1656 580 secundum
1683 524 1827 580 hanc
1845 523 2016 577 vitam

423 625 698 691 potentem
729 615 971 671 cadendo
1017 613 1429 670 conversionem
1473 627 1578 669 non
1615 614 1915 678 venientes,
1959 611 2016 667 in

423 724 488 766 ea
545 709 742 764 iterum
781 705 1131 778 generatione
1173 705 1228 760 in
1277 705 1690 761 conversihilem
1741 705 2017 760 habebunt

423 797 958 856 deiformosissimam
990 797 1560 854 transordinationem.
1599 797 1796 853 Munda
1831 808 2014 852 autem

422 900 727 948 sanctarum
749 890 1053 946 animarum
1065 889 1293 962 conjuga
1307 897 1364 946 et
1374 890 1624 946 coeuntia
1641 904 1868 961 corpora
1885 904 2015 945 con-

420 985 621 1056 scripta
679 985 699 1017 ¹
745 993 799 1042 et
833 983 1248 1040 commilitantia
1290 983 1584 1039 secundum
1631 983 1842 1038 divinas
1887 996 2015 1039 suas

421 1076 823 1140 collocationes,
852 1076 908 1131 in
933 1075 1238 1131 animarum
1267 1073 1693 1132 incommutabili
1715 1073 2013 1130 secundum

421 1167 658 1224 divinam
705 1167 870 1223 vitam
925 1166 1278 1224 fundamento
1320 1167 1684 1238 conrecipient
1739 1167 2014 1238 propriam

420 1259 991 1317 resurrectionem.Eo
1010 1260 1154 1332 quod
1183 1261 1326 1316 enim
1351 1261 1502 1317 unita
1531 1269 1690 1317 erant
1715 1261 2013 1316 secundum

419 1353 566 1410 hanc
596 1355 763 1410 vitam
795 1353 966 1410 sacris
996 1353 1299 1420 animabus,
1343 1354 1490 1409 velut
1524 1354 1768 1410 membra
1808 1351 2012 1408 Christi

421 1445 588 1513 facta,
605 1446 921 1502 deiformem
945 1455 1000 1502 et
1026 1446 1513 1517 incorruptibilem,
1541 1443 2012 1514 immortalemque

419 1549 473 1595 et
495 1541 712 1596 beatam
747 1539 1008 1611 recipient
1041 1541 1301 1612 quietem.
1344 1539 1403 1595 in
1433 1541 1518 1596 his
1545 1555 1674 1612 ergo
1699 1549 2011 1596 sanetorum

419 1643 504 1690 est
532 1635 686 1704 quies
717 1635 770 1690 in
792 1634 998 1690 laetitia
1033 1643 1090 1690 et
1116 1634 1439 1690 immutabili
1471 1651 1590 1707 spe,
1618 1634 1674 1689 in
1705 1633 2008 1689 divinorum

418 1726 778 1781 certaminum
842 1734 1166 1798 perventura
1249 1741 1539 1782 summum.
1603 1724 2008 1782 lmmundornm

415 1830 546 1870 vero
571 1815 661 1871 alii
690 1815 910 1886 quidem
940 1817 995 1872 in
1028 1823 1140 1872 non”
1163 1817 1568 1873 subsistentiam
1615 1815 2003 1871 irrationabili-

417 1917 502 1962 ter
527 1909 818 1964 aestimant
856 1907 1035 1966 redire
1062 1925 1076 1963 :
1110 1907 1200 1964 alii
1225 1923 1355 1965 vero
1388 1908 1728 1980 corporalem
1755 1908 1811 1963 in
1834 1907 2004 1963 semel

418 1999 693 2070 corrumpi
720 2000 1059 2070 propriarum
1082 1999 1386 2055 animarum
1412 2000 1867 2072 coniugationem,
1893 1997 2008 2053 vel-

392 2099 478 2146 .ut
527 2091 922 2166 incompactam
969 2091 1049 2148 eis
1097 2092 1417 2147 existentem
1467 2091 1788 2148 deiformem
1838 2090 2008 2147 vitam

415 2189 468 2234 et
491 2181 700 2237 beatam
728 2183 992 2254 quietem,
1026 2197 1136 2238 non
1165 2182 1553 2254 intelligentes,
1593 2197 1769 2254 neque
1793 2183 1925 2238 satis
1951 2182 2007 2238 in

417 2273 598 2329 divina
627 2273 852 2330 scientia
885 2273 1109 2339 eruditi,
1141 2273 1534 2330 inchoaverunt
1560 2274 1672 2345 jam
1709 2273 2008 2330 secundum

416 2379 516 2419 nos
541 2363 598 2418 in
629 2361 847 2419 Christo
875 2362 1414 2420 deiformosissimam
1438 2366 1631 2419 vitam.
1681 2364 1788 2420 Alii
1829 2373 2011 2420 autem

421 2468 710 2525 corporum
739 2453 970 2508 aliorum
1003 2454 1337 2510 distribuunt
1362 2453 1650 2510 animabus
1680 2453 2014 2525 coniugatio-

417 2560 534 2612 nes,
575 2543 774 2614 injuste
806 2554 1047 2618 agentes,
1075 2546 1181 2600 hoc
1207 2546 1263 2600 in
1297 2545 1450 2615 ipsis,
1480 2554 1542 2600 ut
1561 2546 1811 2612 aestimo,
1838 2546 2016 2616 suspi-

418 2645 607 2694 cantes
661 2631 859 2693 divinis
903 2637 1208 2703 animabus,
1252 2645 1308 2692 et
1356 2638 1526 2694 sacris
1566 2638 2015 2694 retributionihus

413 2745 524 2785 non
550 2735 698 2784 recte
729 2729 1009 2800 privantes
1053 2728 1120 2784 ad
1161 2727 1323 2784 ﬁnem
1360 2729 1629 2784 venientia
1657 2729 2017 2786 divinissimo—

415 2840 537 2879 rum
565 2839 842 2880 cursuum.
871 2822 976 2877 Alii
1002 2831 1184 2877 autem
1220 2822 1408 2878 nescio
1441 2823 1714 2893 quomodo
1747 2823 1817 2878 ad
1843 2831 2016 2878 mate—

417 2917 580 2972 rialcs
619 2916 866 2972 notiones
900 2916 1139 2971 revocati
1181 2915 1453 2982 dixerunt,
1486 2915 1826 2971 conformem
1856 2913 2017 2984 hujus

417 3012 563 3067 vitae
589 3010 795 3067 sanctis
822 3005 1238 3081 promissionem
1262 3009 1659 3065 sanctissimam
1684 3017 1742 3064 et
1766 3007 2017 3064 beatissi-

420 3118 566 3159 mam
596 3103 854 3175 quietem,
882 3111 938 3159 et
962 3115 1115 3159 escas
1140 3103 1391 3174 proprias
1420 3111 1626 3158 mutata
1648 3103 1758 3158 vita
1785 3100 1892 3167 his,
1921 3100 2015 3172 qui

426 3194 484 3249 in
505 3193 714 3266 angelis
733 3194 1121 3264 injustissunt,
1147 3194 1513 3265 proiecerunt.
1539 3193 1648 3250 Sed
1673 3209 1783 3250 non
1813 3191 2020 3249 recidet
2044 3191 2091 3256 C

417 3283 542 3354 quis
572 3298 605 3338 a
636 3284 1026 3340 sacratissimis
1049 3285 1183 3339 viris
1207 3284 1262 3339 in
1295 3283 1430 3340 tales
1460 3300 1696 3352 errores,
1718 3285 1814 3342 sed
1835 3283 2019 3342 confe-

415 3374 543 3430 stim
617 3387 679 3430 se
727 3383 1075 3446 suscepturos
1127 3389 1249 3432 esse
1298 3375 1728 3434 Christiformem
1753 3379 2017 3449 quietem,

415 3465 669 3534 scientes,
697 3481 821 3523 cum
845 3467 899 3521 in
924 3467 1086 3523 ﬁnem
1108 3468 1498 3540 venienthujus
1511 3469 1676 3536 vitae,
1703 3471 1760 3526 in
1783 3472 1804 3502 ¹
1830 3472 2014 3528 incor-

419 3559 728 3629 ruptionem
782 3574 935 3614 suam
964 3559 1110 3615 viam
1134 3559 1300 3616 veluti
1327 3560 1767 3632 propinquiorem
1789 3562 1903 3633 jam
1939 3561 1991 3615 fa

420 3660 564 3707 ctam
619 3651 958 3708 manifestius
998 3651 1207 3718 vident,
1249 3661 1304 3706 et
1353 3650 1672 3709 donationes
1714 3651 2016 3710 divinitatis

420 3743 662 3809 laudant,
710 3753 765 3801 et
801 3743 1020 3801 divinae
1068 3744 1442 3802 delectationis
1486 3746 1798 3818 implentur,
1829 3748 1895 3802 ad
1924 3762 2012 3815 ea,

422 3851 562 3907 quae
589 3847 734 3891 retro
761 3843 908 3903 sunt,
941 3837 1352 3892 conversionem
1384 3852 1490 3892 non
1519 3837 1573 3892 in
1604 3837 1785 3906 aliquo
1815 3838 2014 3891 timen-

423 3936 526 3992 tes,
569 3927 662 3982 sed
709 3928 848 3982 bene
881 3927 1134 3993 scientes,
1172 3929 1298 4000 quia
1334 3943 1583 4000 possessa
1613 3929 1754 3983 bona
1787 3929 2016 3982 firmiter

423 4027 479 4075 et
507 4017 858 4075 aeternaliter
885 4019 1163 4075 habebunt
1193 4033 1241 4074 α.
1267 4018 1809 4090 Coinquinationibus
1835 4027 2013 4074 autem

420 4111 568 4186 pleni
594 4122 650 4168 et
670 4113 957 4169 immundis
979 4113 1223 4177 maculis,
1249 4113 1340 4183 qui
1365 4112 1580 4181 quidem
1611 4125 1822 4166 sacram
1845 4125 2017 4182 quan-

423 4203 548 4260 dam
589 4204 868 4260 consecuti
895 4211 1022 4259 sunt
1075 4203 1402 4267 doctrinam,
1456 4201 1561 4272 ipsi
1610 4214 1741 4256 vero
1777 4215 1900 4257 eam
1947 4215 2016 4257 ex

420 4295 643 4368 proprio
667 4295 848 4351 animo
875 4295 1088 4367 perdite
1129 4291 1497 4365 projicieutes,
1525 4291 1580 4348 in
1607 4299 2019 4364 corrumpeutes

425 4398 619 4460 sponte
644 4403 705 4446 se
731 4389 994 4446 dederunt
1033 4388 1522 4460 concupiscentias,
1570 4401 1696 4444 cum
1736 4387 1806 4442 ad
1852 4386 2015 4460 ﬁnem

425 4481 654 4536 veniunt
692 4479 850 4551 hujus
887 4481 1034 4537 vitae
1063 4479 1343 4551 imparati,
1374 4487 1433 4534 ut
1461 4480 1541 4535 eis
1585 4481 1722 4535 bene
1754 4493 2016 4549 spernens

2122 516 2353 572 similem
2379 513 2875 579 conversationem,
2909 512 3110 584 ipsum,
3136 511 3230 583 qui
3255 518 3364 578 est,
3393 509 3712 567 beatiﬁcant

2123 591 2189 661 ad
2214 604 2554 677 palmiferum
2591 612 2776 675 optate
2801 602 3109 658 venientem
3135 601 3319 666 ﬁnem,
3351 607 3407 657 et
3448 600 3712 658 victoriae

2121 699 2326 755 causali
2355 698 2739 768 gratulatorios
2785 705 2978 752 cantus
3030 694 3296 763 referunt,
3347 695 3524 750 adhuc
3550 702 3606 750 et
3649 707 3712 752 se

2121 799 2378 846 venturos
2419 789 2535 846 fore
2580 791 2648 844 ad
2696 789 2930 845 similem
2958 796 3212 860 optantes
3241 789 3525 857 quietem:
3567 786 3712 843 acci-

2119 885 2332 957 pientes
2361 899 2494 940 vero
2519 898 2664 950 eum,
2691 884 2757 938 ad
2797 897 3070 939 summum
3115 880 3453 937 sacerdotem
3485 879 3709 947 ducunt,

2121 984 2381 1047 tanquam
2409 977 2478 1032 ad
2497 989 2821 1032 coronarum
2847 973 3154 1030 divinarum
3179 973 3545 1030 donationem.
3591 972 3714 1044 lpse

2121 1079 2304 1125 autem
2333 1076 2560 1125 cantans
2602 1069 2826 1139 suscipit
2849 1075 2906 1122 et
2948 1066 3164 1138 perﬁcit
3211 1065 3506 1123 secundum
3535 1063 3710 1140 legem

2123 1173 2334 1217 sacram
2361 1160 2417 1214 in
2447 1158 2650 1215 sanctis
2675 1156 3066 1214 dormientibus
3093 1156 3446 1226 perﬁcienda.

2404 1270 2715 1343 Mysterium
2739 1271 2794 1324 in
2818 1278 2998 1325 sancte
3022 1268 3422 1324 dormientibus.

2191 1389 2542 1462 Congregans
2565 1386 2780 1442 divinus
2805 1384 3061 1441 sacerdos
3100 1398 3321 1440 sacrum
3349 1384 3601 1451 chorum,
3643 1385 3713 1441 sl-

2120 1483 2338 1556 quidem
2363 1479 2643 1538 sanctifico
2674 1479 2836 1535 fuerit
2859 1479 3050 1534 ordine
3077 1477 3374 1545 dormiens,
3397 1478 3451 1534 in
3483 1493 3714 1550 conspeo

2121 1582 2212 1631 ctu
2246 1573 2412 1628 divini
2442 1572 2629 1627 altaris
2658 1570 2922 1626 inclinans
2966 1584 3113 1636 eum,
3152 1568 3400 1624 initiatur
3435 1568 3503 1624 ad
3541 1569 3713 1624 Deum

2119 1667 2365 1724 oratione
2385 1673 2441 1721 et
2466 1663 2830 1720 Eucharistia.
2875 1661 2934 1716 Si
2965 1670 3147 1718 autem
3200 1661 3406 1718 sanctis
3431 1661 3713 1717 monachis

2121 1765 2216 1811 aut
2239 1771 2394 1812 sacro
2422 1753 2618 1827 populo
2645 1753 2926 1809 ordinatus
2946 1761 3049 1820 est,
3077 1752 3146 1807 ad
3177 1751 3495 1808 houorabile
3523 1767 3708 1808 sacer-

2007 1821 2081 1908 .B
2109 1850 2314 1906 dotium
2339 1821 2515 1921 ipsum
2545 1847 2766 1903 inclinat
2807 1856 2931 1904 ante
2968 1846 3359 1903 sacerdotalem
3402 1846 3704 1901 introitum.

2109 1944 2314 2000 Deinde
2354 1942 2568 2013 perﬁcit
2607 1943 2674 1997 ad
2719 1941 2888 1997 Deum
2934 1940 3374 1996 eucharistialem
3405 1940 3709 1994 orationem

2109 2053 2354 2095 summus
2382 2036 2656 2093 sacerdos.
2687 2033 3094 2104 Consequenter
3129 2031 3366 2088 ministri
3411 2031 3467 2086 in
3509 2030 3709 2086 divinis

2107 2130 2337 2201 eloquiis
2362 2127 2600 2200 prolatas
2646 2141 2754 2181 non
2799 2125 3087 2180 mendaces
3109 2122 3501 2194 promissiones
3521 2121 3588 2178 de
3619 2136 3710 2176 sa-

2111 2238 2205 2282 cra
2255 2230 2446 2278 nostra
2509 2217 2910 2274 resurrectione
2977 2216 3238 2288 legentes,
3287 2228 3444 2270 sacre
3481 2219 3712 2270 cantant

2111 2313 2433 2374 conﬁtentes
2455 2312 2560 2368 hoc
2578 2318 2635 2367 et
2673 2318 2921 2382 potentes
2955 2309 3338 2380 psalmieorum
3367 2306 3708 2378 eloquiorum

2113 2417 2326 2468 cantus.
2358 2405 2564 2462 Deinde
2594 2403 3018 2459 ministrantium
3047 2402 3258 2474 primus
3295 2399 3522 2457 resolvit
3557 2409 3712 2457 cate-

2115 2500 2435 2565 chumenos,
2459 2502 2514 2552 et
2535 2495 2816 2566 praedicat
2830 2493 2944 2562 jam
2963 2493 3291 2549 dormientes
3317 2501 3562 2559 sanctos,
3585 2506 3711 2549 cum

2114 2592 2312 2664 quibus
2339 2591 2590 2663 dignatur
2622 2587 2782 2644 modo
2819 2585 3132 2642 defunctum
3169 2586 3484 2642 coordinata
3515 2585 3715 2642 recita-

2119 2685 2286 2750 tione,
2337 2690 2393 2737 et
2436 2681 2686 2736 hortatur
2707 2691 2896 2734 omnes
2921 2687 3104 2747 petere
3133 2676 3190 2732 in
3234 2675 3451 2732 Christo
3496 2676 3710 2731 beatam

2118 2773 2661 2835 consummationem.
2694 2769 2900 2827 Deinde
2929 2768 3191 2826 accedens
3219 2767 3435 2825 divinus
3460 2783 3708 2824 summus

2119 2869 2395 2934 sacerdos,
2426 2865 2732 2924 orationem
2759 2861 3188 2920 sacratissimam
3227 2875 3394 2930 super
3440 2875 3506 2916 eo
3553 2860 3707 2916 facit.

2120 2962 2188 3018 Et
2236 2969 2362 3032 post
2404 2958 2708 3014 orationem
2781 2957 2896 3028 ipse
2945 2969 3189 3012 summus
3241 2953 3496 3011 sacerdos
3537 2955 3713 3011 saluta

2121 3052 2498 3113 dormientem,
2531 3057 2585 3104 et
2618 3057 2741 3120 post
2777 3062 2900 3103 eum
2945 3053 3260 3118 praesentes
3297 3060 3507 3102 omnes.
3549 3045 3708 3101 Salu-

2127 3141 2366 3200 tantibus
2411 3147 2591 3196 autem
2623 3137 2873 3194 omnibus
2915 3135 3148 3193 infundit
3190 3135 3477 3192 dormienti
3531 3135 3709 3192 oleum

2121 3247 2366 3292 summus
2393 3231 2666 3298 sacerdos,
2689 3237 2746 3286 et
2767 3245 2867 3301 pro
2893 3231 3146 3288 omnibus
3167 3230 3471 3286 orationem
3498 3245 3710 3286 sacram

2117 3332 2348 3402 faciens,
2378 3341 2645 3404 reponunt
2673 3332 2728 3388 in
2772 3331 2936 3388 domo
2978 3328 3283 3386 honorabili
3335 3343 3534 3400 corpus
3581 3343 3709 3386 cum

2119 3423 2352 3482 aliorum
2377 3423 2820 3481 coordinatorum
2845 3429 3160 3479 sanctorum
3180 3419 3521 3492 corporibus.

2789 3537 3042 3592 Theoria.

2191 3655 2297 3714 Sed
2319 3656 2454 3713 haec
2484 3657 2701 3728 quidem
2727 3655 2772 3712 si
2794 3655 3030 3712 viderint
3045 3661 3138 3709 aut
3160 3651 3430 3710 audierint
3453 3653 3694 3711 immund

2119 3749 2262 3819 apud
2295 3765 2395 3806 nos
2428 3749 2778 3821 perﬁcienda,
2819 3747 2926 3804 late
2957 3748 3230 3814 ridebunt,
3256 3756 3318 3804 ut
3346 3747 3602 3816 arbitror,
3655 3755 3714 3805 et

2119 3841 2323 3896 erroris
2352 3841 2524 3895 nostri
2561 3841 2984 3896 miserehuntur.
3036 3838 3155 3894 Non
3193 3849 3408 3910 oportet
3432 3850 3612 3896 autem
3643 3840 3710 3895 ad

2120 3931 2225 3986 hoc
2256 3931 2466 3986 mirari.
2521 3929 2580 3986 Si
2627 3932 2771 3985 enim
2832 3944 2939 3984 nou
2985 3929 3338 3994 crediderint,
3393 3939 3452 3984 ut
3497 3931 3712 4001 eloquia

2121 4020 2280 4074 aiunt
2301 4029 2355 4085 ο,
2385 4033 2561 4088 neque
2593 4018 2912 4088 intelligent.
2935 4017 3045 4073 Nos
3072 4028 3250 4073 autem
3276 4019 3564 4076 invisibilia
3588 4036 3714 4090 per-

2123 4109 2480 4168 ﬁciendorum
2546 4109 2922 4180 inSpicientes,
2974 4108 3104 4164 Jesu
3151 4109 3400 4166 luciduco
3443 4112 3711 4181 dicamus,

2121 4207 2388 4278 quomodo
2423 4221 2529 4261 nou
2568 4205 3011 4262 irrationabiliter
3054 4219 3299 4261 summus
3347 4208 3601 4265 sacerdos
3656 4211 3714 4267 in

2124 4313 2297 4370 aeque
2325 4299 2650 4355 militantem
2678 4297 2904 4355 chorum
2934 4297 3229 4354 introducit
3252 4308 3308 4353 et
3329 4299 3558 4370 imponit
3585 4303 3711 4357 dor-

2124 4391 2403 4447 mientcm.
2481 4388 2764 4461 Signiﬁcat
2816 4389 2962 4444 enim
3035 4387 3372 4453 mirabiliter,
3411 4392 3708 4447 secundum

2123 4482 2242 4538 illas
2271 4491 2432 4539 erunt
2459 4497 2649 4538 omnes
2683 4483 2738 4536 in
2784 4482 2899 4552 ipsa
2936 4482 3133 4537 iterum
3162 4481 3509 4552 generatione
3545 4499 3711 4540 voca-

425 4569 736 4627 manifestat
779 4571 1116 4642 eloquiorum
1168 4571 1348 4626 divina
1392 4569 1658 4642 legislatio
1685 4569 1738 4637 b,
1773 4571 2016 4641 perditas
2041 4553 2095 4614 Ῑ)
2121 4575 2316 4641 tiones,
2346 4575 2640 4645 puramhic
2668 4575 2944 4645 propriam
2975 4574 3142 4628 vitam
3172 4573 3474 4643 impleutes.
3507 4575 3711 4646 Utpote

424 4663 658 4735 propriis
681 4664 1025 4734 passionibus
1053 4664 1359 4736 voluptates
1383 4663 1502 4720 aliis
1526 4663 1698 4720 oculis
1721 4663 2017 4734 inspicieuo

427 4766 529 4824 tes,
555 4763 611 4813 et
641 4770 855 4812 sacram
879 4758 1073 4822 vitam,
1103 4771 1210 4827 qua
1241 4757 1404 4814 stulte
1439 4765 1801 4822 recesserunt,
1846 4758 2018 4812 beati-

427 4845 674 4911 ficantes,
705 4845 1089 4902 miserabiliter
1141 4855 1195 4902 et
1221 4846 1464 4902 eoactive
1507 4847 2018 4904 rescinduntur—hac

426 4935 559 4998 vita,
606 4935 676 4990 ad
721 4935 925 4991 nullam
977 4951 1190 4993 sacram
1216 4951 1383 5008 .spem
1435 4937 1747 4993 manuducti
1797 4945 2022 5010 propter

431 5025 722 5093 pessimam
748 5027 1177 5084 vitam-Talium
1211 5037 1392 5083 autem
1425 5027 1585 5083 nullo
1619 5027 1802 5084 futuro
1825 5044 2022 5085 secun-

433 5116 562 5170 dum
585 5117 1000 5175 dormitationes
1015 5130 1348 5176 sanctorum
1363 5117 1630 5183 virorum,
1663 5118 1776 5189 ipse
1799 5119 2032 5189 quidem

433 5209 502 5266 ad
537 5208 698 5265 ﬁnem
745 5213 972 5268 veniens
1016 5215 1358 5286 propriorum
1395 5212 1776 5278 certaminum,
1817 5211 2022 5269 laetitia

2121 4665 2164 4720 si
2181 4662 2500 4719 deiformem
2520 4663 2641 4733 quis
2668 4663 2854 4718 habuit
2880 4663 2968 4717 hic
2991 4671 3045 4717 et
3070 4663 3494 4719 sacratissimam
3519 4666 3712 4732 vitam,

2122 4759 2386 4828 quantum
2429 4756 2548 4811 viro
2588 4755 2682 4810 Dei
2716 4754 2982 4811 imitabile
3029 4754 3233 4810 licitum
3272 4764 3376 4822 est,
3421 4757 3474 4812 in
3517 4757 3712 4814 divinis

2121 4848 2227 4904 erit
2263 4862 2363 4918 per
2416 4844 2657 4903 seculum
2695 4844 2934 4900 futuru‘m‘
2968 4852 3024 4900 et
3072 4846 3244 4901 beatis
3283 4843 3714 4915 quietibus.”Alii

2125 4948 2309 4996 autem
2336 4939 2453 5010 ejus
2488 4953 2584 5009 per
2617 4949 2914 4993 extremam
2962 4935 3169 4991 formae
3207 4935 3585 4999 demissionem
3626 4953 3721 4995 sa-

2123 5045 2270 5086 cram
2297 5040 2506 5084 tamen
2553 5027 2858 5083 conformes
2899 5034 2952 5080 et
2994 5027 3143 5095 ipsae
3199 5028 3461 5094 remeent
3495 5036 3710 5084 sanctas

2122 5120 2528 5177 retributiones.
2557 5118 2679 5173 Pro'
2695 5119 2810 5173 hac
2823 5116 3002 5171 divina
3026 5114 3235 5184 justitia
3253 5123 3510 5171 ‘su‘mi‘nus
3531 5133 3714 5174 sacer-

2124 5203 2224 5270 dos
2251 5214 2456 5285 gratias
2490 5227 2677 5285 agens,
2707 5211 3010 5265 orationem
3037 5221 3248 5264 sacram
3281 5205 3431 5272 facit,
3454 5217 3510 5262 et
3529 5206 3714 5266 colen-

433 5301 914 5375 sancta‘repletur,
948 5285 1148 5362 etcum
1174 5302 1540 5360 delectatione
1563 5299 1728 5358 multa
1763 5303 1844 5358 ad
1867 5303 2032 5358 viam-
2051 5329 2065 5338 ι
2089 5307 2102 5318 '
2129 5295 2856 5369 damiaudat'tﬁearchiam,
2879 5285 3145 5373 tanquam
3167 5300 3553 5383 de'srrhcﬁvam
3587 5305 3722 5357 cou-

434 5394 683 5454 asceudit
734 5394 954 5454 divinae
1004 5398 1201 5454 iterum
1247 5395 1632 5466 generationis.
1697 5397 2025 5478 Dormientis
2061 5407 2211 5480 __tra
2238 5415 2429 5456 omnes
2457 5398 2687 5470 injustae
2705 5405 2761 5453 et
2789 5395 3105 5470 tyrannicae
3132 5393 3427 5467 potentiae,
3460 5394 3716 5452 transdu-

507 5578 916 5652 ‘Ecouspccta.
993 5555 1367 5637 ηάὰπῖμλέῖ

507 5733 539 5766 ι
573 5720 720 5780 PsaI.
745 5723 816 5791 Ἴ,
838 5720 1008 5788 XXV,
1040 5713 1316 5780 LXXXIII.

508 5793 544 5840 δ
578 5792 694 5855 Jer.
721 5793 803 5866 V;
834 5793 966 5870 Sap.
993 5793 1058 5853 γ.

1554 5567 1562 5580 ,
1581 5557 1592 5568 .
1624 5559 1674 5566 .,.
1750 5507 2024 5574 VABIAE
2041 5509 2445 5568 LECTIONES.

1703 5619 1744 5636 ”
1839 5628 1909 5643 ””
1950 5612 2227 5722 sane.
2317 5633 2341 5722 ’,
2369 5633 2372 5636 ’

2201 5694 2370 5782 Ini.
2401 5704 2514 5780 vn;
2551 5697 2576 5706 ε’
2621 5693 2740 5705 ·

2459 5955 2464 5960 .
2503 5954 2510 5959 .
2525 5930 2592 5959 Jahn
