4168 6284
435 263 577 324 “ll

1837 255 2120 315 JOANNIS
2157 256 2354 317 SCOTl

3593 271 3749 328 “l2

442 380 533 438 alii
564 377 1099 436 abrenuntiationem
1124 373 1311 430 dicunt
1341 379 1399 428 et
1424 384 1611 428 sacras
1637 368 2030 428 confessiones.
2065 377 2119 438 Α
2144 376 2514 433 nuntia-tiones
2548 385 2645 434 aut
2671 391 2861 435 sacras
2884 377 3257 440 confessiones
3285 380 3451 452 facio,
3483 386 3581 442 sed
3607 390 3744 459 quia

441 474 673 546 Oportet
701 479 884 527 autem
913 477 1061 525 tuam
1097 464 1462 521 ierarchicam
1485 462 1898 535 intelligentiam
1925 477 2037 518 non
2062 462 2071 471 '

444 567 722 640 angustari
751 566 806 620 in
826 561 1156 626 errantibus,
1177 560 1273 616 sed
1290 567 1347 614 et
1363 558 1564 615 timens
1587 557 1747 632 simul
1771 565 1828 612 et
1844 571 2039 614 eorum

445 659 785 714 luciducatus
837 653 1014 726 gratia
1047 651 1278 725 diligens
1329 651 1620 707 defendere
1648 651 1912 710 adversus
1937 665 2039 720 pro

445 752 525 806 eis
553 749 792 820 prolatas
836 745 1082 812 insidias,
1109 753 1500 816 proponentem
1549 750 1606 797 et
1634 742 1738 798 hoc
1759 740 1914 810 juxta
1961 741 2042 798 le-

445 858 565 912 gem
595 840 854 904 divinam,
882 847 1149 908 quantum
1175 850 1282 891 non
1309 835 1361 889 in
1385 842 1572 890 nostra
1600 834 1829 890 scientia
1853 833 2040 890 omnia

446 933 629 989 divina
651 929 1198 995 circumscribuntur,
1239 925 1406 983 multa
1431 935 1612 981 autem
1640 941 1671 980 a
1695 925 1852 981 nobis
1880 925 2039 996 igno-

447 1037 626 1082 torum
648 1040 844 1082 causas
890 1023 1093 1079 habent
1117 1023 1355 1089 divinas,
1382 1021 1539 1077 nobis
1555 1021 1771 1092 quidem
1804 1022 2037 1091 ignotas,

445 1127 603 1173 notas
630 1130 762 1173 vero
789 1124 1034 1171 nostrum
1065 1115 1382 1170 melioribus
1411 1113 1716 1169 ordinibus.
1743 1111 1912 1167 Multa
1943 1127 2044 1167 au-

447 1220 559 1266 tem
611 1219 668 1264 et
717 1208 1116 1265 excelsissimas
1171 1206 1438 1263 essentias
1494 1204 1720 1270 latuere,
1755 1213 1811 1261 ct
1858 1220 1890 1260 a
1924 1205 2040 1260 sola

446 1301 734 1373 diligenter
764 1300 980 1369 cognita
1013 1309 1141 1354 sunt
1186 1297 1590 1368 sapientissima
1615 1303 1672 1351 et
1697 1295 2039 1367 sapientiilca

445 1395 748 1451 thearchia.
797 1394 1165 1450 Veruntamen
1207 1391 1335 1461 quia
1366 1399 1421 1446 et
1457 1390 1524 1445 de
1553 1391 1654 1446 hoc
1694 1404 1756 1444 ea
1786 1389 2040 1456 dicimus,

445 1502 586 1557 quae
605 1484 824 1556 quidem
855 1483 1149 1541 deiformes
1174 1483 1346 1539 nostri
1384 1482 1558 1538 sancti
1588 1481 1945 1551 perfectores,
1973 1483 2042 1538 ah

445 1579 681 1655 antiqua.
698 1578 895 1632 eruditi
939 1575 1252 1640 traditione,
1283 1575 1336 1630 in
1357 1590 1457 1630 nos
1485 1574 1847 1630 adducebant.
1875 1573 2043 1629 Aiunt

443 1674 611 1737 enim,
635 1672 777 1742 quod
798 1671 1014 1741 quidem
1043 1679 1128 1724 est
1153 1685 1364 1734 verum,
1388 1670 1515 1739 quia
1543 1671 1839 1725 secundum
1868 1669 2043 1740 legem

2142 481 2279 539 puer
2292 467 2672 525 abrenuntiat:
2705 471 2808 527 hoc
2831 481 2942 538 est,
2965 473 3232 530 confiteor
3255 491 3487 547 puerum
3508 481 3742 542 credere

2143 559 2199 616 in
2249 575 2466 616 sacrum
2530 577 2750 618 sensum
2801 565 3112 636 yenientem
3160 568 3364 623 nostris
3409 575 3676 646 anagogis
3721 594 3738 632 :

2143 654 2654 710 abrenuntiaturum
2705 655 2925 725 quidem
2975 657 3359 717 universaliter
3403 668 3738 738 contrariis,

2143 745 2391 801 confiteri
2413 754 2594 802 autem
2615 755 2670 802 et
2693 748 2912 818 operari
2933 749 3146 805 divinas
3172 750 3565 811 confessiones.
3588 757 3742 816 Nihil

2142 850 2294 909 ergo,
2310 847 2370 892 ut
2395 839 2643 904 aestimo,
2668 839 3082 910 inconsequens,
3100 846 3148 898 si
3173 824 3470 901 secundum
3495 848 3740 908 divinam

2141 944 2280 1000 puer
2320 945 2602 1001 anagogen
2650 931 2933 996 educatur,
2962 931 3156 988 ducem
3192 941 3248 989 et
3273 938 3616 994 anadochum
3642 956 3742 996 sa-

2145 1038 2298 1079 crum
2343 1022 2569 1087 habens,
2600 1021 2848 1077 habitum
2875 1022 2978 1078 sibi
3009 1023 3314 1080 divinorum
3342 1027 3739 1099 insinuantem,

2144 1121 2203 1168 et
2248 1112 2526 1168 custodem
2568 1128 2598 1166 a
2645 1113 2936 1168 contrariis
2979 1113 3236 1184 peritum.
3295 1115 3488 1172 Tradit
3550 1129 3740 1178 autem

2144 1222 2317 1279 puero
2363 1205 2534 1261 sacris
2569 1205 2830 1278 symbolis
2875 1221 3118 1262 summus
3155 1208 3436 1274 sacerdos,
3477 1219 3534 1265 ut
3569 1212 3625 1266 in
3653 1214 3743 1269 eis

2145 1308 2525 1364 conversetur,
2539 1305 2596 1352 et
2611 1312 2786 1368 neque
2807 1296 3070 1353 formetur
3082 1297 3149 1352 ad
3165 1297 3333 1352 vitam
3355 1299 3607 1368 alteram,
3631 1304 3740 1358 nisi

2147 1392 2327 1449 divina
2350 1389 2808 1460 contemplantem
2831 1389 2852 1421 ³
2867 1404 3100 1461 semper,
3120 1398 3176 1444 et
3193 1392 3628 1449 communionem
3650 1410 3745 1451 eo-

2146 1502 2267 1542 rum
2287 1486 2337 1540 in
2353 1484 2686 1555 profectibus
2702 1484 2903 1541 sanctis
2916 1482 3141 1551 factam,
3154 1484 3508 1559 habitumque
3518 1503 3739 1544 sacrum

2147 1580 2202 1636 in
2238 1581 2319 1636 eis
2358 1579 2579 1644 fortem,
2605 1579 3002 1649 educatumque
3027 1577 3252 1648 pulchre
3273 1577 3298 1610 ⁵
3329 1594 3362 1634 a
3390 1580 3572 1635 divino
3599 1597 3734 1637 ana-

2147 1671 2343 1726 docho.
2369 1668 2563 1734 Tanta,
2595 1684 2630 1724 o
2649 1684 2807 1740 puer,
2829 1677 2886 1723 et
2916 1667 2996 1724 sic
3021 1668 3162 1724 bona
3184 1677 3404 1724 nostrae
3429 1670 3739 1727 lerarchiae

444 1739 684 1818 divinam
745 1739 954 1817 reducti
997 1760 1232 1816 infantes
1287 1759 1356 1814 ad
1395 1759 1641 1815 habitum
1690 1739 2038 1816 sacmmive-
2069 1739 2119 1800 Β
2145 1765 2398 1821 videntur
2443 1762 2576 1818 mihi
2603 1739 2895 1816 uniformis
2922 1761 3233 1831 spectacula
3263 1761 3305 1814 '.
3359 1761 3443 1816 Ab
3471 1762 3595 1818 aliis
3637 1777 3736 1817 au-
3823 1825 3828 1829 _

443 1855 598 1909 nicnt
651 1853 799 1908 omni
851 1852 1168 1923 perﬁciendi
1219 1865 1406 1906 errore
1450 1859 1507 1906 et
1575 1851 1852 1905 immunda
1901 1851 2033 1907 vita.

441 1945 779 2015 Multumque
830 1946 933 2000 hoc
975 1943 1174 1999 divinis
1203 1943 1410 1998 nostris
1453 1941 1678 1996 ducibus
1705 1942 1759 1996 in
1793 1943 2035 1996 animum

440 2039 688 2104 veniens,
713 2037 1084 2108 probaverunt
1103 2033 1271 2104 recipi
1302 2033 1538 2088 infantes
1565 2031 1860 2087 secundum
1888 2032 2059 2087 hunc

441 2146 656 2187 sacrum
700 2129 939 2185 modum.
971 2127 1158 2197 Itaque
1192 2125 1469 2181 naturales
1529 2123 1830 2179 adducendi
1878 2123 2036 2193 pueri

441 2229 698 2292 parentes
753 2217 970 2273 tradere
999 2231 1224 2287 puerum
1269 2215 1484 2270 cuidam
1508 2215 1844 2269 eruditorum
1865 2214 2035 2268 bono-

445 2329 568 2370 rum
598 2313 778 2368 divina
801 2310 1130 2381 paedagogo,
1145 2309 1287 2364 etde
1309 2317 1493 2363 cetero
1515 2323 1544 2362 a
1565 2322 1622 2362 se
1638 2317 1894 2377 ipuerum
1914 2321 2038 2375 per-

443 2403 576 2468 ficit,
610 2410 864 2470 tanquam
897 2415 927 2454 a
951 2401 972 2431 ⁸
999 2400 1178 2462 divino
1203 2398 1364 2453 Patre
1393 2407 1447 2452 et
1471 2397 1661 2453 salutis
1689 2412 1877 2452 sacrae
1909 2412 2046 2452 ana-

443 2491 640 2547 docho.
705 2489 859 2544 Hunc
901 2505 1031 2560 ergo
1083 2504 1326 2545 summus
1379 2489 1633 2544 sacerdos
1691 2488 2037 2542 confitentem

437 2578 592 2650 juxta
646 2579 885 2635 divinam
916 2581 1152 2635 educare
1177 2593 1404 2650 puerum
1427 2579 1618 2645 vitam,
1652 2578 1849 2648 repetit
1877 2578 2041 2634 abre-

442 2670 820 2726 nuntiationcs
844 2670 1169 2726 contiteriet
1189 2685 1375 2726 sacras
1400 2669 1789 2735 confessiones,
1818 2685 1948 2735 non,
1980 2676 2042 2722 ut

442 2764 519 2820 illi
544 2762 727 2821 forsan
743 2767 981 2822 ridentes
1003 2765 1278 2832 dixerunt,
1302 2764 1464 2819 alium
1487 2779 1588 2836 pro
1614 2765 1722 2818 alio
1735 2764 1919 2819 divina
1942 2762 2040 2816 do-

441 2870 592 2914 cens.
621 2857 809 2931 Neque
845 2859 993 2918 enim
1024 2859 1130 2916 hoc
1156 2857 1234 2912 ait
1255 2857 1338 2914 sic
1366 2875 1382 2913 :
1414 2857 1522 2914 Pro
1545 2871 1717 2930 puero
1740 2870 1840 2928 ego
1871 2855 2033 2911 abre-

2144 1867 2251 1913 tem
2296 1856 2545 1913 similiter
2584 1855 2847 1910 intentius
2883 1854 2905 1886 ⁶
2946 1853 3128 1908 animo
3169 1869 3279 1909 non
3333 1854 3470 1910 haec
3524 1864 3730 1911 tantum

2141 1952 2259 2006 visa
2289 1957 2434 2015 sunt,
2468 1947 2730 2003 lucidiora
2757 1955 2936 2001 autem
2972 1944 3143 2000 multa
3182 1953 3239 2000 et
3272 1942 3640 2000 deiformiora.
3665 1946 3735 2002 Et

2143 2044 2266 2108 tibi,
2291 2051 2351 2098 ut
2377 2041 2633 2104 arbitror,
2661 2040 2884 2095 omnino
2928 2038 3185 2094 lucebunt
3206 2037 3592 2108 splendidiores
3615 2040 3729 2094 for-

2142 2154 2284 2202 mae,
2339 2145 2395 2192 et
2443 2134 2801 2191 divinissimis
2848 2133 3008 2190 dictis
3038 2133 3092 2187 in
3126 2132 3721 2188 ascensionibusutenti

2146 2233 2215 2287 ad
2271 2229 2624 2286 excelsiorem
2673 2226 2906 2281 radium.
2962 2223 3140 2279 Trade
3165 2223 3348 2294 igitur,
3380 2239 3411 2277 o
3443 2225 3634 2288 amice,
3664 2233 3724 2278 et

2145 2323 2260 2392 ipse
2304 2319 2437 2376 mihi
2489 2317 2872 2388 perfectiorem
2920 2313 3389 2378 illuminationem,
3416 2322 3469 2367 et
3504 2313 3730 2367 ostende

2144 2413 2283 2471 meis
2331 2409 2504 2467 oculis
2529 2424 2882 2480 quascunque
2929 2407 3113 2460 videre
3158 2406 3360 2476 poteris
3393 2404 3731 2476 pulchriores

2145 2506 2348 2562 formas
2377 2512 2434 2559 et
2453 2502 2852 2558 uniformiores.
2886 2499 3112 2555 Conﬁdo
3145 2499 3290 2554 enim
3317 2512 3441 2567 ego,
3467 2496 3594 2566 quia
3624 2497 3726 2563 his,

2142 2614 2282 2670 quae
2312 2597 2456 2652 dicta
2494 2603 2640 2660 sunt,
2685 2593 2955 2664 repositos
2987 2593 3040 2647 in
3082 2600 3134 2647 te
3161 2591 3330 2647 divini
3369 2590 3512 2662 ignis
3541 2605 3732 2645 ascen-

2143 2690 2278 2744 dens
2313 2701 2487 2757 usque
2533 2699 2784 2757 vapores.
2824 2683 3056 2755 Explicit
3107 2682 3252 2739 liber-
3281 2682 3346 2737 de
3373 2681 3724 2737 ecclesiastica

2141 2782 2432 2841 Ierarchia.

912 3118 1438 3241 SANCTI
1522 3115 2184 3240 DIONYSII
2265 3110 3251 3234 AREOPAGITAE

1672 3400 1980 3482 LIBER
2035 3397 2516 3480 TERTIUS.

704 3643 984 3806 DE
1057 3647 2002 3817 -:DIVINIS
2136 3591 3435 3808 NOMINIBUS.

442 3966 851 4047 Epigramma
897 3963 966 4026 in
999 3961 1242 4047 099mm
1271 3963 1645 4047 Dionysium
1690 3961 1762 4025 de
1793 3961 2030 4025 divinis
2059 3967 2106 4032 c
2136 3961 2323 4047 ":29
2349 3935 3508 4047 ερίξφέν-[υ.τξξὶηο;,.δο1¹9,ε..ἒπ1ε1τθξ-οξέξῑείὶε
3525 3965 3726 4047 κειρεξε

1031 4041 1429 4105 Nominibus.

437 4188 457 4200 ν
484 4184 520 4223 u
541 4170 773 4223 animum
798 4167 1044 4238 splendor
1065 4165 1119 4220 in
1141 4167 1345 4222 divinas
1361 4164 1670 4236 ‘Scripturas
1693 4163 2042 4236 milletingens

523 4239 722 4310 [emtas
765 4237 1102 4310 varietatibus
1139 4255 1292 4310 sacra
1322 4238 1558 4310 nomina,
1593 4246 1646 4310 et
1668 4245 1781 4307 post
1824 4238 2040 4310 stultam

519 4305 740 4364 inertem
804 4308 1051 4362 vitalibus
1119 4305 1676 4376 sapientiaegeloquiis
1734 4305 2064 4367 sonantibus,

519 4381 722 4434 divinos
753 4379 1138 4448 manifestorios
1172 4379 1391 4448 hymnos

532 4463 961 4566 Coinpresbytero
990 4469 1279 4557 Tianorum
1306 4470 1590 4554 Dionysius
1611 4491 1904 4562 presbyter.
1929 4491 1950 4521 ⁷
1984 4547 1988 4552 ,

497 4605 835 4663 .INCIPIUNT
858 4602 1173 4659 CAPITULA
1197 4603 1281 4652 DE
1295 4601 1535 4662 DIVINIS
1557 4603 1908 4656 NOMINIBUS
1927 4603 1970 4653 ο.
1993 4641 1996 4644 ‹

2204 4027 2318 4101 quia
2348 4027 2528 4101 malum
2565 4039 2731 4090 neque
2774 4032 2871 4088 est,
2897 4037 3060 4088 neque
3084 4037 3151 4075 ex
3189 4038 3252 4076 eo
3282 4028 3411 4087 quod
3439 4035 3533 4087 est,
3559 4027 3720 4092 nerine

2209 4090 2257 4137 in
2278 4090 2624 4138 existentibus.

2141 4147 2580 4264 xi.%e8evxuiastentc
2604 4151 2654 4199 in
2676 4161 2792 4213 quo,
2819 4148 2972 4200 etde
2991 4146 3420 4257 paradigmstibus.

2141 4272 2345 4337 _V_ll._D_e
2370 4271 2931 4337 sapientia,gintellectn_,
2957 4272 3164 4337 ratione,
3188 4273 3418 4337 veritate,
3448 4272 3562 4326 fide.

2141 4333 2278 4400 Vili.
2297 4335 2377 4400 De
2405 4333 2836 4400 virtute,]ustitia,
2858 4335 3019 4386 salute
3035 4371 3050 4396 ,
3073 4333 3413 4396 redemptione
3429 4369 3446 4396 ,
3474 4337 3524 4385 in
3547 4349 3645 4400 quo
3667 4342 3718 4390 et

2205 4397 2663 4460 de_inaequalitste.
2710 4439 2714 4445 .
2734 4439 2747 4447 ν,
2771 4437 2773 4440 .

2137 4419 2750 4524 ix?”ﬁ:1;§;:3f'.;§;vi;
2771 4433 3173 4520 eodem-altero,
3197 4435 3367 4519 simili,
3401 4459 3622 4509 dissimili
3650 4419 3713 4524 υἱ

2179 4545 2184 4549 -
2201 4525 2346 4580 statu,
2371 4518 2522 4582 tito'tu,
2542 4518 2868 4582 aequalitate.

2135 4578 2198 4631 Χ.
2223 4582 2296 4632 De
2312 4578 2658 4645 omnipotenti,
2675 4584 2879 4644 antiquo
2901 4581 3118 4642 dierum,
3142 4581 3193 4630 in
3215 4592 3312 4642 quo
3335 4583 3394 4631 et
3409 4579 3477 4630 de
3511 4587 3709 4632 aeterno

2198 4651 2250 4694 et
2271 4651 2512 4706 tempore.

446 4712 652 4770 l.-Quae
671 4714 739 4762 sit
777 4709 976 4760 rationis
999 4708 1360 4772 interpretatio,
1395 4714 1448 4760 et
1466 4721 1594 4772 quae
1621 4708 1794 4759 divinis
1816 4707 2029 4758 nomini-
2063 4731 2065 4734 -
2133 4701 2220 4755 XI.
2243 4707 2318 4756 De
2343 4701 2484 4772 pace,
2509 4713 2561 4756 et
2580 4704 2822 4769 quid'vnlt
2845 4705 2938 4756 sibi
2961 4707 3056 4772 hoc
3079 4715 3170 4766 per
3187 4704 3423 4772 se‘ipsum
3437 4715 3560 4762 esse,
3578 4714 3703 4772 quae

455 4773 1087 4908 ttyhthii‘iiggidisci‘eu
1108 4823 1373 4896 theciogia,
1392 4823 1442 4885 et
1459 4823 1585 4897 Quae
1603 4819 1669 4884 sit
1690 4821 1853 4882 divina
1872 4817 2031 4880 unitas

452 4904 566 5016 1th
583 4898 1598 5020 amelsﬁiomionisJirttisastidubeato
1617 4954 1872 5020 Ierotheo,
1895 4957 1949 5006 et
1969 4951 2034 5005 de

513 5021 767 5072 revere‘hti
792 5027 844 5072 et
863 5023 1136 5086 conScripta
1157 5019 1422 5082 theblogis.
1648 5019 1656 5026 '

2195 4765 2368 4876 sagae
2392 4765 2545 4831 ipsam
2569 4765 2686 4832 vita,
2704 4780 2832 4832 quae
2853 4781 2942 4831 per
2961 4781 3024 4820 se
3039 4765 3193 4830 ipsam
3217 4765 3388 4828 virtus,
3413 4765 3615 4827 etquae
3635 4765 3704 4821 sic

2140 4837 2353 4940 xﬁ'ﬁié
2373 4898 2542 4942 sancto
2565 4896 2862 4957 sanctorum,
2899 4904 3026 4958 rege
3043 4903 3246 4955 regum,
3271 4890 3469 4943 Domino
3489 4888 3710 4941 domino-

2206 4965 2332 5005 rum.
2355 4951 2730 5005 Deo.deorum..
2759 4992 2766 4998 .
2811 4995 2821 5000 -
3351 4988 3380 4995 __
3523 4984 3527 4988 .
3671 4985 3673 4988 .

2144 5010 2274 5066 Xlli.
2302 5015 2380 5066 De
2404 5016 2628 5080 perfecto
2646 5025 2699 5069 et
2719 5029 2832 5068 uno.

1723 5187 1980 5246 VARIAE
2014 5186 2417 5246 LECTiONES.
2559 5213 2594 5220 --
2633 5204 2644 5209 -
2683 5204 2688 5208 -

518 5322 538 5356 ⁸
559 5341 593 5378 a
622 5339 678 5380 se
705 5339 814 5378 om.
837 5323 944 5378 AE.
1021 5321 1044 5353 ⁹
1068 5319 1157 5374 ΛΕ
1189 5318 1306 5374 sub.

1407 5318 1493 5376 ³Ε
1528 5320 1909 5394 speculantem.
1983 5318 2085 5377 "'B
2105 5315 2455 5392 habitumque
2503 5336 2716 5378 sacrum
2738 5323 2792 5378 in
2822 5322 3127 5394 deiformem
3165 5321 3414 5394 ducatum
3466 5321 3711 5392 pulchre.

443 5391 585 5465 [BH
629 5395 913 5465 speculata.
943 5464 950 5465 ί
993 5393 1014 5423 ⁸
1042 5391 1152 5465 ΒΗΔ
1192 5394 1440 5465 intentus.
1515 5391 1613 5447 ⁷..Ε
1647 5393 1888 5464 Dionysii
1917 5393 2258 5465 Areopagitae
2283 5391 2507 5464 episcopi
2555 5394 2876 5446 Athenarum
2909 5391 2994 5447 'ad
3021 5419 3026 5424 -
3049 5393 3391 5447 Timotheum
3416 5391 3712 5465 episcopum

449 5462 643 5536 Ephesi
655 5462 664 5465 ’
687 5464 751 5517 de
792 5462 1326 5536 divinis_nominibus.
1355 5462 1919 5536 Compresbyterocet.
1993 5465 2016 5536 ἦ
2055 5462 2282 5536 ΕῌΗαεθ
2325 5462 2496 5518 autent
2521 5465 2898 5519 ini/taciturum
2921 5466 2993 5519 de
3012 5463 3712 5520 diviniauominibustotum

449 5531 679 5604 capitula
714 5547 836 5587 xm.
910 5533 932 5563 ’
969 5531 1164 5597 Codd.,
1193 5531 1502 5594 iactitatae
1555 5534 1599 5566 ¹⁰
1635 5531 1802 5590 Codd.
1857 5535 1942 5590 de.
1970 5534 2040 5588 sin

2143 5572 2149 5587 ’
3111 5559 3186 5570 ’.ιιι
3226 5559 3417 5574 ΙΑ-δνιι
3516 5557 3528 5567 ι
3565 5558 3589 5563 --
3701 5561 3748 5567 _.
