4168 6284
475 419 621 480 1113

1122 412 1374 474 VERSIO
1411 413 1698 474 OPERUM
1738 414 1796 473 S.
1836 410 2161 473 DIONYSII.
2198 439 2271 455 —-
2306 412 2398 471 DE
2433 411 2683 473 DIVINIS
2717 413 3111 476 NOMINIBUS.

3615 420 3760 480 HM

841 627 1293 789 INCIPIT
1393 630 1736 787 LIBER
1838 632 1988 785 DE
2094 627 2552 787 DIIINIS
2664 625 3336 790 NOMINIBUS.

1030 895 1432 956 CAPITULUM
1466 897 1510 954 Ι.

473 1033 627 1104 Quae
653 1034 723 1093 sit
758 1032 980 1092 rationis
1017 1033 1406 1106 interpretatio,
1436 1044 1484 1090 et
1512 1049 1648 1106 quae
1674 1033 1864 1091 divinis
1892 1032 2064 1090 nomi-

1055 1105 1208 1160 nibus
1249 1105 1488 1161 traditio.

551 1238 704 1298 Nunc
726 1247 930 1307 autem,
943 1255 979 1296 o
997 1240 1179 1307 beate,
1200 1249 1325 1310 post
1341 1239 1674 1313 theologicos
1717 1241 2064 1297 characteres

477 1333 532 1390 in
564 1333 873 1389 divinorum
900 1332 1179 1388 nominum
1213 1331 1657 1402 replicationem,
1704 1344 1970 1404 quantum
1998 1333 2066 1389 li-

475 1435 586 1494 cet,
610 1435 968 1482 transeamus.
995 1423 1082 1480 Sit
1103 1432 1285 1480 autem
1306 1435 1520 1480 etnunc
1545 1425 1702 1481 nobis
1726 1426 2062 1496 eloquiorum

475 1518 563 1576 lex
591 1515 966 1589 praedeﬁnita,
989 1515 1276 1572 veritatem
1292 1531 1392 1572 nos
1420 1515 1665 1572 invenire
1686 1531 1896 1584 eorum,
1923 1532 2065 1590 quae

475 1609 542 1664 de
560 1608 672 1664 Deo
692 1608 836 1663 dicta
849 1614 999 1672 sunt,
1014 1623 1122 1663 non
1137 1607 1191 1662 in
1208 1607 1558 1664 credibilibus
1577 1610 1804 1680 sepbiae
1818 1610 1998 1666 verbis
2012 1623 2062 1678 α,

473 1699 569 1757 sed
612 1698 670 1754 in
722 1699 1112 1770 approbatione
1148 1701 1343 1771 Spiritu
1405 1710 1656 1758 movente
1689 1702 2065 1773 theologorum

471 1789 716 1857 virtutis,
743 1804 842 1861 per
867 1805 1032 1860 quam
1077 1789 1439 1848 ineﬁ‘abilibus
1488 1802 1544 1847 et
1589 1792 1786 1864 ignotis
1820 1792 2066 1850 ineﬂabi—

473 1883 601 1939 liter
653 1890 710 1939 et
744 1881 928 1954 ignote
984 1883 1382 1955 eonjungimur,
1439 1885 1736 1940 secundum
1783 1885 2064 1942 meliorem

478 1983 704 2031 nostrae
725 1972 1010 2030 rationalis
1037 1983 1092 2030 et
1119 1973 1502 2030 intellectualis
1539 1973 1761 2030 virtutis
1787 1985 1842 2030 et
1872 1991 2066 2046 opera-

471 2067 638 2124 tionis
668 2067 950 2123 unitatem;
978 2065 1370 2122 Universaliter
1399 2067 1583 2137 itaque
1617 2083 1727 2121 non
1755 2068 2064 2123 audendum

471 2157 654 2215 dicere
674 2197 690 2225 ,
718 2172 897 2228 neque
929 2157 1231 2228 intelligere
1260 2157 1392 2228 quid
1422 2158 1488 2213 de
1531 2160 1978 2228 snperessentiali
2005 2169 2064 2214 et

2091 901 2149 963 Α
2171 903 2321 964 sunt,
2357 905 2616 968 tanquam
2640 896 2891 954 omnibus
2916 894 3446 968 superessentialiter
3486 906 3758 970 separata.

2165 998 2235 1055 Et
2262 999 2464 1056 multos
2493 998 2870 1071 theologorum
2895 998 3165 1064 invenies,
3193 1012 3304 1055 non
3333 999 3509 1055 solum
3541 1009 3602 1056 ut
3624 999 3762 1055 invi-

2165 1095 2379 1153 sibilem
2405 1111 2526 1152 eam
2566 1105 2623 1152 et
2658 1095 3261 1168 incomprehensibilem
3311 1097 3628 1164 laudantes,
3667 1099 3764 1154 sed
3807 1077 3810 1080 I

2164 1205 2223 1252 et
2256 1196 2663 1253 inscrutabilem
2709 1196 2870 1254 simul
2900 1205 2956 1253 et
2981 1197 3450 1268 investigabilem,
3502 1207 3761 1269 tanquam

2164 1315 2273 1358 non
2306 1309 2431 1357 entc
2472 1301 2514 1332 “
2561 1301 2785 1372 vestigio
2809 1299 2917 1357 ullo
2939 1300 2994 1356 in
3015 1299 3282 1356 occultam
3319 1301 3437 1370 ejus
3456 1301 3761 1356 multitudi-

2165 1400 2773 1472 nengpervenientium.
2815 1399 2933 1457 Non
2974 1408 3155 1456 tamen
3194 1399 3643 1456 communicabile
3679 1408 3765 1455 est

2164 1501 2543 1559 universaliter
2580 1494 2785 1559 bonum
2819 1501 2915 1556 ulli
2955 1517 3145 1558 eorum
3193 1517 3333 1572 quae
3368 1510 3526 1569 sunt,
3581 1501 3675 1557 sed
3706 1501 3758 1556 in

2164 1606 2346 1677 seipso
2368 1621 2596 1662 manens
2633 1605 3146 1676 superessentialem
3169 1605 3494 1661 collocatum
3550 1602 3757 1658 radium

2164 1707 2590 1778 uniuscujusque
2634 1722 2824 1762 eorum
2863 1721 3004 1779 quae
3066 1716 3226 1772 sunt,
3276 1706 3761 1778 proportionaliter

2165 1810 2651 1866 illuminationibus
2671 1810 2873 1881 optime
2895 1809 3394 1881 supermanifestat,
3415 1817 3471 1865 et
3495 1809 3559 1864 ad
3582 1807 3754 1879 possi-

2164 1909 2329 1966 bilem
2361 1909 2444 1966 sui
2486 1909 2999 1979 contemplationem
3031 1917 3087 1964 et
3117 1909 3433 1964 societatem
3457 1917 3514 1961 et
3561 1905 3758 1961 simili-

2165 2002 2409 2058 tudinem
2456 2001 2700 2057 extendit
2727 2017 2914 2058 sacros
2954 2003 3185 2065 animos,
3234 2008 3499 2070 quantum
3544 1998 3626 2052 fas
3653 2007 3755 2063 est,

2165 2093 2245 2149 sic
2295 2093 2556 2149 divinitus
2605 2095 3018 2160 desiderantes,
3072 2094 3130 2148 et
3167 2106 3345 2162 neque
3392 2090 3462 2145 ad
3510 2089 3758 2160 superius

2163 2187 2445 2242 moderate
2520 2186 2692 2241 indita
2753 2185 2936 2242 divina
3003 2183 3444 2240 manifestatione
3506 2179 3756 2252 impossi-

471 2248 684 2306 occulta
715 2249 1014 2315 divinitate,
1058 2259 1276 2320 praeter
1304 2249 1564 2304 divinitus
1613 2250 1772 2307 nobis
1800 2266 1866 2306 ex
1889 2253 2062 2308 sacris
2089 2270 2138 2332 Β
2164 2279 2348 2334 bime].
2415 2277 2749 2350 gloriﬁcams
2777 2318 2792 2344 ’
2840 2293 3018 2348 neque
3094 2277 3163 2332 ad
3224 2276 3453 2332 inferius
3510 2248 3600 2332 εί
3649 2289 3713 2330 ea
3736 2313 3752 2339 .

474 2339 704 2410 eloquiis
745 2354 1022 2411 expressa.
1073 2340 1246 2411 lpsius
1293 2340 1438 2395 enim
1482 2356 1646 2412 super
1691 2345 1958 2399 rationem
2010 2353 2066 2399 et

475 2430 806 2488 intellectum
851 2438 906 2486 et
956 2432 1251 2486 essentiam
1319 2433 1898 2502 superessentialitatis
1947 2435 2064 2505 ipsa

475 2522 955 2594 superessentialis
1019 2523 1246 2580 scientia
1306 2525 1616 2593 reponenda
1648 2534 1687 2589 ι,
1750 2527 1804 2580 in
1856 2535 2063 2582 tantum

473 2629 695 2671 sursum
742 2613 1096 2685 respicientes
1118 2654 1135 2681 ,
1166 2623 1429 2684 quantum
1457 2629 1518 2671 se
1560 2615 1726 2671 infert
1756 2617 2063 2674 divinorum

472 2708 814 2780 eloquiorum
874 2707 1061 2764 radius
1108 2710 1176 2763 ad
1225 2709 1534 2779 superiores
1584 2709 1862 2766 claritates
1915 2728 2062 2768 circa

475 2805 679 2872 divina,
706 2803 1065 2875 temperantia
1090 2811 1145 2860 et
1164 2803 1454 2858 sanctitate
1472 2813 1494 2844 ³
1528 2813 1824 2859 coartatas.
1847 2803 2060 2860 Etenim

475 2897 526 2953 si
552 2897 684 2968 quid
709 2906 925 2969 oportet
947 2897 1348 2969 sapientissima
1377 2906 1435 2952 et
1471 2897 1752 2954 verissima
1793 2898 2063 2969 theologia

477 2989 731 3056 suaderi,
764 2990 922 3059 juxta
969 2989 1274 3062 analogiam
1301 2990 1728 3061 uniuscujusque
1757 2997 2060 3046 animorum

477 3079 846 3152 respiciuntur
872 3081 1074 3145 divina,
1107 3091 1165 3137 et
1204 3081 1569 3152 inspiciuntur
1599 3082 1944 3139 thearchicae
1967 3085 2062 3139 bo-

476 3173 667 3229 nitatis
703 3174 760 3228 in
785 3173 1010 3230 salutari
1031 3172 1243 3243 iustitia
1277 3173 1346 3228 ab
1375 3175 1464 3231 his
1487 3215 1504 3241 ,
1537 3190 1678 3245 quae
1722 3176 1775 3230 in
1807 3191 2060 3232 mensura

477 3273 642 3330 sunt,
692 3264 1298 3321 immensurabilitatem
1345 3265 1605 3322 divinitus
1642 3274 1898 3336 tanquam
1943 3267 2064 3322 illo-

473 3355 649 3412 calem
671 3355 1038 3427 distinguente
1063 3356 1106 3410 ³.
1123 3356 1283 3412 Sicut
1312 3357 1456 3412 enim
1498 3357 2062 3429 incomprehensibilia

473 3455 533 3502 et
553 3445 1052 3515 incontemplabilia
1073 3456 1199 3503 sunt
1217 3444 1600 3503 ‘sensibilibus
1629 3449 1652 3480 ⁸
1671 3449 1982 3516 invisibilia,
2011 3457 2067 3505 et

476 3537 582 3604 his,
614 3551 756 3608 quae
780 3546 912 3591 sunt
940 3537 996 3591 in
1021 3536 1281 3609 ﬁgmento
1308 3549 1365 3592 et
1392 3537 1769 3605 similitudine,
1795 3539 1990 3610 simpla
2011 3547 2066 3594 et

2165 2387 2306 2444 quae
2357 2371 2412 2425 in
2461 2370 2662 2426 malum
2712 2379 2830 2436 est,
2892 2371 3256 2427 minoratione
3306 2369 3605 2435 resolutos,
3662 2367 3757 2424 sed

2164 2466 2304 2521 bene
2348 2465 2644 2534 ponderate
2699 2472 2755 2518 et
2811 2471 2960 2518 recte
3009 2462 3064 2517 in
3108 2462 3321 2518 radium
3373 2463 3454 2517 eis
3504 2459 3754 2530 super-lu-

2164 2566 2377 2612 centem
2429 2563 2718 2621 extentos,
2771 2563 2826 2610 et
2872 2553 3346 2611 commensurabili
3394 2555 3664 2626 iustarum
3713 2553 3756 2584 ι’

2163 2648 2616 2704 illuminationum
2665 2662 2880 2715 amore,
2927 2662 3051 2704 cum
3094 2647 3398 2703 reverentia
3448 2663 3638 2713 sacra,
3699 2654 3756 2702 et

2165 2746 2464 2806 temperate
2529 2744 2587 2791 et
2650 2744 2838 2792 sancte
2891 2735 3215 2804 revelantes,
3269 2737 3388 2806 ipsa
3453 2744 3752 2806 sequentes

2166 2829 2475 2885 thearchica
2501 2827 2632 2900 juga
2656 2871 2672 2895 ,
2719 2843 2858 2899 quae
2881 2830 3044 2885 etiam
3069 2837 3210 2885 totas
3237 2831 3542 2899 gubernant
3568 2843 3758 2899 super‘

2163 2920 2478 2977 caelestium
2528 2919 2885 2976 essentiarum
2927 2928 3144 2976 sanctas
3185 2918 3590 2990 diSpositiones.
3638 2918 3753 2973 Hoc

2164 3011 2383 3081 quidem
2412 3025 2576 3082 super
2605 3009 2936 3066 intellectum
2988 3019 3046 3066 et
3094 3009 3388 3066 essentiam
3435 3007 3755 3066 thearchiae

2165 3102 2436 3173 occultum
2495 3101 2850 3158 inscrutabile
2923 3111 3010 3157 est
3055 3103 3224 3158 etiam
3297 3099 3755 3157 intellectualibus

2163 3194 2364 3248 mentis
2398 3193 2736 3249 reverentiis.
2790 3192 2938 3248 Haec
2961 3207 3161 3248 arcana
3193 3194 3516 3263 temperanti
3539 3192 3754 3248 silentio

2166 3284 2514 3349 honorantes,
2538 3282 2605 3336 ad
2628 3282 2870 3338 lucentes
2888 3283 3046 3339 nobis
3066 3283 3120 3338 in
3134 3283 3308 3339 sacris
3326 3283 3556 3353 eloquiis
3576 3282 3754 3353 splen-

2170 3375 2330 3430 dores
2373 3373 2736 3440 intendamus,
2765 3382 2822 3431 et
2857 3374 2926 3429 ab
2953 3374 3087 3446 ipsis
3127 3376 3184 3430 in
3207 3375 3386 3432 lucem
3418 3376 3680 3431 ducamur
3707 3375 3754 3407 “

2167 3466 2236 3522 ad
2263 3466 2608 3522 thearchicos
2639 3468 2890 3538 hymnos,
2939 3467 3007 3522 ab
3058 3466 3144 3523 his
3171 3468 3608 3538 supermundane
3633 3467 3756 3522 illu-

2167 3556 2379 3622 minati,
2411 3566 2465 3611 et
2484 3556 2554 3612 ad
2582 3570 2770 3611 sacras
2799 3555 3172 3627 hymnologias
3198 3555 3441 3623 formati,
3475 3557 3543 3612 ad
3571 3557 3754 3613 viden-

475 3643 586 3684 non
620 3626 897 3692 simulata,
956 3637 1014 3684 et
1045 3629 1343 3685 secundum
1392 3643 1684 3699 corporum
1722 3629 1925 3701 ﬁguras
1955 3631 2066 3686 for-

2173 3649 2301 3705 dum
2325 3648 2490 3704 etiam
2511 3626 2951 3704 commensurate
2972 3626 3129 3705 nobis
3152 3663 3250 3718 per
3271 3663 3366 3704 eas
3383 3650 3592 3704 donata
3613 3648 3755 3702 divi-

477 3719 641 3774 matis
695 3718 1120 3790 incorporalium
1160 3719 1366 3774 intacta
1392 3729 1451 3774 et
1493 3733 1601 3775 non
1643 3720 1873 3791 ﬁgurata
1903 3721 2073 3776 infor-

482 3811 684 3868 mitas:
721 3812 875 3883 juxta
922 3813 1168 3867 eamdem
1195 3811 1441 3868 veritatis
1474 3811 1498 3843 ‘
1529 3812 1796 3868 rationem
1852 3822 2074 3883 superat

482 3903 752 3958 essentias
778 3903 1243 3974 superessentialis
1256 3903 1588 3975 magnitudo,
1609 3904 1886 3959 etanimos
1908 3919 2072 3974 super

483 3997 723 4052 animum
750 3997 772 4029 τ
803 3995 1004 4064 unitas,
1039 4005 1095 4052 et
1140 3997 1394 4053 omnibus
1420 3996 1712 4051 virtutibus
1739 3996 2073 4067 impossibile

484 4097 569 4144 est
589 4088 730 4158 quod
753 4102 918 4159 super
943 4102 1161 4144 sensum
1202 4096 1286 4143 est
1309 4100 1679 4156 arcanumque
1699 4087 1897 4142 rationi
1924 4087 2073 4142 omni

479 4192 645 4250 super
667 4179 930 4234 rationale
947 4181 1171 4245 bonum,
1195 4178 1376 4233 unitas
1398 4177 1596 4232 unilica
1625 4178 1802 4233 omnis
1826 4178 2072 4245 unitatis,

485 4279 542 4324 et
575 4268 1044 4338 superessentialis
1069 4269 1329 4333 essentia,
1352 4275 1406 4324 et
1435 4266 1740 4324 intellectus
1766 4267 2074 4334 invisibilis,

482 4366 540 4413 et
579 4359 806 4415 verbum
855 4375 1154 4427 arcanum,
1210 4357 1689 4432 irrationabilitas,
1733 4368 1789 4414 et
1833 4359 2075 4415 invisibi-

485 4447 629 4516 litas,
657 4459 712 4506 et
752 4451 1218 4509 innominabilitas
1265 4452 1568 4508 secundum
1608 4450 1816 4506 nullum
1854 4466 2068 4517 eorum,

483 4557 626 4615 quae
648 4553 796 4612 sunt,
819 4560 940 4612 ens,
971 4554 1026 4602 et
1049 4545 1270 4602 causale
1296 4541 1512 4616 quidem
1539 4547 1754 4602 essendi
1777 4545 2027 4601 omnibus
2058 4559 2073 4599 :

481 4643 660 4714 ipsum
682 4655 867 4701 autem
895 4660 1002 4701 non
1023 4644 1076 4701 ὂν
1092 4686 1108 4713 ,
1136 4655 1196 4702 ιιι
1219 4645 1399 4702 omnis
1438 4645 1709 4702 essentiae
1729 4644 2016 4700 summitas
2031 4645 2071 4708 ⁸,

483 4741 542 4789 et
565 4744 863 4805 utcumque
894 4733 1010 4805 ipsa
1039 4735 1108 4790 de
1141 4736 1320 4806 seipsa
1345 4736 1566 4806 proprie
1603 4743 1660 4789 et
1686 4734 1926 4790 scienter
1954 4749 2075 4789 ma-

407 4861 409 4864 ‹
485 4823 729 4881 uilestat.
757 4825 833 4882 De
852 4827 958 4881 hac
987 4826 1170 4898 igitur,
1191 4835 1252 4881 ut
1279 4827 1481 4882 dictum
1508 4834 1613 4892 est,
1635 4826 2077 4898 superessentiali

2171 3756 2241 3796 na
2273 3740 2586 3805 luminaria,
2628 3748 2685 3794 et
2728 3739 2937 3810 largum
2963 3740 3290 3810 principium
3316 3739 3493 3796 omnis
3544 3738 3756 3795 divinae

2172 3830 2527 3898 apparitionis
2582 3829 2802 3884 luminis
2851 3829 3214 3895 laudandum,
3271 3831 3411 3885 sicut
3460 3830 3639 3900 ipsum
3691 3829 3758 3885 de

2172 3921 2351 3990 seipso
2395 3923 2450 3976 in
2502 3923 2672 3976 sacris
2720 3921 2949 3989 eloquiis
2979 3921 3203 3976 tradidit
3233 3939 3248 3973 :
3276 3931 3333 3974 ιιι
3360 3923 3492 3993 quia
3513 3922 3758 3978 omnium

2174 4021 2259 4067 est
2306 4025 2492 4074 causa,
2549 4021 2602 4065 et
2631 4011 2979 4081 principium,
3019 4020 3075 4064 et
3125 3996 3385 4078 essential,
3440 4024 3496 4068 et
3542 4015 3674 4078 vita,
3703 4023 3760 4070 et

2176 4100 2395 4171 quidem
2442 4101 2808 4157 recedentium
2854 4099 2923 4153 ab
2948 4114 3016 4155 eo
3058 4109 3115 4163 et
3162 4103 3439 4157 revocatio
3475 4110 3533 4159 et
3577 4117 3763 4158 resur-

2174 4194 2366 4259 rectio,
2409 4193 2475 4246 ad
2503 4205 2636 4247 vero
2671 4189 3054 4246 deiformitatis
3081 4191 3491 4261 lncorruptibile
3517 4191 3756 4261 perdito-

2175 4300 2296 4340 rum
2341 4283 2618 4340 revocatio
2645 4292 2702 4338 et
2738 4281 3078 4349 reformatio,
3109 4283 3373 4353 juxtaque
3406 4283 3757 4352 agitationem

2175 4378 2512 4433 immundam
2539 4375 2823 4431 mobilium
2866 4374 3151 4430 collocatio
3177 4374 3379 4439 divina.
3415 4382 3472 4431 et
3499 4374 3758 4430 stantium

2175 4467 2473 4532 munimen,
2530 4472 2586 4522 et
2612 4465 2680 4520 ad
2724 4464 2898 4535 ipsum
2933 4465 3281 4520 reductorum
3313 4463 3620 4521 restitutiva
3645 4477 3762 4517 ma-

2175 4558 2457 4624 nuductio,
2487 4565 2542 4612 et
2569 4556 3000 4613 illuminatorum
3032 4555 3374 4622 illuminatio,
3407 4567 3462 4612 et
3493 4553 3755 4627 perfecto-

2177 4667 2298 4707 rum
2326 4650 2589 4722 perfectio
2611 4649 2946 4720 principalis,
2974 4659 3031 4704 et
3070 4650 3379 4705 divinorum
3407 4648 3682 4715 divinitas,
3706 4657 3763 4704 et

2178 4742 2502 4813 simplicium
2530 4742 2868 4812 simplicitas,
2901 4749 2957 4796 et
2977 4741 3254 4797 unitorum
3282 4741 3487 4807 unitas,
3511 4737 3760 4810 principii
3819 4744 3822 4748 ‘

2179 4834 2357 4890 omnis
2384 4834 2911 4906 superessentialiter
2937 4834 3400 4905 superprincipale
3416 4831 3759 4903 principium,

485 4920 543 4968 et
581 4915 793 4973 occulta
836 4915 1124 4972 divinitate
1162 4932 1270 4972 non
1300 4915 1605 4972 audendum
1653 4918 1857 4986 dicere,
1899 4931 2067 4989 neque

2182 4935 2241 4982 et
2257 4925 2480 4992 occulti,
2502 4925 2798 4982 secundum
2818 4925 2962 4994 quod
2980 4931 3026 4964 ιδ
3033 4925 3238 4994 justum
3257 4932 3360 4988 est,
3379 4922 3582 4993 optima
3599 4920 3764 4976 tradi-

489 4999 790 5075 intelligere
815 5007 946 5078 quid
964 5047 981 5074 ,
1009 5018 1226 5078 praeter
1258 5006 1519 5063 divinitus
1554 5007 1712 5065 nobis
1758 5024 1828 5065 ex
1854 5008 1877 5040 '
1903 5011 2076 5066 sacris
2101 5004 2156 5064 D
2181 5019 2347 5085 timet
2367 5017 2685 5086 simpliciter
2705 5015 3327 5081 dicendum,viventium
3352 5015 3484 5079 vita,
3497 5021 3554 5070 et
3573 5026 3766 5068 eorum

490 5096 724 5167 eloquiis
760 5116 1042 5173 expressa.
1075 5103 1289 5159 Etenim
1329 5102 1412 5158 sic
1441 5101 1558 5172 ipsa
1596 5101 1663 5157 de
1709 5103 1997 5174 semetipsa
2024 5104 2079 5159 in

2185 5126 2325 5182 quae
2352 5119 2477 5165 sunt
2506 5110 2764 5174 essentia,
2787 5107 2965 5163 omnis
3000 5106 3144 5161 vitae
3171 5115 3229 5161 et
3267 5106 3540 5161 essentiae
3563 5103 3769 5173 princi-

489 5188 723 5261 eloquiis
745 5195 956 5266 optime
975 5196 1020 5228 “
1050 5195 1312 5253 tradidit:
1349 5195 1466 5266 ejus
1510 5195 1749 5265 quidem,
1772 5196 1951 5268 qualis
1977 5203 2083 5264 est,
2185 5202 2336 5273 pium
2365 5209 2420 5256 et
2439 5216 2626 5266 causa,
2653 5214 2750 5269 per
2777 5212 2952 5263 suam,
2981 5205 3041 5252 ut
3067 5197 3180 5254 sint
3198 5210 3340 5268 quae
3357 5202 3507 5262 sunt,
3531 5193 3763 5251 activam

489 5278 722 5341 scientia
761 5293 820 5344 et
856 5285 1245 5358 contemplatio
1308 5285 1561 5343 omnibus
1600 5285 1750 5343 invia
1795 5295 1912 5355 est,
1944 5303 2085 5359 quae
2187 5300 2243 5348 et
2271 5293 2636 5348 continentem
2666 5289 2966 5346 bonitatem

1848 5398 2104 5457 VARIAE
2131 5398 2535 5459 LECTIONES.

567 5507 786 5569 ‘AEr

495 5577 710 5638 'A‘se

849 5513 1134 5570 attendunt.

782 5584 913 5641 ibus.
1005 5585 1028 5617 ⁸
1058 5587 1127 5640 Α·
1165 5585 1384 5641 virtutis.

1232 5515 1254 5548 ²
1291 5513 1358 5568 Α⁶
1387 5520 1528 5568 certa
1563 5513 1893 5569 moderantia
1921 5516 2098 5571 divina
2125 5515 2194 5572 ad
2221 5493 2545 5574 sanetitales.

1481 5584 1501 5617 '
1532 5585 1604 5656 Α·
1645 5600 1790 5640 voces
1817 5602 1974 5656 super
2011 5588 2238 5643 animos.

3347 5513 3372 5546 ⁸
3405 5520 3528 5570 sunt
3552 5527 3661 5571 om.
3703 5510 3774 5567 Ε..

2667 5516 2688 5548 ³
2714 5513 2808 5572 ΔΕ
2831 5514 3250 5586 distinguentem.
3347 5513 3372 5546 ⁸
3405 5520 3528 5570 sunt
3552 5527 3661 5571 om.
3703 5513 3774 5567 Ε..

2668 5626 2682 5642 .
2778 5587 2803 5623 ⁸
2837 5585 2905 5642 Α·
2932 5585 3009 5642 in.
3105 5585 3150 5620 ¹⁹
3185 5587 3252 5642 Α⁶
3286 5587 3516 5659 proprie.
3601 5584 3646 5621 “
3679 5580 3776 5638 ΒΗ

2337 5591 2361 5623 ⁸
2395 5589 2464 5660 Α,
2488 5589 2682 5644 unitas.
2778 5587 2803 5623 ⁸
2837 5585 2905 5642 Α·
2932 5585 3009 5642 in;

483 5663 798 5733 .onentea
829 5655 875 5687 ¹³
909 5654 978 5712 Δ·
996 5656 1287 5728 fastorum.
1364 5655 1409 5689 ³³
1434 5654 1480 5711 Α
1509 5655 1790 5711 ducantur.
1867 5654 1910 5688 (⁸
1938 5657 2078 5738 quod
2128 5675 2238 5738 om.
2274 5659 2352 5741 ΤΕ.

570 5851 603 5886 ι
639 5840 664 5899 ι
694 5841 804 5902 Cor
833 5842 899 5913 ll,
937 5843 990 5900 4.

1987 5747 2242 5831 NOTAE.
