4168 6284
555 398 693 456 1119

1945 382 2232 442 JOANNIS
2266 383 2460 441 SCOTI
2512 449 2515 454 _

3023 371 3099 385 h“.
3134 371 3138 374 ”

3707 393 3858 451 1120

550 516 732 573 crines
758 523 807 578 ο,
838 517 895 567 et
935 508 1106 564 facies
1148 506 1200 576 ιι,
1228 515 1284 562 et
1313 520 1506 562 manus
1533 514 1581 572 ο,
1608 510 1664 560 et
1690 501 1989 576 posteriora
2018 500 2069 567 ἀ,
2093 517 2124 557 e

2255 517 2372 555 rum
2400 500 2505 556 hoc
2535 513 2550 552 :
2583 498 2697 570 Ego
2719 516 2835 556 sum
2859 494 2953 572 qui
2987 518 3105 558 sum
3129 513 3174 559 ⁸.
3211 503 3270 560 Si
3298 519 3406 562 non
3435 507 3735 563 secundum
3771 519 3855 565 to-

549 621 759 680 pennas
779 617 823 670 ο,
850 615 906 659 et
930 601 1152 658 brachia
1182 599 1229 667 ἲ,
1251 608 1306 655 et
1333 601 1492 656 dorsa
1518 601 1565 663 ε,
1589 605 1643 653 et
1669 598 1835 667 pedes
1853 596 1882 636 ιι
1900 595 2141 661 laudant,

554 708 893 764 coronasque
926 694 972 759 ί,
1003 699 1057 748 et
1089 692 1311 747 thronos
1339 690 1388 754 ιι,
1425 697 1482 745 et
1507 688 1734 744 calicem
1766 685 1811 754 ι,
1860 696 1918 742 et
1967 695 2143 742 crate-

557 804 648 845 ras
673 786 790 856 ejus
804 795 869 853 ¹“,
891 794 946 842 et
967 771 1471 854 alia'quaecumque
1491 780 1719 852 mystica
1738 788 1884 846 sunt,
1908 779 2140 835 circum-

551 881 809 946 formant,
863 879 931 933 de
961 877 1157 948 quibus
1184 876 1238 930 in
1279 873 1574 946 symbolica
1607 870 1902 941 Theologia
1948 886 2142 927 secun-

550 983 679 1028 dum
702 972 959 1027 virtutem
990 964 1426 1024 diximus.'Nunc
1448 977 1578 1020 vero
1601 973 1952 1033 quaecunque
1976 974 2136 1031 prae-

548 1064 720 1120 sentis
742 1071 869 1118 sunt
890 1059 1140 1126 actionis,
1159 1073 1227 1115 ex
1246 1055 1478 1128 eloquiis
1491 1061 1901 1126 congregantes,
1925 1061 1980 1108 et
2000 1053 2142 1108 sicut

547 1157 779 1227 quadam
814 1154 996 1225 regula
1036 1153 1146 1216 his,
1174 1165 1314 1222 quae
1342 1150 1487 1206 dicta
1516 1156 1662 1212 sunt,
1697 1149 1931 1211 utentes,
1969 1153 2025 1200 et
2071 1145 2140 1200 ad

543 1261 608 1304 ea
626 1246 998 1317 respicientes,
1033 1243 1100 1298 ad
1125 1240 1511 1297 reserationem
1551 1236 1901 1294 invisibilium
1927 1235 2138 1292 divino-

547 1355 668 1396 rum
701 1337 979 1393 nominum
1006 1333 1407 1407 provoniamus.
1433 1331 1658 1402 thuod
1676 1329 1893 1400 quidem
1923 1343 2139 1399 semper

541 1443 643 1501 per
662 1443 880 1484 omnem
902 1423 1428 1495 nobis,Theologiam
1457 1420 1759 1478 ierarchica
1781 1419 1870 1475 lex
1899 1418 2133 1486 induxit,

543 1522 727 1577 divina
765 1517 1182 1588 contemplativa
1219 1517 1421 1572 virtute
1460 1513 1817 1584 theophanias
1874 1511 2134 1583 inspicie-

543 1631 685 1678 mus,
711 1614 930 1686 proprie
960 1614 1142 1670 dicere
1185 1613 1448 1680 theorias,
1485 1620 1541 1667 et
1569 1626 1729 1665 aures
1753 1625 1936 1666 sacras
1969 1610 2134 1664 mira-

540 1705 730 1760 bilium
755 1705 1061 1760 divinorum
1105 1703 1386 1761 nominum
1416 1702 1865 1774 replicationibus
1895 1716 2133 1772 appona-

541 1809 683 1860 mus,
723 1795 928 1850 sanctis
993 1804 1183 1851 sancta
1234 1795 1534 1851 secundum
1596 1794 1834 1850 divinam
1884 1793 2130 1848 traditio-

2251 599 2357 644 tam
2420 590 2573 644 aiunt
2623 590 2965 648 divinitatem
3022 592 3253 661 laudari,
3292 592 3450 664 juxta
3494 587 3670 653 unam
3717 615 3853 657 vero

2245 693 2452 754 partem
2478 683 2583 738 hoc
2604 682 2856 747 describi,
2878 683 2988 738 vim
3015 684 3255 741 faciunt:
3275 689 3547 757 quomodo
3571 693 3796 748 audient
3829 715 3846 752 :

2245 777 2372 830 haec
2395 785 2570 830 autem
2597 776 2746 842 dicit,
2764 775 2854 846 qui
2869 786 2968 841 est,
2993 778 3085 849 qui
3107 781 3346 851 erat,qui
3368 792 3616 838 venturus
3643 795 3718 839 est
3737 803 3849 840 om-

2245 869 2480 940 nipotens
2509 870 2550 922 ‘.
2578 868 2644 924 Et
2675 886 2688 923 :
2722 868 2802 922 Tu
2837 886 2959 924 vero
2984 872 3124 925 idem
3153 872 3265 940 ipse
3292 890 3348 928 es
3384 884 3434 927 ιι.
3460 873 3528 929 Et
3557 893 3573 930 :
3605 875 3844 947 Spiritus

2242 960 2476 1014 ueritatis
2503 961 2718 1032 est,'qui
2760 978 2793 1014 a
2825 958 2990 1018 Patre
3019 965 3253 1034 procedit
3277 973 3326 1018 ν.
3366 966 3436 1021 Et
3458 967 3508 1022 si
3533 983 3640 1023 non
3669 978 3840 1025 t0tam

2243 1063 2364 1106 esse
2383 1051 2536 1105 aiunt
2556 1051 2795 1106 divinam
2810 1052 3000 1119 vitam,
3018 1056 3288 1124 quomodo
3308 1071 3518 1124 verum,
3535 1058 3681 1127 quod
3701 1059 3841 1117 dixit

2241 1139 2484 1196 divinum
2503 1143 2738 1198 Verbum
2757 1161 2769 1196 :
2789 1142 2940 1200 Sicut
2956 1142 3121 1200 Pater
3130 1148 3349 1202 suscitat
3379 1138 3618 1206 mortuos
3637 1161 3688 1205 et
3707 1153 3840 1208 uici-

2239 1233 2388 1302 ﬁcat,
2417 1233 2494 1287 sic
2530 1244 2577 1288 et
2606 1232 2806 1301 Filius,
2834 1252 2964 1306 quos
3004 1236 3135 1304 vult,
3171 1235 3400 1308 viviﬁcat
3435 1248 3521 1294 π.
3557 1241 3668 1296 Et:
3695 1243 3838 1309 Quia

2241 1320 2472 1393 Spiritus
2491 1333 2566 1379 est
2587 1325 2855 1394 uiviﬁcam
2884 1340 2933 1380 ι.
2968 1328 3248 1394 Quomodo
3271 1345 3402 1385 vero
3429 1338 3486 1386 et
3510 1330 3836 1389 dominatio-

2240 1432 2367 1471 nem
2398 1416 2561 1473 habet
2590 1419 2832 1473 omnium
2864 1427 2972 1474 tota
3005 1421 3283 1489 divinitas,
3317 1422 3385 1477 de
3406 1422 3627 1492 quidem
3665 1425 3837 1480 Deum

2238 1508 2495 1579 gignente
2533 1509 2755 1576 deitate,
2803 1521 2899 1566 aut
2951 1515 3150 1584 genita,
3197 1514 3272 1569 nil
3321 1515 3613 1572 dicendum
3643 1527 3747 1584 est,
3777 1526 3834 1572 ut

2238 1601 2492 1668 aestimo,
2519 1603 2733 1673 quoties
2763 1618 2793 1658 a
2823 1603 3115 1676 Theologia
3144 1607 3198 1661 in
3233 1606 3397 1664 Patre
3427 1617 3482 1664 et
3502 1607 3638 1665 Filio
3665 1610 3837 1666 divul-

2237 1703 2397 1766 gatur
2414 1695 2699 1764 Dominus,
2713 1698 2810 1753 sed
2829 1707 2883 1752 et
2899 1698 3161 1755 Dominus
3181 1699 3421 1771 Spiritus
3443 1713 3546 1767 est,
3563 1710 3618 1758 et
3631 1703 3837 1759 bonum

2239 1796 2421 1843 autem
2467 1798 2524 1844 et
2566 1790 2785 1865 sapiens
2816 1793 2868 1846 in
2901 1801 3012 1847 tota
3048 1794 3331 1849 divinitate
3363 1795 3630 1863 laudatur,
3661 1808 3715 1852 et
3745 1798 3836 1852 lu-

539 1903 664 1943 nem
693 1888 1018 1945 collocantes
1040 1899 1090 1956 ιι,
1117 1897 1173 1944 et
1194 1887 1576 1944 indoctishaec
1603 1885 1970 1942 deridentibus
1991 1895 2046 1941 et
2072 1885 2136 1940 il-
2167 1861 2213 1922 Β
2245 1896 2391 1948 men,
2426 1891 2482 1936 et
2507 1861 2778 1948 deiﬁcum,
2814 1894 2869 1940 et
2898 1885 3233 1954 causale,“et
3261 1889 3445 1943 omnia
3475 1861 3834 1960 quaecunque

535 1977 848 2035 ludentibus
886 1981 1237 2035 auferentes:
1275 1979 1448 2050 magis
1484 1987 1663 2034 autem
1701 1979 1848 2048 ipsos
1878 1976 2017 2042 illos,
2056 1977 2132 2032 si-

543 2072 767 2143 quidem
795 2073 1019 2128 omnino
1040 2081 1168 2128 sunt
1196 2071 1504 2152 hujusmodi
1527 2070 1748 2142 quidam
1774 2070 2044 2136 homines,
2076 2071 2132 2125 in

537 2165 644 2220 hoc
671 2165 852 2221 divina
873 2182 1053 2238 pugna
1078 2166 1427 2222 redimentes.
1454 2165 1532 2220 Te
1549 2163 1770 2235 quidem
1796 2163 1933 2219 haec
1953 2171 2132 2219 custo-

529 2255 654 2312 dire
671 2265 906 2328 oportet,
931 2273 963 2313 ο
985 2257 1127 2312 bone
1151 2255 1494 2324 Thimothee,
1515 2255 1672 2324 juxta
1701 2255 2130 2311 sacratissimam

533 2347 925 2415 inductionem,
944 2333 1192 2419 etneque
1214 2349 1378 2414 dicta,
1404 2364 1579 2418 neque
1606 2347 1813 2418 prolata
1845 2347 2025 2403 divina
2049 2346 2130 2403 fa-

531 2456 661 2497 cere
677 2443 730 2497 in
747 2443 1013 2500 indoctos.
1034 2442 1164 2498 Mihi
1185 2453 1365 2499 autem
1387 2443 1478 2499 det
1498 2443 1640 2499 Deus
1661 2441 1921 2498 divinitus
1943 2441 2129 2498 lauda-

527 2548 594 2590 re
625 2549 733 2590 non
755 2545 980 2592 vocatae
999 2544 1055 2591 et
1074 2550 1180 2590 non
1207 2534 1515 2589 nominatae
1537 2533 1840 2590 divinitatis
1852 2531 2128 2589 beneficas

527 2624 729 2680 multas
767 2625 1187 2693 nominationes,
1244 2634 1301 2681 et
1341 2640 1412 2682 ne
1464 2623 1682 2681 auferat
1723 2622 1952 2682 verbum
1979 2622 2126 2680 veri-

529 2719 657 2776 tatis
682 2735 752 2777 ex
787 2734 885 2776 ore
912 2735 1037 2778 meo
1069 2727 1118 2774 ο.

1073 2854 1475 2914 CAPITULUM
1512 2855 1558 2912 ιι
1601 2821 1606 2826 ’

524 2969 608 3029 De
647 2971 799 3029 unita
817 2982 867 3031 et
895 2972 1123 3029 discreta
1149 2973 1430 3045 theologia,
1467 2983 1516 3028 et
1541 2985 1678 3045 quae
1705 2971 1772 3028 sit
1796 2969 1976 3027 divina
2000 2970 2120 3026 uni-

867 3067 869 3070 ·
901 3071 904 3073 >
1087 3053 1170 3102 tas
1199 3057 1250 3101 et
1274 3045 1542 3101 discretio.

602 3173 855 3236 Divinam
896 3186 1066 3236 totam
1115 3177 1548 3244 subsistentiam,
1599 3176 1728 3249 quia
1767 3183 1858 3254 est
1891 3188 1991 3244 per
2035 3186 2120 3229 se-

2243 1974 2408 2030 totius
2437 1975 2740 2033 divinitatis
2771 1977 2916 2045 sunt,
2962 1979 3016 2032 in
3065 1995 3283 2036 omnem
3324 1981 3591 2038 reducunt
3619 1983 3834 2053 eloquia

2239 2068 2482 2123 divinam
2526 2071 2895 2141 hymnodiam,
2948 2073 3269 2143 complexim
3320 2075 3560 2143 quidem,
3617 2086 3678 2129 ut
3708 2091 3835 2130 cum

2241 2161 2451 2228 dicunt,
2506 2163 2688 2218 omnia
2719 2179 2786 2218 ex
2836 2164 2970 2231 Deo,
3020 2165 3287 2221 decursim
3336 2180 3482 2231 vero,
3510 2175 3571 2221 ut
3595 2181 3723 2220 cum
3750 2166 3838 2220 ait

2237 2253 2456 2322 quidam
2489 2271 2503 2308 :
2534 2252 2728 2322 Omnia
2758 2272 2851 2325 per
2889 2258 3064 2327 ipsum
3091 2267 3138 2310 et
3171 2258 3226 2310 in
3252 2257 3363 2327 ipso
3394 2267 3573 2311 creata
3598 2265 3746 2322 sunt,
3777 2264 3834 2310 et

2241 2346 2418 2401 omnia
2439 2348 2494 2401 in
2523 2349 2633 2419 ipso
2655 2350 2939 2404 constituta
2961 2360 3080 2404 sunt
3095 2358 3148 2403 1.
3171 2351 3237 2406 Εῐ
3265 2368 3279 2404 :
3311 2350 3503 2405 Emitte
3524 2351 3550 2382 ⁸
3565 2350 3830 2420 Spiritum

2236 2445 2408 2504 tuum,
2424 2447 2473 2492 et
2491 2439 2808 2494 creabantur
2825 2449 2847 2477 ι
2859 2480 2872 2493 .
2888 2441 2954 2494 Ει
2975 2450 3035 2494 ιιι
3055 2441 3296 2496 breviter
3312 2441 3454 2496 dicat
3473 2440 3620 2510 quis,
3648 2440 3828 2510 ipsum

2235 2528 2476 2584 divinum
2505 2529 2584 2584 ait
2611 2531 2848 2586 Verbum
2881 2549 2894 2586 :
2927 2531 3040 2603 Ego
3089 2541 3140 2586 et
3191 2532 3358 2586 Pater
3402 2548 3568 2586 unum
3621 2548 3823 2586 sumus.

2233 2621 2302 2677 Et
2333 2641 2346 2676 :
2380 2621 2571 2677 Omnia
2617 2640 2960 2696 quaecunque
3008 2625 3161 2680 habet
3191 2624 3358 2680 Pater
3396 2641 3511 2678 mea
3538 2634 3679 2679 sunt.
3708 2621 3774 2685 Et
3804 2643 3819 2678 :

2235 2713 2426 2769 Omnia
2441 2731 2555 2770 mea
2581 2725 2674 2769 tua
2693 2727 2839 2784 sunt,
2858 2727 2905 2771 et
2929 2727 3038 2780 tua,
3064 2733 3178 2772 mea
3202 2730 3279 2770 an.
3307 2717 3376 2771 Et
3401 2717 3595 2773 iterum
3623 2734 3636 2770 :
3662 2731 3823 2787 quae-

2234 2820 2448 2876 cunque
2494 2814 2622 2860 sunt
2661 2805 2840 2862 Patris
2871 2815 2926 2863 et
2978 2807 3144 2878 ipsius
3169 2807 3213 2874 ’,
3250 2807 3434 2862 divino
3465 2807 3689 2878 Spiritui
3727 2823 3821 2864 co-

2230 2897 2470 2952 muniter
2514 2905 2570 2952 et
2609 2898 2798 2954 unitim
2856 2907 3125 2970 reponunt
3157 2916 3171 2953 :
3205 2899 3421 2954 divinas
3449 2899 3816 2970 operationes,

2229 2994 2516 3060 honorem,
2566 2993 2791 3060 fontem,
2839 3002 2896 3051 et
2943 3010 3050 3049 non
3099 2993 3440 3050 deficientem
3483 3008 3725 3061 causam,
3763 3002 3821 3050 et

2231 3084 2665 3141 distributionem
2707 3085 3035 3156 Optimarum
3081 3085 3454 3140 donationum.
3495 3083 3566 3139 Et
3612 3084 3820 3140 nullum

2230 3177 2285 3233 in
2318 3178 2516 3235 divinis
2551 3179 2782 3250 eloquiis
2823 3179 3330 3235 inconversibilibus
3378 3177 3689 3234 nationibus
3736 3186 3820 3233 at-

525 3271 704 3342 ipsam
731 3270 972 3339 bonitas,
1028 3285 1322 3342 segregans
1359 3277 1418 3324 et
1447 3243 1758 3338 exprimens
1796 3251 1865 3321 ab
1892 3243 2122 3334 eloquiis

2233 3273 2484 3328 tritorum
2530 3273 2761 3330 aestimo
2791 3273 2861 3328 ad
2902 3273 3005 3328 hoc
3035 3271 3432 3338 contradicere,
3466 3269 3597 3340 quia
3633 3270 3816 3324 divina

524 3362 800 3418 laudatur.
851 3362 922 3416 Et
959 3361 1090 3432 quid
1131 3361 1276 3417 enim
1306 3359 1453 3416 aliud
1479 3359 1797 3415 discendum
1826 3366 1910 3413 cst
1939 3372 2006 3411 ex
2037 3370 2125 3410 sa-

536 3467 634 3508 cra
689 3452 986 3524 theologia,
1032 3468 1155 3507 cum
1204 3453 1303 3519 ait,
1352 3448 1688 3506 divinitatem
1728 3445 1898 3520 ipsam
1955 3449 2124 3503 intro-

530 3543 752 3600 ductam
779 3544 961 3598 dicere
989 3558 1005 3598 :
1039 3542 1180 3608 Quid
1209 3559 1291 3597 me
1331 3544 1625 3613 interrogas
1655 3540 1719 3596 de
1747 3540 1923 3595 bona?
1955 3538 2122 3594 Nemo

530 3634 697 3688 bonus
732 3633 833 3688 nisi
862 3632 1004 3706 solus
1032 3632 1173 3687 Deus
1192 3643 1238 3686 P.
1271 3632 1386 3688 Hoc
1407 3632 1624 3701 quidem
1649 3629 1705 3686 et
1731 3633 1785 3687 in
1817 3631 1938 3688 aliis
1961 3647 2126 3702 quae-

527 3726 694 3782 situm
744 3723 902 3780 nobis
935 3724 1260 3791 ostenditur,
1302 3740 1494 3781 omnes
1531 3740 1747 3795 semper
1774 3725 1884 3781 Deo
1917 3726 2126 3796 praedi-

530 3827 647 3875 ctas
691 3817 902 3874 divinas
953 3819 1353 3874 nominationes
1393 3833 1500 3875 non
1547 3819 1768 3889 partim,
1800 3818 1896 3875 sed
1928 3818 2124 3874 intota

530 3921 589 3968 et
636 3911 1035 3984 perfectissima
1086 3921 1143 3969 et
1189 3913 1402 3985 integra
1449 3920 1505 3968 et
1547 3912 1706 3984 plena
1747 3913 2033 3968 divinitate
2053 3914 2122 3968 ab

531 4003 765 4074 eloquiis
805 4004 1036 4071 laudari,
1079 4011 1139 4060 et
1165 4019 1356 4060 omnes
1385 4019 1479 4059 eas
1505 4003 1930 4074 impartibiliter,
1961 4003 2122 4059 abso-

529 4093 661 4162 lute,
687 4095 1055 4165 inobservate,
1081 4095 1479 4161 universaliter,
1507 4096 1654 4151 omni
1680 4098 1696 4127 ι
1726 4096 2122 4152 universalitati

527 4186 585 4242 in
621 4197 735 4245 toto
763 4187 1024 4259 perfecte,
1054 4197 1110 4244 et
1137 4189 1316 4244 omnis
1337 4187 1635 4244 divinitatis
1669 4189 1877 4260 reponi.
1907 4187 2122 4245 Etenim

527 4281 670 4338 sicut
713 4282 768 4336 in
811 4283 1129 4355 theologicis
1164 4283 1574 4340 characteribus
1623 4284 2026 4352 admonuimus,
2075 4283 2122 4340 si

526 4389 635 4429 non
665 4373 732 4429 de
757 4381 865 4430 tota
897 4376 1192 4430 Divinitate
1221 4375 1422 4430 dixerit
1442 4374 1566 4446 quis
1592 4375 1696 4431 hoc
1717 4375 1848 4442 dici,
1873 4375 2121 4447 blasphe-

527 4475 643 4521 mat
669 4476 722 4532 ει,
755 4477 810 4522 et
844 4467 1094 4523 scindere
1118 4465 1320 4536 injuste
1345 4465 1510 4521 audet
1534 4467 1910 4536 superunitam
1938 4465 2119 4521 unita--

532 4567 663 4613 tem.
705 4557 1000 4614 Dicendum
1036 4547 1223 4627 igitur,
1273 4559 1545 4627 quomodo
1568 4559 1624 4614 in
1651 4559 1797 4614 omni
1829 4557 2136 4616 Divinitate

527 4649 633 4704 hoc
661 4647 1058 4716 accipiendum.
1108 4647 1321 4703 Etenim
1365 4649 1540 4722 ipsum
1568 4665 1634 4704 ex
1666 4651 1807 4704 bono
1834 4659 2020 4705 natum
2042 4650 2119 4706 ait

528 4739 764 4794 Verbum
791 4757 805 4794 :
831 4739 944 4811 Ego
970 4740 1134 4796 bonus
1170 4757 1286 4796 sunt
1312 4741 1443 4796 '.Et
1471 4741 1691 4812 quidam
1727 4741 1838 4796 Deo
1867 4751 2114 4812 accepta-

525 4827 715 4884 bilium
743 4832 1131 4902 prophetarum
1171 4831 1356 4888 laudat
1382 4831 1646 4901 Spiritum
1673 4831 1899 4888 bonum.
1921 4832 1992 4888 Et
2019 4834 2115 4888 ite.

2226 3363 2406 3418 omnia
2440 3363 2537 3418 toti
2567 3362 2838 3423 divinitati
2869 3372 3061 3418 assunt
3089 3362 3382 3418 secundam
3423 3361 3659 3418 divinam
3690 3376 3819 3431 per-

2227 3453 2426 3510 fectam
2450 3454 2736 3510 rationem.
2773 3453 2867 3511 llis
2896 3455 3062 3526 igitur
3087 3471 3118 3509 a
3141 3454 3299 3512 nobis
3327 3455 3568 3510 breviter
3595 3454 3815 3524 quidem

2227 3547 2283 3601 in
2334 3546 2530 3602 talibus
2559 3557 2616 3601 et
2643 3547 2866 3618 partim,
2913 3547 2966 3602 in
3023 3547 3145 3602 aliis
3190 3561 3319 3602 vero
3364 3545 3697 3602 sufficienter
3747 3560 3818 3599 ex

2226 3637 2455 3707 eloquiis
2503 3647 2558 3694 et
2603 3639 2840 3694 ostensis
2868 3646 2923 3694 et
2962 3637 3219 3703 definitis,
3251 3636 3693 3708 qualemcumque
3720 3651 3815 3690 re-

2224 3728 2428 3800 plicare
2464 3728 2703 3784 divinam
2747 3730 3174 3786 nominationem
3205 3728 3570 3785 universalem
3590 3727 3815 3786 conabi-

2226 3836 2369 3886 mur,
2401 3821 2456 3876 in
2479 3829 2590 3876 tota
2637 3821 2755 3892 ipsa
2805 3821 3088 3878 divinitate
3141 3823 3536 3892 accipiendum.
3581 3820 3639 3876 Si
3682 3834 3816 3876 vero

2225 3914 2349 3984 quis
2372 3915 2591 3981 dixerit,
2618 3914 2989 3972 confusionem
3019 3929 3119 3971 nos
3145 3915 3200 3969 in
3230 3915 3333 3970 hoc
3355 3922 3545 3972 contra
3577 3911 3817 3968 divinam

2227 4005 2608 4062 discretionem
2637 4007 2999 4075 introducere,
3032 4006 3194 4063 talem
3219 4007 3487 4062 rationem
3518 4020 3619 4062 nos
3644 4019 3818 4074 neque

2227 4096 2405 4168 ipsum
2453 4099 2806 4156 aestimamus
2851 4101 3083 4156 suadere
3122 4097 3496 4164 sufﬁcientem,
3547 4097 3818 4168 quomodo

2225 4199 2310 4247 est
2337 4207 2525 4247 verax.
2571 4191 2852 4262 Siquidem
2889 4193 3036 4249 enim
3063 4200 3148 4248 est
3177 4191 3299 4262 quis
3328 4192 3552 4248 omnino
3587 4189 3818 4260 eloquiis

2226 4282 2497 4339 absistens
2516 4283 2560 4351 δ,
2604 4283 2764 4355 longe
2810 4282 2886 4339 ibi
2933 4282 3314 4339 universaliter
3345 4282 3450 4338 erit
3486 4290 3545 4338 et
3571 4298 3603 4337 a
3629 4291 3817 4337 nostra

2225 4376 2589 4448 philosophia.
2645 4376 2716 4432 Et
2761 4377 2810 4434 si
2861 4391 2970 4433 non
3011 4391 3078 4433 ex
3121 4375 3460 4446 eloquiorum
3498 4374 3604 4431 sibi
3633 4371 3816 4430 divina
3890 4389 3892 4392 ν

2225 4469 2497 4540 sapientia
2532 4477 2712 4537 curat,
2761 4471 3033 4542 quomodo
3072 4469 3297 4526 etiama
3323 4468 3481 4524 nobis
3519 4464 3733 4522 curabit
3758 4464 3817 4518 in

2231 4562 2588 4635 theologicam
2619 4562 2904 4619 scientiam
2933 4577 3064 4619 suae
3100 4559 3572 4617 manuductionis?
3611 4558 3667 4616 Si
3717 4572 3816 4611 au-

2233 4663 2340 4712 tem
2389 4655 2444 4709 in
2493 4653 2832 4724 eloquiorum
2880 4654 3170 4710 veritatem
3217 4652 3455 4722 respicit,
3497 4651 3595 4705 hac
3621 4655 3677 4702 et
3709 4661 3814 4702 nos

2225 4747 2408 4820 regula
2448 4757 2504 4804 et
2547 4747 2751 4803 lumine
2802 4755 3016 4801 utentes
3065 4746 3130 4800 ad
3177 4745 3491 4816 apologiam,
3542 4747 3810 4810 quantum

2224 4849 2471 4911 potentes
2519 4857 2728 4910 sumus,
2786 4850 2937 4899 recte
2985 4841 3316 4911 gradiemur,
3369 4838 3625 4903 dicentes,
3666 4847 3810 4905 quo-

1762 4943 2022 5002 VARIAE
2061 4947 2471 5024 LECTIONES.

601 5061 622 5094 ί
653 5060 1020 5119 unisersattter
1039 5060 1181 5120 omni
1207 5074 1316 5117 om.
1347 5055 1464 5113 BH.
1542 5057 1565 5090 ²
1593 5055 1686 5115 Sic
1710 5057 1788 5128 E;
1819 5060 1958 5118 ΑΒΗ
1985 5063 2229 5120 Emittes.

2333 5067 2353 5098 ³
2375 5065 2467 5123 ΒΗ
2495 5068 2620 5140 ipsi.
2745 5070 2768 5101 ⁵
2789 5067 2838 5124 Α
2866 5068 3172 5124 subsistens.

2045 5175 2302 5235 NOTAE.

1722 5285 1752 5328 ιι
1773 5285 1911 5343 Dan.
1944 5287 2057 5345 VII.

1725 5357 1745 5397 1
1775 5359 1915 5413 Psal.
1939 5359 2100 5416 CXV.

599 5300 631 5330 ι
658 5285 870 5345 Cantic.
895 5286 964 5344 V.

599 5359 632 5399 ὶ
654 5357 801 5416 Psal.
823 5354 1064 5413 XXXIII.

603 5439 628 5468 ε
651 5429 798 5486 Psal.
827 5427 1054 5484 CXVIII.
1721 5439 1764 5469 ω
1788 5429 1946 5484 Cant.
1978 5430 2088 5486 VII.

599 5498 630 5542 «ι
649 5499 786 5557 Gen,
810 5499 950 5555 xv].
1723 5509 1752 5536 ιι
1782 5500 1971 5554 Matth.
2002 5502 2112 5556 VII.

603 5580 630 5610 ⁸
656 5571 815 5628 Deut.
842 5568 1057 5628 XXXII.
1728 5577 1754 5604 °
1783 5569 1928 5624 Psal.
1958 5571 2189 5628 CXVIII.

600 5639 625 5680 ί
651 5640 756 5696 Isa.
790 5641 901 5697 LII.
1723 5649 1754 5690 P
1777 5640 2128 5697 Matth.XlX.
2147 5644 2189 5697 1³

599 5711 631 5752 ⁸
659 5711 830 5768 Exod.
866 5710 1104 5769 XXXIII.
1721 5721 1750 5762 ιι
1778 5709 1936 5769 Joan.
1967 5712 2035 5770 X.

596 5777 628 5818 δ
654 5778 813 5834 Deut.
842 5780 1084 5837 XXXIII.

575 5798 628 5913 ,ἶ
654 5798 1084 5906 iiif'ﬁit’v‘.”
1337 5798 1346 5816 ’
1653 5798 1738 5906 ιοῖ

1723 5649 1754 5690 p
1777 5640 2128 5716 μαι-χιχ,
2147 5644 2233 5713 17,
2253 5643 2386 5703 Luc.
2399 5645 2585 5716 XVIII,
2603 5645 2692 5703 19.

1725 5791 1748 5819 ι
1777 5781 1967 5840 Matth.
1995 5781 2255 5867 XX,_1_5;
2306 5788 2451 5846 Psal.
2489 5787 2694 5856 CXLII,

2842 5309 2863 5336 υ
2899 5294 3071 5350 Exod.
3100 5295 3190 5362 Ill,
3225 5294 3307 5350 14.
3361 5354 3366 5356 _

2843 5369 2863 5404 ι
2902 5368 3070 5437 Apoc.
3097 5366 3139 5433 l,
3168 5366 3225 5421 4.

2835 5449 2866 5481 ι
2895 5437 3040 5492 Psal.
3066 5437 3153 5501 CI,
3182 5438 3276 5492 ‘28.

2837 5517 2866 5547 ν
2894 5507 3052 5564 Jaan.
3091 5505 3209 5572 XV,
3240 5506 3332 5561 26.

2838 5587 2898 5616 τ’
2925 5577 3082 5633 Joan.
3117 5576 3184 5643 V,
3207 5577 3301 5631 21.

2841 5661 2870 5691 ι
2907 5647 3065 5703 Joan.
3105 5647 3192 5714 Vl,
3219 5647 3309 5701 64.

2841 5727 2870 5770 7
2899 5718 3060 5774 Rom.
3089 5717 3183 5782 XI,
3210 5717 3299 5771 56.

2847 5800 2870 5828 ι
2895 5789 3041 5845 Psal.
3071 5787 3201 5854 CIII,
3229 5786 3299 5841 30

2844 5873 2903 5903 ιι
2925 5859 3080 5916 Joan.
3109 5852 3308 5928 L30;
3331 5852 3490 5912 XVII.
