  <div class='ocr_page' id='page_1' title='image "/cluster/home/n/w/nwhite01/storage/ocr_20150623/122/pst.000018028355/598.png"; bbox 0 0 4168 6284; ppageno 0'>
   <div class='ocr_carea' id='block_1_1' title="bbox 296 298 438 358">
    <p class='ocr_par' dir='ltr' id='par_1_1' title="bbox 296 298 438 358">
     <span class='ocr_line' id='line_1_1' title="bbox 296 298 438 358; baseline -0.014 0"><span class='ocrx_word' id='word_1_1' title='bbox 296 298 438 358; x_wconf 65' lang='grc' dir='ltr'>ιω</span> 
     </span>
    </p>
   </div>
   <div class='ocr_carea' id='block_1_2' title="bbox 940 259 2914 344">
    <p class='ocr_par' dir='ltr' id='par_1_2' title="bbox 940 259 2914 344">
     <span class='ocr_line' id='line_1_2' title="bbox 940 259 2914 344; baseline -0.014 -1"><span class='ocrx_word' id='word_1_2' title='bbox 940 283 1194 344; x_wconf 78' lang='lat' dir='ltr'><strong>VERSIO</strong></span> <span class='ocrx_word' id='word_1_3' title='bbox 1225 280 1514 341; x_wconf 75' lang='grc' dir='ltr'><strong>οΡΕειωι</strong></span> <span class='ocrx_word' id='word_1_4' title='bbox 1550 279 1610 338; x_wconf 85' lang='lat' dir='ltr'><strong>S.</strong></span> <span class='ocrx_word' id='word_1_5' title='bbox 1648 273 1968 336; x_wconf 77' lang='lat' dir='ltr'><strong>DIONYSII.</strong></span> <span class='ocrx_word' id='word_1_6' title='bbox 2004 299 2076 316; x_wconf 90' lang='lat'><strong>—</strong></span> <span class='ocrx_word' id='word_1_7' title='bbox 2110 270 2200 330; x_wconf 86' lang='lat' dir='ltr'><strong>DE</strong></span> <span class='ocrx_word' id='word_1_8' title='bbox 2232 262 2485 327; x_wconf 72' lang='lat' dir='ltr'><strong>DIVINIB</strong></span> <span class='ocrx_word' id='word_1_9' title='bbox 2519 259 2914 325; x_wconf 73' lang='lat' dir='ltr'><strong>NOMlNlBUS.</strong></span> 
     </span>
    </p>
   </div>
   <div class='ocr_carea' id='block_1_3' title="bbox 3433 260 3575 317">
    <p class='ocr_par' dir='ltr' id='par_1_3' title="bbox 3433 260 3575 317">
     <span class='ocr_line' id='line_1_3' title="bbox 3433 260 3575 317; baseline 0 -1"><span class='ocrx_word' id='word_1_10' title='bbox 3433 260 3575 317; x_wconf 60' lang='grc' dir='ltr'><strong>«ηε</strong></span> 
     </span>
    </p>
   </div>
   <div class='ocr_carea' id='block_1_4' title="bbox 296 364 3578 478">
    <p class='ocr_par' dir='ltr' id='par_1_4' title="bbox 296 364 3578 478">
     <span class='ocr_line' id='line_1_4' title="bbox 296 364 3578 478; baseline -0.01 -3"><span class='ocrx_word' id='word_1_11' title='bbox 296 413 462 475; x_wconf 81' lang='lat' dir='ltr'><strong>modo</strong></span> <span class='ocrx_word' id='word_1_12' title='bbox 486 406 750 478; x_wconf 79' lang='lat' dir='ltr'><strong>theologia</strong></span> <span class='ocrx_word' id='word_1_13' title='bbox 770 403 1034 476; x_wconf 77' lang='lat' dir='ltr'><strong>quaedam</strong></span> <span class='ocrx_word' id='word_1_14' title='bbox 1057 402 1273 473; x_wconf 84' lang='lat' dir='ltr'><strong>quidem</strong></span> <span class='ocrx_word' id='word_1_15' title='bbox 1300 400 1495 455; x_wconf 89' lang='lat' dir='ltr'><strong>unitim</strong></span> <span class='ocrx_word' id='word_1_16' title='bbox 1523 397 1704 465; x_wconf 91' lang='lat' dir='ltr'><strong>tradit,</strong></span> <span class='ocrx_word' id='word_1_17' title='bbox 1729 411 1892 468; x_wconf 86' lang='lat' dir='ltr'><strong>quae-</strong></span> <span class='ocrx_word' id='word_1_18' title='bbox 1919 399 1968 461; x_wconf 74' lang='grc' dir='ltr'><strong>Α</strong></span> <span class='ocrx_word' id='word_1_19' title='bbox 1996 392 2237 448; x_wconf 90' lang='lat' dir='ltr'><strong>omnium</strong></span> <span class='ocrx_word' id='word_1_20' title='bbox 2275 390 2461 446; x_wconf 87' lang='lat' dir='ltr'><strong>omnia</strong></span> <span class='ocrx_word' id='word_1_21' title='bbox 2499 389 2735 455; x_wconf 86' lang='lat' dir='ltr'><strong>lumina,</strong></span> <span class='ocrx_word' id='word_1_22' title='bbox 2779 396 2837 443; x_wconf 90' lang='lat' dir='ltr'><strong>et</strong></span> <span class='ocrx_word' id='word_1_23' title='bbox 2878 400 3041 442; x_wconf 86' lang='lat' dir='ltr'><strong>unam</strong></span> <span class='ocrx_word' id='word_1_24' title='bbox 3079 384 3380 478; x_wconf 88' lang='lat' dir='ltr'><strong>claritatem</strong></span> <span class='ocrx_word' id='word_1_25' title='bbox 3404 364 3578 443; x_wconf 83' lang='lat' dir='ltr'><strong>indis-</strong></span> 
     </span>
    </p>
   </div>
   <div class='ocr_carea' id='block_1_5' title="bbox 298 489 1884 565">
    <p class='ocr_par' dir='ltr' id='par_1_5' title="bbox 298 489 1884 565">
     <span class='ocr_line' id='line_1_5' title="bbox 298 489 1884 565; baseline -0.015 -1"><span class='ocrx_word' id='word_1_26' title='bbox 298 508 428 565; x_wconf 88' lang='lat' dir='ltr'><strong>dam</strong></span> <span class='ocrx_word' id='word_1_27' title='bbox 453 516 585 558; x_wconf 74' lang='lat' dir='ltr'><strong>vero</strong></span> <span class='ocrx_word' id='word_1_28' title='bbox 611 501 864 555; x_wconf 88' lang='lat' dir='ltr'><strong>discrete.</strong></span> <span class='ocrx_word' id='word_1_29' title='bbox 899 495 966 550; x_wconf 87' lang='lat' dir='ltr'><strong>Et</strong></span> <span class='ocrx_word' id='word_1_30' title='bbox 996 508 1168 563; x_wconf 89' lang='lat' dir='ltr'><strong>neque</strong></span> <span class='ocrx_word' id='word_1_31' title='bbox 1203 491 1350 546; x_wconf 80' lang='lat' dir='ltr'><strong>unita</strong></span> <span class='ocrx_word' id='word_1_32' title='bbox 1389 494 1643 561; x_wconf 84' lang='lat' dir='ltr'><strong>separare</strong></span> <span class='ocrx_word' id='word_1_33' title='bbox 1679 489 1884 558; x_wconf 82' lang='lat' dir='ltr'><strong>justum</strong></span> 
     </span>
    </p>
   </div>
   <div class='ocr_carea' id='block_1_6' title="bbox 301 583 1885 666">
    <p class='ocr_par' dir='ltr' id='par_1_6' title="bbox 301 583 1885 666">
     <span class='ocr_line' id='line_1_6' title="bbox 301 583 1885 666; baseline -0.013 -10"><span class='ocrx_word' id='word_1_34' title='bbox 301 606 409 665; x_wconf 85' lang='lat' dir='ltr'><strong>est,</strong></span> <span class='ocrx_word' id='word_1_35' title='bbox 441 607 615 666; x_wconf 87' lang='lat' dir='ltr'><strong>neque</strong></span> <span class='ocrx_word' id='word_1_36' title='bbox 662 591 893 645; x_wconf 86' lang='lat' dir='ltr'><strong>discreta</strong></span> <span class='ocrx_word' id='word_1_37' title='bbox 943 585 1295 649; x_wconf 81' lang='lat' dir='ltr'><strong>confundere,</strong></span> <span class='ocrx_word' id='word_1_38' title='bbox 1325 583 1420 640; x_wconf 90' lang='lat' dir='ltr'><strong>sed</strong></span> <span class='ocrx_word' id='word_1_39' title='bbox 1450 591 1738 654; x_wconf 81' lang='lat' dir='ltr'><strong>sequentes</strong></span> <span class='ocrx_word' id='word_1_40' title='bbox 1766 596 1885 637; x_wconf 90' lang='lat' dir='ltr'><strong>eam</strong></span> 
     </span>
    </p>
   </div>
   <div class='ocr_carea' id='block_1_7' title="bbox 296 671 1887 760">
    <p class='ocr_par' dir='ltr' id='par_1_7' title="bbox 296 671 1887 760">
     <span class='ocr_line' id='line_1_7' title="bbox 296 671 1887 760; baseline -0.013 -16"><span class='ocrx_word' id='word_1_41' title='bbox 296 688 458 760; x_wconf 79' lang='lat' dir='ltr'><strong>juxta</strong></span> <span class='ocrx_word' id='word_1_42' title='bbox 483 685 735 739; x_wconf 78' lang='lat' dir='ltr'><strong>virtutem</strong></span> <span class='ocrx_word' id='word_1_43' title='bbox 751 680 804 732; x_wconf 85' lang='lat' dir='ltr'><strong>in</strong></span> <span class='ocrx_word' id='word_1_44' title='bbox 819 678 1030 731; x_wconf 79' lang='lat' dir='ltr'><strong>divinos</strong></span> <span class='ocrx_word' id='word_1_45' title='bbox 1051 673 1368 745; x_wconf 78' lang='lat' dir='ltr'><strong>Splendores</strong></span> <span class='ocrx_word' id='word_1_46' title='bbox 1390 672 1676 743; x_wconf 83' lang='lat' dir='ltr'><strong>respicere,</strong></span> <span class='ocrx_word' id='word_1_47' title='bbox 1692 680 1747 726; x_wconf 91' lang='lat' dir='ltr'><strong>et</strong></span> <span class='ocrx_word' id='word_1_48' title='bbox 1764 671 1887 733; x_wconf 88' lang='lat' dir='ltr'><strong>inde</strong></span> 
     </span>
    </p>
   </div>
   <div class='ocr_carea' id='block_1_8' title="bbox 305 763 1886 835">
    <p class='ocr_par' dir='ltr' id='par_1_8' title="bbox 305 763 1886 835">
     <span class='ocr_line' id='line_1_8' title="bbox 305 763 1886 835; baseline -0.011 -1"><span class='ocrx_word' id='word_1_49' title='bbox 305 777 519 835; x_wconf 82' lang='lat' dir='ltr'><strong>divinas</strong></span> <span class='ocrx_word' id='word_1_50' title='bbox 547 769 1015 829; x_wconf 81' lang='lat' dir='ltr'><strong>manifestationes</strong></span> <span class='ocrx_word' id='word_1_51' title='bbox 1044 766 1397 835; x_wconf 79' lang='lat' dir='ltr'><strong>accipientes,</strong></span> <span class='ocrx_word' id='word_1_52' title='bbox 1430 764 1572 819; x_wconf 84' lang='lat' dir='ltr'><strong>sicut</strong></span> <span class='ocrx_word' id='word_1_53' title='bbox 1598 763 1886 832; x_wconf 83' lang='lat' dir='ltr'><strong>quamdam</strong></span> 
     </span>
    </p>
   </div>
   <div class='ocr_carea' id='block_1_9' title="bbox 305 856 1889 942">
    <p class='ocr_par' dir='ltr' id='par_1_9' title="bbox 305 856 1889 942">
     <span class='ocr_line' id='line_1_9' title="bbox 305 856 1889 942; baseline -0.011 -15"><span class='ocrx_word' id='word_1_54' title='bbox 305 868 549 942; x_wconf 77' lang='lat' dir='ltr'><strong>regulam</strong></span> <span class='ocrx_word' id='word_1_55' title='bbox 597 861 1049 921; x_wconf 77' lang='lat' dir='ltr'><strong>formosissimum</strong></span> <span class='ocrx_word' id='word_1_56' title='bbox 1089 859 1355 922; x_wconf 84' lang='lat' dir='ltr'><strong>veritatis,</strong></span> <span class='ocrx_word' id='word_1_57' title='bbox 1390 857 1460 914; x_wconf 86' lang='lat' dir='ltr'><strong>ibi</strong></span> <span class='ocrx_word' id='word_1_58' title='bbox 1492 856 1663 927; x_wconf 89' lang='lat' dir='ltr'><strong>posita</strong></span> <span class='ocrx_word' id='word_1_59' title='bbox 1709 864 1889 911; x_wconf 86' lang='lat' dir='ltr'><strong>custo-</strong></span> 
     </span>
    </p>
   </div>
   <div class='ocr_carea' id='block_1_10' title="bbox 305 945 1889 1023">
    <p class='ocr_par' dir='ltr' id='par_1_10' title="bbox 305 945 1889 1023">
     <span class='ocr_line' id='line_1_10' title="bbox 305 945 1889 1023; baseline -0.011 -8"><span class='ocrx_word' id='word_1_60' title='bbox 305 959 425 1015; x_wconf 90' lang='lat' dir='ltr'><strong>dire</strong></span> <span class='ocrx_word' id='word_1_61' title='bbox 456 957 510 1011; x_wconf 88' lang='lat' dir='ltr'><strong>in</strong></span> <span class='ocrx_word' id='word_1_62' title='bbox 538 952 848 1023; x_wconf 88' lang='lat' dir='ltr'><strong>semetipsis</strong></span> <span class='ocrx_word' id='word_1_63' title='bbox 900 966 1004 1005; x_wconf 92' lang='lat' dir='ltr'><strong>non</strong></span> <span class='ocrx_word' id='word_1_64' title='bbox 1053 948 1433 1019; x_wconf 87' lang='lat' dir='ltr'><strong>multiplicata,</strong></span> <span class='ocrx_word' id='word_1_65' title='bbox 1479 955 1535 1001; x_wconf 92' lang='lat' dir='ltr'><strong>et</strong></span> <span class='ocrx_word' id='word_1_66' title='bbox 1579 961 1684 1001; x_wconf 88' lang='lat' dir='ltr'><strong>non</strong></span> <span class='ocrx_word' id='word_1_67' title='bbox 1715 945 1889 999; x_wconf 84' lang='lat' dir='ltr'><strong>mino-</strong></span> 
     </span>
    </p>
   </div>
   <div class='ocr_carea' id='block_1_11' title="bbox 304 1034 1890 1112">
    <p class='ocr_par' dir='ltr' id='par_1_11' title="bbox 304 1034 1890 1112">
     <span class='ocr_line' id='line_1_11' title="bbox 304 1034 1890 1112; baseline -0.008 -8"><span class='ocrx_word' id='word_1_68' title='bbox 304 1055 453 1112; x_wconf 87' lang='lat' dir='ltr'><strong>rata,</strong></span> <span class='ocrx_word' id='word_1_69' title='bbox 479 1053 537 1102; x_wconf 91' lang='lat' dir='ltr'><strong>et</strong></span> <span class='ocrx_word' id='word_1_70' title='bbox 562 1041 1003 1100; x_wconf 81' lang='lat' dir='ltr'><strong>inconversibilia</strong></span> <span class='ocrx_word' id='word_1_71' title='bbox 1034 1037 1372 1103; x_wconf 81' lang='lat' dir='ltr'><strong>festinemus,</strong></span> <span class='ocrx_word' id='word_1_72' title='bbox 1414 1036 1468 1092; x_wconf 91' lang='lat' dir='ltr'><strong>in</strong></span> <span class='ocrx_word' id='word_1_73' title='bbox 1505 1037 1747 1092; x_wconf 80' lang='lat' dir='ltr'><strong>cuStodia</strong></span> <span class='ocrx_word' id='word_1_74' title='bbox 1777 1034 1890 1091; x_wconf 75' lang='lat' dir='ltr'><strong>elo-</strong></span> 
     </span>
    </p>
   </div>
   <div class='ocr_carea' id='block_1_12' title="bbox 304 1128 1891 1211">
    <p class='ocr_par' dir='ltr' id='par_1_12' title="bbox 304 1128 1891 1211">
     <span class='ocr_line' id='line_1_12' title="bbox 304 1128 1891 1211; baseline -0.005 -18"><span class='ocrx_word' id='word_1_75' title='bbox 304 1136 559 1211; x_wconf 39' lang='lat' dir='ltr'><strong>quior’um</strong></span> <span class='ocrx_word' id='word_1_76' title='bbox 605 1133 883 1199; x_wconf 84' lang='lat' dir='ltr'><strong>custoditi,</strong></span> <span class='ocrx_word' id='word_1_77' title='bbox 921 1142 978 1187; x_wconf 90' lang='lat' dir='ltr'><strong>et</strong></span> <span class='ocrx_word' id='word_1_78' title='bbox 1025 1128 1093 1201; x_wconf 90' lang='lat' dir='ltr'><strong>ab</strong></span> <span class='ocrx_word' id='word_1_79' title='bbox 1138 1131 1268 1201; x_wconf 89' lang='lat' dir='ltr'><strong>ipsis</strong></span> <span class='ocrx_word' id='word_1_80' title='bbox 1319 1131 1372 1185; x_wconf 92' lang='lat' dir='ltr'><strong>in</strong></span> <span class='ocrx_word' id='word_1_81' title='bbox 1418 1131 1784 1186; x_wconf 85' lang='lat' dir='ltr'><strong>custodientes</strong></span> <span class='ocrx_word' id='word_1_82' title='bbox 1824 1143 1891 1185; x_wconf 88' lang='lat' dir='ltr'><strong>ea</strong></span> 
     </span>
    </p>
   </div>
   <div class='ocr_carea' id='block_1_13' title="bbox 306 1219 1892 1294">
    <p class='ocr_par' dir='ltr' id='par_1_13' title="bbox 306 1219 1892 1294">
     <span class='ocr_line' id='line_1_13' title="bbox 306 1219 1892 1294; baseline -0.008 -9"><span class='ocrx_word' id='word_1_83' title='bbox 306 1225 724 1285; x_wconf 86' lang='lat' dir='ltr'><strong>custodiendum</strong></span> <span class='ocrx_word' id='word_1_84' title='bbox 759 1227 1028 1294; x_wconf 89' lang='lat' dir='ltr'><strong>potentes.</strong></span> <span class='ocrx_word' id='word_1_85' title='bbox 1064 1219 1221 1276; x_wconf 86' lang='lat' dir='ltr'><strong>Unita</strong></span> <span class='ocrx_word' id='word_1_86' title='bbox 1254 1221 1471 1290; x_wconf 85' lang='lat' dir='ltr'><strong>quidem</strong></span> <span class='ocrx_word' id='word_1_87' title='bbox 1509 1220 1673 1275; x_wconf 85' lang='lat' dir='ltr'><strong>totius</strong></span> <span class='ocrx_word' id='word_1_88' title='bbox 1699 1219 1892 1275; x_wconf 89' lang='lat' dir='ltr'><strong>divini-</strong></span> 
     </span>
    </p>
   </div>
   <div class='ocr_carea' id='block_1_14' title="bbox 308 1312 1891 1384">
    <p class='ocr_par' dir='ltr' id='par_1_14' title="bbox 308 1312 1891 1384">
     <span class='ocr_line' id='line_1_14' title="bbox 308 1312 1891 1384; baseline -0.006 -9"><span class='ocrx_word' id='word_1_89' title='bbox 308 1319 441 1375; x_wconf 80' lang='lat' dir='ltr'><strong>tatis</strong></span> <span class='ocrx_word' id='word_1_90' title='bbox 491 1324 639 1382; x_wconf 90' lang='lat' dir='ltr'><strong>sunt,</strong></span> <span class='ocrx_word' id='word_1_91' title='bbox 678 1325 738 1371; x_wconf 92' lang='lat' dir='ltr'><strong>ut</strong></span> <span class='ocrx_word' id='word_1_92' title='bbox 760 1315 816 1370; x_wconf 91' lang='lat' dir='ltr'><strong>in</strong></span> <span class='ocrx_word' id='word_1_93' title='bbox 847 1312 1163 1384; x_wconf 80' lang='lat' dir='ltr'><strong>theologicis</strong></span> <span class='ocrx_word' id='word_1_94' title='bbox 1190 1312 1594 1367; x_wconf 88' lang='lat' dir='ltr'><strong>characteribus</strong></span> <span class='ocrx_word' id='word_1_95' title='bbox 1623 1327 1718 1383; x_wconf 91' lang='lat' dir='ltr'><strong>per</strong></span> <span class='ocrx_word' id='word_1_96' title='bbox 1737 1312 1891 1383; x_wconf 87' lang='lat' dir='ltr'><strong>plura</strong></span> 
     </span>
    </p>
   </div>
   <div class='ocr_carea' id='block_1_15' title="bbox 310 1400 1891 1479">
    <p class='ocr_par' dir='ltr' id='par_1_15' title="bbox 310 1400 1891 1479">
     <span class='ocr_line' id='line_1_15' title="bbox 310 1400 1891 1479; baseline -0.008 -13"><span class='ocrx_word' id='word_1_97' title='bbox 310 1424 382 1466; x_wconf 84' lang='lat' dir='ltr'><strong>ex</strong></span> <span class='ocrx_word' id='word_1_98' title='bbox 434 1405 665 1479; x_wconf 87' lang='lat' dir='ltr'><strong>eloquiis</strong></span> <span class='ocrx_word' id='word_1_99' title='bbox 712 1404 1070 1467; x_wconf 83' lang='lat' dir='ltr'><strong>ostendimus,</strong></span> <span class='ocrx_word' id='word_1_100' title='bbox 1117 1402 1505 1471; x_wconf 90' lang='lat' dir='ltr'><strong>superbonum,</strong></span> <span class='ocrx_word' id='word_1_101' title='bbox 1546 1400 1891 1471; x_wconf 88' lang='lat' dir='ltr'><strong>superdeum,</strong></span> 
     </span>
    </p>
   </div>
   <div class='ocr_carea' id='block_1_16' title="bbox 309 1490 1895 1570">
    <p class='ocr_par' dir='ltr' id='par_1_16' title="bbox 309 1490 1895 1570">
     <span class='ocr_line' id='line_1_16' title="bbox 309 1490 1895 1570; baseline -0.005 -15"><span class='ocrx_word' id='word_1_102' title='bbox 309 1492 789 1570; x_wconf 81' lang='lat' dir='ltr'><strong>superessentiale,</strong></span> <span class='ocrx_word' id='word_1_103' title='bbox 817 1493 1188 1564; x_wconf 85' lang='lat' dir='ltr'><strong>supervivens,</strong></span> <span class='ocrx_word' id='word_1_104' title='bbox 1217 1493 1616 1562; x_wconf 88' lang='lat' dir='ltr'><strong>supersapiens,</strong></span> <span class='ocrx_word' id='word_1_105' title='bbox 1648 1502 1703 1548; x_wconf 87' lang='lat' dir='ltr'><strong>et</strong></span> <span class='ocrx_word' id='word_1_106' title='bbox 1727 1490 1895 1562; x_wconf 82' lang='lat' dir='ltr'><strong>quae-</strong></span> 
     </span>
    </p>
   </div>
   <div class='ocr_carea' id='block_1_17' title="bbox 309 1581 1894 1659">
    <p class='ocr_par' dir='ltr' id='par_1_17' title="bbox 309 1581 1894 1659">
     <span class='ocr_line' id='line_1_17' title="bbox 309 1581 1894 1659; baseline -0.007 -13"><span class='ocrx_word' id='word_1_107' title='bbox 309 1602 547 1659; x_wconf 82' lang='lat' dir='ltr'><strong>cumque</strong></span> <span class='ocrx_word' id='word_1_108' title='bbox 586 1582 1039 1656; x_wconf 88' lang='lat' dir='ltr'><strong>supereminentis</strong></span> <span class='ocrx_word' id='word_1_109' title='bbox 1079 1591 1207 1639; x_wconf 90' lang='lat' dir='ltr'><strong>sunt</strong></span> <span class='ocrx_word' id='word_1_110' title='bbox 1251 1582 1556 1646; x_wconf 87' lang='lat' dir='ltr'><strong>ablationis,</strong></span> <span class='ocrx_word' id='word_1_111' title='bbox 1602 1596 1724 1637; x_wconf 92' lang='lat' dir='ltr'><strong>cum</strong></span> <span class='ocrx_word' id='word_1_112' title='bbox 1768 1581 1894 1651; x_wconf 89' lang='lat' dir='ltr'><strong>qui-</strong></span> 
     </span>
    </p>
   </div>
   <div class='ocr_carea' id='block_1_18' title="bbox 310 1671 1915 1746">
    <p class='ocr_par' dir='ltr' id='par_1_18' title="bbox 310 1671 1915 1746">
     <span class='ocr_line' id='line_1_18' title="bbox 310 1671 1915 1746; baseline -0.007 -8"><span class='ocrx_word' id='word_1_113' title='bbox 310 1682 418 1738; x_wconf 89' lang='lat' dir='ltr'><strong>bus</strong></span> <span class='ocrx_word' id='word_1_114' title='bbox 443 1688 499 1736; x_wconf 91' lang='lat' dir='ltr'><strong>et</strong></span> <span class='ocrx_word' id='word_1_115' title='bbox 525 1676 761 1735; x_wconf 89' lang='lat' dir='ltr'><strong>causalia</strong></span> <span class='ocrx_word' id='word_1_116' title='bbox 785 1673 987 1742; x_wconf 84' lang='lat' dir='ltr'><strong>omnia,</strong></span> <span class='ocrx_word' id='word_1_117' title='bbox 1016 1676 1306 1746; x_wconf 86' lang='lat' dir='ltr'><strong>optimum,</strong></span> <span class='ocrx_word' id='word_1_118' title='bbox 1341 1675 1564 1739; x_wconf 89' lang='lat' dir='ltr'><strong>bonum,</strong></span> <span class='ocrx_word' id='word_1_119' title='bbox 1589 1671 1664 1738; x_wconf 71' lang='grc' dir='ltr'><strong>ὅν,</strong></span> <span class='ocrx_word' id='word_1_120' title='bbox 1702 1672 1915 1729; x_wconf 58' lang='grc' dir='ltr'><strong>νὶνθηέ</strong></span> 
     </span>
    </p>
   </div>
   <div class='ocr_carea' id='block_1_19' title="bbox 1990 477 3573 551">
    <p class='ocr_par' dir='ltr' id='par_1_19' title="bbox 1990 477 3573 551">
     <span class='ocr_line' id='line_1_19' title="bbox 1990 477 3573 551; baseline -0.004 -12"><span class='ocrx_word' id='word_1_121' title='bbox 1990 491 2197 539; x_wconf 85' lang='lat' dir='ltr'><strong>cretam</strong></span> <span class='ocrx_word' id='word_1_122' title='bbox 2226 480 2578 544; x_wconf 87' lang='lat' dir='ltr'><strong>relucentem,</strong></span> <span class='ocrx_word' id='word_1_123' title='bbox 2617 489 2676 534; x_wconf 89' lang='lat' dir='ltr'><strong>et</strong></span> <span class='ocrx_word' id='word_1_124' title='bbox 2706 494 2813 533; x_wconf 93' lang='lat' dir='ltr'><strong>non</strong></span> <span class='ocrx_word' id='word_1_125' title='bbox 2842 480 3006 533; x_wconf 89' lang='lat' dir='ltr'><strong>etiam</strong></span> <span class='ocrx_word' id='word_1_126' title='bbox 3028 477 3182 549; x_wconf 88' lang='lat' dir='ltr'><strong>quis,</strong></span> <span class='ocrx_word' id='word_1_127' title='bbox 3213 485 3274 531; x_wconf 92' lang='lat' dir='ltr'><strong>ut</strong></span> <span class='ocrx_word' id='word_1_128' title='bbox 3310 477 3573 551; x_wconf 74' lang='lat' dir='ltr'><strong>arbitror,</strong></span> 
     </span>
    </p>
   </div>
   <div class='ocr_carea' id='block_1_20' title="bbox 1988 567 3574 648">
    <p class='ocr_par' dir='ltr' id='par_1_20' title="bbox 1988 567 3574 648">
     <span class='ocr_line' id='line_1_20' title="bbox 1988 567 3574 648; baseline -0.001 -21"><span class='ocrx_word' id='word_1_129' title='bbox 1988 570 2188 644; x_wconf 82' lang='lat' dir='ltr'><strong>poterit</strong></span> <span class='ocrx_word' id='word_1_130' title='bbox 2231 569 2460 648; x_wconf 83' lang='lat' dir='ltr'><strong>alicujus</strong></span> <span class='ocrx_word' id='word_1_131' title='bbox 2507 568 2772 638; x_wconf 87' lang='lat' dir='ltr'><strong>lampadis</strong></span> <span class='ocrx_word' id='word_1_132' title='bbox 2811 568 2990 624; x_wconf 89' lang='lat' dir='ltr'><strong>lumen</strong></span> <span class='ocrx_word' id='word_1_133' title='bbox 3022 569 3089 624; x_wconf 89' lang='lat' dir='ltr'><strong>ab</strong></span> <span class='ocrx_word' id='word_1_134' title='bbox 3115 567 3235 624; x_wconf 91' lang='lat' dir='ltr'><strong>aliis</strong></span> <span class='ocrx_word' id='word_1_135' title='bbox 3279 568 3365 623; x_wconf 64' lang='lat' dir='ltr'><strong>ex&#39;</strong></span> <span class='ocrx_word' id='word_1_136' title='bbox 3390 570 3574 625; x_wconf 84' lang='lat' dir='ltr'><strong>omnia</strong></span> 
     </span>
    </p>
   </div>
   <div class='ocr_carea' id='block_1_21' title="bbox 1989 658 3605 726">
    <p class='ocr_par' dir='ltr' id='par_1_21' title="bbox 1989 658 3605 726">
     <span class='ocr_line' id='line_1_21' title="bbox 1989 658 3605 726; baseline 0.001 -9"><span class='ocrx_word' id='word_1_137' title='bbox 1989 662 2194 718; x_wconf 89' lang='lat' dir='ltr'><strong>lumina</strong></span> <span class='ocrx_word' id='word_1_138' title='bbox 2224 662 2522 717; x_wconf 88' lang='lat' dir='ltr'><strong>continenti</strong></span> <span class='ocrx_word' id='word_1_139' title='bbox 2579 659 2705 715; x_wconf 70' lang='lat' dir='ltr'><strong>aere</strong></span> <span class='ocrx_word' id='word_1_140' title='bbox 2735 660 3080 726; x_wconf 87' lang='lat' dir='ltr'><strong>discernere,</strong></span> <span class='ocrx_word' id='word_1_141' title='bbox 3125 658 3181 717; x_wconf 79' lang='lat' dir='ltr'><strong>et</strong></span> <span class='ocrx_word' id='word_1_142' title='bbox 3224 661 3407 718; x_wconf 86' lang='lat' dir='ltr'><strong>videre</strong></span> <span class='ocrx_word' id='word_1_143' title='bbox 3451 663 3605 718; x_wconf 88' lang='lat' dir='ltr'><strong>sine&#39;</strong></span> 
     </span>
    </p>
   </div>
   <div class='ocr_carea' id='block_1_22' title="bbox 1992 749 3575 821">
    <p class='ocr_par' dir='ltr' id='par_1_22' title="bbox 1992 749 3575 821">
     <span class='ocr_line' id='line_1_22' title="bbox 1992 749 3575 821; baseline 0.001 -15"><span class='ocrx_word' id='word_1_144' title='bbox 1992 749 2162 806; x_wconf 87' lang='lat' dir='ltr'><strong>altera</strong></span> <span class='ocrx_word' id='word_1_145' title='bbox 2190 758 2345 821; x_wconf 84' lang='lat' dir='ltr'><strong>parte</strong></span> <span class='ocrx_word' id='word_1_146' title='bbox 2381 750 2607 807; x_wconf 87' lang='lat' dir='ltr'><strong>alteram</strong></span> <span class='ocrx_word' id='word_1_147' title='bbox 2634 761 2866 820; x_wconf 88' lang='lat' dir='ltr'><strong>partem,</strong></span> <span class='ocrx_word' id='word_1_148' title='bbox 2903 751 3029 806; x_wconf 91' lang='lat' dir='ltr'><strong>totis</strong></span> <span class='ocrx_word' id='word_1_149' title='bbox 3054 751 3108 805; x_wconf 93' lang='lat' dir='ltr'><strong>in</strong></span> <span class='ocrx_word' id='word_1_150' title='bbox 3143 750 3270 806; x_wconf 92' lang='lat' dir='ltr'><strong>totis</strong></span> <span class='ocrx_word' id='word_1_151' title='bbox 3296 751 3575 807; x_wconf 82' lang='lat' dir='ltr'><strong>inconfuse</strong></span> 
     </span>
    </p>
   </div>
   <div class='ocr_carea' id='block_1_23' title="bbox 1990 839 3605 912">
    <p class='ocr_par' dir='ltr' id='par_1_23' title="bbox 1990 839 3605 912">
     <span class='ocr_line' id='line_1_23' title="bbox 1990 839 3605 912; baseline 0.001 -15"><span class='ocrx_word' id='word_1_152' title='bbox 1990 842 2431 911; x_wconf 85' lang='lat' dir='ltr'><strong>contemperntis.</strong></span> <span class='ocrx_word' id='word_1_153' title='bbox 2462 839 2571 896; x_wconf 86' lang='lat' dir='ltr'><strong>Sed</strong></span> <span class='ocrx_word' id='word_1_154' title='bbox 2608 842 2653 896; x_wconf 91' lang='lat' dir='ltr'><strong>si</strong></span> <span class='ocrx_word' id='word_1_155' title='bbox 2703 841 2866 897; x_wconf 87' lang='lat' dir='ltr'><strong>etiam</strong></span> <span class='ocrx_word' id='word_1_156' title='bbox 2916 855 3076 896; x_wconf 91' lang='lat' dir='ltr'><strong>unam</strong></span> <span class='ocrx_word' id='word_1_157' title='bbox 3108 842 3229 912; x_wconf 90' lang='lat' dir='ltr'><strong>quis</strong></span> <span class='ocrx_word' id='word_1_158' title='bbox 3268 840 3605 898; x_wconf 54' lang='lat' dir='ltr'><strong>ardentium”</strong></span> 
     </span>
    </p>
   </div>
   <div class='ocr_carea' id='block_1_24' title="bbox 1990 932 3607 1005">
    <p class='ocr_par' dir='ltr' id='par_1_24' title="bbox 1990 932 3607 1005">
     <span class='ocr_line' id='line_1_24' title="bbox 1990 932 3607 1005; baseline 0.002 -18"><span class='ocrx_word' id='word_1_159' title='bbox 1990 932 2313 987; x_wconf 86' lang='lat' dir='ltr'><strong>subduxerit</strong></span> <span class='ocrx_word' id='word_1_160' title='bbox 2340 933 2499 987; x_wconf 87' lang='lat' dir='ltr'><strong>domo</strong></span> <span class='ocrx_word' id='word_1_161' title='bbox 2522 932 2566 999; x_wconf 71' lang='grc'><strong>⁸,</strong></span> <span class='ocrx_word' id='word_1_162' title='bbox 2608 934 2772 989; x_wconf 85' lang='lat' dir='ltr'><strong>coibit</strong></span> <span class='ocrx_word' id='word_1_163' title='bbox 2791 945 2846 989; x_wconf 89' lang='lat' dir='ltr'><strong>et</strong></span> <span class='ocrx_word' id='word_1_164' title='bbox 2870 935 3146 1005; x_wconf 85' lang='lat' dir='ltr'><strong>preprium</strong></span> <span class='ocrx_word' id='word_1_165' title='bbox 3176 940 3345 991; x_wconf 90' lang='lat' dir='ltr'><strong>totum</strong></span> <span class='ocrx_word' id='word_1_166' title='bbox 3368 936 3572 1002; x_wconf 89' lang='lat' dir='ltr'><strong>lumen,</strong></span> <span class='ocrx_word' id='word_1_167' title='bbox 3604 960 3607 963; x_wconf 55' lang='grc' dir='ltr'>ν</span> 
     </span>
    </p>
   </div>
   <div class='ocr_carea' id='block_1_25' title="bbox 1991 1020 3577 1099">
    <p class='ocr_par' dir='ltr' id='par_1_25' title="bbox 1991 1020 3577 1099">
     <span class='ocr_line' id='line_1_25' title="bbox 1991 1020 3577 1099; baseline 0.003 -21"><span class='ocrx_word' id='word_1_168' title='bbox 1991 1020 2198 1078; x_wconf 86' lang='lat' dir='ltr'><strong>nullum</strong></span> <span class='ocrx_word' id='word_1_169' title='bbox 2262 1023 2519 1093; x_wconf 89' lang='lat' dir='ltr'><strong>quiddam</strong></span> <span class='ocrx_word' id='word_1_170' title='bbox 2568 1024 2797 1079; x_wconf 84' lang='lat' dir='ltr'><strong>aliorum</strong></span> <span class='ocrx_word' id='word_1_171' title='bbox 2847 1024 3110 1080; x_wconf 91' lang='lat' dir='ltr'><strong>luminum</strong></span> <span class='ocrx_word' id='word_1_172' title='bbox 3178 1026 3232 1081; x_wconf 91' lang='lat' dir='ltr'><strong>in</strong></span> <span class='ocrx_word' id='word_1_173' title='bbox 3284 1029 3577 1099; x_wconf 85' lang='lat' dir='ltr'><strong>semetipsa</strong></span> 
     </span>
    </p>
   </div>
   <div class='ocr_carea' id='block_1_26' title="bbox 1992 1108 3607 1190">
    <p class='ocr_par' dir='ltr' id='par_1_26' title="bbox 1992 1108 3607 1190">
     <span class='ocr_line' id='line_1_26' title="bbox 1992 1108 3607 1190; baseline 0.002 -18"><span class='ocrx_word' id='word_1_174' title='bbox 1992 1117 2377 1188; x_wconf 86' lang='lat' dir='ltr'><strong>complectens,</strong></span> <span class='ocrx_word' id='word_1_175' title='bbox 2423 1125 2515 1172; x_wconf 90' lang='lat' dir='ltr'><strong>aut</strong></span> <span class='ocrx_word' id='word_1_176' title='bbox 2560 1108 2786 1173; x_wconf 61' lang='lat' dir='ltr'><strong>suimet&#39;</strong></span> <span class='ocrx_word' id='word_1_177' title='bbox 2821 1117 3008 1173; x_wconf 88' lang='lat' dir='ltr'><strong>alteris</strong></span> <span class='ocrx_word' id='word_1_178' title='bbox 3056 1118 3388 1190; x_wconf 90' lang='lat' dir='ltr'><strong>relinquens.</strong></span> <span class='ocrx_word' id='word_1_179' title='bbox 3446 1114 3607 1176; x_wconf 47' lang='lat' dir='ltr'><strong>Erat‘</strong></span> 
     </span>
    </p>
   </div>
   <div class='ocr_carea' id='block_1_27' title="bbox 1992 1204 3579 1278">
    <p class='ocr_par' dir='ltr' id='par_1_27' title="bbox 1992 1204 3579 1278">
     <span class='ocr_line' id='line_1_27' title="bbox 1992 1204 3579 1278; baseline 0.003 -15"><span class='ocrx_word' id='word_1_180' title='bbox 1992 1207 2136 1263; x_wconf 87' lang='lat' dir='ltr'><strong>enim</strong></span> <span class='ocrx_word' id='word_1_181' title='bbox 2165 1221 2384 1272; x_wconf 90' lang='lat' dir='ltr'><strong>earum,</strong></span> <span class='ocrx_word' id='word_1_182' title='bbox 2428 1208 2570 1277; x_wconf 88' lang='lat' dir='ltr'><strong>quod</strong></span> <span class='ocrx_word' id='word_1_183' title='bbox 2594 1208 2814 1278; x_wconf 86' lang='lat' dir='ltr'><strong>quidem</strong></span> <span class='ocrx_word' id='word_1_184' title='bbox 2842 1207 2973 1273; x_wconf 84' lang='lat' dir='ltr'><strong>dixi,</strong></span> <span class='ocrx_word' id='word_1_185' title='bbox 3016 1204 3257 1263; x_wconf 88' lang='lat' dir='ltr'><strong>omnium</strong></span> <span class='ocrx_word' id='word_1_186' title='bbox 3286 1212 3353 1266; x_wconf 89' lang='lat' dir='ltr'><strong>ad</strong></span> <span class='ocrx_word' id='word_1_187' title='bbox 3397 1213 3579 1267; x_wconf 86' lang='lat' dir='ltr'><strong>omnia</strong></span> 
     </span>
    </p>
   </div>
   <div class='ocr_carea' id='block_1_28' title="bbox 1992 1296 3583 1368">
    <p class='ocr_par' dir='ltr' id='par_1_28' title="bbox 1992 1296 3583 1368">
     <span class='ocr_line' id='line_1_28' title="bbox 1992 1296 3583 1368; baseline 0.003 -17"><span class='ocrx_word' id='word_1_188' title='bbox 1992 1296 2390 1368; x_wconf 71' lang='lat' dir='ltr'><strong>perfectissima</strong></span> <span class='ocrx_word' id='word_1_189' title='bbox 2430 1296 2651 1361; x_wconf 89' lang='lat' dir='ltr'><strong>unitas,</strong></span> <span class='ocrx_word' id='word_1_190' title='bbox 2702 1296 3052 1363; x_wconf 83' lang='lat' dir='ltr'><strong>incommlxta</strong></span> <span class='ocrx_word' id='word_1_191' title='bbox 3081 1298 3482 1367; x_wconf 87' lang='lat' dir='ltr'><strong>universaliter,</strong></span> <span class='ocrx_word' id='word_1_192' title='bbox 3525 1312 3583 1356; x_wconf 91' lang='lat' dir='ltr'><strong>et</strong></span> 
     </span>
    </p>
   </div>
   <div class='ocr_carea' id='block_1_29' title="bbox 1992 1386 3582 1460">
    <p class='ocr_par' dir='ltr' id='par_1_29' title="bbox 1992 1386 3582 1460">
     <span class='ocr_line' id='line_1_29' title="bbox 1992 1386 3582 1460; baseline -0.001 -15"><span class='ocrx_word' id='word_1_193' title='bbox 1992 1388 2139 1445; x_wconf 88' lang='lat' dir='ltr'><strong>nulla</strong></span> <span class='ocrx_word' id='word_1_194' title='bbox 2186 1398 2340 1460; x_wconf 87' lang='lat' dir='ltr'><strong>parte</strong></span> <span class='ocrx_word' id='word_1_195' title='bbox 2382 1386 2645 1444; x_wconf 82' lang='lat' dir='ltr'><strong>confusa:</strong></span> <span class='ocrx_word' id='word_1_196' title='bbox 2675 1398 2729 1443; x_wconf 91' lang='lat' dir='ltr'><strong>et</strong></span> <span class='ocrx_word' id='word_1_197' title='bbox 2758 1390 2912 1454; x_wconf 83' lang='lat' dir='ltr'><strong>haec,</strong></span> <span class='ocrx_word' id='word_1_198' title='bbox 2948 1390 3216 1443; x_wconf 82' lang='lat' dir='ltr'><strong>existente</strong></span> <span class='ocrx_word' id='word_1_199' title='bbox 3250 1389 3305 1442; x_wconf 91' lang='lat' dir='ltr'><strong>in</strong></span> <span class='ocrx_word' id='word_1_200' title='bbox 3355 1405 3582 1460; x_wconf 89' lang='lat' dir='ltr'><strong>corpore</strong></span> 
     </span>
    </p>
   </div>
   <div class='ocr_carea' id='block_1_30' title="bbox 1995 1472 3613 1553">
    <p class='ocr_par' dir='ltr' id='par_1_30' title="bbox 1995 1472 3613 1553">
     <span class='ocr_line' id='line_1_30' title="bbox 1995 1472 3613 1553; baseline 0 -16"><span class='ocrx_word' id='word_1_201' title='bbox 1995 1483 2155 1549; x_wconf 83' lang='lat' dir='ltr'><strong>aére,</strong></span> <span class='ocrx_word' id='word_1_202' title='bbox 2197 1488 2254 1536; x_wconf 91' lang='lat' dir='ltr'><strong>et</strong></span> <span class='ocrx_word' id='word_1_203' title='bbox 2300 1494 2369 1536; x_wconf 79' lang='lat' dir='ltr'><strong>ex</strong></span> <span class='ocrx_word' id='word_1_204' title='bbox 2418 1480 2701 1537; x_wconf 75' lang='lat' dir='ltr'><strong>materiali‘</strong></span> <span class='ocrx_word' id='word_1_205' title='bbox 2738 1472 2862 1552; x_wconf 76' lang='lat' dir='ltr'><strong>igne</strong></span> <span class='ocrx_word' id='word_1_206' title='bbox 2890 1481 3159 1553; x_wconf 87' lang='lat' dir='ltr'><strong>pendente</strong></span> <span class='ocrx_word' id='word_1_207' title='bbox 3207 1480 3427 1535; x_wconf 87' lang='lat' dir='ltr'><strong>lumine.</strong></span> <span class='ocrx_word' id='word_1_208' title='bbox 3478 1476 3613 1537; x_wconf 61' lang='lat' dir='ltr'><strong>Ubi‘</strong></span> 
     </span>
    </p>
   </div>
   <div class='ocr_carea' id='block_1_31' title="bbox 1994 1566 3609 1649">
    <p class='ocr_par' dir='ltr' id='par_1_31' title="bbox 1994 1566 3609 1649">
     <span class='ocr_line' id='line_1_31' title="bbox 1994 1566 3609 1649; baseline 0.002 -20"><span class='ocrx_word' id='word_1_209' title='bbox 1994 1584 2127 1630; x_wconf 84' lang='lat' dir='ltr'><strong>vero</strong></span> <span class='ocrx_word' id='word_1_210' title='bbox 2161 1573 2671 1643; x_wconf 87' lang='lat' dir='ltr'><strong>superessentialem</strong></span> <span class='ocrx_word' id='word_1_211' title='bbox 2703 1574 2974 1649; x_wconf 87' lang='lat' dir='ltr'><strong>unitatem</strong></span> <span class='ocrx_word' id='word_1_212' title='bbox 3004 1574 3421 1647; x_wconf 88' lang='lat' dir='ltr'><strong>supercollocari</strong></span> <span class='ocrx_word' id='word_1_213' title='bbox 3449 1566 3609 1632; x_wconf 46' lang='lat' dir='ltr'><strong>dici?</strong></span> 
     </span>
    </p>
   </div>
   <div class='ocr_carea' id='block_1_32' title="bbox 1995 1660 3613 1741">
    <p class='ocr_par' dir='ltr' id='par_1_32' title="bbox 1995 1660 3613 1741">
     <span class='ocr_line' id='line_1_32' title="bbox 1995 1660 3613 1741; baseline 0.004 -22"><span class='ocrx_word' id='word_1_214' title='bbox 1995 1677 2136 1731; x_wconf 88' lang='lat' dir='ltr'><strong>mus,</strong></span> <span class='ocrx_word' id='word_1_215' title='bbox 2189 1680 2294 1720; x_wconf 90' lang='lat' dir='ltr'><strong>non</strong></span> <span class='ocrx_word' id='word_1_216' title='bbox 2322 1660 2376 1720; x_wconf 87' lang='lat' dir='ltr'><strong>in</strong></span> <span class='ocrx_word' id='word_1_217' title='bbox 2402 1664 2776 1737; x_wconf 84' lang='lat' dir='ltr'><strong>corporalibus</strong></span> <span class='ocrx_word' id='word_1_218' title='bbox 2817 1671 3020 1722; x_wconf 88' lang='lat' dir='ltr'><strong>tantum</strong></span> <span class='ocrx_word' id='word_1_219' title='bbox 3051 1667 3370 1733; x_wconf 85' lang='lat' dir='ltr'><strong>unitatibus,</strong></span> <span class='ocrx_word' id='word_1_220' title='bbox 3404 1662 3613 1741; x_wconf 68' lang='lat' dir='ltr'><strong>sedet</strong></span> 
     </span>
    </p>
   </div>
   <div class='ocr_carea' id='block_1_33' title="bbox 309 1755 3609 1851">
    <p class='ocr_par' dir='ltr' id='par_1_33' title="bbox 309 1755 3609 1851">
     <span class='ocr_line' id='line_1_33' title="bbox 309 1755 3609 1851; baseline -0.003 -23"><span class='ocrx_word' id='word_1_221' title='bbox 309 1773 447 1828; x_wconf 91' lang='lat' dir='ltr'><strong>tium</strong></span> <span class='ocrx_word' id='word_1_222' title='bbox 470 1785 684 1842; x_wconf 87' lang='lat' dir='ltr'><strong>parens,</strong></span> <span class='ocrx_word' id='word_1_223' title='bbox 713 1768 947 1844; x_wconf 85' lang='lat' dir='ltr'><strong>sapiens,</strong></span> <span class='ocrx_word' id='word_1_224' title='bbox 977 1773 1030 1820; x_wconf 90' lang='lat' dir='ltr'><strong>et</strong></span> <span class='ocrx_word' id='word_1_225' title='bbox 1050 1777 1424 1836; x_wconf 85' lang='lat' dir='ltr'><strong>quaecumque</strong></span> <span class='ocrx_word' id='word_1_226' title='bbox 1447 1779 1511 1819; x_wconf 80' lang='lat' dir='ltr'><strong>ex</strong></span> <span class='ocrx_word' id='word_1_227' title='bbox 1534 1762 1755 1832; x_wconf 84' lang='lat' dir='ltr'><strong>eptimis</strong></span> <span class='ocrx_word' id='word_1_228' title='bbox 1780 1761 1971 1851; x_wconf 90' lang='lat' dir='ltr'><strong>suis</strong></span> <span class='ocrx_word' id='word_1_229' title='bbox 1996 1756 2106 1823; x_wconf 86' lang='lat' dir='ltr'><strong>bis,</strong></span> <span class='ocrx_word' id='word_1_230' title='bbox 2132 1771 2272 1827; x_wconf 89' lang='lat' dir='ltr'><strong>quae</strong></span> <span class='ocrx_word' id='word_1_231' title='bbox 2297 1767 2424 1812; x_wconf 83' lang='lat' dir='ltr'><strong>sunt</strong></span> <span class='ocrx_word' id='word_1_232' title='bbox 2450 1757 2503 1811; x_wconf 91' lang='lat' dir='ltr'><strong>in</strong></span> <span class='ocrx_word' id='word_1_233' title='bbox 2527 1758 2811 1813; x_wconf 84' lang='lat' dir='ltr'><strong>animabus</strong></span> <span class='ocrx_word' id='word_1_234' title='bbox 2836 1755 2999 1829; x_wconf 73' lang='lat' dir='ltr'><strong>ipsis,</strong></span> <span class='ocrx_word' id='word_1_235' title='bbox 3020 1768 3076 1814; x_wconf 89' lang='lat' dir='ltr'><strong>et</strong></span> <span class='ocrx_word' id='word_1_236' title='bbox 3101 1760 3154 1815; x_wconf 91' lang='lat' dir='ltr'><strong>in</strong></span> <span class='ocrx_word' id='word_1_237' title='bbox 3203 1758 3331 1832; x_wconf 83' lang='lat' dir='ltr'><strong>ipsis</strong></span> <span class='ocrx_word' id='word_1_238' title='bbox 3376 1760 3609 1831; x_wconf 37' lang='lat' dir='ltr'><strong>intelleg‘</strong></span> 
     </span>
    </p>
   </div>
   <div class='ocr_carea' id='block_1_34' title="bbox 310 1852 1895 1919">
    <p class='ocr_par' dir='ltr' id='par_1_34' title="bbox 310 1852 1895 1919">
     <span class='ocr_line' id='line_1_34' title="bbox 310 1852 1895 1919; baseline -0.008 0"><span class='ocrx_word' id='word_1_239' title='bbox 310 1858 690 1919; x_wconf 87' lang='lat' dir='ltr'><strong>donationibus</strong></span> <span class='ocrx_word' id='word_1_240' title='bbox 717 1860 733 1889; x_wconf 90' lang='grc'>¹</span> <span class='ocrx_word' id='word_1_241' title='bbox 784 1856 1026 1914; x_wconf 90' lang='lat' dir='ltr'><strong>omnium</strong></span> <span class='ocrx_word' id='word_1_242' title='bbox 1076 1855 1340 1910; x_wconf 84' lang='lat' dir='ltr'><strong>bonorum</strong></span> <span class='ocrx_word' id='word_1_243' title='bbox 1371 1867 1532 1909; x_wconf 89' lang='lat' dir='ltr'><strong>causa</strong></span> <span class='ocrx_word' id='word_1_244' title='bbox 1576 1852 1895 1908; x_wconf 78' lang='lat' dir='ltr'><strong>denomina—</strong></span> 
     </span>
    </p>
   </div>
   <div class='ocr_carea' id='block_1_35' title="bbox 310 1933 1893 2017">
    <p class='ocr_par' dir='ltr' id='par_1_35' title="bbox 310 1933 1893 2017">
     <span class='ocr_line' id='line_1_35' title="bbox 310 1933 1893 2017; baseline -0.004 -8"><span class='ocrx_word' id='word_1_245' title='bbox 310 1961 420 2009; x_wconf 85' lang='lat' dir='ltr'><strong>tur.</strong></span> <span class='ocrx_word' id='word_1_246' title='bbox 472 1933 720 2007; x_wconf 74' lang='lat' dir='ltr'><strong>DiScreta</strong></span> <span class='ocrx_word' id='word_1_247' title='bbox 745 1956 924 2004; x_wconf 89' lang='lat' dir='ltr'><strong>autem</strong></span> <span class='ocrx_word' id='word_1_248' title='bbox 962 1946 1141 2003; x_wconf 87' lang='lat' dir='ltr'><strong>Patris</strong></span> <span class='ocrx_word' id='word_1_249' title='bbox 1180 1946 1636 2017; x_wconf 84' lang='lat' dir='ltr'><strong>supercssentiale</strong></span> <span class='ocrx_word' id='word_1_250' title='bbox 1671 1962 1893 2016; x_wconf 87' lang='lat' dir='ltr'><strong>nomen,</strong></span> 
     </span>
    </p>
   </div>
   <div class='ocr_carea' id='block_1_36' title="bbox 310 2036 1915 2117">
    <p class='ocr_par' dir='ltr' id='par_1_36' title="bbox 310 2036 1915 2117">
     <span class='ocr_line' id='line_1_36' title="bbox 310 2036 1915 2117; baseline -0.004 -19"><span class='ocrx_word' id='word_1_251' title='bbox 310 2049 369 2098; x_wconf 89' lang='lat' dir='ltr'><strong>et</strong></span> <span class='ocrx_word' id='word_1_252' title='bbox 419 2053 529 2107; x_wconf 86' lang='lat' dir='ltr'><strong>res,</strong></span> <span class='ocrx_word' id='word_1_253' title='bbox 575 2048 632 2096; x_wconf 91' lang='lat' dir='ltr'><strong>et</strong></span> <span class='ocrx_word' id='word_1_254' title='bbox 675 2038 798 2095; x_wconf 84' lang='lat' dir='ltr'><strong>Filii</strong></span> <span class='ocrx_word' id='word_1_255' title='bbox 828 2047 883 2093; x_wconf 88' lang='lat' dir='ltr'><strong>et</strong></span> <span class='ocrx_word' id='word_1_256' title='bbox 927 2036 1166 2108; x_wconf 88' lang='lat' dir='ltr'><strong>Spiritus</strong></span> <span class='ocrx_word' id='word_1_257' title='bbox 1212 2038 1359 2094; x_wconf 89' lang='lat' dir='ltr'><strong>nulla</strong></span> <span class='ocrx_word' id='word_1_258' title='bbox 1386 2038 1439 2092; x_wconf 92' lang='lat' dir='ltr'><strong>in</strong></span> <span class='ocrx_word' id='word_1_259' title='bbox 1468 2037 1559 2094; x_wconf 90' lang='lat' dir='ltr'><strong>bis</strong></span> <span class='ocrx_word' id='word_1_260' title='bbox 1579 2036 1915 2117; x_wconf 89' lang='lat' dir='ltr'><strong>reciproca-_</strong></span> 
     </span>
    </p>
   </div>
   <div class='ocr_carea' id='block_1_37' title="bbox 311 2128 1894 2200">
    <p class='ocr_par' dir='ltr' id='par_1_37' title="bbox 311 2128 1894 2200">
     <span class='ocr_line' id='line_1_37' title="bbox 311 2128 1894 2200; baseline -0.006 -7"><span class='ocrx_word' id='word_1_261' title='bbox 311 2135 481 2200; x_wconf 80' lang='lat' dir='ltr'><strong>tione,</strong></span> <span class='ocrx_word' id='word_1_262' title='bbox 508 2141 603 2188; x_wconf 88' lang='lat' dir='ltr'><strong>aut</strong></span> <span class='ocrx_word' id='word_1_263' title='bbox 642 2132 863 2188; x_wconf 89' lang='lat' dir='ltr'><strong>omnino</strong></span> <span class='ocrx_word' id='word_1_264' title='bbox 891 2130 1277 2186; x_wconf 88' lang='lat' dir='ltr'><strong>communitate</strong></span> <span class='ocrx_word' id='word_1_265' title='bbox 1314 2130 1619 2185; x_wconf 89' lang='lat' dir='ltr'><strong>introducta</strong></span> <span class='ocrx_word' id='word_1_266' title='bbox 1670 2128 1768 2185; x_wconf 85' lang='lat' dir='ltr'><strong>Est</strong></span> <span class='ocrx_word' id='word_1_267' title='bbox 1795 2145 1894 2185; x_wconf 91' lang='lat' dir='ltr'><strong>au-</strong></span> 
     </span>
    </p>
   </div>
   <div class='ocr_carea' id='block_1_38' title="bbox 310 2218 1898 2292">
    <p class='ocr_par' dir='ltr' id='par_1_38' title="bbox 310 2218 1898 2292">
     <span class='ocr_line' id='line_1_38' title="bbox 310 2218 1898 2292; baseline -0.003 -12"><span class='ocrx_word' id='word_1_268' title='bbox 310 2232 436 2280; x_wconf 85' lang='lat' dir='ltr'><strong>tem</strong></span> <span class='ocrx_word' id='word_1_269' title='bbox 453 2223 649 2279; x_wconf 85' lang='lat' dir='ltr'><strong>iterum</strong></span> <span class='ocrx_word' id='word_1_270' title='bbox 673 2221 741 2276; x_wconf 86' lang='lat' dir='ltr'><strong>ab</strong></span> <span class='ocrx_word' id='word_1_271' title='bbox 761 2220 846 2279; x_wconf 90' lang='lat' dir='ltr'><strong>bis</strong></span> <span class='ocrx_word' id='word_1_272' title='bbox 867 2221 1159 2276; x_wconf 88' lang='lat' dir='ltr'><strong>discretum</strong></span> <span class='ocrx_word' id='word_1_273' title='bbox 1184 2220 1297 2292; x_wconf 89' lang='lat' dir='ltr'><strong>ipsa</strong></span> <span class='ocrx_word' id='word_1_274' title='bbox 1320 2220 1614 2278; x_wconf 88' lang='lat' dir='ltr'><strong>secundum</strong></span> <span class='ocrx_word' id='word_1_275' title='bbox 1638 2236 1741 2276; x_wconf 88' lang='lat' dir='ltr'><strong>nos</strong></span> <span class='ocrx_word' id='word_1_276' title='bbox 1775 2218 1898 2277; x_wconf 74' lang='lat' dir='ltr'><strong>issu</strong></span> 
     </span>
    </p>
   </div>
   <div class='ocr_carea' id='block_1_39' title="bbox 310 2310 1899 2386">
    <p class='ocr_par' dir='ltr' id='par_1_39' title="bbox 310 2310 1899 2386">
     <span class='ocr_line' id='line_1_39' title="bbox 310 2310 1899 2386; baseline 0.002 -18"><span class='ocrx_word' id='word_1_277' title='bbox 310 2312 711 2386; x_wconf 78' lang='lat' dir='ltr'><strong>perfectissima</strong></span> <span class='ocrx_word' id='word_1_278' title='bbox 752 2320 807 2369; x_wconf 91' lang='lat' dir='ltr'><strong>et</strong></span> <span class='ocrx_word' id='word_1_279' title='bbox 846 2310 1199 2367; x_wconf 85' lang='lat' dir='ltr'><strong>immutabilis</strong></span> <span class='ocrx_word' id='word_1_280' title='bbox 1236 2312 1610 2379; x_wconf 89' lang='lat' dir='ltr'><strong>subsistentia,</strong></span> <span class='ocrx_word' id='word_1_281' title='bbox 1649 2321 1705 2368; x_wconf 91' lang='lat' dir='ltr'><strong>et</strong></span> <span class='ocrx_word' id='word_1_282' title='bbox 1730 2314 1899 2383; x_wconf 82' lang='lat' dir='ltr'><strong>quae-</strong></span> 
     </span>
    </p>
   </div>
   <div class='ocr_carea' id='block_1_40' title="bbox 314 2394 1900 2473">
    <p class='ocr_par' dir='ltr' id='par_1_40' title="bbox 314 2394 1900 2473">
     <span class='ocr_line' id='line_1_40' title="bbox 314 2394 1900 2473; baseline -0.002 -14"><span class='ocrx_word' id='word_1_283' title='bbox 314 2419 547 2473; x_wconf 85' lang='lat' dir='ltr'><strong>cumque</strong></span> <span class='ocrx_word' id='word_1_284' title='bbox 590 2402 888 2458; x_wconf 85' lang='lat' dir='ltr'><strong>secundum</strong></span> <span class='ocrx_word' id='word_1_285' title='bbox 927 2402 1100 2471; x_wconf 87' lang='lat' dir='ltr'><strong>ipsam</strong></span> <span class='ocrx_word' id='word_1_286' title='bbox 1141 2394 1271 2456; x_wconf 84' lang='lat' dir='ltr'><strong>sunt</strong></span> <span class='ocrx_word' id='word_1_287' title='bbox 1312 2401 1668 2457; x_wconf 86' lang='lat' dir='ltr'><strong>humanitatis</strong></span> <span class='ocrx_word' id='word_1_288' title='bbox 1717 2415 1900 2458; x_wconf 85' lang='lat' dir='ltr'><strong>essen-</strong></span> 
     </span>
    </p>
   </div>
   <div class='ocr_carea' id='block_1_41' title="bbox 316 2489 1902 2565">
    <p class='ocr_par' dir='ltr' id='par_1_41' title="bbox 316 2489 1902 2565">
     <span class='ocr_line' id='line_1_41' title="bbox 316 2489 1902 2565; baseline -0.001 -14"><span class='ocrx_word' id='word_1_289' title='bbox 316 2494 469 2551; x_wconf 90' lang='lat' dir='ltr'><strong>tialia</strong></span> <span class='ocrx_word' id='word_1_290' title='bbox 521 2491 796 2565; x_wconf 87' lang='lat' dir='ltr'><strong>mysteria.</strong></span> <span class='ocrx_word' id='word_1_291' title='bbox 843 2489 1070 2562; x_wconf 88' lang='lat' dir='ltr'><strong>Oportet</strong></span> <span class='ocrx_word' id='word_1_292' title='bbox 1093 2500 1297 2559; x_wconf 86' lang='lat' dir='ltr'><strong>autem,</strong></span> <span class='ocrx_word' id='word_1_293' title='bbox 1329 2499 1393 2546; x_wconf 91' lang='lat' dir='ltr'><strong>ut</strong></span> <span class='ocrx_word' id='word_1_294' title='bbox 1424 2492 1681 2559; x_wconf 84' lang='lat' dir='ltr'><strong>arbitror,</strong></span> <span class='ocrx_word' id='word_1_295' title='bbox 1728 2494 1902 2564; x_wconf 79' lang='lat' dir='ltr'><strong>magis</strong></span> 
     </span>
    </p>
   </div>
   <div class='ocr_carea' id='block_1_42' title="bbox 316 2582 1904 2656">
    <p class='ocr_par' dir='ltr' id='par_1_42' title="bbox 316 2582 1904 2656">
     <span class='ocr_line' id='line_1_42' title="bbox 316 2582 1904 2656; baseline -0.002 -13"><span class='ocrx_word' id='word_1_296' title='bbox 316 2586 647 2656; x_wconf 87' lang='lat' dir='ltr'><strong>recipientes</strong></span> <span class='ocrx_word' id='word_1_297' title='bbox 668 2598 769 2641; x_wconf 87' lang='lat' dir='ltr'><strong>nos</strong></span> <span class='ocrx_word' id='word_1_298' title='bbox 782 2582 1239 2655; x_wconf 80' lang='lat' dir='ltr'><strong>perfectissimum</strong></span> <span class='ocrx_word' id='word_1_299' title='bbox 1260 2583 1476 2639; x_wconf 82' lang='lat' dir='ltr'><strong>divinae</strong></span> <span class='ocrx_word' id='word_1_300' title='bbox 1514 2593 1568 2639; x_wconf 91' lang='lat' dir='ltr'><strong>et</strong></span> <span class='ocrx_word' id='word_1_301' title='bbox 1601 2584 1825 2641; x_wconf 87' lang='lat' dir='ltr'><strong>unitatis</strong></span> <span class='ocrx_word' id='word_1_302' title='bbox 1847 2593 1904 2640; x_wconf 90' lang='lat' dir='ltr'><strong>et</strong></span> 
     </span>
    </p>
   </div>
   <div class='ocr_carea' id='block_1_43' title="bbox 318 2668 1941 2748">
    <p class='ocr_par' dir='ltr' id='par_1_43' title="bbox 318 2668 1941 2748">
     <span class='ocr_line' id='line_1_43' title="bbox 318 2668 1941 2748; baseline -0.002 -13"><span class='ocrx_word' id='word_1_303' title='bbox 318 2677 664 2736; x_wconf 85' lang='lat' dir='ltr'><strong>discretionis</strong></span> <span class='ocrx_word' id='word_1_304' title='bbox 693 2688 962 2748; x_wconf 81' lang='lat' dir='ltr'><strong>exponere</strong></span> <span class='ocrx_word' id='word_1_305' title='bbox 990 2676 1233 2742; x_wconf 91' lang='lat' dir='ltr'><strong>modum,</strong></span> <span class='ocrx_word' id='word_1_306' title='bbox 1250 2674 1557 2746; x_wconf 82' lang='lat' dir='ltr'><strong>utcumque</strong></span> <span class='ocrx_word' id='word_1_307' title='bbox 1587 2675 1742 2732; x_wconf 91' lang='lat' dir='ltr'><strong>nobis</strong></span> <span class='ocrx_word' id='word_1_308' title='bbox 1766 2674 1903 2732; x_wconf 87' lang='lat' dir='ltr'><strong>bene</strong></span> <span class='ocrx_word' id='word_1_309' title='bbox 1926 2668 1941 2681; x_wconf 65' lang='grc'><strong><em>”</em></strong></span> 
     </span>
    </p>
   </div>
   <div class='ocr_carea' id='block_1_44' title="bbox 318 2765 1901 2847">
    <p class='ocr_par' dir='ltr' id='par_1_44' title="bbox 318 2765 1901 2847">
     <span class='ocr_line' id='line_1_44' title="bbox 318 2765 1901 2847; baseline -0.004 -18"><span class='ocrx_word' id='word_1_310' title='bbox 318 2771 662 2844; x_wconf 88' lang='lat' dir='ltr'><strong>conspiciens</strong></span> <span class='ocrx_word' id='word_1_311' title='bbox 686 2769 865 2826; x_wconf 90' lang='lat' dir='ltr'><strong>omnis</strong></span> <span class='ocrx_word' id='word_1_312' title='bbox 889 2768 1129 2847; x_wconf 73' lang='lat' dir='ltr'><strong>ingenita</strong></span> <span class='ocrx_word' id='word_1_313' title='bbox 1149 2775 1235 2823; x_wconf 91' lang='lat' dir='ltr'><strong>est</strong></span> <span class='ocrx_word' id='word_1_314' title='bbox 1260 2767 1422 2834; x_wconf 85' lang='lat' dir='ltr'><strong>ratio,</strong></span> <span class='ocrx_word' id='word_1_315' title='bbox 1447 2765 1659 2823; x_wconf 85' lang='lat' dir='ltr'><strong>varium</strong></span> <span class='ocrx_word' id='word_1_316' title='bbox 1681 2767 1901 2838; x_wconf 84' lang='lat' dir='ltr'><strong>quidem</strong></span> 
     </span>
    </p>
   </div>
   <div class='ocr_carea' id='block_1_45' title="bbox 318 2859 1905 2934">
    <p class='ocr_par' dir='ltr' id='par_1_45' title="bbox 318 2859 1905 2934">
     <span class='ocr_line' id='line_1_45' title="bbox 318 2859 1905 2934; baseline -0.001 -13"><span class='ocrx_word' id='word_1_317' title='bbox 318 2873 480 2921; x_wconf 82' lang='lat' dir='ltr'><strong>omne</strong></span> <span class='ocrx_word' id='word_1_318' title='bbox 505 2870 563 2918; x_wconf 84' lang='lat' dir='ltr'><strong>et</strong></span> <span class='ocrx_word' id='word_1_319' title='bbox 596 2866 703 2920; x_wconf 84' lang='lat' dir='ltr'><strong>non</strong></span> <span class='ocrx_word' id='word_1_320' title='bbox 739 2859 1086 2917; x_wconf 84' lang='lat' dir='ltr'><strong>manifestum</strong></span> <span class='ocrx_word' id='word_1_321' title='bbox 1113 2860 1422 2934; x_wconf 87' lang='lat' dir='ltr'><strong>relinquens</strong></span> <span class='ocrx_word' id='word_1_322' title='bbox 1446 2902 1463 2929; x_wconf 90' lang='lat'><strong>,</strong></span> <span class='ocrx_word' id='word_1_323' title='bbox 1490 2862 1632 2918; x_wconf 88' lang='lat' dir='ltr'><strong>bene</strong></span> <span class='ocrx_word' id='word_1_324' title='bbox 1668 2862 1905 2921; x_wconf 84' lang='lat' dir='ltr'><strong>discrete</strong></span> 
     </span>
    </p>
   </div>
   <div class='ocr_carea' id='block_1_46' title="bbox 323 2952 1903 3027">
    <p class='ocr_par' dir='ltr' id='par_1_46' title="bbox 323 2952 1903 3027">
     <span class='ocr_line' id='line_1_46' title="bbox 323 2952 1903 3027; baseline 0 -16"><span class='ocrx_word' id='word_1_325' title='bbox 323 2968 451 3014; x_wconf 80' lang='lat' dir='ltr'><strong>vero</strong></span> <span class='ocrx_word' id='word_1_326' title='bbox 470 2964 525 3011; x_wconf 89' lang='lat' dir='ltr'><strong>et</strong></span> <span class='ocrx_word' id='word_1_327' title='bbox 553 2952 837 3012; x_wconf 76' lang='lat' dir='ltr'><strong>manifeste</strong></span> <span class='ocrx_word' id='word_1_328' title='bbox 851 2963 907 3013; x_wconf 89' lang='lat' dir='ltr'><strong>et</strong></span> <span class='ocrx_word' id='word_1_329' title='bbox 925 2954 1065 3010; x_wconf 84' lang='lat' dir='ltr'><strong>bene</strong></span> <span class='ocrx_word' id='word_1_330' title='bbox 1088 2953 1334 3010; x_wconf 86' lang='lat' dir='ltr'><strong>ordinate</strong></span> <span class='ocrx_word' id='word_1_331' title='bbox 1361 2955 1577 3027; x_wconf 88' lang='lat' dir='ltr'><strong>propria</strong></span> <span class='ocrx_word' id='word_1_332' title='bbox 1604 2956 1903 3012; x_wconf 87' lang='lat' dir='ltr'><strong>secundum</strong></span> 
     </span>
    </p>
   </div>
   <div class='ocr_carea' id='block_1_47' title="bbox 1998 1848 3605 1924">
    <p class='ocr_par' dir='ltr' id='par_1_47' title="bbox 1998 1848 3605 1924">
     <span class='ocr_line' id='line_1_47' title="bbox 1998 1848 3605 1924; baseline 0.002 -17"><span class='ocrx_word' id='word_1_333' title='bbox 1998 1852 2196 1919; x_wconf 88' lang='lat' dir='ltr'><strong>ctihus,</strong></span> <span class='ocrx_word' id='word_1_334' title='bbox 2223 1867 2363 1923; x_wconf 90' lang='lat' dir='ltr'><strong>quae</strong></span> <span class='ocrx_word' id='word_1_335' title='bbox 2394 1852 2593 1909; x_wconf 88' lang='lat' dir='ltr'><strong>habent</strong></span> <span class='ocrx_word' id='word_1_336' title='bbox 2621 1852 3017 1908; x_wconf 84' lang='lat' dir='ltr'><strong>incommixtim</strong></span> <span class='ocrx_word' id='word_1_337' title='bbox 3057 1858 3112 1909; x_wconf 92' lang='lat' dir='ltr'><strong>et</strong></span> <span class='ocrx_word' id='word_1_338' title='bbox 3147 1848 3605 1924; x_wconf 77' lang='lat' dir='ltr'><strong>supermundane</strong></span> 
     </span>
    </p>
   </div>
   <div class='ocr_carea' id='block_1_48' title="bbox 1997 1943 3584 2017">
    <p class='ocr_par' dir='ltr' id='par_1_48' title="bbox 1997 1943 3584 2017">
     <span class='ocr_line' id='line_1_48' title="bbox 1997 1943 3584 2017; baseline 0.003 -19"><span class='ocrx_word' id='word_1_339' title='bbox 1997 1959 2096 2015; x_wconf 89' lang='lat' dir='ltr'><strong>per</strong></span> <span class='ocrx_word' id='word_1_340' title='bbox 2139 1953 2252 1999; x_wconf 90' lang='lat' dir='ltr'><strong>tota</strong></span> <span class='ocrx_word' id='word_1_341' title='bbox 2302 1943 2586 1999; x_wconf 88' lang='lat' dir='ltr'><strong>deiformia</strong></span> <span class='ocrx_word' id='word_1_342' title='bbox 2630 1955 2684 2000; x_wconf 90' lang='lat' dir='ltr'><strong>et</strong></span> <span class='ocrx_word' id='word_1_343' title='bbox 2708 1944 3129 2016; x_wconf 85' lang='lat' dir='ltr'><strong>supercaelestia</strong></span> <span class='ocrx_word' id='word_1_344' title='bbox 3174 1945 3378 2000; x_wconf 89' lang='lat' dir='ltr'><strong>lumina</strong></span> <span class='ocrx_word' id='word_1_345' title='bbox 3428 1946 3584 2017; x_wconf 82' lang='lat' dir='ltr'><strong>juxta</strong></span> 
     </span>
    </p>
   </div>
   <div class='ocr_carea' id='block_1_49' title="bbox 1998 2034 3586 2107">
    <p class='ocr_par' dir='ltr' id='par_1_49' title="bbox 1998 2034 3586 2107">
     <span class='ocr_line' id='line_1_49' title="bbox 1998 2034 3586 2107; baseline 0 -17"><span class='ocrx_word' id='word_1_346' title='bbox 1998 2035 2468 2106; x_wconf 88' lang='lat' dir='ltr'><strong>participationem</strong></span> <span class='ocrx_word' id='word_1_347' title='bbox 2492 2034 2968 2092; x_wconf 86' lang='lat' dir='ltr'><strong>corrationabilem</strong></span> <span class='ocrx_word' id='word_1_348' title='bbox 2996 2035 3443 2107; x_wconf 80' lang='lat' dir='ltr'><strong>partieipantibus</strong></span> <span class='ocrx_word' id='word_1_349' title='bbox 3468 2053 3586 2091; x_wconf 86' lang='lat' dir='ltr'><strong>om—</strong></span> 
     </span>
    </p>
   </div>
   <div class='ocr_carea' id='block_1_50' title="bbox 1998 2128 3587 2209">
    <p class='ocr_par' dir='ltr' id='par_1_50' title="bbox 1998 2128 3587 2209">
     <span class='ocr_line' id='line_1_50' title="bbox 1998 2128 3587 2209; baseline 0.001 -25"><span class='ocrx_word' id='word_1_350' title='bbox 1998 2128 2161 2184; x_wconf 90' lang='lat' dir='ltr'><strong>nibus</strong></span> <span class='ocrx_word' id='word_1_351' title='bbox 2188 2138 2565 2199; x_wconf 87' lang='lat' dir='ltr'><strong>superremota</strong></span> <span class='ocrx_word' id='word_1_352' title='bbox 2600 2129 2847 2209; x_wconf 29' lang='lat' dir='ltr'><strong>unitate.‘</strong></span> <span class='ocrx_word' id='word_1_353' title='bbox 2883 2129 2979 2183; x_wconf 89' lang='lat' dir='ltr'><strong>Est</strong></span> <span class='ocrx_word' id='word_1_354' title='bbox 3031 2137 3213 2183; x_wconf 87' lang='lat' dir='ltr'><strong>autem</strong></span> <span class='ocrx_word' id='word_1_355' title='bbox 3237 2138 3293 2184; x_wconf 90' lang='lat' dir='ltr'><strong>et</strong></span> <span class='ocrx_word' id='word_1_356' title='bbox 3331 2129 3587 2187; x_wconf 84' lang='lat' dir='ltr'><strong>discretio</strong></span> 
     </span>
    </p>
   </div>
   <div class='ocr_carea' id='block_1_51' title="bbox 1999 2220 3587 2293">
    <p class='ocr_par' dir='ltr' id='par_1_51' title="bbox 1999 2220 3587 2293">
     <span class='ocr_line' id='line_1_51' title="bbox 1999 2220 3587 2293; baseline 0.001 -16"><span class='ocrx_word' id='word_1_357' title='bbox 1999 2221 2056 2277; x_wconf 91' lang='lat' dir='ltr'><strong>in</strong></span> <span class='ocrx_word' id='word_1_358' title='bbox 2085 2220 2625 2292; x_wconf 88' lang='lat' dir='ltr'><strong>superessentialibus</strong></span> <span class='ocrx_word' id='word_1_359' title='bbox 2657 2220 2971 2293; x_wconf 77' lang='lat' dir='ltr'><strong>theologiis,</strong></span> <span class='ocrx_word' id='word_1_360' title='bbox 3010 2234 3119 2278; x_wconf 84' lang='lat' dir='ltr'><strong>non</strong></span> <span class='ocrx_word' id='word_1_361' title='bbox 3153 2236 3315 2292; x_wconf 89' lang='lat' dir='ltr'><strong>quam</strong></span> <span class='ocrx_word' id='word_1_362' title='bbox 3339 2224 3587 2280; x_wconf 87' lang='lat' dir='ltr'><strong>dicebam</strong></span> 
     </span>
    </p>
   </div>
   <div class='ocr_carea' id='block_1_52' title="bbox 2000 2313 3587 2384">
    <p class='ocr_par' dir='ltr' id='par_1_52' title="bbox 2000 2313 3587 2384">
     <span class='ocr_line' id='line_1_52' title="bbox 2000 2313 3587 2384; baseline 0 -13"><span class='ocrx_word' id='word_1_363' title='bbox 2000 2313 2367 2378; x_wconf 81' lang='lat' dir='ltr'><strong>solummodo,</strong></span> <span class='ocrx_word' id='word_1_364' title='bbox 2421 2314 2547 2384; x_wconf 88' lang='lat' dir='ltr'><strong>quia</strong></span> <span class='ocrx_word' id='word_1_365' title='bbox 2585 2321 2640 2368; x_wconf 90' lang='lat' dir='ltr'><strong>et</strong></span> <span class='ocrx_word' id='word_1_366' title='bbox 2697 2314 2838 2369; x_wconf 90' lang='lat' dir='ltr'><strong>banc</strong></span> <span class='ocrx_word' id='word_1_367' title='bbox 2884 2313 3148 2369; x_wconf 86' lang='lat' dir='ltr'><strong>unitatem</strong></span> <span class='ocrx_word' id='word_1_368' title='bbox 3197 2314 3587 2371; x_wconf 80' lang='lat' dir='ltr'><strong>incommixtim</strong></span> 
     </span>
    </p>
   </div>
   <div class='ocr_carea' id='block_1_53' title="bbox 1926 2405 3588 2480">
    <p class='ocr_par' dir='ltr' id='par_1_53' title="bbox 1926 2405 3588 2480">
     <span class='ocr_line' id='line_1_53' title="bbox 1926 2405 3588 2480; baseline 0 -16"><span class='ocrx_word' id='word_1_369' title='bbox 1926 2474 1927 2477; x_wconf 23' lang='grc' dir='ltr'><strong>η</strong></span> <span class='ocrx_word' id='word_1_370' title='bbox 2000 2407 2254 2474; x_wconf 85' lang='lat' dir='ltr'><strong>collocat,</strong></span> <span class='ocrx_word' id='word_1_371' title='bbox 2281 2417 2337 2461; x_wconf 89' lang='lat' dir='ltr'><strong>et</strong></span> <span class='ocrx_word' id='word_1_372' title='bbox 2362 2405 2643 2463; x_wconf 81' lang='lat' dir='ltr'><strong>inconfuse</strong></span> <span class='ocrx_word' id='word_1_373' title='bbox 2672 2421 3027 2479; x_wconf 86' lang='lat' dir='ltr'><strong>unaquaeque</strong></span> <span class='ocrx_word' id='word_1_374' title='bbox 3052 2407 3431 2480; x_wconf 84' lang='lat' dir='ltr'><strong>principalium</strong></span> <span class='ocrx_word' id='word_1_375' title='bbox 3457 2409 3588 2464; x_wconf 89' lang='lat' dir='ltr'><strong>sub-</strong></span> 
     </span>
    </p>
   </div>
   <div class='ocr_carea' id='block_1_54' title="bbox 2001 2488 3591 2570">
    <p class='ocr_par' dir='ltr' id='par_1_54' title="bbox 2001 2488 3591 2570">
     <span class='ocr_line' id='line_1_54' title="bbox 2001 2488 3591 2570; baseline 0 -15"><span class='ocrx_word' id='word_1_376' title='bbox 2001 2499 2366 2555; x_wconf 87' lang='lat' dir='ltr'><strong>stantiarum:</strong></span> <span class='ocrx_word' id='word_1_377' title='bbox 2410 2499 2504 2554; x_wconf 86' lang='lat' dir='ltr'><strong>sed</strong></span> <span class='ocrx_word' id='word_1_378' title='bbox 2552 2488 2758 2569; x_wconf 46' lang='lat' dir='ltr'><strong>quia&#39;et</strong></span> <span class='ocrx_word' id='word_1_379' title='bbox 2796 2513 2936 2568; x_wconf 88' lang='lat' dir='ltr'><strong>quae</strong></span> <span class='ocrx_word' id='word_1_380' title='bbox 2965 2508 3095 2556; x_wconf 90' lang='lat' dir='ltr'><strong>sunt</strong></span> <span class='ocrx_word' id='word_1_381' title='bbox 3121 2499 3591 2570; x_wconf 88' lang='lat' dir='ltr'><strong>superessentialis</strong></span> 
     </span>
    </p>
   </div>
   <div class='ocr_carea' id='block_1_55' title="bbox 2005 2578 3592 2664">
    <p class='ocr_par' dir='ltr' id='par_1_55' title="bbox 2005 2578 3592 2664">
     <span class='ocr_line' id='line_1_55' title="bbox 2005 2578 3592 2664; baseline 0 -15"><span class='ocrx_word' id='word_1_382' title='bbox 2005 2584 2344 2664; x_wconf 74' lang='lat' dir='ltr'><strong>theogoniae.</strong></span> <span class='ocrx_word' id='word_1_383' title='bbox 2378 2578 2482 2646; x_wconf 88' lang='lat' dir='ltr'><strong>non</strong></span> <span class='ocrx_word' id='word_1_384' title='bbox 2512 2592 2922 2662; x_wconf 89' lang='lat' dir='ltr'><strong>reciprocantur</strong></span> <span class='ocrx_word' id='word_1_385' title='bbox 2959 2593 3026 2647; x_wconf 90' lang='lat' dir='ltr'><strong>ad</strong></span> <span class='ocrx_word' id='word_1_386' title='bbox 3052 2607 3111 2647; x_wconf 87' lang='lat' dir='ltr'><strong>se</strong></span> <span class='ocrx_word' id='word_1_387' title='bbox 3143 2593 3398 2649; x_wconf 83' lang='lat' dir='ltr'><strong>invicem.</strong></span> <span class='ocrx_word' id='word_1_388' title='bbox 3433 2590 3592 2649; x_wconf 88' lang='lat' dir='ltr'><strong>Solus</strong></span> 
     </span>
    </p>
   </div>
   <div class='ocr_carea' id='block_1_56' title="bbox 2001 2670 3591 2754">
    <p class='ocr_par' dir='ltr' id='par_1_56' title="bbox 2001 2670 3591 2754">
     <span class='ocr_line' id='line_1_56' title="bbox 2001 2670 3591 2754; baseline -0.001 -12"><span class='ocrx_word' id='word_1_389' title='bbox 2001 2670 2199 2742; x_wconf 84' lang='lat' dir='ltr'><strong>autem</strong></span> <span class='ocrx_word' id='word_1_390' title='bbox 2222 2684 2341 2742; x_wconf 82' lang='lat' dir='ltr'><strong>fons</strong></span> <span class='ocrx_word' id='word_1_391' title='bbox 2367 2677 2833 2754; x_wconf 85' lang='lat' dir='ltr'><strong>superessentialis</strong></span> <span class='ocrx_word' id='word_1_392' title='bbox 2862 2682 3083 2741; x_wconf 88' lang='lat' dir='ltr'><strong>deitatis</strong></span> <span class='ocrx_word' id='word_1_393' title='bbox 3104 2683 3297 2750; x_wconf 90' lang='lat' dir='ltr'><strong>Pater,</strong></span> <span class='ocrx_word' id='word_1_394' title='bbox 3329 2686 3457 2741; x_wconf 90' lang='lat' dir='ltr'><strong>dum</strong></span> <span class='ocrx_word' id='word_1_395' title='bbox 3482 2701 3591 2741; x_wconf 87' lang='lat' dir='ltr'><strong>non</strong></span> 
     </span>
    </p>
   </div>
   <div class='ocr_carea' id='block_1_57' title="bbox 2002 2772 3596 2845">
    <p class='ocr_par' dir='ltr' id='par_1_57' title="bbox 2002 2772 3596 2845">
     <span class='ocr_line' id='line_1_57' title="bbox 2002 2772 3596 2845; baseline 0.001 -13"><span class='ocrx_word' id='word_1_396' title='bbox 2002 2778 2074 2832; x_wconf 90' lang='lat' dir='ltr'><strong>sit</strong></span> <span class='ocrx_word' id='word_1_397' title='bbox 2122 2776 2289 2832; x_wconf 86' lang='lat' dir='ltr'><strong>Filius</strong></span> <span class='ocrx_word' id='word_1_398' title='bbox 2331 2785 2502 2845; x_wconf 86' lang='lat' dir='ltr'><strong>pater,</strong></span> <span class='ocrx_word' id='word_1_399' title='bbox 2534 2789 2710 2845; x_wconf 88' lang='lat' dir='ltr'><strong>neque</strong></span> <span class='ocrx_word' id='word_1_400' title='bbox 2751 2772 2915 2829; x_wconf 90' lang='lat' dir='ltr'><strong>Pater</strong></span> <span class='ocrx_word' id='word_1_401' title='bbox 2961 2773 3121 2841; x_wconf 82' lang='lat' dir='ltr'><strong>ﬁlius,</strong></span> <span class='ocrx_word' id='word_1_402' title='bbox 3166 2774 3596 2833; x_wconf 79' lang='lat' dir='ltr'><strong>custodientihus</strong></span> 
     </span>
    </p>
   </div>
   <div class='ocr_carea' id='block_1_58' title="bbox 2001 2867 3593 2939">
    <p class='ocr_par' dir='ltr' id='par_1_58' title="bbox 2001 2867 3593 2939">
     <span class='ocr_line' id='line_1_58' title="bbox 2001 2867 3593 2939; baseline 0.001 -16"><span class='ocrx_word' id='word_1_403' title='bbox 2001 2870 2221 2939; x_wconf 87' lang='lat' dir='ltr'><strong>propria</strong></span> <span class='ocrx_word' id='word_1_404' title='bbox 2248 2868 2495 2924; x_wconf 87' lang='lat' dir='ltr'><strong>laudibus</strong></span> <span class='ocrx_word' id='word_1_405' title='bbox 2522 2877 2670 2924; x_wconf 91' lang='lat' dir='ltr'><strong>recte</strong></span> <span class='ocrx_word' id='word_1_406' title='bbox 2692 2867 2982 2939; x_wconf 89' lang='lat' dir='ltr'><strong>unicuique</strong></span> <span class='ocrx_word' id='word_1_407' title='bbox 3009 2867 3315 2924; x_wconf 87' lang='lat' dir='ltr'><strong>divinarum</strong></span> <span class='ocrx_word' id='word_1_408' title='bbox 3341 2868 3593 2925; x_wconf 87' lang='lat' dir='ltr'><strong>substan-</strong></span> 
     </span>
    </p>
   </div>
   <div class='ocr_carea' id='block_1_59' title="bbox 2004 2958 3593 3039">
    <p class='ocr_par' dir='ltr' id='par_1_59' title="bbox 2004 2958 3593 3039">
     <span class='ocr_line' id='line_1_59' title="bbox 2004 2958 3593 3039; baseline 0 -23"><span class='ocrx_word' id='word_1_409' title='bbox 2004 2961 2219 3016; x_wconf 89' lang='lat' dir='ltr'><strong>tiarum.</strong></span> <span class='ocrx_word' id='word_1_410' title='bbox 2248 2959 2393 3016; x_wconf 84' lang='lat' dir='ltr'><strong>Haec</strong></span> <span class='ocrx_word' id='word_1_411' title='bbox 2415 2960 2633 3031; x_wconf 81' lang='lat' dir='ltr'><strong>quidem</strong></span> <span class='ocrx_word' id='word_1_412' title='bbox 2660 2960 2954 3017; x_wconf 88' lang='lat' dir='ltr'><strong>secundum</strong></span> <span class='ocrx_word' id='word_1_413' title='bbox 2979 2958 3593 3039; x_wconf 29' lang='lat' dir='ltr'><strong>inet&#39;l‘abilem‘unitatem</strong></span> 
     </span>
    </p>
   </div>
   <div class='ocr_carea' id='block_1_60' title="bbox 324 3042 3596 3121">
    <p class='ocr_par' dir='ltr' id='par_1_60' title="bbox 324 3042 3596 3121">
     <span class='ocr_line' id='line_1_60' title="bbox 324 3042 3596 3121; baseline 0.002 -16"><span class='ocrx_word' id='word_1_414' title='bbox 324 3051 580 3106; x_wconf 91' lang='lat' dir='ltr'><strong>virtutem</strong></span> <span class='ocrx_word' id='word_1_415' title='bbox 623 3042 1015 3105; x_wconf 61' lang='lat' dir='ltr'><strong>considerans.‘</strong></span> <span class='ocrx_word' id='word_1_416' title='bbox 1042 3046 1251 3104; x_wconf 80' lang='lat' dir='ltr'><strong>Vocant</strong></span> <span class='ocrx_word' id='word_1_417' title='bbox 1294 3049 1461 3115; x_wconf 90' lang='lat' dir='ltr'><strong>enim,</strong></span> <span class='ocrx_word' id='word_1_418' title='bbox 1511 3050 1659 3119; x_wconf 80' lang='lat' dir='ltr'><strong>quod</strong></span> <span class='ocrx_word' id='word_1_419' title='bbox 1684 3050 1901 3121; x_wconf 88' lang='lat' dir='ltr'><strong>quidem</strong></span> <span class='ocrx_word' id='word_1_420' title='bbox 2004 3053 2482 3110; x_wconf 79' lang='lat' dir='ltr'><strong>etsubsistentiam</strong></span> <span class='ocrx_word' id='word_1_421' title='bbox 2505 3053 2756 3109; x_wconf 87' lang='lat' dir='ltr'><strong>unitaset</strong></span> <span class='ocrx_word' id='word_1_422' title='bbox 2776 3052 3053 3109; x_wconf 88' lang='lat' dir='ltr'><strong>discretio.</strong></span> <span class='ocrx_word' id='word_1_423' title='bbox 3078 3052 3596 3111; x_wconf 85' lang='lat' dir='ltr'><strong>Siautemetdivina</strong></span> 
     </span>
    </p>
   </div>
   <div class='ocr_carea' id='block_1_61' title="bbox 321 3121 3598 3221">
    <p class='ocr_par' dir='ltr' id='par_1_61' title="bbox 321 3121 3598 3221">
     <span class='ocr_line' id='line_1_61' title="bbox 321 3121 3598 3221; baseline 0.001 -22"><span class='ocrx_word' id='word_1_424' title='bbox 321 3150 381 3200; x_wconf 91' lang='lat' dir='ltr'><strong>et</strong></span> <span class='ocrx_word' id='word_1_425' title='bbox 420 3142 476 3197; x_wconf 91' lang='lat' dir='ltr'><strong>in</strong></span> <span class='ocrx_word' id='word_1_426' title='bbox 522 3140 645 3197; x_wconf 88' lang='lat' dir='ltr'><strong>aliis</strong></span> <span class='ocrx_word' id='word_1_427' title='bbox 679 3140 948 3208; x_wconf 83' lang='lat' dir='ltr'><strong>dixeram,</strong></span> <span class='ocrx_word' id='word_1_428' title='bbox 977 3148 1198 3221; x_wconf 83' lang='lat' dir='ltr'><strong>nostrae</strong></span> <span class='ocrx_word' id='word_1_429' title='bbox 1233 3140 1564 3213; x_wconf 73' lang='lat' dir='ltr'><strong>theologiCae</strong></span> <span class='ocrx_word' id='word_1_430' title='bbox 1594 3142 1902 3199; x_wconf 88' lang='lat' dir='ltr'><strong>traditionis</strong></span> <span class='ocrx_word' id='word_1_431' title='bbox 1928 3121 1976 3185; x_wconf 64' lang='grc' dir='ltr'>Ο</span> <span class='ocrx_word' id='word_1_432' title='bbox 2006 3146 2267 3202; x_wconf 87' lang='lat' dir='ltr'><strong>discretio</strong></span> <span class='ocrx_word' id='word_1_433' title='bbox 2305 3155 2390 3200; x_wconf 84' lang='lat' dir='ltr'><strong>est</strong></span> <span class='ocrx_word' id='word_1_434' title='bbox 2430 3146 2632 3218; x_wconf 77' lang='lat' dir='ltr'><strong>optima</strong></span> <span class='ocrx_word' id='word_1_435' title='bbox 2669 3145 2946 3217; x_wconf 82' lang='lat' dir='ltr'><strong>processio</strong></span> <span class='ocrx_word' id='word_1_436' title='bbox 2989 3144 3215 3200; x_wconf 84' lang='lat' dir='ltr'><strong>unitatis</strong></span> <span class='ocrx_word' id='word_1_437' title='bbox 3245 3145 3459 3202; x_wconf 79' lang='lat' dir='ltr'><strong>divinae</strong></span> <span class='ocrx_word' id='word_1_438' title='bbox 3508 3161 3598 3202; x_wconf 88' lang='lat' dir='ltr'><strong>su-</strong></span> 
     </span>
    </p>
   </div>
   <div class='ocr_carea' id='block_1_62' title="bbox 323 3228 3600 3310">
    <p class='ocr_par' dir='ltr' id='par_1_62' title="bbox 323 3228 3600 3310">
     <span class='ocr_line' id='line_1_62' title="bbox 323 3228 3600 3310; baseline -0 -18"><span class='ocrx_word' id='word_1_439' title='bbox 323 3234 468 3292; x_wconf 84' lang='lat' dir='ltr'><strong>sacri</strong></span> <span class='ocrx_word' id='word_1_440' title='bbox 518 3233 772 3289; x_wconf 89' lang='lat' dir='ltr'><strong>doctores</strong></span> <span class='ocrx_word' id='word_1_441' title='bbox 814 3233 1054 3288; x_wconf 86' lang='lat' dir='ltr'><strong>unitates</strong></span> <span class='ocrx_word' id='word_1_442' title='bbox 1081 3232 1296 3303; x_wconf 89' lang='lat' dir='ltr'><strong>quidem</strong></span> <span class='ocrx_word' id='word_1_443' title='bbox 1327 3233 1536 3289; x_wconf 81' lang='lat' dir='ltr'><strong>divinas</strong></span> <span class='ocrx_word' id='word_1_444' title='bbox 1588 3248 1906 3309; x_wconf 82' lang='lat' dir='ltr'><strong>superarca-</strong></span> <span class='ocrx_word' id='word_1_445' title='bbox 2006 3238 2259 3310; x_wconf 89' lang='lat' dir='ltr'><strong>perunite</strong></span> <span class='ocrx_word' id='word_1_446' title='bbox 2306 3238 2654 3307; x_wconf 88' lang='lat' dir='ltr'><strong>semetipsam</strong></span> <span class='ocrx_word' id='word_1_447' title='bbox 2702 3228 2949 3293; x_wconf 77' lang='lat' dir='ltr'><strong>benitate</strong></span> <span class='ocrx_word' id='word_1_448' title='bbox 3013 3243 3068 3292; x_wconf 91' lang='lat' dir='ltr'><strong>et</strong></span> <span class='ocrx_word' id='word_1_449' title='bbox 3133 3233 3494 3308; x_wconf 84' lang='lat' dir='ltr'><strong>pluriﬁcantis</strong></span> <span class='ocrx_word' id='word_1_450' title='bbox 3542 3246 3600 3292; x_wconf 92' lang='lat' dir='ltr'><strong>et</strong></span> 
     </span>
    </p>
   </div>
   <div class='ocr_carea' id='block_1_63' title="bbox 325 3322 3601 3404">
    <p class='ocr_par' dir='ltr' id='par_1_63' title="bbox 325 3322 3601 3404">
     <span class='ocr_line' id='line_1_63' title="bbox 325 3322 3601 3404; baseline 0.001 -22"><span class='ocrx_word' id='word_1_451' title='bbox 325 3339 431 3382; x_wconf 82' lang='lat' dir='ltr'><strong>nae</strong></span> <span class='ocrx_word' id='word_1_452' title='bbox 453 3332 509 3379; x_wconf 89' lang='lat' dir='ltr'><strong>et</strong></span> <span class='ocrx_word' id='word_1_453' title='bbox 534 3323 1007 3395; x_wconf 76' lang='lat' dir='ltr'><strong>superincognitae</strong></span> <span class='ocrx_word' id='word_1_454' title='bbox 1036 3323 1260 3378; x_wconf 90' lang='lat' dir='ltr'><strong>unitatis</strong></span> <span class='ocrx_word' id='word_1_455' title='bbox 1299 3322 1539 3378; x_wconf 89' lang='lat' dir='ltr'><strong>occultas</strong></span> <span class='ocrx_word' id='word_1_456' title='bbox 1565 3332 1620 3379; x_wconf 91' lang='lat' dir='ltr'><strong>et</strong></span> <span class='ocrx_word' id='word_1_457' title='bbox 1640 3324 1908 3379; x_wconf 87' lang='lat' dir='ltr'><strong>inremea-</strong></span> <span class='ocrx_word' id='word_1_458' title='bbox 2009 3327 2442 3397; x_wconf 86' lang='lat' dir='ltr'><strong>multiplicantis,</strong></span> <span class='ocrx_word' id='word_1_459' title='bbox 2492 3326 2697 3404; x_wconf 65' lang='grc' dir='ltr'><strong>ιιιιίιευς)Δ</strong></span> <span class='ocrx_word' id='word_1_460' title='bbox 2728 3325 2951 3397; x_wconf 85' lang='lat' dir='ltr'><strong>quidem</strong></span> <span class='ocrx_word' id='word_1_461' title='bbox 2993 3334 3120 3383; x_wconf 86' lang='lat' dir='ltr'><strong>sunt</strong></span> <span class='ocrx_word' id='word_1_462' title='bbox 3167 3328 3462 3385; x_wconf 87' lang='lat' dir='ltr'><strong>secundum</strong></span> <span class='ocrx_word' id='word_1_463' title='bbox 3515 3327 3601 3397; x_wconf 84' lang='lat' dir='ltr'><strong>di-</strong></span> 
     </span>
    </p>
   </div>
   <div class='ocr_carea' id='block_1_64' title="bbox 322 3413 1907 3487">
    <p class='ocr_par' dir='ltr' id='par_1_64' title="bbox 322 3413 1907 3487">
     <span class='ocr_line' id='line_1_64' title="bbox 322 3413 1907 3487; baseline -0.003 -13"><span class='ocrx_word' id='word_1_464' title='bbox 322 3417 462 3474; x_wconf 85' lang='lat' dir='ltr'><strong>hiles</strong></span> <span class='ocrx_word' id='word_1_465' title='bbox 502 3414 1087 3487; x_wconf 85' lang='lat' dir='ltr'><strong>supercollocationcs,</strong></span> <span class='ocrx_word' id='word_1_466' title='bbox 1132 3413 1487 3469; x_wconf 85' lang='lat' dir='ltr'><strong>discretiones</strong></span> <span class='ocrx_word' id='word_1_467' title='bbox 1517 3427 1647 3469; x_wconf 87' lang='lat' dir='ltr'><strong>vero</strong></span> <span class='ocrx_word' id='word_1_468' title='bbox 1676 3414 1907 3485; x_wconf 84' lang='lat' dir='ltr'><strong>optimas</strong></span> 
     </span>
    </p>
   </div>
   <div class='ocr_carea' id='block_1_65' title="bbox 326 3504 1907 3576">
    <p class='ocr_par' dir='ltr' id='par_1_65' title="bbox 326 3504 1907 3576">
     <span class='ocr_line' id='line_1_65' title="bbox 326 3504 1907 3576; baseline -0.001 -12"><span class='ocrx_word' id='word_1_469' title='bbox 326 3507 625 3564; x_wconf 78' lang='lat' dir='ltr'><strong>divinitatis</strong></span> <span class='ocrx_word' id='word_1_470' title='bbox 685 3514 740 3561; x_wconf 90' lang='lat' dir='ltr'><strong>et</strong></span> <span class='ocrx_word' id='word_1_471' title='bbox 799 3504 1212 3576; x_wconf 87' lang='lat' dir='ltr'><strong>processiones,</strong></span> <span class='ocrx_word' id='word_1_472' title='bbox 1276 3513 1332 3559; x_wconf 87' lang='lat' dir='ltr'><strong>et</strong></span> <span class='ocrx_word' id='word_1_473' title='bbox 1419 3504 1907 3562; x_wconf 84' lang='lat' dir='ltr'><strong>manifestationes.</strong></span> 
     </span>
    </p>
   </div>
   <div class='ocr_carea' id='block_1_66' title="bbox 325 3582 1913 3669">
    <p class='ocr_par' dir='ltr' id='par_1_66' title="bbox 325 3582 1913 3669">
     <span class='ocr_line' id='line_1_66' title="bbox 325 3582 1913 3669; baseline -0.003 -13"><span class='ocrx_word' id='word_1_474' title='bbox 325 3599 396 3657; x_wconf 88' lang='lat' dir='ltr'><strong>Et</strong></span> <span class='ocrx_word' id='word_1_475' title='bbox 435 3599 591 3661; x_wconf 89' lang='lat' dir='ltr'><strong>aiunt</strong></span> <span class='ocrx_word' id='word_1_476' title='bbox 633 3582 1041 3669; x_wconf 50' lang='lat' dir='ltr'><strong>sacra‘eloqnia</strong></span> <span class='ocrx_word' id='word_1_477' title='bbox 1081 3605 1408 3666; x_wconf 88' lang='lat' dir='ltr'><strong>sequentes,</strong></span> <span class='ocrx_word' id='word_1_478' title='bbox 1462 3582 1517 3651; x_wconf 90' lang='lat' dir='ltr'><strong>et</strong></span> <span class='ocrx_word' id='word_1_479' title='bbox 1571 3597 1747 3654; x_wconf 85' lang='lat' dir='ltr'><strong>dictae</strong></span> <span class='ocrx_word' id='word_1_480' title='bbox 1793 3597 1913 3653; x_wconf 88' lang='lat' dir='ltr'><strong>uni-</strong></span> 
     </span>
    </p>
   </div>
   <div class='ocr_carea' id='block_1_67' title="bbox 331 3684 1915 3761">
    <p class='ocr_par' dir='ltr' id='par_1_67' title="bbox 331 3684 1915 3761">
     <span class='ocr_line' id='line_1_67' title="bbox 331 3684 1915 3761; baseline 0 -16"><span class='ocrx_word' id='word_1_481' title='bbox 331 3690 460 3745; x_wconf 86' lang='lat' dir='ltr'><strong>tatis</strong></span> <span class='ocrx_word' id='word_1_482' title='bbox 520 3689 737 3760; x_wconf 84' lang='lat' dir='ltr'><strong>propria</strong></span> <span class='ocrx_word' id='word_1_483' title='bbox 783 3704 798 3741; x_wconf 92' lang='lat'>:</span> <span class='ocrx_word' id='word_1_484' title='bbox 848 3697 904 3743; x_wconf 91' lang='lat' dir='ltr'><strong>et</strong></span> <span class='ocrx_word' id='word_1_485' title='bbox 933 3684 1155 3752; x_wconf 86' lang='lat' dir='ltr'><strong>iterum,</strong></span> <span class='ocrx_word' id='word_1_486' title='bbox 1203 3686 1549 3744; x_wconf 89' lang='lat' dir='ltr'><strong>discretionis</strong></span> <span class='ocrx_word' id='word_1_487' title='bbox 1590 3704 1711 3746; x_wconf 88' lang='lat' dir='ltr'><strong>esse</strong></span> <span class='ocrx_word' id='word_1_488' title='bbox 1750 3685 1915 3761; x_wconf 88' lang='lat' dir='ltr'><strong>quas-</strong></span> 
     </span>
    </p>
   </div>
   <div class='ocr_carea' id='block_1_68' title="bbox 332 3771 1914 3850">
    <p class='ocr_par' dir='ltr' id='par_1_68' title="bbox 332 3771 1914 3850">
     <span class='ocr_line' id='line_1_68' title="bbox 332 3771 1914 3850; baseline 0 -14"><span class='ocrx_word' id='word_1_489' title='bbox 332 3782 457 3836; x_wconf 89' lang='lat' dir='ltr'><strong>dam</strong></span> <span class='ocrx_word' id='word_1_490' title='bbox 510 3778 776 3850; x_wconf 82' lang='lat' dir='ltr'><strong>speciales</strong></span> <span class='ocrx_word' id='word_1_491' title='bbox 830 3786 886 3833; x_wconf 93' lang='lat' dir='ltr'><strong>et</strong></span> <span class='ocrx_word' id='word_1_492' title='bbox 937 3777 1175 3835; x_wconf 86' lang='lat' dir='ltr'><strong>unitates</strong></span> <span class='ocrx_word' id='word_1_493' title='bbox 1226 3787 1281 3832; x_wconf 92' lang='lat' dir='ltr'><strong>et</strong></span> <span class='ocrx_word' id='word_1_494' title='bbox 1331 3778 1729 3846; x_wconf 88' lang='lat' dir='ltr'><strong>discretiones,</strong></span> <span class='ocrx_word' id='word_1_495' title='bbox 1788 3789 1844 3835; x_wconf 91' lang='lat' dir='ltr'><strong>et</strong></span> <span class='ocrx_word' id='word_1_496' title='bbox 1891 3771 1914 3813; x_wconf 62' lang='grc'><strong><em>⁵</em></strong></span> 
     </span>
    </p>
   </div>
   <div class='ocr_carea' id='block_1_69' title="bbox 334 3866 1920 3943">
    <p class='ocr_par' dir='ltr' id='par_1_69' title="bbox 334 3866 1920 3943">
     <span class='ocr_line' id='line_1_69' title="bbox 334 3866 1920 3943; baseline 0 -15"><span class='ocrx_word' id='word_1_497' title='bbox 334 3874 393 3928; x_wconf 83' lang='grc' dir='ltr'><strong>ἰη</strong></span> <span class='ocrx_word' id='word_1_498' title='bbox 463 3872 669 3926; x_wconf 85' lang='lat' dir='ltr'><strong>unitate</strong></span> <span class='ocrx_word' id='word_1_499' title='bbox 716 3870 899 3926; x_wconf 85' lang='lat' dir='ltr'><strong>divina</strong></span> <span class='ocrx_word' id='word_1_500' title='bbox 954 3866 1079 3926; x_wconf 83' lang='lat' dir='ltr'><strong>sine</strong></span> <span class='ocrx_word' id='word_1_501' title='bbox 1148 3870 1717 3943; x_wconf 87' lang='lat' dir='ltr'><strong>superessentialitate.</strong></span> <span class='ocrx_word' id='word_1_502' title='bbox 1780 3872 1920 3931; x_wconf 84' lang='lat' dir='ltr'><strong>Uni-</strong></span> 
     </span>
    </p>
   </div>
   <div class='ocr_carea' id='block_1_70' title="bbox 336 3961 1920 4033">
    <p class='ocr_par' dir='ltr' id='par_1_70' title="bbox 336 3961 1920 4033">
     <span class='ocr_line' id='line_1_70' title="bbox 336 3961 1920 4033; baseline 0.001 -15"><span class='ocrx_word' id='word_1_503' title='bbox 336 3972 455 4019; x_wconf 90' lang='lat' dir='ltr'><strong>tum</strong></span> <span class='ocrx_word' id='word_1_504' title='bbox 506 3962 721 4032; x_wconf 84' lang='lat' dir='ltr'><strong>quidem</strong></span> <span class='ocrx_word' id='word_1_505' title='bbox 772 3969 858 4016; x_wconf 89' lang='lat' dir='ltr'><strong>est</strong></span> <span class='ocrx_word' id='word_1_506' title='bbox 898 3962 994 4017; x_wconf 93' lang='lat' dir='ltr'><strong>uni</strong></span> <span class='ocrx_word' id='word_1_507' title='bbox 1039 3961 1324 4033; x_wconf 90' lang='lat' dir='ltr'><strong>principali</strong></span> <span class='ocrx_word' id='word_1_508' title='bbox 1376 3963 1631 4018; x_wconf 90' lang='lat' dir='ltr'><strong>Trinitati</strong></span> <span class='ocrx_word' id='word_1_509' title='bbox 1676 3971 1733 4017; x_wconf 90' lang='lat' dir='ltr'><strong>et</strong></span> <span class='ocrx_word' id='word_1_510' title='bbox 1769 3979 1920 4019; x_wconf 91' lang='lat' dir='ltr'><strong>com-</strong></span> 
     </span>
    </p>
   </div>
   <div class='ocr_carea' id='block_1_71' title="bbox 339 4050 1919 4125">
    <p class='ocr_par' dir='ltr' id='par_1_71' title="bbox 339 4050 1919 4125">
     <span class='ocr_line' id='line_1_71' title="bbox 339 4050 1919 4125; baseline 0.001 -16"><span class='ocrx_word' id='word_1_511' title='bbox 339 4069 506 4110; x_wconf 90' lang='lat' dir='ltr'><strong>mune</strong></span> <span class='ocrx_word' id='word_1_512' title='bbox 589 4050 1056 4123; x_wconf 84' lang='lat' dir='ltr'><strong>superessentialis</strong></span> <span class='ocrx_word' id='word_1_513' title='bbox 1135 4051 1484 4109; x_wconf 88' lang='lat' dir='ltr'><strong>subsistentia</strong></span> <span class='ocrx_word' id='word_1_514' title='bbox 1509 4092 1527 4119; x_wconf 94' lang='lat'><strong>,</strong></span> <span class='ocrx_word' id='word_1_515' title='bbox 1623 4055 1919 4125; x_wconf 89' lang='lat' dir='ltr'><strong>superdeus</strong></span> 
     </span>
    </p>
   </div>
   <div class='ocr_carea' id='block_1_72' title="bbox 339 4143 1922 4214">
    <p class='ocr_par' dir='ltr' id='par_1_72' title="bbox 339 4143 1922 4214">
     <span class='ocr_line' id='line_1_72' title="bbox 339 4143 1922 4214; baseline -0.001 -11"><span class='ocrx_word' id='word_1_516' title='bbox 339 4147 514 4203; x_wconf 85' lang='lat' dir='ltr'><strong>deitas</strong></span> <span class='ocrx_word' id='word_1_517' title='bbox 585 4143 919 4214; x_wconf 87' lang='lat' dir='ltr'><strong>superhonus</strong></span> <span class='ocrx_word' id='word_1_518' title='bbox 998 4144 1216 4200; x_wconf 88' lang='lat' dir='ltr'><strong>bonitas</strong></span> <span class='ocrx_word' id='word_1_519' title='bbox 1282 4144 1565 4209; x_wconf 80' lang='lat' dir='ltr'><strong>omnium,</strong></span> <span class='ocrx_word' id='word_1_520' title='bbox 1638 4145 1922 4202; x_wconf 87' lang='lat' dir='ltr'><strong>summitas</strong></span> 
     </span>
    </p>
   </div>
   <div class='ocr_carea' id='block_1_73' title="bbox 340 4236 1922 4308">
    <p class='ocr_par' dir='ltr' id='par_1_73' title="bbox 340 4236 1922 4308">
     <span class='ocr_line' id='line_1_73' title="bbox 340 4236 1922 4308; baseline -0.003 -12"><span class='ocrx_word' id='word_1_521' title='bbox 340 4241 713 4297; x_wconf 71' lang='lat' dir='ltr'><strong>summitatem</strong></span> <span class='ocrx_word' id='word_1_522' title='bbox 737 4237 980 4294; x_wconf 83' lang='lat' dir='ltr'><strong>omnium</strong></span> <span class='ocrx_word' id='word_1_523' title='bbox 1030 4238 1076 4304; x_wconf 85' lang='grc'><strong>³,</strong></span> <span class='ocrx_word' id='word_1_524' title='bbox 1105 4239 1272 4293; x_wconf 86' lang='lat' dir='ltr'><strong>totius</strong></span> <span class='ocrx_word' id='word_1_525' title='bbox 1297 4236 1645 4308; x_wconf 81' lang='lat' dir='ltr'><strong>proprietatis</strong></span> <span class='ocrx_word' id='word_1_526' title='bbox 1669 4238 1922 4292; x_wconf 87' lang='lat' dir='ltr'><strong>immuta-</strong></span> 
     </span>
    </p>
   </div>
   <div class='ocr_carea' id='block_1_74' title="bbox 340 4327 1924 4403">
    <p class='ocr_par' dir='ltr' id='par_1_74' title="bbox 340 4327 1924 4403">
     <span class='ocr_line' id='line_1_74' title="bbox 340 4327 1924 4403; baseline -0.003 -12"><span class='ocrx_word' id='word_1_527' title='bbox 340 4333 544 4398; x_wconf 86' lang='lat' dir='ltr'><strong>bilitas,</strong></span> <span class='ocrx_word' id='word_1_528' title='bbox 573 4346 737 4403; x_wconf 88' lang='lat' dir='ltr'><strong>super</strong></span> <span class='ocrx_word' id='word_1_529' title='bbox 763 4331 1127 4403; x_wconf 85' lang='lat' dir='ltr'><strong>principatum</strong></span> <span class='ocrx_word' id='word_1_530' title='bbox 1156 4331 1356 4395; x_wconf 88' lang='lat' dir='ltr'><strong>unitas,</strong></span> <span class='ocrx_word' id='word_1_531' title='bbox 1371 4327 1658 4397; x_wconf 74' lang='lat' dir='ltr'><strong>ineﬂ&#39;abile,</strong></span> <span class='ocrx_word' id='word_1_532' title='bbox 1677 4330 1924 4388; x_wconf 82' lang='lat' dir='ltr'><strong>multivo-</strong></span> 
     </span>
    </p>
   </div>
   <div class='ocr_carea' id='block_1_75' title="bbox 342 4422 1919 4494">
    <p class='ocr_par' dir='ltr' id='par_1_75' title="bbox 342 4422 1919 4494">
     <span class='ocr_line' id='line_1_75' title="bbox 342 4422 1919 4494; baseline 0.001 -15"><span class='ocrx_word' id='word_1_533' title='bbox 342 4440 490 4488; x_wconf 90' lang='lat' dir='ltr'><strong>cum,</strong></span> <span class='ocrx_word' id='word_1_534' title='bbox 522 4423 846 4494; x_wconf 72' lang='lat' dir='ltr'><strong>ignorantia,</strong></span> <span class='ocrx_word' id='word_1_535' title='bbox 876 4436 1037 4479; x_wconf 90' lang='lat' dir='ltr'><strong>omne</strong></span> <span class='ocrx_word' id='word_1_536' title='bbox 1062 4422 1351 4494; x_wconf 79' lang='lat' dir='ltr'><strong>invisibile,</strong></span> <span class='ocrx_word' id='word_1_537' title='bbox 1396 4423 1643 4479; x_wconf 85' lang='lat' dir='ltr'><strong>omnium</strong></span> <span class='ocrx_word' id='word_1_538' title='bbox 1681 4422 1880 4494; x_wconf 84' lang='lat' dir='ltr'><strong>positio</strong></span> <span class='ocrx_word' id='word_1_539' title='bbox 1903 4466 1919 4492; x_wconf 94' lang='lat'><strong>,</strong></span> 
     </span>
    </p>
   </div>
   <div class='ocr_carea' id='block_1_76' title="bbox 343 4504 1931 4586">
    <p class='ocr_par' dir='ltr' id='par_1_76' title="bbox 343 4504 1931 4586">
     <span class='ocr_line' id='line_1_76' title="bbox 343 4504 1931 4586; baseline 0.001 -15"><span class='ocrx_word' id='word_1_540' title='bbox 343 4515 586 4575; x_wconf 87' lang='lat' dir='ltr'><strong>omnium</strong></span> <span class='ocrx_word' id='word_1_541' title='bbox 641 4513 872 4580; x_wconf 88' lang='lat' dir='ltr'><strong>ablatio,</strong></span> <span class='ocrx_word' id='word_1_542' title='bbox 917 4529 1081 4586; x_wconf 90' lang='lat' dir='ltr'><strong>super</strong></span> <span class='ocrx_word' id='word_1_543' title='bbox 1124 4527 1339 4570; x_wconf 90' lang='lat' dir='ltr'><strong>omnem</strong></span> <span class='ocrx_word' id='word_1_544' title='bbox 1388 4504 1445 4570; x_wconf 76' lang='lat' dir='ltr'><strong>et</strong></span> <span class='ocrx_word' id='word_1_545' title='bbox 1491 4515 1815 4586; x_wconf 88' lang='lat' dir='ltr'><strong>positionem</strong></span> <span class='ocrx_word' id='word_1_546' title='bbox 1869 4527 1931 4573; x_wconf 81' lang='lat' dir='ltr'><strong>et</strong></span> 
     </span>
    </p>
   </div>
   <div class='ocr_carea' id='block_1_77' title="bbox 345 4605 1924 4676">
    <p class='ocr_par' dir='ltr' id='par_1_77' title="bbox 345 4605 1924 4676">
     <span class='ocr_line' id='line_1_77' title="bbox 345 4605 1924 4676; baseline 0.001 -14"><span class='ocrx_word' id='word_1_547' title='bbox 345 4607 668 4663; x_wconf 75' lang='lat' dir='ltr'><strong>ablutionem</strong></span> <span class='ocrx_word' id='word_1_548' title='bbox 699 4605 841 4662; x_wconf 87' lang='lat' dir='ltr'><strong>inter</strong></span> <span class='ocrx_word' id='word_1_549' title='bbox 870 4620 930 4661; x_wconf 91' lang='lat' dir='ltr'><strong>se</strong></span> <span class='ocrx_word' id='word_1_550' title='bbox 959 4605 1189 4661; x_wconf 82' lang='lat' dir='ltr'><strong>invicem</strong></span> <span class='ocrx_word' id='word_1_551' title='bbox 1212 4646 1227 4670; x_wconf 89' lang='lat'><strong>,</strong></span> <span class='ocrx_word' id='word_1_552' title='bbox 1272 4605 1318 4661; x_wconf 90' lang='lat' dir='ltr'><strong>si</strong></span> <span class='ocrx_word' id='word_1_553' title='bbox 1343 4606 1423 4661; x_wconf 89' lang='lat' dir='ltr'><strong>sic</strong></span> <span class='ocrx_word' id='word_1_554' title='bbox 1449 4614 1663 4676; x_wconf 90' lang='lat' dir='ltr'><strong>oportet</strong></span> <span class='ocrx_word' id='word_1_555' title='bbox 1711 4607 1924 4675; x_wconf 83' lang='lat' dir='ltr'><strong>dicere,</strong></span> 
     </span>
    </p>
   </div>
   <div class='ocr_carea' id='block_1_78' title="bbox 344 4697 1925 4771">
    <p class='ocr_par' dir='ltr' id='par_1_78' title="bbox 344 4697 1925 4771">
     <span class='ocr_line' id='line_1_78' title="bbox 344 4697 1925 4771; baseline 0.001 -17"><span class='ocrx_word' id='word_1_556' title='bbox 344 4698 727 4771; x_wconf 86' lang='lat' dir='ltr'><strong>principalium</strong></span> <span class='ocrx_word' id='word_1_557' title='bbox 785 4697 1215 4753; x_wconf 87' lang='lat' dir='ltr'><strong>substantiarum</strong></span> <span class='ocrx_word' id='word_1_558' title='bbox 1259 4698 1469 4755; x_wconf 85' lang='lat' dir='ltr'><strong>mansio</strong></span> <span class='ocrx_word' id='word_1_559' title='bbox 1521 4708 1578 4754; x_wconf 90' lang='lat' dir='ltr'><strong>et</strong></span> <span class='ocrx_word' id='word_1_560' title='bbox 1621 4699 1925 4767; x_wconf 84' lang='lat' dir='ltr'><strong>collocatio,</strong></span> 
     </span>
    </p>
   </div>
   <div class='ocr_carea' id='block_1_79' title="bbox 348 4793 1933 4866">
    <p class='ocr_par' dir='ltr' id='par_1_79' title="bbox 348 4793 1933 4866">
     <span class='ocr_line' id='line_1_79' title="bbox 348 4793 1933 4866; baseline -0.002 -13"><span class='ocrx_word' id='word_1_561' title='bbox 348 4795 724 4857; x_wconf 86' lang='lat' dir='ltr'><strong>universaliter</strong></span> <span class='ocrx_word' id='word_1_562' title='bbox 740 4793 1075 4865; x_wconf 88' lang='lat' dir='ltr'><strong>superunita,</strong></span> <span class='ocrx_word' id='word_1_563' title='bbox 1100 4801 1154 4849; x_wconf 92' lang='lat' dir='ltr'><strong>et</strong></span> <span class='ocrx_word' id='word_1_564' title='bbox 1174 4793 1319 4849; x_wconf 84' lang='lat' dir='ltr'><strong>nulla</strong></span> <span class='ocrx_word' id='word_1_565' title='bbox 1341 4802 1493 4866; x_wconf 85' lang='lat' dir='ltr'><strong>parte</strong></span> <span class='ocrx_word' id='word_1_566' title='bbox 1520 4794 1760 4859; x_wconf 76' lang='lat' dir='ltr'><strong>confusa,</strong></span> <span class='ocrx_word' id='word_1_567' title='bbox 1790 4794 1933 4851; x_wconf 82' lang='lat' dir='ltr'><strong>sicut</strong></span> 
     </span>
    </p>
   </div>
   <div class='ocr_carea' id='block_1_80' title="bbox 348 4885 1932 4959">
    <p class='ocr_par' dir='ltr' id='par_1_80' title="bbox 348 4885 1932 4959">
     <span class='ocr_line' id='line_1_80' title="bbox 348 4885 1932 4959; baseline 0 -17"><span class='ocrx_word' id='word_1_568' title='bbox 348 4888 553 4944; x_wconf 88' lang='lat' dir='ltr'><strong>lumina</strong></span> <span class='ocrx_word' id='word_1_569' title='bbox 598 4886 931 4959; x_wconf 85' lang='lat' dir='ltr'><strong>lampadum,</strong></span> <span class='ocrx_word' id='word_1_570' title='bbox 969 4894 1028 4941; x_wconf 91' lang='lat' dir='ltr'><strong>ut</strong></span> <span class='ocrx_word' id='word_1_571' title='bbox 1065 4885 1413 4943; x_wconf 84' lang='lat' dir='ltr'><strong>sensibilihus</strong></span> <span class='ocrx_word' id='word_1_572' title='bbox 1452 4893 1508 4941; x_wconf 91' lang='lat' dir='ltr'><strong>et</strong></span> <span class='ocrx_word' id='word_1_573' title='bbox 1547 4886 1783 4957; x_wconf 89' lang='lat' dir='ltr'><strong>propriis</strong></span> <span class='ocrx_word' id='word_1_574' title='bbox 1808 4896 1932 4942; x_wconf 89' lang='lat' dir='ltr'><strong>utar</strong></span> 
     </span>
    </p>
   </div>
   <div class='ocr_carea' id='block_1_81' title="bbox 355 4980 1941 5050">
    <p class='ocr_par' dir='ltr' id='par_1_81' title="bbox 355 4980 1941 5050">
     <span class='ocr_line' id='line_1_81' title="bbox 355 4980 1941 5050; baseline -0.001 -11"><span class='ocrx_word' id='word_1_575' title='bbox 355 4981 635 5050; x_wconf 79' lang='lat' dir='ltr'><strong>exemplis,</strong></span> <span class='ocrx_word' id='word_1_576' title='bbox 659 4983 788 5037; x_wconf 90' lang='lat' dir='ltr'><strong>dum</strong></span> <span class='ocrx_word' id='word_1_577' title='bbox 814 4988 942 5036; x_wconf 82' lang='lat' dir='ltr'><strong>sunt</strong></span> <span class='ocrx_word' id='word_1_578' title='bbox 968 4980 1022 5036; x_wconf 92' lang='lat' dir='ltr'><strong>in</strong></span> <span class='ocrx_word' id='word_1_579' title='bbox 1050 4980 1212 5037; x_wconf 90' lang='lat' dir='ltr'><strong>domo</strong></span> <span class='ocrx_word' id='word_1_580' title='bbox 1242 4994 1370 5046; x_wconf 89' lang='lat' dir='ltr'><strong>una,</strong></span> <span class='ocrx_word' id='word_1_581' title='bbox 1401 4988 1458 5035; x_wconf 90' lang='lat' dir='ltr'><strong>et</strong></span> <span class='ocrx_word' id='word_1_582' title='bbox 1497 4988 1608 5034; x_wconf 90' lang='lat' dir='ltr'><strong>tota</strong></span> <span class='ocrx_word' id='word_1_583' title='bbox 1635 4982 1688 5036; x_wconf 89' lang='lat' dir='ltr'><strong>in</strong></span> <span class='ocrx_word' id='word_1_584' title='bbox 1710 4996 1769 5036; x_wconf 93' lang='lat' dir='ltr'><strong>se</strong></span> <span class='ocrx_word' id='word_1_585' title='bbox 1799 4981 1941 5037; x_wconf 83' lang='lat' dir='ltr'><strong>invi-</strong></span> 
     </span>
    </p>
   </div>
   <div class='ocr_carea' id='block_1_82' title="bbox 2008 3415 3597 3485">
    <p class='ocr_par' dir='ltr' id='par_1_82' title="bbox 2008 3415 3597 3485">
     <span class='ocr_line' id='line_1_82' title="bbox 2008 3415 3597 3485; baseline 0.001 -11"><span class='ocrx_word' id='word_1_586' title='bbox 2008 3419 2191 3474; x_wconf 82' lang='lat' dir='ltr'><strong>vinam</strong></span> <span class='ocrx_word' id='word_1_587' title='bbox 2256 3417 2641 3473; x_wconf 83' lang='lat' dir='ltr'><strong>discretionem</strong></span> <span class='ocrx_word' id='word_1_588' title='bbox 2698 3415 3169 3473; x_wconf 81' lang='lat' dir='ltr'><strong>immensurabiles</strong></span> <span class='ocrx_word' id='word_1_589' title='bbox 3234 3417 3552 3475; x_wconf 84' lang='lat' dir='ltr'><strong>traditiones</strong></span> <span class='ocrx_word' id='word_1_590' title='bbox 3581 3458 3597 3485; x_wconf 89' lang='lat'><strong>,</strong></span> 
     </span>
    </p>
   </div>
   <div class='ocr_carea' id='block_1_83' title="bbox 2010 3498 3603 3585">
    <p class='ocr_par' dir='ltr' id='par_1_83' title="bbox 2010 3498 3603 3585">
     <span class='ocr_line' id='line_1_83' title="bbox 2010 3498 3603 3585; baseline -0.003 -18"><span class='ocrx_word' id='word_1_591' title='bbox 2010 3508 2434 3567; x_wconf 83' lang='lat' dir='ltr'><strong>essentialitates</strong></span> <span class='ocrx_word' id='word_1_592' title='bbox 2496 3500 2687 3563; x_wconf 80' lang='lat' dir='ltr'><strong>vitales</strong></span> <span class='ocrx_word' id='word_1_593' title='bbox 2713 3547 2728 3575; x_wconf 95' lang='lat'><strong>,</strong></span> <span class='ocrx_word' id='word_1_594' title='bbox 2791 3498 3323 3585; x_wconf 66' lang='lat' dir='ltr'><strong>sapientiﬁcationes,</strong></span> <span class='ocrx_word' id='word_1_595' title='bbox 3358 3498 3603 3578; x_wconf 87' lang='lat' dir='ltr'><strong>aliaeque</strong></span> 
     </span>
    </p>
   </div>
   <div class='ocr_carea' id='block_1_84' title="bbox 2014 3594 3602 3669">
    <p class='ocr_par' dir='ltr' id='par_1_84' title="bbox 2014 3594 3602 3669">
     <span class='ocr_line' id='line_1_84' title="bbox 2014 3594 3602 3669; baseline -0.003 -13"><span class='ocrx_word' id='word_1_596' title='bbox 2014 3600 2356 3666; x_wconf 87' lang='lat' dir='ltr'><strong>donationes,</strong></span> <span class='ocrx_word' id='word_1_597' title='bbox 2387 3599 2629 3653; x_wconf 89' lang='lat' dir='ltr'><strong>omnium</strong></span> <span class='ocrx_word' id='word_1_598' title='bbox 2657 3611 2854 3654; x_wconf 89' lang='lat' dir='ltr'><strong>causae</strong></span> <span class='ocrx_word' id='word_1_599' title='bbox 2876 3596 3155 3664; x_wconf 87' lang='lat' dir='ltr'><strong>bonitatis,</strong></span> <span class='ocrx_word' id='word_1_600' title='bbox 3189 3594 3342 3665; x_wconf 85' lang='lat' dir='ltr'><strong>juxta</strong></span> <span class='ocrx_word' id='word_1_601' title='bbox 3370 3611 3509 3669; x_wconf 85' lang='lat' dir='ltr'><strong>quas</strong></span> <span class='ocrx_word' id='word_1_602' title='bbox 3535 3612 3602 3653; x_wconf 81' lang='lat' dir='ltr'><strong>ex</strong></span> 
     </span>
    </p>
   </div>
   <div class='ocr_carea' id='block_1_85' title="bbox 2014 3684 3603 3763">
    <p class='ocr_par' dir='ltr' id='par_1_85' title="bbox 2014 3684 3603 3763">
     <span class='ocr_line' id='line_1_85' title="bbox 2014 3684 3603 3763; baseline -0.002 -17"><span class='ocrx_word' id='word_1_603' title='bbox 2014 3692 2314 3763; x_wconf 89' lang='lat' dir='ltr'><strong>participiis</strong></span> <span class='ocrx_word' id='word_1_604' title='bbox 2366 3698 2422 3746; x_wconf 90' lang='lat' dir='ltr'><strong>et</strong></span> <span class='ocrx_word' id='word_1_605' title='bbox 2456 3684 2905 3761; x_wconf 87' lang='lat' dir='ltr'><strong>participantibus</strong></span> <span class='ocrx_word' id='word_1_606' title='bbox 2960 3689 3251 3746; x_wconf 85' lang='lat' dir='ltr'><strong>laudantur</strong></span> <span class='ocrx_word' id='word_1_607' title='bbox 3303 3688 3603 3761; x_wconf 85' lang='lat' dir='ltr'><strong>impartici-</strong></span> 
     </span>
    </p>
   </div>
   <div class='ocr_carea' id='block_1_86' title="bbox 2016 3773 3608 3856">
    <p class='ocr_par' dir='ltr' id='par_1_86' title="bbox 2016 3773 3608 3856">
     <span class='ocr_line' id='line_1_86' title="bbox 2016 3773 3608 3856; baseline -0.003 -15"><span class='ocrx_word' id='word_1_608' title='bbox 2016 3795 2142 3856; x_wconf 89' lang='lat' dir='ltr'><strong>pate</strong></span> <span class='ocrx_word' id='word_1_609' title='bbox 2217 3784 2554 3856; x_wconf 86' lang='lat' dir='ltr'><strong>participata.</strong></span> <span class='ocrx_word' id='word_1_610' title='bbox 2630 3782 2699 3837; x_wconf 90' lang='lat' dir='ltr'><strong>Et</strong></span> <span class='ocrx_word' id='word_1_611' title='bbox 2764 3782 2869 3837; x_wconf 87' lang='lat' dir='ltr'><strong>hoc</strong></span> <span class='ocrx_word' id='word_1_612' title='bbox 2912 3773 3093 3839; x_wconf 81' lang='lat' dir='ltr'><strong>etiam</strong></span> <span class='ocrx_word' id='word_1_613' title='bbox 3167 3796 3455 3838; x_wconf 89' lang='lat' dir='ltr'><strong>commune</strong></span> <span class='ocrx_word' id='word_1_614' title='bbox 3481 3822 3496 3849; x_wconf 93' lang='lat'><strong>,</strong></span> <span class='ocrx_word' id='word_1_615' title='bbox 3550 3789 3608 3837; x_wconf 89' lang='lat' dir='ltr'><strong>et</strong></span> 
     </span>
    </p>
   </div>
   <div class='ocr_carea' id='block_1_87' title="bbox 2018 3871 3606 3944">
    <p class='ocr_par' dir='ltr' id='par_1_87' title="bbox 2018 3871 3606 3944">
     <span class='ocr_line' id='line_1_87' title="bbox 2018 3871 3606 3944; baseline -0.003 -12"><span class='ocrx_word' id='word_1_616' title='bbox 2018 3878 2263 3941; x_wconf 87' lang='lat' dir='ltr'><strong>unitum,</strong></span> <span class='ocrx_word' id='word_1_617' title='bbox 2314 3883 2369 3928; x_wconf 89' lang='lat' dir='ltr'><strong>et</strong></span> <span class='ocrx_word' id='word_1_618' title='bbox 2418 3889 2582 3929; x_wconf 91' lang='lat' dir='ltr'><strong>unum</strong></span> <span class='ocrx_word' id='word_1_619' title='bbox 2637 3883 2721 3927; x_wconf 91' lang='lat' dir='ltr'><strong>est</strong></span> <span class='ocrx_word' id='word_1_620' title='bbox 2766 3873 2866 3927; x_wconf 90' lang='lat' dir='ltr'><strong>toti</strong></span> <span class='ocrx_word' id='word_1_621' title='bbox 2921 3871 3151 3938; x_wconf 89' lang='lat' dir='ltr'><strong>deitati,</strong></span> <span class='ocrx_word' id='word_1_622' title='bbox 3181 3887 3399 3929; x_wconf 87' lang='lat' dir='ltr'><strong>omnem</strong></span> <span class='ocrx_word' id='word_1_623' title='bbox 3431 3874 3606 3944; x_wconf 84' lang='lat' dir='ltr'><strong>ipsam</strong></span> 
     </span>
    </p>
   </div>
   <div class='ocr_carea' id='block_1_88' title="bbox 2019 3963 3608 4035">
    <p class='ocr_par' dir='ltr' id='par_1_88' title="bbox 2019 3963 3608 4035">
     <span class='ocr_line' id='line_1_88' title="bbox 2019 3963 3608 4035; baseline -0.001 -12"><span class='ocrx_word' id='word_1_624' title='bbox 2019 3975 2189 4023; x_wconf 87' lang='lat' dir='ltr'><strong>totam</strong></span> <span class='ocrx_word' id='word_1_625' title='bbox 2218 3966 2287 4021; x_wconf 91' lang='lat' dir='ltr'><strong>ab</strong></span> <span class='ocrx_word' id='word_1_626' title='bbox 2316 3979 2642 4035; x_wconf 89' lang='lat' dir='ltr'><strong>unoquoque</strong></span> <span class='ocrx_word' id='word_1_627' title='bbox 2676 3963 3116 4033; x_wconf 90' lang='lat' dir='ltr'><strong>participantium</strong></span> <span class='ocrx_word' id='word_1_628' title='bbox 3162 3965 3510 4034; x_wconf 86' lang='lat' dir='ltr'><strong>participari,</strong></span> <span class='ocrx_word' id='word_1_629' title='bbox 3549 3975 3608 4021; x_wconf 89' lang='lat' dir='ltr'><strong>et</strong></span> 
     </span>
    </p>
   </div>
   <div class='ocr_carea' id='block_1_89' title="bbox 2021 4055 3607 4127">
    <p class='ocr_par' dir='ltr' id='par_1_89' title="bbox 2021 4055 3607 4127">
     <span class='ocr_line' id='line_1_89' title="bbox 2021 4055 3607 4127; baseline -0.003 -11"><span class='ocrx_word' id='word_1_630' title='bbox 2021 4076 2054 4116; x_wconf 88' lang='lat' dir='ltr'><strong>a</strong></span> <span class='ocrx_word' id='word_1_631' title='bbox 2089 4058 2237 4115; x_wconf 81' lang='lat' dir='ltr'><strong>nullo</strong></span> <span class='ocrx_word' id='word_1_632' title='bbox 2263 4059 2457 4112; x_wconf 84' lang='lat' dir='ltr'><strong>iterum</strong></span> <span class='ocrx_word' id='word_1_633' title='bbox 2486 4055 2629 4110; x_wconf 89' lang='lat' dir='ltr'><strong>nulla</strong></span> <span class='ocrx_word' id='word_1_634' title='bbox 2654 4064 2809 4126; x_wconf 85' lang='lat' dir='ltr'><strong>parte</strong></span> <span class='ocrx_word' id='word_1_635' title='bbox 2837 4073 2851 4108; x_wconf 90' lang='lat'><strong>:</strong></span> <span class='ocrx_word' id='word_1_636' title='bbox 2877 4055 3019 4110; x_wconf 89' lang='lat' dir='ltr'><strong>sicut</strong></span> <span class='ocrx_word' id='word_1_637' title='bbox 3044 4063 3161 4127; x_wconf 88' lang='lat' dir='ltr'><strong>rota</strong></span> <span class='ocrx_word' id='word_1_638' title='bbox 3204 4056 3258 4110; x_wconf 92' lang='lat' dir='ltr'><strong>in</strong></span> <span class='ocrx_word' id='word_1_639' title='bbox 3300 4056 3480 4112; x_wconf 91' lang='lat' dir='ltr'><strong>medio</strong></span> <span class='ocrx_word' id='word_1_640' title='bbox 3501 4056 3607 4111; x_wconf 83' lang='lat' dir='ltr'><strong>cir-</strong></span> 
     </span>
    </p>
   </div>
   <div class='ocr_carea' id='block_1_90' title="bbox 2021 4147 3608 4218">
    <p class='ocr_par' dir='ltr' id='par_1_90' title="bbox 2021 4147 3608 4218">
     <span class='ocr_line' id='line_1_90' title="bbox 2021 4147 3608 4218; baseline -0.003 -8"><span class='ocrx_word' id='word_1_641' title='bbox 2021 4153 2128 4211; x_wconf 91' lang='lat' dir='ltr'><strong>culi</strong></span> <span class='ocrx_word' id='word_1_642' title='bbox 2184 4152 2250 4207; x_wconf 87' lang='lat' dir='ltr'><strong>ah</strong></span> <span class='ocrx_word' id='word_1_643' title='bbox 2314 4148 2564 4206; x_wconf 87' lang='lat' dir='ltr'><strong>omnibus</strong></span> <span class='ocrx_word' id='word_1_644' title='bbox 2621 4149 2677 4204; x_wconf 90' lang='lat' dir='ltr'><strong>in</strong></span> <span class='ocrx_word' id='word_1_645' title='bbox 2727 4147 2930 4206; x_wconf 89' lang='lat' dir='ltr'><strong>circulo</strong></span> <span class='ocrx_word' id='word_1_646' title='bbox 2983 4149 3383 4218; x_wconf 81' lang='lat' dir='ltr'><strong>circumpositis</strong></span> <span class='ocrx_word' id='word_1_647' title='bbox 3443 4150 3608 4206; x_wconf 86' lang='lat' dir='ltr'><strong>rectis</strong></span> 
     </span>
    </p>
   </div>
   <div class='ocr_carea' id='block_1_91' title="bbox 2025 4239 3609 4314">
    <p class='ocr_par' dir='ltr' id='par_1_91' title="bbox 2025 4239 3609 4314">
     <span class='ocr_line' id='line_1_91' title="bbox 2025 4239 3609 4314; baseline -0.002 -13"><span class='ocrx_word' id='word_1_648' title='bbox 2025 4245 2185 4305; x_wconf 86' lang='lat' dir='ltr'><strong>lineis</strong></span> <span class='ocrx_word' id='word_1_649' title='bbox 2209 4285 2226 4312; x_wconf 95' lang='lat'><strong>,</strong></span> <span class='ocrx_word' id='word_1_650' title='bbox 2255 4252 2312 4299; x_wconf 87' lang='lat' dir='ltr'><strong>et</strong></span> <span class='ocrx_word' id='word_1_651' title='bbox 2358 4244 2500 4299; x_wconf 89' lang='lat' dir='ltr'><strong>sicut</strong></span> <span class='ocrx_word' id='word_1_652' title='bbox 2545 4241 2699 4314; x_wconf 76' lang='lat' dir='ltr'><strong>signo</strong></span> <span class='ocrx_word' id='word_1_653' title='bbox 2730 4240 3013 4298; x_wconf 78' lang='lat' dir='ltr'><strong>eﬂormata</strong></span> <span class='ocrx_word' id='word_1_654' title='bbox 3062 4239 3235 4297; x_wconf 83' lang='lat' dir='ltr'><strong>multa</strong></span> <span class='ocrx_word' id='word_1_655' title='bbox 3277 4240 3609 4314; x_wconf 88' lang='lat' dir='ltr'><strong>participant</strong></span> 
     </span>
    </p>
   </div>
   <div class='ocr_carea' id='block_1_92' title="bbox 2024 4331 3609 4411">
    <p class='ocr_par' dir='ltr' id='par_1_92' title="bbox 2024 4331 3609 4411">
     <span class='ocr_line' id='line_1_92' title="bbox 2024 4331 3609 4411; baseline -0.004 -18"><span class='ocrx_word' id='word_1_656' title='bbox 2024 4336 2341 4411; x_wconf 88' lang='lat' dir='ltr'><strong>principalis</strong></span> <span class='ocrx_word' id='word_1_657' title='bbox 2367 4333 2597 4407; x_wconf 87' lang='lat' dir='ltr'><strong>exempli</strong></span> <span class='ocrx_word' id='word_1_658' title='bbox 2633 4334 2807 4407; x_wconf 75' lang='lat' dir='ltr'><strong>signo,</strong></span> <span class='ocrx_word' id='word_1_659' title='bbox 2831 4339 2888 4389; x_wconf 89' lang='lat' dir='ltr'><strong>et</strong></span> <span class='ocrx_word' id='word_1_660' title='bbox 2915 4332 2968 4389; x_wconf 91' lang='lat' dir='ltr'><strong>in</strong></span> <span class='ocrx_word' id='word_1_661' title='bbox 2998 4346 3324 4404; x_wconf 88' lang='lat' dir='ltr'><strong>unoquoque</strong></span> <span class='ocrx_word' id='word_1_662' title='bbox 3358 4331 3609 4390; x_wconf 75' lang='lat' dir='ltr'><strong>eﬁ‘orma-</strong></span> 
     </span>
    </p>
   </div>
   <div class='ocr_carea' id='block_1_93' title="bbox 2028 4422 3607 4495">
    <p class='ocr_par' dir='ltr' id='par_1_93' title="bbox 2028 4422 3607 4495">
     <span class='ocr_line' id='line_1_93' title="bbox 2028 4422 3607 4495; baseline -0.006 -7"><span class='ocrx_word' id='word_1_663' title='bbox 2028 4441 2207 4489; x_wconf 92' lang='lat' dir='ltr'><strong>torum</strong></span> <span class='ocrx_word' id='word_1_664' title='bbox 2231 4439 2344 4486; x_wconf 90' lang='lat' dir='ltr'><strong>toto</strong></span> <span class='ocrx_word' id='word_1_665' title='bbox 2370 4438 2427 4484; x_wconf 90' lang='lat' dir='ltr'><strong>et</strong></span> <span class='ocrx_word' id='word_1_666' title='bbox 2452 4430 2642 4483; x_wconf 90' lang='lat' dir='ltr'><strong>eodem</strong></span> <span class='ocrx_word' id='word_1_667' title='bbox 2665 4426 2950 4495; x_wconf 75' lang='lat' dir='ltr'><strong>existente,</strong></span> <span class='ocrx_word' id='word_1_668' title='bbox 2975 4431 3030 4479; x_wconf 90' lang='lat' dir='ltr'><strong>et</strong></span> <span class='ocrx_word' id='word_1_669' title='bbox 3056 4425 3111 4478; x_wconf 89' lang='lat' dir='ltr'><strong>in</strong></span> <span class='ocrx_word' id='word_1_670' title='bbox 3140 4422 3287 4478; x_wconf 92' lang='lat' dir='ltr'><strong>nullo</strong></span> <span class='ocrx_word' id='word_1_671' title='bbox 3314 4425 3607 4479; x_wconf 83' lang='lat' dir='ltr'><strong>secundum</strong></span> 
     </span>
    </p>
   </div>
   <div class='ocr_carea' id='block_1_94' title="bbox 2033 4513 3610 4592">
    <p class='ocr_par' dir='ltr' id='par_1_94' title="bbox 2033 4513 3610 4592">
     <span class='ocr_line' id='line_1_94' title="bbox 2033 4513 3610 4592; baseline -0.006 -12"><span class='ocrx_word' id='word_1_672' title='bbox 2033 4521 2234 4582; x_wconf 88' lang='lat' dir='ltr'><strong>nullam</strong></span> <span class='ocrx_word' id='word_1_673' title='bbox 2262 4528 2492 4592; x_wconf 90' lang='lat' dir='ltr'><strong>partem.</strong></span> <span class='ocrx_word' id='word_1_674' title='bbox 2543 4516 2938 4589; x_wconf 90' lang='lat' dir='ltr'><strong>Superponitur</strong></span> <span class='ocrx_word' id='word_1_675' title='bbox 2965 4522 3144 4570; x_wconf 86' lang='lat' dir='ltr'><strong>autem</strong></span> <span class='ocrx_word' id='word_1_676' title='bbox 3172 4513 3336 4569; x_wconf 89' lang='lat' dir='ltr'><strong>etiam</strong></span> <span class='ocrx_word' id='word_1_677' title='bbox 3365 4514 3451 4571; x_wconf 89' lang='lat' dir='ltr'><strong>his</strong></span> <span class='ocrx_word' id='word_1_678' title='bbox 3480 4529 3610 4571; x_wconf 86' lang='lat' dir='ltr'><strong>cau-</strong></span> 
     </span>
    </p>
   </div>
   <div class='ocr_carea' id='block_1_95' title="bbox 2036 4608 3611 4679">
    <p class='ocr_par' dir='ltr' id='par_1_95' title="bbox 2036 4608 3611 4679">
     <span class='ocr_line' id='line_1_95' title="bbox 2036 4608 3611 4679; baseline -0.004 -6"><span class='ocrx_word' id='word_1_679' title='bbox 2036 4614 2335 4673; x_wconf 84' lang='lat' dir='ltr'><strong>salissimae</strong></span> <span class='ocrx_word' id='word_1_680' title='bbox 2353 4610 2568 4667; x_wconf 88' lang='lat' dir='ltr'><strong>deitatis</strong></span> <span class='ocrx_word' id='word_1_681' title='bbox 2590 4608 3031 4679; x_wconf 83' lang='lat' dir='ltr'><strong>imparticipatio,</strong></span> <span class='ocrx_word' id='word_1_682' title='bbox 3047 4623 3153 4678; x_wconf 93' lang='lat' dir='ltr'><strong>quo</strong></span> <span class='ocrx_word' id='word_1_683' title='bbox 3171 4623 3346 4679; x_wconf 87' lang='lat' dir='ltr'><strong>neque</strong></span> <span class='ocrx_word' id='word_1_684' title='bbox 3374 4617 3611 4668; x_wconf 87' lang='lat' dir='ltr'><strong>attactus</strong></span> 
     </span>
    </p>
   </div>
   <div class='ocr_carea' id='block_1_96' title="bbox 2036 4699 3612 4779">
    <p class='ocr_par' dir='ltr' id='par_1_96' title="bbox 2036 4699 3612 4779">
     <span class='ocr_line' id='line_1_96' title="bbox 2036 4699 3612 4779; baseline -0.006 -16"><span class='ocrx_word' id='word_1_685' title='bbox 2036 4708 2155 4779; x_wconf 87' lang='lat' dir='ltr'><strong>ejus</strong></span> <span class='ocrx_word' id='word_1_686' title='bbox 2184 4706 2284 4771; x_wconf 88' lang='lat' dir='ltr'><strong>sit,</strong></span> <span class='ocrx_word' id='word_1_687' title='bbox 2331 4717 2507 4774; x_wconf 89' lang='lat' dir='ltr'><strong>neque</strong></span> <span class='ocrx_word' id='word_1_688' title='bbox 2535 4702 2638 4757; x_wconf 89' lang='lat' dir='ltr'><strong>alia</strong></span> <span class='ocrx_word' id='word_1_689' title='bbox 2669 4699 2932 4773; x_wconf 85' lang='lat' dir='ltr'><strong>quaedam</strong></span> <span class='ocrx_word' id='word_1_690' title='bbox 2964 4701 3032 4755; x_wconf 86' lang='lat' dir='ltr'><strong>ad</strong></span> <span class='ocrx_word' id='word_1_691' title='bbox 3056 4699 3433 4772; x_wconf 88' lang='lat' dir='ltr'><strong>partieipantia</strong></span> <span class='ocrx_word' id='word_1_692' title='bbox 3460 4717 3612 4771; x_wconf 88' lang='lat' dir='ltr'><strong>com-</strong></span> 
     </span>
    </p>
   </div>
   <div class='ocr_carea' id='block_1_97' title="bbox 2039 4791 3625 4862">
    <p class='ocr_par' dir='ltr' id='par_1_97' title="bbox 2039 4791 3625 4862">
     <span class='ocr_line' id='line_1_97' title="bbox 2039 4791 3625 4862; baseline -0.004 -8"><span class='ocrx_word' id='word_1_693' title='bbox 2039 4798 2211 4854; x_wconf 79' lang='lat' dir='ltr'><strong>mixta</strong></span> <span class='ocrx_word' id='word_1_694' title='bbox 2253 4795 2502 4852; x_wconf 87' lang='lat' dir='ltr'><strong>societas.</strong></span> <span class='ocrx_word' id='word_1_695' title='bbox 2553 4792 2622 4849; x_wconf 84' lang='lat' dir='ltr'><strong>Et</strong></span> <span class='ocrx_word' id='word_1_696' title='bbox 2669 4791 2885 4862; x_wconf 85' lang='lat' dir='ltr'><strong>quidem</strong></span> <span class='ocrx_word' id='word_1_697' title='bbox 2935 4791 3134 4847; x_wconf 77' lang='lat' dir='ltr'><strong>dixerit</strong></span> <span class='ocrx_word' id='word_1_698' title='bbox 3170 4791 3323 4862; x_wconf 87' lang='lat' dir='ltr'><strong>quis,</strong></span> <span class='ocrx_word' id='word_1_699' title='bbox 3378 4808 3485 4847; x_wconf 88' lang='lat' dir='ltr'><strong>non</strong></span> <span class='ocrx_word' id='word_1_700' title='bbox 3535 4800 3625 4849; x_wconf 88' lang='lat' dir='ltr'><strong>est</strong></span> 
     </span>
    </p>
   </div>
   <div class='ocr_carea' id='block_1_98' title="bbox 2043 4882 3623 4963">
    <p class='ocr_par' dir='ltr' id='par_1_98' title="bbox 2043 4882 3623 4963">
     <span class='ocr_line' id='line_1_98' title="bbox 2043 4882 3623 4963; baseline -0.006 -15"><span class='ocrx_word' id='word_1_701' title='bbox 2043 4893 2256 4963; x_wconf 77' lang='lat' dir='ltr'><strong>signum</strong></span> <span class='ocrx_word' id='word_1_702' title='bbox 2285 4889 2337 4945; x_wconf 86' lang='lat' dir='ltr'><strong>in</strong></span> <span class='ocrx_word' id='word_1_703' title='bbox 2371 4887 2498 4943; x_wconf 88' lang='lat' dir='ltr'><strong>totis</strong></span> <span class='ocrx_word' id='word_1_704' title='bbox 2539 4882 2837 4940; x_wconf 68' lang='lat' dir='ltr'><strong>eﬂormatis</strong></span> <span class='ocrx_word' id='word_1_705' title='bbox 2873 4891 3047 4938; x_wconf 88' lang='lat' dir='ltr'><strong>totum</strong></span> <span class='ocrx_word' id='word_1_706' title='bbox 3098 4892 3153 4938; x_wconf 92' lang='lat' dir='ltr'><strong>et</strong></span> <span class='ocrx_word' id='word_1_707' title='bbox 3196 4883 3392 4955; x_wconf 85' lang='lat' dir='ltr'><strong>ipsum.</strong></span> <span class='ocrx_word' id='word_1_708' title='bbox 3421 4883 3501 4941; x_wconf 87' lang='lat' dir='ltr'><strong>Ac</strong></span> <span class='ocrx_word' id='word_1_709' title='bbox 3525 4900 3623 4952; x_wconf 86' lang='lat' dir='ltr'><strong>per</strong></span> 
     </span>
    </p>
   </div>
   <div class='ocr_carea' id='block_1_99' title="bbox 2041 4974 3618 5051">
    <p class='ocr_par' dir='ltr' id='par_1_99' title="bbox 2041 4974 3618 5051">
     <span class='ocr_line' id='line_1_99' title="bbox 2041 4974 3618 5051; baseline -0.006 -12"><span class='ocrx_word' id='word_1_710' title='bbox 2041 4984 2146 5039; x_wconf 86' lang='lat' dir='ltr'><strong>hoc</strong></span> <span class='ocrx_word' id='word_1_711' title='bbox 2173 4996 2280 5036; x_wconf 86' lang='lat' dir='ltr'><strong>non</strong></span> <span class='ocrx_word' id='word_1_712' title='bbox 2305 4980 2518 5051; x_wconf 77' lang='lat' dir='ltr'><strong>signum</strong></span> <span class='ocrx_word' id='word_1_713' title='bbox 2546 4991 2708 5032; x_wconf 89' lang='lat' dir='ltr'><strong>causa</strong></span> <span class='ocrx_word' id='word_1_714' title='bbox 2738 4994 2752 5029; x_wconf 88' lang='lat'><strong>:</strong></span> <span class='ocrx_word' id='word_1_715' title='bbox 2784 4990 2997 5041; x_wconf 89' lang='lat' dir='ltr'><strong>omnem</strong></span> <span class='ocrx_word' id='word_1_716' title='bbox 3026 4974 3173 5029; x_wconf 89' lang='lat' dir='ltr'><strong>enim</strong></span> <span class='ocrx_word' id='word_1_717' title='bbox 3215 4977 3449 5045; x_wconf 84' lang='lat' dir='ltr'><strong>seipsam</strong></span> <span class='ocrx_word' id='word_1_718' title='bbox 3489 4974 3578 5030; x_wconf 88' lang='lat' dir='ltr'><strong>illa</strong></span> <span class='ocrx_word' id='word_1_719' title='bbox 3602 5014 3618 5039; x_wconf 86' lang='lat'><strong>,</strong></span> 
     </span>
    </p>
   </div>
   <div class='ocr_carea' id='block_1_100' title="bbox 357 5061 3593 5144">
    <p class='ocr_par' dir='ltr' id='par_1_100' title="bbox 357 5061 3593 5144">
     <span class='ocr_line' id='line_1_100' title="bbox 357 5061 3593 5144; baseline -0.002 -19"><span class='ocrx_word' id='word_1_720' title='bbox 357 5084 475 5125; x_wconf 90' lang='lat' dir='ltr'><strong>cem</strong></span> <span class='ocrx_word' id='word_1_721' title='bbox 504 5069 627 5124; x_wconf 90' lang='lat' dir='ltr'><strong>totis</strong></span> <span class='ocrx_word' id='word_1_722' title='bbox 659 5077 805 5133; x_wconf 90' lang='lat' dir='ltr'><strong>sunt,</strong></span> <span class='ocrx_word' id='word_1_723' title='bbox 835 5079 889 5124; x_wconf 91' lang='lat' dir='ltr'><strong>et</strong></span> <span class='ocrx_word' id='word_1_724' title='bbox 931 5071 1245 5141; x_wconf 78' lang='lat' dir='ltr'><strong>diligentem</strong></span> <span class='ocrx_word' id='word_1_725' title='bbox 1277 5085 1307 5124; x_wconf 89' lang='lat' dir='ltr'><strong>a</strong></span> <span class='ocrx_word' id='word_1_726' title='bbox 1352 5085 1413 5126; x_wconf 87' lang='lat' dir='ltr'><strong>se</strong></span> <span class='ocrx_word' id='word_1_727' title='bbox 1456 5070 1686 5126; x_wconf 87' lang='lat' dir='ltr'><strong>invicem</strong></span> <span class='ocrx_word' id='word_1_728' title='bbox 1725 5073 1943 5144; x_wconf 85' lang='lat' dir='ltr'><strong>proprie</strong></span> <span class='ocrx_word' id='word_1_729' title='bbox 2042 5082 2097 5130; x_wconf 92' lang='lat' dir='ltr'><strong>et</strong></span> <span class='ocrx_word' id='word_1_730' title='bbox 2127 5074 2350 5135; x_wconf 88' lang='lat' dir='ltr'><strong>eadem,</strong></span> <span class='ocrx_word' id='word_1_731' title='bbox 2397 5076 2458 5123; x_wconf 89' lang='lat' dir='ltr'><strong>et.</strong></span> <span class='ocrx_word' id='word_1_732' title='bbox 2491 5067 2783 5136; x_wconf 78' lang='lat' dir='ltr'><strong>unicuique</strong></span> <span class='ocrx_word' id='word_1_733' title='bbox 2827 5064 2967 5121; x_wconf 91' lang='lat' dir='ltr'><strong>indit</strong></span> <span class='ocrx_word' id='word_1_734' title='bbox 2990 5061 3032 5112; x_wconf 84' lang='lat'><strong>&#39;.</strong></span> <span class='ocrx_word' id='word_1_735' title='bbox 3084 5061 3205 5132; x_wconf 77' lang='lat' dir='ltr'><strong>Ipsa</strong></span> <span class='ocrx_word' id='word_1_736' title='bbox 3240 5079 3457 5134; x_wconf 86' lang='lat' dir='ltr'><strong>quoque</strong></span> <span class='ocrx_word' id='word_1_737' title='bbox 3497 5080 3593 5134; x_wconf 86' lang='lat' dir='ltr'><strong>par</strong></span> 
     </span>
    </p>
   </div>
   <div class='ocr_carea' id='block_1_101' title="bbox 359 5158 1940 5225">
    <p class='ocr_par' dir='ltr' id='par_1_101' title="bbox 359 5158 1940 5225">
     <span class='ocr_line' id='line_1_101' title="bbox 359 5158 1940 5225; baseline 0.002 -12"><span class='ocrx_word' id='word_1_738' title='bbox 359 5159 698 5214; x_wconf 87' lang='lat' dir='ltr'><strong>substantem</strong></span> <span class='ocrx_word' id='word_1_739' title='bbox 727 5158 931 5213; x_wconf 88' lang='lat' dir='ltr'><strong>habent</strong></span> <span class='ocrx_word' id='word_1_740' title='bbox 964 5160 1372 5225; x_wconf 86' lang='lat' dir='ltr'><strong>discretionem,</strong></span> <span class='ocrx_word' id='word_1_741' title='bbox 1412 5160 1559 5213; x_wconf 88' lang='lat' dir='ltr'><strong>unita</strong></span> <span class='ocrx_word' id='word_1_742' title='bbox 1594 5159 1940 5225; x_wconf 85' lang='lat' dir='ltr'><strong>discretione,</strong></span> 
     </span>
    </p>
   </div>
   <div class='ocr_carea' id='block_1_102' title="bbox 360 5248 1940 5329">
    <p class='ocr_par' dir='ltr' id='par_1_102' title="bbox 360 5248 1940 5329">
     <span class='ocr_line' id='line_1_102' title="bbox 360 5248 1940 5329; baseline 0.005 -27"><span class='ocrx_word' id='word_1_743' title='bbox 360 5257 418 5308; x_wconf 91' lang='lat' dir='ltr'><strong>et</strong></span> <span class='ocrx_word' id='word_1_744' title='bbox 444 5249 651 5304; x_wconf 88' lang='lat' dir='ltr'><strong>unitate</strong></span> <span class='ocrx_word' id='word_1_745' title='bbox 671 5248 929 5305; x_wconf 87' lang='lat' dir='ltr'><strong>discreta.</strong></span> <span class='ocrx_word' id='word_1_746' title='bbox 950 5251 1173 5329; x_wconf 24' lang='lat' dir='ltr'><strong>[Etenim</strong></span> <span class='ocrx_word' id='word_1_747' title='bbox 1207 5249 1451 5307; x_wconf 84' lang='lat' dir='ltr'><strong>videmus</strong></span> <span class='ocrx_word' id='word_1_748' title='bbox 1476 5250 1532 5305; x_wconf 92' lang='lat' dir='ltr'><strong>in</strong></span> <span class='ocrx_word' id='word_1_749' title='bbox 1571 5251 1728 5307; x_wconf 89' lang='lat' dir='ltr'><strong>domo</strong></span> <span class='ocrx_word' id='word_1_750' title='bbox 1754 5253 1940 5310; x_wconf 83' lang='lat' dir='ltr'><strong>multis</strong></span> 
     </span>
    </p>
   </div>
   <div class='ocr_carea' id='block_1_103' title="bbox 362 5340 1942 5412">
    <p class='ocr_par' dir='ltr' id='par_1_103' title="bbox 362 5340 1942 5412">
     <span class='ocr_line' id='line_1_103' title="bbox 362 5340 1942 5412; baseline 0.004 -16"><span class='ocrx_word' id='word_1_751' title='bbox 362 5340 528 5397; x_wconf 90' lang='lat' dir='ltr'><strong>unitis</strong></span> <span class='ocrx_word' id='word_1_752' title='bbox 583 5340 921 5412; x_wconf 89' lang='lat' dir='ltr'><strong>lampadibus</strong></span> <span class='ocrx_word' id='word_1_753' title='bbox 964 5344 1030 5398; x_wconf 90' lang='lat' dir='ltr'><strong>ad</strong></span> <span class='ocrx_word' id='word_1_754' title='bbox 1079 5358 1245 5399; x_wconf 88' lang='lat' dir='ltr'><strong>unum</strong></span> <span class='ocrx_word' id='word_1_755' title='bbox 1293 5342 1507 5398; x_wconf 79' lang='lat' dir='ltr'><strong>aliquod</strong></span> <span class='ocrx_word' id='word_1_756' title='bbox 1557 5343 1737 5399; x_wconf 89' lang='lat' dir='ltr'><strong>lumen</strong></span> <span class='ocrx_word' id='word_1_757' title='bbox 1792 5347 1942 5402; x_wconf 88' lang='lat' dir='ltr'><strong>unita</strong></span> 
     </span>
    </p>
   </div>
   <div class='ocr_carea' id='block_1_104' title="bbox 2044 5151 3620 5233">
    <p class='ocr_par' dir='ltr' id='par_1_104' title="bbox 2044 5151 3620 5233">
     <span class='ocr_line' id='line_1_104' title="bbox 2044 5151 3620 5233; baseline -0.008 -14"><span class='ocrx_word' id='word_1_758' title='bbox 2044 5162 2380 5233; x_wconf 85' lang='lat' dir='ltr'><strong>ticipantium</strong></span> <span class='ocrx_word' id='word_1_759' title='bbox 2410 5158 2708 5215; x_wconf 71' lang='lat' dir='ltr'><strong>differentia</strong></span> <span class='ocrx_word' id='word_1_760' title='bbox 2737 5154 3117 5211; x_wconf 88' lang='lat' dir='ltr'><strong>dissimilitudo</strong></span> <span class='ocrx_word' id='word_1_761' title='bbox 3134 5151 3266 5208; x_wconf 83' lang='lat' dir='ltr'><strong>facit</strong></span> <span class='ocrx_word' id='word_1_762' title='bbox 3288 5154 3620 5219; x_wconf 82' lang='lat' dir='ltr'><strong>decolorata,</strong></span> 
     </span>
    </p>
   </div>
   <div class='ocr_carea' id='block_1_105' title="bbox 2048 5242 3624 5333">
    <p class='ocr_par' dir='ltr' id='par_1_105' title="bbox 2048 5242 3624 5333">
     <span class='ocr_line' id='line_1_105' title="bbox 2048 5242 3624 5333; baseline -0.003 -27"><span class='ocrx_word' id='word_1_763' title='bbox 2048 5268 2175 5318; x_wconf 85' lang='lat' dir='ltr'><strong>uno,</strong></span> <span class='ocrx_word' id='word_1_764' title='bbox 2198 5261 2254 5306; x_wconf 90' lang='lat' dir='ltr'><strong>et</strong></span> <span class='ocrx_word' id='word_1_765' title='bbox 2302 5260 2446 5316; x_wconf 87' lang='lat' dir='ltr'><strong>toto,</strong></span> <span class='ocrx_word' id='word_1_766' title='bbox 2478 5256 2532 5333; x_wconf 81' lang='lat' dir='ltr'><strong>et</strong></span> <span class='ocrx_word' id='word_1_767' title='bbox 2580 5246 2770 5302; x_wconf 85' lang='lat' dir='ltr'><strong>eodem</strong></span> <span class='ocrx_word' id='word_1_768' title='bbox 2819 5243 3104 5315; x_wconf 89' lang='lat' dir='ltr'><strong>principali</strong></span> <span class='ocrx_word' id='word_1_769' title='bbox 3136 5244 3410 5314; x_wconf 80' lang='lat' dir='ltr'><strong>exemplo.</strong></span> <span class='ocrx_word' id='word_1_770' title='bbox 3447 5242 3536 5309; x_wconf 89' lang='lat' dir='ltr'><strong>Ut,</strong></span> <span class='ocrx_word' id='word_1_771' title='bbox 3577 5245 3624 5301; x_wconf 86' lang='lat' dir='ltr'><strong>si</strong></span> 
     </span>
    </p>
   </div>
   <div class='ocr_carea' id='block_1_106' title="bbox 2050 5335 3624 5412">
    <p class='ocr_par' dir='ltr' id='par_1_106' title="bbox 2050 5335 3624 5412">
     <span class='ocr_line' id='line_1_106' title="bbox 2050 5335 3624 5412; baseline -0.003 -15"><span class='ocrx_word' id='word_1_772' title='bbox 2050 5343 2265 5412; x_wconf 82' lang='lat' dir='ltr'><strong>quidem</strong></span> <span class='ocrx_word' id='word_1_773' title='bbox 2293 5340 2472 5398; x_wconf 87' lang='lat' dir='ltr'><strong>mollia</strong></span> <span class='ocrx_word' id='word_1_774' title='bbox 2494 5349 2549 5395; x_wconf 89' lang='lat' dir='ltr'><strong>et</strong></span> <span class='ocrx_word' id='word_1_775' title='bbox 2570 5337 2902 5402; x_wconf 81' lang='lat' dir='ltr'><strong>formabilia,</strong></span> <span class='ocrx_word' id='word_1_776' title='bbox 2934 5335 3216 5390; x_wconf 88' lang='lat' dir='ltr'><strong>autetiam</strong></span> <span class='ocrx_word' id='word_1_777' title='bbox 3241 5336 3400 5405; x_wconf 89' lang='lat' dir='ltr'><strong>plana</strong></span> <span class='ocrx_word' id='word_1_778' title='bbox 3424 5346 3477 5393; x_wconf 91' lang='lat' dir='ltr'><strong>et</strong></span> <span class='ocrx_word' id='word_1_779' title='bbox 3497 5352 3624 5393; x_wconf 84' lang='lat' dir='ltr'><strong>con-</strong></span> 
     </span>
    </p>
   </div>
   <div class='ocr_carea' id='block_1_107' title="bbox 1672 5495 2364 5556">
    <p class='ocr_par' dir='ltr' id='par_1_107' title="bbox 1672 5495 2364 5556">
     <span class='ocr_line' id='line_1_107' title="bbox 1672 5495 2364 5556; baseline 0 -5"><span class='ocrx_word' id='word_1_780' title='bbox 1672 5495 1928 5553; x_wconf 78' lang='lat' dir='ltr'><strong>VARIAE</strong></span> <span class='ocrx_word' id='word_1_781' title='bbox 1964 5496 2364 5556; x_wconf 84' lang='lat' dir='ltr'><strong>LECTIONES.</strong></span> 
     </span>
    </p>
   </div>
   <div class='ocr_carea' id='block_1_108' title="bbox 440 5632 2002 5700">
    <p class='ocr_par' dir='ltr' id='par_1_108' title="bbox 440 5632 2002 5700">
     <span class='ocr_line' id='line_1_108' title="bbox 440 5632 2002 5700; baseline 0.003 -13"><span class='ocrx_word' id='word_1_782' title='bbox 440 5634 457 5665; x_wconf 78' lang='grc'>⁸</span> <span class='ocrx_word' id='word_1_783' title='bbox 486 5632 529 5687; x_wconf 79' lang='grc' dir='ltr'>Α</span> <span class='ocrx_word' id='word_1_784' title='bbox 560 5634 1120 5700; x_wconf 76' lang='lat' dir='ltr'><strong>denominatiom’bus;</strong></span> <span class='ocrx_word' id='word_1_785' title='bbox 1149 5633 1191 5689; x_wconf 88' lang='grc' dir='ltr'><strong>Β</strong></span> <span class='ocrx_word' id='word_1_786' title='bbox 1214 5634 1677 5692; x_wconf 71' lang='lat' dir='ltr'><strong>dominationibus.</strong></span> <span class='ocrx_word' id='word_1_787' title='bbox 1757 5636 1779 5668; x_wconf 81' lang='grc'><strong>⁸</strong></span> <span class='ocrx_word' id='word_1_788' title='bbox 1809 5634 1899 5690; x_wconf 80' lang='grc' dir='ltr'><strong>ΑΒ</strong></span> <span class='ocrx_word' id='word_1_789' title='bbox 1922 5645 2002 5692; x_wconf 77' lang='lat' dir='ltr'><strong>ut.</strong></span> 
     </span>
    </p>
   </div>
   <div class='ocr_carea' id='block_1_109' title="bbox 366 5703 982 5760">
    <p class='ocr_par' dir='ltr' id='par_1_109' title="bbox 366 5703 982 5760">
     <span class='ocr_line' id='line_1_109' title="bbox 366 5703 982 5760; baseline 0.002 -1"><span class='ocrx_word' id='word_1_790' title='bbox 366 5703 549 5760; x_wconf 77' lang='lat' dir='ltr'><strong>domu.</strong></span> <span class='ocrx_word' id='word_1_791' title='bbox 627 5704 649 5738; x_wconf 87' lang='lat'><strong>&#39;</strong></span> <span class='ocrx_word' id='word_1_792' title='bbox 687 5704 733 5760; x_wconf 89' lang='lat' dir='ltr'><strong>ll</strong></span> <span class='ocrx_word' id='word_1_793' title='bbox 769 5705 982 5760; x_wconf 80' lang='lat' dir='ltr'><strong>indidit.</strong></span> 
     </span>
    </p>
   </div>
   <div class='ocr_carea' id='block_1_110' title="bbox 770 5795 1363 5860">
    <p class='ocr_par' dir='ltr' id='par_1_110' title="bbox 770 5795 1363 5860">
     <span class='ocr_line' id='line_1_110' title="bbox 770 5795 1363 5860; baseline 0.007 -4"><span class='ocrx_word' id='word_1_794' title='bbox 770 5795 1047 5858; x_wconf 62' lang='lat' dir='ltr'><strong>Pas-nos.</strong></span> <span class='ocrx_word' id='word_1_795' title='bbox 1103 5795 1363 5860; x_wconf 78' lang='lat' dir='ltr'><strong>CXXII.</strong></span> 
     </span>
    </p>
   </div>
   <div class='ocr_carea' id='block_1_111' title="bbox 2060 5625 3430 5692">
    <p class='ocr_par' dir='ltr' id='par_1_111' title="bbox 2060 5625 3430 5692">
     <span class='ocr_line' id='line_1_111' title="bbox 2060 5625 3430 5692; baseline -0.007 0"><span class='ocrx_word' id='word_1_796' title='bbox 2060 5680 2063 5681; x_wconf 44' lang='grc' dir='ltr'><em>ν</em></span> <span class='ocrx_word' id='word_1_797' title='bbox 2102 5636 2126 5671; x_wconf 80' lang='grc'><em>³</em></span> <span class='ocrx_word' id='word_1_798' title='bbox 2162 5634 2454 5692; x_wconf 77' lang='lat' dir='ltr'><strong>Summitas</strong></span> <span class='ocrx_word' id='word_1_799' title='bbox 2493 5630 2856 5687; x_wconf 75' lang='lat' dir='ltr'><strong>summitatum</strong></span> <span class='ocrx_word' id='word_1_800' title='bbox 2899 5642 3151 5683; x_wconf 70' lang='lat' dir='ltr'><strong>omnium</strong></span> <span class='ocrx_word' id='word_1_801' title='bbox 3178 5643 3287 5683; x_wconf 91' lang='lat' dir='ltr'><strong>om.</strong></span> <span class='ocrx_word' id='word_1_802' title='bbox 3316 5625 3430 5684; x_wconf 87' lang='lat' dir='ltr'><strong>BH.</strong></span> 
     </span>
    </p>
   </div>
   <div class='ocr_carea' id='block_1_112' title="bbox 3158 5792 3237 5854">
    <p class='ocr_par' dir='ltr' id='par_1_112' title="bbox 3158 5792 3237 5854">
     <span class='ocr_line' id='line_1_112' title="bbox 3158 5792 3237 5854; baseline 0 0"><span class='ocrx_word' id='word_1_803' title='bbox 3158 5792 3237 5854; x_wconf 82' lang='lat'><strong>36</strong></span> 
     </span>
    </p>
   </div>
  </div>
