4168 6284
351 371 493 430 “13.5

992 367 1243 425 VERSIO
1281 368 1566 426 OPERUM
1611 367 1668 422 s.
1713 351 2030 421 DIONYSII.
2077 393 2147 404 -
2181 349 2270 416 DE
2311 361 2558 418 DIVINIS
2597 361 2992 420 NOMINIBUS.

3479 364 3500 416 -l
3515 361 3616 418 1‘26

349 481 504 554 nans,
536 495 582 540 et
624 483 764 539 omni
807 483 1062 554 principio
1089 495 1134 536 et
1175 471 1350 536 ardini
1378 471 1812 552 supercollocata.
1863 479 1928 532 Et
1960 483 2012 542 Α
2037 475 2234 531 multus
2261 475 2316 530 in
2347 477 2546 542 divina,
2575 475 2754 531 lumen
2783 479 2990 544 mundi,
3015 481 3146 534 haec
3176 479 3251 532 ait
3279 477 3535 534 divinitus
3561 481 3614 536 in

347 596 594 634 mensura
630 587 704 632 est
745 575 923 629 eorum
949 593 1082 646 quae
1113 585 1248 640 sunt,
1281 585 1325 627 et
1358 573 1672 635 seculorum,
1704 585 1748 626 et
1776 589 1931 642 super

348 671 611 734 seculum,
654 657 698 722 et
749 676 869 720 ante
936 665 1159 719 secula:
1199 657 1360 734 plena.
1423 665 1474 716 in
1537 663 1922 732 indigentibus,

347 757 654 830 superplena
700 749 754 808 in
804 753 1250 822 plenitudinibus,
1313 770 1546 816 arcamt,
1599 751 1882 820 inc/rabilis
1913 791 1928 816 ,

347 865 503 918 super
530 847 785 909 animum,
829 861 986 914 super
1009 845 1189 908 vitam,
1218 861 1374 914 super
1395 844 1671 898 essentiam
1701 859 1717 894 :
1748 858 1928 911 super-

349 937 662 994 naturaliter
707 921 1282 1010 habet’supernaturale
1313 939 1352 998 ¹,
1386 927 1886 1008 superessentialiter
1907 933 1928 963 '

345 1025 795 1098 superessentiale.
874 1025 1026 1079 Unde
1084 1027 1330 1096 quoniam
1398 1025 1600 1097 quidem
1661 1035 1706 1078 et
1767 1040 1929 1094 usque

344 1133 589 1175 naturam
619 1136 713 1190 pro
749 1133 926 1171 amore
953 1117 1222 1171 hominum
1250 1117 1270 1147 ⁸
1315 1119 1482 1180 venit,
1517 1127 1562 1169 et
1601 1133 1716 1169 vere
1756 1106 1929 1168 essen-

344 1214 418 1265 tia
481 1217 586 1273 est,
646 1219 694 1263 et
759 1210 836 1262 vir
891 1209 1177 1278 superdeus
1233 1203 1438 1261 creatus
1512 1218 1604 1260 est.
1677 1201 1942 1276 'Propitia‘

346 1315 520 1358 autem
553 1303 652 1356 sint
683 1303 827 1354 nobis
856 1316 1012 1372 super
1035 1301 1267 1352 animum
1291 1309 1336 1352 et
1357 1295 1610 1351 rationem
1635 1295 1923 1351 laudanda.

347 1389 434 1452 Et,
471 1391 516 1443 si
548 1391 599 1444 in
631 1387 712 1442 his
738 1388 885 1440 habet
922 1387 1321 1456 supernaturale
1347 1395 1394 1440 et
1422 1387 1848 1452 superessentinle
1871 1387 1894 1417 ⁵
1912 1429 1926 1452 ,

346 1499 448 1536 non
476 1481 642 1534 solum
675 1481 786 1552 ipsa
813 1477 1208 1554 immutabiliter
1229 1481 1375 1532 nobis
1407 1491 1452 1533 et
1479 1477 1748 1550 inconfuse
1791 1481 1958 1533 cum?

347 1574 667 1638 municavit,
743 1571 874 1626 nihil
921 1561 1207 1642 'perpessa
1283 1575 1334 1626 in
1396 1571 1926 1642 superplenitndinem

344 1663 586 1719 suum'ab
619 1662 877 1734 ineffabili
910 1655 1140 1716 novitate
1169 1664 1301 1716 :sed
1331 1664 1454 1734 quia
1487 1675 1531 1715 et
1562 1663 1658 1716 hoc
1695 1659 1942 1716 omnium

345 1771 595 1808 novorum
655 1755 940 1808 maximum
993 1765 1222 1822 novum,
1275 1757 1327 1808 in
1369 1754 1697 1808 naturalibus
1737 1755 1928 1808 nostris

2032 571 2204 623 sacris
2257 569 2370 623 suis
2409 569 2624 623 literis:
2657 569 2918 624 Nam'etsi
2957 583 3078 625 sunt
3111 573 3201 642 qui
3236 574 3482 625 dicuntur
3513 575 3610 640 dii,

2030 659 2136 711 sive
2171 659 2225 710 in
2257 657 2420 723 caelo,
2455 660 2560 711 sive
2610 673 2665 711 tn
2710 669 2870 722 terra,
2897 663 3152 731 siquidem
3197 657 3319 714 sunt
3341 663 3432 716 'dii
3463 665 3616 718 multi

2031 758 2080 802 et
2119 749 2318 802 domini
2347 739 2516 812 multi,
2559 749 2649 803 sed
2685 749 2832 805 nobis
2861 767 2993 804 unus
3033 751 3172 806 Deus
3211 741 3392 817 Pater,
3421 771 3484 808 ea:
3506 771 3608 825 quo

2033 839 2292 904 omnia,et
2309 857 2400 894 nos
2417 841 2468 892 in
2486 841 2656 911 ipso";
2670 851 2718 895 et
2742 860 2874 897 unus
2891 843 3146 898 Dominus
3169 845 3324 900 Iesus
3349 845 3612 916 Christus,

2029 947 2122 1001 per
2147 947 2298 1000 quem
2331 935 2526 998 omnia,
2578 943 2628 986 et
2659 951 2750 988 nos
2782 951 2874 1004 per
2905 939 3074 1005 ipsum
3109 949 3154 990 ει.
3189 937 3400 992 Etenim
3435 939 3487 993 in
3529 941 3613 994 di-

2030 1021 2172 1076 vinis
2199 1025 2432 1078 unitates
2460 1026 2848 1078 discretionum
2879 1035 3228 1094 potentantur
3255 1037 3309 1083 et
3339 1031 3616 1100 anteprin-

2029 1114 2298 1183 cipantur,
2327 1123 2380 1169 et
2405 1115 2753 1171 nihilominus
2779 1128 2903 1172 sunt
2935 1121 3084 1172 unita
3117 1119 3278 1176 etiam
3313 1131 3433 1191 post
3455 1125 3617 1179 unius

2031 1205 2428 1280 irrcmeabilem
2479 1215 2532 1261 et
2565 1208 2894 1262 clementem
2944 1209 3340 1266 discretionem.
3381 1211 3492 1270 Has
3521 1231 3618 1270 nos

2031 1294 2204 1348 socias
2236 1303 2289 1348 et
2328 1296 2509 1349 unitas
2555 1296 2720 1350 totius
2755 1293 2972 1350 deitatis
3017 1298 3391 1366 discretiones,
3447 1303 3500 1356 id
3533 1311 3617 1359 est

2031 1387 2256 1440 decoras
2309 1387 2685 1457 processiones
2715 1430 2729 1451 ,
2787 1405 2851 1442 cx
2902 1389 3512 1458 manifestantibuseas
3561 1395 3616 1448 in

2030 1475 2258 1547 eloquiis
2285 1479 2480 1534 divinis
2519 1481 2825 1536 nominibus
2849 1481 3112 1550 laudare,
3147 1486 3439 1540 secundum
3471 1487 3616 1558 quod

2030 1570 2285 1640 possibile
2311 1579 2416 1638 est,
2447 1571 2810 1628 tentabimus:
2841 1575 2964 1640 hoc,
2993 1581 3050 1628 ut
3076 1575 3279 1630 dictum
3325 1581 3429 1642 est,
3457 1593 3616 1648 prae—

2032 1661 2265 1730 cognito,
2299 1679 2511 1720 omnem
2542 1663 2840 1720 beneﬁcam
2885 1665 3121 1722 divinam
3167 1669 3612 1738 nominationem,

2033 1754 2086 1806 in
2113 1769 2432 1826 quacunque
2457 1755 2673 1826 ponitur
2711 1757 3022 1814 divinarum
3053 1759 3475 1815 substantiarum
3495 1801 3509 1826 ,
3559 1761 3614 1816 in

343 1847 762 1916 supernatat-alis
803 1858 934 1908 erat,
970 1847 1022 1899 in
1050 1847 1128 1899 his
1167 1863 1299 1926 quae
1322 1845 1480 1914 juxta
1523 1845 1798 1899 essentiam
1836 1862 1923 1898 su-
1959 1868 2003 1928 Β
2033 1855 2142 1900 tota
2192 1862 2308 1901 eam
2343 1845 2580 1919 recipere
2610 1849 2788 1904 divina
2835 1839 3186 1907 universitate
3215 1855 3580 1909 inobservate.

341 1937 726 2006 peressentialis
767 1936 810 2004 ⁵,
843 1937 1017 1990 omnia
1060 1950 1236 1990 nostra
1293 1954 1356 1991 ex
1407 1937 1554 1991 nobis
1593 1943 1803 2010 pt‘bpter
1833 1953 1926 1990 nos

344 2013 744 2100 super/iubebat.
1867 2037 1870 2040 ’

416 2121 527 2176 lloc
559 2123 777 2192 quidem
807 2119 1155 2174 sullicientcr.
1189 2119 1244 2172 ln
1276 2127 1455 2172 autem
1485 2105 1712 2174 rationis
1738 2123 1928 2188 specu-

339 2212 600 2268 lationem
645 2212 1057 2283 perveniamus,
1093 2211 1398 2266 communia
1443 2221 1497 2265 et
1525 2213 1675 2265 unita
1721 2211 1925 2266 discre-

341 2305 505 2370 tionis
521 2305 734 2358 divinae
755 2305 989 2362 nomina,
1012 2303 1304 2358 secundum
1322 2303 1464 2372 quod
1481 2303 1636 2358 nobis
1651 2295 1926 2374 pussibile,

345 2397 690 2466 replicantes.
719 2395 784 2460 Et
806 2404 864 2448 ut
894 2404 1080 2466 aperte
1107 2393 1172 2446 de
1203 2393 1452 2447 omnibus
1482 2391 1737 2461 deinceps
1767 2393 1929 2462 prae-

345 2483 688 2548 deliniamus,
707 2485 1086 2538 discretionem
1113 2484 1345 2538 divinam
1374 2483 1621 2548 dicimus,
1647 2494 1705 2536 ut
1731 2481 1933 2538 dictum

348 2583 452 2642 est,
483 2559 738 2646 pulchras
768 2575 1064 2630 divinitatis
1095 2575 1494 2644 processiones.
1533 2573 1751 2628 Donans
1783 2567 1930 2627 cnim

345 2655 600 2724 omnibus
631 2653 768 2736 quae
798 2675 943 2738 sunt,
980 2651 1032 2720 et
1061 2665 1457 2736 superfundens
1485 2665 1724 2720 omnium
1759 2665 1931 2721 bono-

345 2775 467 2815 rum
494 2759 960 2832 participationes,
1003 2757 1151 2812 unite
1181 2757 1396 2826 quidem
1436 2757 1780 2820 discernitur,
1817 2756 1936 2826 plu-

345 2835 592 2908 riﬂcatur
627 2869 756 2906 vero
805 2851 1176 2920 singulariter,
1217 2837 1270 2906 et
1316 2851 1708 2924 multiplicatur
1734 2867 1800 2905 ex
1827 2867 1932 2907 uno

347 2931 782 3000 iri-emeabiliter.
837 2945 904 3000 Ut
957 2953 1084 3014 puta
1136 2945 1389 3014 quoniam
1447 2945 1514 2998 ὢν
1565 2953 1649 2998 cst
1677 2943 1817 2998 Deus
1847 2933 1932 2998 su-

347 3035 837 3106 peressentialiter,
891 3035 1054 3090 donat
1098 3047 1276 3101 autem
1317 3035 1552 3096 essebis
1591 3049 1730 3104 quae
1785 3041 1927 3096 sunt,

317 3133 404 3180 Vet
429 3125 646 3182 adducit
671 3135 812 3180 totas
843 3127 1127 3190 essentias,
1165 3125 1510 3194 multiplicari
1541 3124 1740 3178 dicitur
1769 3139 1931 3176 unum

2557 1983 2956 2041 CAPITULUM
2993 1987 3082 2042 lll.

2035 2093 2183 2156 Quae
2211 2093 2234 2125 ⁸
2269 2096 2520 2149 orationis
2551 2098 2742 2161 virtus,
2785 2107 2833 2150 et
2879 2099 2942 2151 de
2984 2099 3132 2153 beato
3173 2099 3433 2166 lerotheo,
3483 2111 3530 2157 et
3556 2103 3622 2158 de

2345 2169 2591 2220 reuereuti
2619 2179 2666 2218 et
2705 2171 3008 2237 conscripta.
3034 2169 3316 2240 theologia.

2103 2293 2171 2348 Et
2199 2295 2453 2366 primam,
2477 2281 2522 2350 si
2551 2295 2784 2361 videtur,
2813 2297 3278 2367 perfectissimam,
3308 2311 3362 2358 et
3380 2305 3622 2360 omnium

2034 2387 2128 2441 Dei
2161 2386 2570 2455 processionum
2609 2389 3115 2457 manifestatoriam,
3151 2391 3409 2462 optimam
3443 2397 3618 2452 nomi-

2036 2481 2310 2532 natiOnem
2339 2479 2782 2547 pt‘ommcienms,
2814 2481 3140 2552 optimarum
3183 2485 3537 2558 principalem
3567 2499 3622 2543 et

2037 2570 2456 2639 superdptimam
2487 2569 2798 2625 invocantes
2839 2571 3188 2638 Trin-tatem,
3234 2575 3619 2633 declarativam

2037 2661 2276 2714 omnium
2324 2662 2404 2714 sui
2460 2661 2788 2730 optimarum
2847 2663 3332 2732 providentiantm.
3397 2666 3626 2737 Oportet

2037 2751 2180 2806 enim
2214 2765 2311 2804 nos
2342 2751 2680 2806 Orationibus
2715 2751 2948 2821 primum
2980 2751 3034 2808 in
3082 2769 3225 2820 eam,
3254 2765 3312 2810 ut
3355 2758 3622 2814 bonorum

2035 2841 2377 2911 principium,
2412 2843 2616 2908 reduci,
2639 2851 2692 2897 et
2712 2845 2879 2914 magis
2896 2845 2942 2898 ei
2971 2847 3425 2914 approximantes,
3451 2849 3502 2904 in
3520 2845 3623 2905 hcc

2039 2933 2217 2988 doceri
2246 2933 2450 3002 optima
2475 2933 2613 2988 dona
2647 2935 2789 2990 circa
2814 2951 2932 2989 eam
2957 2936 3235 2991 collocata.
3270 2937 3482 2993 Etenim
3510 2941 3624 3010 ipsa

2039 3026 2255 3096 quidem
2287 3027 2539 3082 omnibus
2568 3027 2739 3093 adest,
2789 3043 2892 3081 non
2925 3029 3103 3081 omnia
3131 3043 3258 3083 vero
3307 3030 3355 3083 ei
3406 3039 3623 3086 adsunt.

2040 3115 2192 3171 Tune
2215 3125 2416 3182 autem,
2433 3131 2556 3171 cum
2585 3133 2702 3171 eam
2731 3117 3045 3173 invocamus
3066 3120 3384 3175 castissimis
3407 3121 3625 3191 quidem

267 3275 270 3280 ,
349 3215 402 3272 ὃν
456 3217 583 3272 illud
633 3234 698 3271 ex
749 3232 805 3271 se
869 3215 1190 3270 adductione
1231 3215 1520 3269 inultm-um
1583 3215 1930 3269 existentium
1961 3213 2005 3275 C
2037 3209 2398 3274 orationibus,
2425 3209 2668 3263 revoluto
2691 3225 2903 3278 quoque
2946 3213 3146 3277 animo,
3175 3221 3228 3266 et
3273 3213 3338 3267 ad
3386 3215 3623 3272 (liVinam

347 3309 568 3377 quidem
613 3309 680 3362 ab
722 3319 878 3374 onte,
913 3309 1046 3362 nihil
1095 3311 1274 3362 minus
1319 3309 1408 3362 illo
1438 3318 1492 3362 et
1535 3325 1641 3362 uno
1671 3309 1724 3362 in
1753 3307 1935 3362 multi-

345 3400 659 3469 plicalionc,
688 3409 742 3454 et
765 3403 1009 3454 adunato
1043 3401 1199 3472 juxta
1233 3403 1631 3470 processionem
1653 3442 1666 3468 ,
1698 3383 1751 3455 et
1779 3401 1936 3472 pleno

331 3485 405 3546 in
457 3493 784 3548 discretione
809 3534 824 3559 ,
864 3494 1114 3548 omnibus
1149 3495 1414 3558 essendo,
1467 3485 1606 3564 quae
1654 3501 1817 3558 sunt,
1847 3507 1937 3546 su-

349 3587 812 3660 peressentialiter
871 3595 1180 3652 remotum,
1255 3595 1308 3640 et
1381 3585 1631 3640 clementi
1702 3591 1934 3637 tutorum

343 3679 712 3750 processione,
737 3689 920 3731 etnon
954 3680 1221 3730 minorata
1251 3675 1462 3730 fusione
1495 3661 1936 3730 indiminutarum

343 3771 435 3826 'sui
473 3772 840 3846 traditionum.
891 3757 998 3825 Sed
1029 3780 1082 3824 et
1112 3770 1412 3836 ununtdw,
1456 3778 1510 3822 et
1535 3768 1682 3822 omni
1715 3767 1854 3846 parti
1883 3776 1937 3822 et

353 3862 472 3924 toti,
509 3875 563 3912 et
591 3865 680 3914 uni
712 3872 766 3914 et
793 3860 1144 3923 multitudini,
1171 3859 1239 3914 ab
1268 3875 1372 3914 uno
1399 3859 1635 3922 tradens,
1668 3874 1832 3910 unum
1855 3867 1940 3912 est

355 3937 546 4008 eodem
577 3951 734 4006 modo
761 3951 1326 4019 ,sntpet'esseiitialiter,
1357 3965 1530 4020 neque
1558 3964 1683 4018 pars
1712 3947 1763 4002 ὃν
1797 3947 1935 4000 mul-

359 4044 636 4106 titudinis,
684 4058 858 4112 neque
893 4059 956 4098 ex
1009 4043 1253 4114 partibus
1295 4051 1503 4103 totum,
1544 4049 1597 4092 et
1640 4039 1717 4092 sic
1763 4053 1940 4106 neque

361 4151 524 4188 umnn
562 4144 662 4198 est,
689 4149 866 4202 neque
893 4150 1052 4194 unum
1097 4115 1276 4188 halict.
1309 4131 1491 4200 Longe
1521 4131 1666 4204 enim
1695 4129 1716 4159 °
1746 4129 1829 4181 his
1859 4137 1940 4182 est

356 4242 518 4297 super
545 4244 734 4292 unum,
768 4228 834 4281 ab
881 4211 963 4282 his
998 4243 1135 4296 quae
1179 4236 1303 4281 sunt
1343 4240 1539 4290 unum,
1571 4231 1626 4278 et
1655 4221 1940 4277 multitudo

355 4319 708 4388 impartibile,
739 4321 858 4375 sine
899 4320 1235 4390 plenitudine
1273 4317 1713 4388 superplenitudo
1734 4355 1748 4380 ,
1778 4331 1938 4369 omne

357 4428 522 4480 unum
570 4421 625 4464 et
675 4411 1067 4472 t‘nnltitudincm
1129 4411 1401 4466 adducens
1449 4419 1500 4462 et
1551 4409 1838 4478 pet-ﬁciens
1886 4415 1940 4460 et

357 4513 665 4556 continens.
715 4501 910 4555 lterum
943 4518 1009 4556 ex
1049 4517 1106 4556 se
1134 4501 1472 4554 deificatione
1503 4498 1796 4553 secundum
1830 4497 1937 4551 vir-

2039 3300 2300 3354 uniiatem
2351 3301 2771 3368 Opportunitate,
2809 3309 2934 3356 tunc
2983 3311 3037 3357 et
3090 3319 3188 3358 nos
3233 3305 3278 3358 ei
3339 3305 3616 3362 adsumus.

2036 3392 2156 3462 Ipsa
2185 3393 2326 3446 enim
2357 3407 2530 3461 neque
2563 3392 2614 3445 in
2645 3392 2761 3446 loco
2792 3401 2893 3454 est,
2927 3401 2983 3446 ut
3004 3401 3058 3448 et
3088 3411 3117 3448 a
3145 3397 3401 3464 quodam,
3431 3405 3523 3450 aut
3558 3413 3626 3452 ex

2039 3485 2157 3538 aliis
2188 3485 2238 3536 in
2268 3479 2369 3537 alia
2403 3485 2777 3548 transcendat;
2807 3485 2900 3537 sed
2930 3493 2980 3539 et
3009 3486 3061 3539 in
3097 3488 3348 3541 omnibus
3390 3489 3633 3544 existen-

2042 3576 2181 3628 tibus
2232 3590 2349 3629 eam
2401 3587 2540 3638 esse,
2585 3575 2764 3629 dicere
2813 3575 3156 3648 relinquitur,
3199 3593 3359 3650 super
3408 3579 3589 3635 omnia
3605 3621 3627 3652 ε

2039 3675 2094 3721 et
2131 3669 2370 3721 omnium
2412 3669 2857 3736 comprehensiva
2899 3669 3279 3726 multitudinis.
3322 3671 3429 3727 Nos
3465 3651 3630 3744 igitur

2041 3759 2184 3830 ipsos
2225 3761 2563 3816 orationibus
2593 3763 2934 3818 extendimus
2980 3764 3031 3818 in
3074 3765 3378 3820 divinorum
3410 3773 3463 3821 et
3491 3769 3632 3839 opti-

2043 3865 2252 3902 morum
2321 3851 2592 3904 radiorum
2651 3853 3002 3906 excelsiorem
3061 3861 3412 3924 respectum;
3463 3845 3629 3913 veluti

2043 3940 2194 3992 multi
2237 3939 2455 3994 luminis
2524 3941 2882 4010 splendorem,
2923 3959 2988 3996 ex
3042 3945 3257 4002 caelesti
3321 3945 3630 4005 summitate

2044 4046 2382 4102 suspensum,
2414 4033 2466 4084 in
2499 4048 2579 4094 ea,
2617 4047 2753 4100 quae
2787 4033 2874 4085 hic
2922 4041 3070 4098 sunt,
3112 4035 3546 4104 pervenientem,
3577 4047 3634 4094 et

2043 4138 2256 4191 semper
2277 4121 2394 4191 ejus
2425 4125 2474 4175 in
2505 4131 2851 4192 conspectum
2885 4123 3133 4178 manibus
3165 4125 3440 4180 attributis
3469 4141 3632 4198 agen-

2045 4229 2146 4282 tes,
2187 4217 2402 4270 trahere
2458 4231 2572 4270 eam
2619 4217 2834 4286 quidem
2885 4201 3156 4284 putamus,
3193 4218 3419 4273 veritate
3450 4211 3632 4278 autem

2043 4325 2149 4362 non
2192 4307 2506 4361 deducimus
2539 4305 2804 4388 illam,'et
2831 4321 3044 4359 sursum
3091 4316 3144 4360 et
3190 4307 3440 4362 deorsum
3473 4321 3629 4382 prae-

2043 4408 2275 4462 sentem,
2314 4397 2406 4452 sed
2441 4415 2536 4451 nos
2573 4398 2671 4466 ipsi
2707 4397 3006 4450 reducimur
3035 4397 3099 4450 ad
3122 4398 3449 4454 excelsiores
3497 4399 3630 4454 luci-

2042 4491 2383 4544 dissimorum
2427 4489 2698 4540 radiorum
2735 4485 3027 4540 claritates.
3057 4485 3162 4539 Aut
3191 4487 3338 4541 velut
3362 4487 3412 4542 in
3445 4490 3628 4544 navim

362 4603 531 4648 tutem
599 4593 988 4664 uniusquisque
1049 4591 1298 4646 deiiormi
1365 4591 1588 4644 deorum
1644 4589 1937 4644 multorum
1969 4562 2016 4620 D
2045 4584 2412 4646 ascendentes,
2448 4591 2499 4632 et
2537 4581 2857 4649 recipientcs
2900 4589 2966 4633 ex‘
2995 4580 3226 4650 quadam
3256 4587 3410 4652 petra
3439 4589 3626 4636 exten-

355 4682 624 4737 l'actorum
673 4684 886 4738 videtur
930 4683 1146 4752 quidem
1173 4697 1293 4736 csse
1323 4691 1377 4734 et
1421 4681 1622 4736 dicitur
1659 4679 1816 4732 unius
1846 4679 1940 4732 Dei

355 4773 612 4830 discretio
637 4784 692 4827 et
715 4771 1129 4844 inultiplioatio:
1161 4783 1244 4830 est
1274 4789 1399 4828 vero
1415 4772 1558 4838 ,nihil
1589 4771 1766 4826 minus
1797 4770 1943 4837 prin-

359 4865 548 4932 cipalis
577 4865 736 4928 Deus,
769 4877 824 4919 et
860 4867 1158 4934 superdeus
1177 4907 1190 4930 ,
1224 4863 1750 4934 superessentialiter
1779 4877 1939 4926 unus,

361 4951 505 5006 Deus
539 4953 906 5022 impartibilis,
941 4955 1358 5026 impartibilibus
1387 4954 1586 5013 unitus,
1617 4951 1938 5019 sibimetipsi

366 5051 420 5096 et
447 5043 627 5100 multis
659 5046 1066 5110 inconunixtus,
1106 5055 1161 5099 et
1181 5062 1284 5100 non
1316 5041 1718 5109 multiplicatus.
1749 5043 1813 5093 lit
1839 5043 1940 5096 hoc

363 5137 844 5204 supernaturaliter
915 5137 1218 5204 intelligens
1287 5133 1589 5188 communis
1649 5143 1834 5208 noster
1892 5141 1946 5186 et

369 5227 614 5294 nnagistri
665 5227 722 5282 in
767 5229 1006 5282 divinam
1052 5227 1500 5282 illuminatiouem
1543 5225 1901 5278 manuductor
1927 5261 1941 5286 ,

2047 4692 2134 4730 sos
2163 4673 2338 4738 funes,
2383 4681 2436 4726 et
2461 4671 2608 4726 velut
2633 4671 2786 4726 nobis
2817 4671 2866 4723 iu
2907 4671 3270 4740 receptionem
3299 4671 3473 4738 dates,
3519 4687 3626 4728 non

2047 4767 2112 4820 ad
2142 4781 2240 4819 nos
2283 4773 2514 4834 petram,
2552 4763 2644 4817 sed
2685 4761 3042 4830 nosmetipsos
3069 4761 3300 4816 veritate
3348 4769 3404 4815 et
3448 4763 3630 4818 navim

2048 4859 2113 4910 ad
2147 4867 2352 4926 petram
2381 4855 2717 4908 adducimus.
2758 4851 2908 4906 Sicut
2928 4861 2982 4905 et
3020 4853 3122 4907 hoc
3165 4853 3218 4906 in
3269 4855 3627 4922 contrarium,

2052 4949 2094 5004 si
2121 4945 2402 5016 quisjusta
2431 4945 2663 4998 validam
2691 4953 2900 5015 petram
2926 4953 3072 4997 stans
3093 4943 3146 4997 in
3172 4946 3293 4998 navi
3313 4945 3626 5014 repellatur,

2046 5050 2166 5111 aget
2193 5037 2404 5109 quidem
2431 5037 2564 5090 nihil
2584 5037 2634 5089 in
2659 5045 2888 5091 stantem
2907 5043 2959 5086 et
2981 5033 3367 5088 immutabilem
3392 5045 3625 5104 petram,

2046 5149 2104 5186 se
2129 5148 2251 5186 vero
2274 5133 2443 5200 ipsum
2470 5129 2533 5182 al)
2558 5129 2641 5182 illa
2668 5127 2988 5200 segi-egabit,
3006 5133 3059 5177 et
3082 5135 3284 5194 quanto
3313 5125 3482 5196 magis
3509 5141 3629 5180 eam

2047 5223 2322 5292 repulerit,
2355 5231 2502 5274 ta;.to
2539 5219 2709 5287 niagis
2751 5221 2817 5270 ab
2853 5233 2916 5270 ea
2951 5221 3268 5269 revertetur.
3301 5214 3532 5270 Proinde
3575 5224 3633 5270 et

1637 5334 1888 5389 VAllIAE
1927 5334 2324 5402 LECTIONES.

442 5458 460 5488 ¹
491 5457 582 5511 AE
607 5466 654 5510 et
683 5455 1126 5526 superuaturale;
1169 5451 1564 5526 supernaturale
1591 5468 1699 5526 om.
1739 5451 1846 5506 BH.

368 5528 762 5612 pcressentiale
787 5527 916 5580 Iesu
946 5526 1289 5612 deitas,_nou.

373 5597 532 5654 index
563 5597 924 5668 capitulorum
950 5613 1086 5666 quae
1111 5597 1196 5650 sit.

448 5793 470 5821 ³
511 5781 526 5836 l
561 5779 690 5834 Ger.
721 5779 849 5844 Vlll,
882 5781 934 5832 5.

1922 5453 1943 5484 ²
1985 5451 2025 5505 Β
2055 5446 2547 5520 supernaturaliter.

1391 5525 1412 5556 '
1446 5525 1720 5577 essentiam
1745 5535 2027 5591 superem.
2059 5519 2166 5576 BH.

2627 5443 2646 5472 ³
2679 5442 2764 5494 ΛΕ
2801 5457 2896 5510 pro
2929 5441 3274 5494 humanitate.
3326 5439 3372 5510 ᾖ
3411 5439 3500 5494 ΒΗ
3545 5455 3630 5495 su-

2258 5519 2278 5550 ⁶
2313 5517 2403 5571 ΑΕ
2431 5524 2626 5568 autem.
2704 5514 2722 5544 ⁷
2761 5509 2850 5565 ΑΕ
2879 5513 2932 5564 in
2958 5514 3146 5580 ipsum.
3257 5511 3280 5544 ⁸
3317 5509 3408 5566 Sic
3433 5511 3589 5566 codd.
3610 5549 3628 5578 ,

1870 5635 2116 5738 NOTAE.
