4168 6284
569 264 711 328 “27

1913 273 2196 332 JOANNIS
2232 274 2427 334 SCOTI

3698 273 3847 332 1128

569 397 698 448 ante
738 404 899 447 omne
922 396 976 447 et
1003 390 1178 461 magis
1206 403 1270 446 ex
1304 390 1601 460 theologica
1631 390 1881 448 oratione
1909 390 2151 448 inchoari
2180 393 2235 455 Α
2255 398 2531 463 potentem
2575 387 2872 445 bonitatem
2915 384 3132 443 divinae
3163 382 3845 442 infirmitatis—omnium

567 487 805 550 oportet,
831 495 935 535 non
962 488 1022 534 ut
1049 481 1325 537 trahentes
1358 482 1558 551 ubique
1586 491 1926 553 praesentem
1947 490 2003 539 et
2022 499 2150 540 nus-

568 585 731 642 quam
757 569 1030 636 virtutem,
1060 569 1154 626 sed
1200 578 1262 626 ut
1297 571 1493 627 divinis
1524 571 1799 627 memoriis
1835 579 1890 627 et
1928 572 2147 629 invoca-

567 660 805 716 tionibus
846 660 1207 731 nosmetipsos
1255 661 1596 734 injungentes
1642 662 1692 719 ei
1740 671 1797 719 et
1829 665 2147 721 adunautes.

564 751 636 806 Et
672 751 774 807 hoc
816 758 997 806 autem
1042 766 1214 822 aeque
1258 752 1571 813 defensione
1601 753 1847 826 dignum,
1886 771 2010 822 quia
2039 756 2150 829 glo-

568 842 716 897 rioso
742 841 879 898 duce
908 850 1096 898 nostro
1130 841 1378 899 icrolheo
1401 842 1701 913 theologica
1736 843 2148 915 diligentissima

564 931 828 987 elementa
852 930 1307 988 excellentissime
1339 941 1721 1005 congregante,
1753 948 1852 989 nos
1891 942 2149 1007 tanquam

565 1039 673 1080 non
703 1022 1092 1080 sufﬁcientibus
1119 1022 1246 1087 illis,
1274 1022 1516 1093 aliasque
1541 1033 1597 1079 et
1623 1034 1965 1095 praesentem
1991 1028 2144 1084 theo-

562 1113 761 1185 logiam
798 1112 1239 1183 conscripsimus.
1274 1111 1486 1167 Etenim
1533 1113 1577 1169 si
1616 1114 1833 1185 quidem
1864 1115 1953 1172 ille
1997 1118 2152 1174 dein-

562 1220 692 1276 ceps
748 1205 973 1261 actitare
1022 1217 1210 1260 omnes
1262 1203 1589 1273 theologicas
1632 1206 1874 1267 actiones
1927 1209 2148 1280 dignum

563 1295 826 1360 duxisset,
855 1303 910 1349 et
933 1293 1152 1363 partitis
1208 1293 1499 1349 ambitibus
1543 1296 1933 1369 pertransisset
1985 1297 2150 1354 totius

562 1385 871 1458 tbeologiae
903 1385 1218 1457 capitulum,
1262 1401 1370 1442 non
1419 1385 1675 1445 fortassis
1715 1403 1813 1445 nos
1847 1389 1904 1445 in
1943 1397 2147 1447 tantam

563 1486 661 1533 aut
685 1478 971 1545 insaniam,
1024 1486 1117 1533 aut
1164 1477 1448 1535 stultitiam
1472 1483 1490 1514 ⁸
1530 1479 1858 1553 veniremus,
1892 1490 2147 1552 tanquam

562 1565 931 1640 perspicacius
985 1565 1077 1620 illo
1110 1573 1167 1621 et
1218 1566 1453 1622 divinius
1500 1568 1816 1625 arbitrando
1862 1569 2148 1641 theologiis

563 1656 764 1715 addere
792 1656 1191 1715 delectabiliora
1208 1697 1224 1723 ,
1256 1656 1392 1713 haec
1420 1657 1688 1729 superﬂuo
1715 1659 1977 1727 dicentes,
2006 1675 2071 1717 ac
2100 1661 2147 1716 si

2254 480 2632 538 dominabatur
2663 485 2787 550 post
2834 476 3130 548 theologos,
3163 484 3222 530 ut
3269 474 3575 546 cognoscis,
3604 474 3842 530 aliorum

2252 580 2564 629 sanctorum
2610 569 2893 625 doctorum
2938 575 3087 623 totus
3131 581 3199 623 ex
3242 565 3478 636 populis,
3532 573 3680 621 totus
3720 567 3847 621 exi-

2253 672 2403 720 stens
2425 661 2737 732 semetipso,
2761 667 2817 715 et
2833 660 2900 725 ad
2914 658 3238 714 laudandum
3266 657 3580 713 societatem
3596 657 3845 727 patiens,

2251 760 2307 809 et
2357 753 2424 809 ab
2474 750 2747 815 omnibus,
2772 749 2967 819 quibus
3019 746 3233 801 auditus
3276 751 3391 808 est,
3441 753 3499 800 et
3559 744 3732 812 visus,
3786 755 3846 801 et

2252 843 2502 916 cognitus
2526 852 2628 908 est,
2656 830 2711 897 et
2746 856 2851 896 non
2893 838 3144 911 cognitus
3188 844 3309 902 est,‘
3343 834 3455 892 Deo
3488 838 3847 908 acceptabiiis

2251 948 2372 990 esse
2401 941 2454 987 et
2483 931 2696 988 divinus
2736 929 2987 984 laudator
3026 927 3319 1001 judicatus.
3364 924 3433 981 Et
3464 927 3595 997 quid
3625 929 3723 982 tibi
3772 930 3846 985 de

2251 1023 2354 1086 bis,
2385 1036 2526 1095 quae
2560 1020 2633 1076 ibi
2668 1018 2966 1088 tbeologice
2990 1018 3164 1095 posita
3192 1024 3337 1080 sunt,
3369 1015 3583 1071 dicam?
3621 1017 3847 1073 Etenim

2250 1102 2297 1171 si
2319 1129 2424 1168 non
2445 1122 2500 1167 et
2521 1127 2552 1166 a
2574 1111 2777 1181 meipso
2800 1110 3107 1179 eloquerer,
3130 1122 3290 1185 saepe
3310 1106 3426 1163 scio
3450 1122 3482 1161 a
3512 1116 3633 1164 teet
3653 1118 3846 1178 partes

2250 1202 2511 1274 quasdam
2542 1201 2845 1257 divinarum
2886 1200 3096 1255 illarum
3125 1198 3542 1272 hymnodiarum
3583 1202 3840 1256 audiens.

2250 1294 2343 1352 Sic
2382 1293 2477 1350 tibi
2508 1291 2704 1349 festino
2729 1307 2797 1347 ex
2825 1300 3016 1363 parato
3044 1291 3222 1346 divina
3247 1291 3519 1361 persequi.
3552 1291 3621 1346 Et
3650 1302 3712 1346 ut
3754 1293 3835 1348 ibi

2249 1385 2500 1457 mystica,
2527 1391 2582 1438 et
2607 1390 2666 1436 ut
2696 1381 2877 1438 multis
2913 1378 3222 1446 ineﬁ'abilia,
3253 1387 3309 1435 et
3339 1388 3400 1434 ut
3431 1379 3706 1453 incognita
3740 1383 3842 1438 tibi

2248 1474 2643 1544 relinquamus,
2675 1473 2791 1543 ipse
2818 1471 3001 1528 multis
3028 1486 3158 1527 usus
3183 1478 3301 1525 erat
3333 1473 3759 1538 communicare,
3782 1484 3844 1530 et

2248 1574 2479 1637 quantos
2507 1573 2717 1637 poterat
2745 1564 2796 1619 in
2820 1573 2963 1629 eztm,
2984 1578 3124 1634 quae
3152 1563 3446 1620 secundum
3491 1580 3591 1620 nos
3614 1576 3721 1631 est,
3745 1581 3843 1623 sa-

2250 1673 2398 1715 cram
2440 1657 2721 1713 scientiam
2767 1656 3036 1711 addueerc
3057 1648 3372 1725 ,quomodo
3400 1658 3842 1727 supereminebat

560 1746 1002 1829 parvipendendo
1052 1746 1250 1813 adhuc,
1293 1755 1349 1803 et
1390 1747 1641 1818 iniuriam
1693 1749 1960 1817 faciendo,
1990 1760 2046 1807 et
2093 1752 2146 1807 in
2177 1753 2225 1813 B
2250 1748 2449 1806 multos
2491 1756 2801 1804 sanctorum
2833 1746 3215 1818 magistrorum
3249 1755 3304 1802 et
3351 1750 3612 1820 temporis
3656 1765 3835 1816 mora,

559 1839 884 1910 magistrum
910 1846 965 1894 et
992 1839 1228 1895 amicum
1268 1839 1610 1906 existentem,
1643 1848 1697 1896 et
1726 1856 1825 1897 nos
1852 1851 1972 1913 post
2011 1842 2150 1899 Pau-

560 1927 675 1983 lum
706 1928 947 1984 divinum
994 1927 1047 1982 in
1098 1928 1240 1983 illius
1291 1928 1522 2001 eloquiis
1556 1928 1799 1995 formati,
1828 1930 2151 2002 gloriosissi-

562 2033 723 2077 mam.
770 2016 889 2087 ejus
938 2025 994 2073 et
1047 2018 1557 2089 contemplationem
1604 2031 1660 2076 et
1715 2022 2152 2093 explanationem

562 2109 967 2179 nobismetipsis
1016 2109 1402 2180 subripientes.
1444 2109 1549 2167 Sed
1601 2114 1855 2183 quoniam
1901 2117 2151 2183 veritate,

563 2213 706 2270 quae
728 2198 907 2254 divina
953 2206 1099 2265 sunt,
1137 2199 1371 2268 pretiose
1408 2200 1755 2258 introducens
1798 2204 1909 2271 ille,
1938 2208 2155 2279 conspi-

563 2302 697 2343 cuas
734 2286 890 2343 nobis
938 2287 1279 2346 definitiones
1318 2291 1590 2361 exposuit,
1631 2300 1687 2349 et
1726 2292 1781 2348 in
1828 2309 1937 2351 uno
1984 2296 2153 2351 amita

563 2378 830 2442 ambiens,
874 2388 1036 2450 prout
1074 2379 1332 2451 possibile
1379 2381 1559 2446 nobis,
1607 2390 1662 2437 et
1708 2382 1817 2448 bis,
1847 2384 2155 2455 quicunque

562 2479 692 2528 sunt
720 2470 1015 2527 secundum
1037 2486 1136 2526 nos
1159 2470 1423 2542 magistri,
1451 2487 1621 2542 nuper
1648 2473 2012 2545 perfecturum
2036 2475 2154 2529 aui-

562 2577 779 2618 marum
799 2559 997 2628 jubens
1027 2561 1261 2631 aperire,
1283 2569 1339 2617 et
1368 2561 1679 2620 discernere
1704 2564 1859 2621 nobis
1878 2579 2156 2621 commen-

566 2652 793 2709 surabiii
869 2666 1120 2709 sermone
1183 2652 1506 2725 conspicuos
1581 2662 1634 2710 et
1693 2662 1941 2725 potentes
1998 2655 2158 2711 intel-

564 2729 987 2801 lectualissimae
1027 2745 1130 2801 viri
1174 2744 1317 2802 illius
1349 2746 1562 2803 virtutis
1600 2747 1874 2802 ambitus:
1904 2756 1960 2803 et
1998 2763 2159 2817 saepe
2196 2746 2203 2749 ’

563 2853 670 2894 nos
696 2847 749 2894 et
778 2845 832 2892 tu
864 2838 977 2908 ipse
1007 2836 1061 2891 in
1090 2838 1191 2893 hoc
1218 2836 1537 2894 exhortatus
1565 2852 1645 2904 es,
1668 2847 1724 2894 et
1746 2838 1941 2895 librum
1959 2839 2156 2907 ipsum,

567 2940 631 2984 ut
656 2928 1113 3001 superexaitatum
1151 2928 1430 2984 remisisti.
1477 2927 1771 3000 Propterea
1812 2937 1866 2984 et
1909 2943 2007 2984 nos
2034 2944 2159 2984 eum

570 3024 810 3095 quidem,
856 3029 915 3076 ut
961 3021 1322 3092 perfectorum
1366 3031 1421 3078 et
1463 3020 1861 3078 honorabiiium
1903 3037 2159 3078 sensuum

2251 1851 2308 1898 et
2353 1841 2551 1896 mentis
2608 1838 2864 1911 puritate,
2918 1848 2974 1894 et
3023 1840 3395 1894 ostensionum
3444 1842 3738 1915 diligentia,
3779 1853 3843 1899 et

2253 1932 2458 1990 ceteris
2502 1931 2676 1989 sacris
2718 1929 3075 1986 orationibus.
3126 1928 3311 2000 itaque
3358 1946 3691 2003 nequaquam
3742 1934 3842 1988 an-

2253 2023 2471 2096 quando
2498 2024 2565 2078 ad
2610 2022 2690 2078 sic
2729 2037 2984 2093 magnum
3034 2021 3203 2077 solem
3244 2024 3619 2080 contradicere
3650 2027 3842 2081 conati

2253 2129 2517 2172 essemus.
2573 2112 2664 2168 Sic
2718 2113 2863 2167 enim
2917 2113 3273 2182 nosmetipsos
3344 2114 3711 2171 constituimus
3778 2125 3844 2172 et

2253 2207 2631 2279 cognovimus,
2665 2213 2727 2261 ut
2753 2220 2927 2277 neque
2972 2202 3296 2261 suilicienter
3318 2204 3604 2276 intelligere
3635 2206 3837 2261 invisi-

2254 2297 2383 2354 bilia
2430 2296 2610 2351 divina
2641 2296 2943 2365 capiamus,
2984 2309 3160 2365 neque
3205 2302 3266 2348 ut
3309 2293 3587 2350 ineﬂabilia
3613 2293 3844 2350 divinae

2256 2386 2579 2459 cognitionis
2620 2385 2779 2441 liceat
2810 2386 2990 2441 dicere
3018 2392 3073 2441 et
3112 2397 3405 2455 exponere.
3442 2383 3626 2456 Longe
3652 2391 3839 2441 autem

2257 2480 2570 2545 existentes,
2595 2478 2894 2533 deserimur
2920 2476 3225 2532 divinorum
3247 2476 3485 2531 virorum
3507 2476 3560 2530 iu
3578 2476 3837 2549 theologi-

2258 2587 2378 2628 cam
2400 2572 2683 2626 veritatem
2706 2571 2957 2636 scientia,
2978 2569 3102 2642 quia
3117 2569 3338 2626 omnino
3358 2569 3522 2625 etiam
3546 2569 3600 2624 in
3618 2569 3721 2626 hoc
3744 2585 3841 2641 per

2260 2663 2621 2718 abundantem
2650 2661 2895 2716 timorem
2916 2659 3183 2724 venimus,
3214 2673 3389 2730 neque
3410 2656 3634 2715 omnino
3653 2657 3838 2715 audire

2259 2765 2352 2810 aut
2383 2755 2563 2809 dicere
2592 2754 2719 2824 quid
2751 2756 2818 2809 de
2841 2751 3018 2809 divina
3041 2751 3401 2822 philosophia,
3425 2749 3472 2806 si
3497 2765 3605 2808 non
3645 2766 3837 2806 secun-

2260 2848 2387 2902 dum
2438 2845 2769 2902 intellectum
2822 2845 3184 2916 percepimus.
3212 2842 3305 2899 Sic
3331 2859 3438 2900 non
3465 2829 3679 2914 oportet
3720 2858 3839 2899 sus-

2260 2939 2559 3012 ceptionem
2617 2939 2921 2995 divinarum
2991 2936 3359 3009 cognitionum
3429 2935 3723 3008 negligere.
3776 2935 3843 2989 Et

2262 3031 2367 3086 hoc
2392 3044 2491 3085 nos
2517 3030 2819 3086 docuerunt
2844 3044 2951 3085 non
2993 3027 3167 3096 solum
3202 3026 3355 3097 juxta
3389 3037 3639 3082 naturam
3675 3042 3839 3097 appe-

569 3116 911 3185 magistrum,
944 3113 1050 3179 his,
1083 3115 1175 3184 qui
1207 3129 1368 3185 super
1397 3115 1596 3170 multos
1625 3122 2154 3185 sunt,segregaBUS,
2183 3112 2231 3179 C
2260 3123 2391 3178 titus
2430 3121 2733 3176 animorum
2779 3120 3086 3177 amabiliter
3111 3134 3327 3191 semper
3360 3118 3563 3186 dulces,
3591 3118 3845 3189 adjuncta

566 3206 734 3263 veluti
765 3205 1027 3277 quaedam
1052 3205 1287 3263 secunda
1312 3205 1545 3276 eloquia,
1577 3215 1631 3260 et
1660 3204 1770 3260 Deo
1796 3214 1987 3261 unctos
2026 3220 2157 3260 con-

567 3305 905 3369 sequentem.
938 3296 1031 3352 [iis
1071 3306 1249 3353 autem
1268 3337 1283 3364 ,
1311 3297 1402 3368 qui
1432 3296 1722 3353 secundum
1745 3310 1845 3351 nos
1868 3304 2007 3360 sunt,
2033 3310 2159 3365 pro-

567 3391 950 3466 portionaliter
992 3390 1149 3446 nobis
1193 3405 1292 3446 nos
1344 3389 1522 3444 divina
1569 3387 1862 3443 trademus.
1909 3386 1968 3442 Si
2010 3389 2156 3443 enim

566 3482 937 3554 perfectorum
963 3488 1050 3536 est
1074 3480 1243 3537 solida
1270 3494 1393 3536 esca
1422 3491 1470 3547 ι,
1496 3479 1587 3534 tali
1620 3494 1714 3535 esu
1742 3478 1880 3533 alius
1917 3488 2156 3549 quantae

569 3572 735 3633 fuerit
760 3571 1145 3642 perfectionis?
1193 3571 1359 3628 Recte
1405 3572 1569 3640 igitur
1595 3588 1625 3626 a
1662 3572 1816 3627 nobis
1857 3581 1914 3627 et
1958 3586 2157 3637 conve-

569 3661 913 3717 nientissime
967 3659 1069 3715 hoc
1113 3660 1314 3715 dictum
1364 3669 1467 3722 est,
1516 3675 1611 3730 per
1664 3660 1895 3731 seipsam
1942 3660 2158 3731 quidem

568 3750 1048 3820 contemplativam
1095 3750 1445 3806 invisibilium
1493 3750 1829 3822 eloquiorum
1871 3740 2156 3819 visionem,

572 3851 629 3898 et
657 3836 1062 3913 conspectivam
1092 3858 1277 3900 eorum
1301 3843 1620 3912 doctrinam,
1650 3844 1982 3917 honorabilis
2014 3845 2158 3901 indi-

571 3946 704 4006 gere
736 3935 989 4001 virtutis;
1037 3934 1092 3991 in
1156 3935 1260 3991 hoc
1308 3943 1488 3991 autem
1535 3934 1820 3992 ferentium
1872 3938 2159 3992 verborum

574 4027 857 4081 scientiam
889 4034 945 4082 et
979 4026 1318 4097 disciplinam
1350 4027 1649 4084 minoribus
1674 4028 1881 4083 devotis
1901 4037 1957 4083 et
1979 4044 2163 4083 sacra-

579 4117 651 4173 tis
693 4117 1004 4175 convenire.
1046 4117 1212 4189 Atqui
1259 4126 1314 4173 et
1348 4118 1451 4174 hoc
1502 4120 1658 4174 nobis
1688 4120 2028 4174 observatum
2081 4126 2164 4174 est

576 4211 735 4268 valde
762 4211 1056 4269 modulose.
1105 4211 1291 4284 itaque
1340 4211 1458 4281 ipso
1510 4212 1692 4266 divino
1727 4211 1861 4266 duce
1890 4210 2041 4279 juxta
2072 4225 2168 4265 ex-

573 4305 910 4376 pressionem
970 4294 1211 4363 lucidam
1260 4303 1397 4358 bene
1453 4301 1722 4368 discretis,
1773 4300 1902 4355 nihil
1944 4300 2164 4354 omnino

577 4393 966 4465 injungendum
1002 4408 1236 4464 unquam
1268 4393 1334 4448 ad
1359 4392 1703 4462 tautologiam
1731 4392 1783 4445 in
1819 4391 2075 4462 propositi
2099 4392 2166 4444 ab

578 4500 644 4539 eo
671 4484 868 4552 eloquii
896 4483 1347 4552 explanationem.
1383 4483 1645 4551 Quoniam
1673 4490 1869 4537 etcum
1896 4483 2025 4553 ipsis
2053 4483 2163 4537 Deo
2196 4479 2244 4540 D

581 4573 1003 4643 acceptabilibus
1025 4574 1225 4629 nostris
1244 4574 1469 4628 summis
1481 4573 1853 4630 sacerdotibus
1865 4604 1933 4614 —
1948 4574 2163 4644 quando

2260 3212 2748 3283 supernaturalium
2777 3212 3250 3284 contemplatione,
3273 3212 3368 3267 sed
3395 3220 3451 3268 et
3487 3212 3601 3283 ipsa
3632 3209 3843 3265 divina-

2258 3320 2380 3360 rum
2426 3302 2604 3376 legum
2652 3302 2865 3376 egregia
2921 3303 3197 3377 dispositio
3239 3321 3251 3357 :
3297 3317 3361 3358 ea
3414 3302 3647 3372 quidem,
3703 3316 3841 3373 quae

2259 3409 2422 3467 super
2455 3410 2554 3449 nos
2582 3402 2728 3460 sunt,
2760 3392 3033 3463 depellens
3056 3391 3283 3448 multum
3308 3391 3557 3455 actitare,
3586 3399 3643 3447 et
3670 3401 3728 3445 ut
3748 3407 3842 3446 su-

2259 3500 2359 3556 per
2402 3485 2741 3554 diguitatem,
2783 3491 2835 3538 et
2871 3491 2930 3537 ut
2977 3482 3327 3554 impossibilia
3367 3481 3593 3537 :omnia
3639 3488 3841 3548 autem,

2260 3588 2613 3644 quaecunque
2637 3589 2668 3627 a
2696 3572 2854 3629 nobis
2874 3582 3202 3643 appetuntur
3233 3582 3288 3628 et
3315 3574 3604 3636 donantur,
3631 3572 3844 3627 discere

2262 3674 2468 3720 attente
2500 3665 2792 3735 imperans,
2825 3670 2889 3721 et
2908 3664 3028 3719 aliis
3056 3664 3314 3721 divinitus
3346 3664 3573 3720 tradere.
3617 3661 3710 3716 His
3733 3662 3842 3732 igi-

2262 3766 2353 3814 tur
2378 3766 2433 3812 et
2460 3771 2556 3811 nos
2579 3756 2750 3822 suasi,
2778 3763 2832 3810 et
2860 3753 2927 3809 ad
2962 3754 3271 3824 possibiiem
3312 3755 3608 3809 divinorum
3646 3751 3844 3807 inven-

2264 3846 2465 3901 tionem
2496 3846 2801 3901 laborantes
2821 3856 2915 3899 aut
2936 3844 3306 3907 formidantes,
3339 3844 3433 3899 sed
3455 3852 3510 3898 et
3530 3858 3637 3897 non
3658 3842 3843 3897 valen-

2265 3946 2346 3994 tes
2399 3937 2452 3991 in
2506 3947 2749 3992 nostrum
2794 3936 3016 3991 meliora
3048 3936 3311 4005 aspicere,
3362 3934 3636 4005 iuadjutos
3682 3934 3848 3989 relin-

2265 4044 2432 4099 quere
2470 4043 2575 4083 non
2605 4028 2955 4094 sustinentes,
3005 4028 3059 4082 in
3113 4026 3563 4083 ronscribendum
3614 4037 3845 4082 nosmet-

2266 4124 2411 4195 ipsos
2450 4123 2817 4195 perduximus,
2849 4136 3046 4177 novum
3091 4122 3307 4192 quidem
3341 4122 3474 4176 nihil
3505 4123 3848 4179 introducere

2265 4216 2547 4283 audentes,
2591 4214 2961 4270 subtilioribus
3009 4222 3191 4270 autem
3231 4222 3287 4271 et
3328 4216 3622 4270 Secundum
3666 4225 3849 4286 partes

2267 4306 2505 4378 singulas
2572 4306 3122 4377 interrogationibus,
3176 4322 3317 4378 quae
3371 4307 3651 4378 praeclare
3701 4309 3846 4364 dicta

2267 4410 2395 4456 sunt
2425 4415 2549 4454 vere
2577 4401 2645 4455 ab
2678 4398 2945 4469 ierotheo,
2979 4400 3346 4456 discernentes
3370 4409 3424 4455 et
3459 4401 3846 4472 exprimentes.

2796 4530 3192 4591 CAPITULUM
3231 4532 3316 4587 iV.

582 4671 638 4716 ct
667 4678 786 4726 nos,
818 4671 876 4716 ut
905 4662 1243 4727 aestimatur,
1275 4671 1330 4717 et
1359 4672 1434 4728 tu,
1468 4675 1524 4719 et
1547 4666 1698 4719 multi
1734 4676 2042 4722 sanctorum
2068 4683 2165 4721 no-
2270 4663 2344 4717 De
2366 4680 2409 4718 οΔ
2432 4664 2580 4727 timo,
2604 4662 2821 4728 lumine,
2853 4664 3005 4728 bona,
3033 4681 3231 4730 amore,
3256 4645 3622 4727 επείαεὶξιεὶο,
3649 4669 3698 4714 et
3714 4660 3849 4730 quia

583 4760 822 4806 strorum
878 4748 1106 4804 fratrum
1155 4752 1209 4805 in
1256 4753 1519 4808 visionem
1559 4755 1722 4808 vitam
1768 4756 2072 4812 incltoantis
2111 4766 2166 4812 et

586 4849 757 4903 Deum
799 4845 1108 4915 recipientis
1146 4847 1391 4916 corporis
1433 4848 1820 4915 convenimus;
1853 4853 2038 4906 aderat
2073 4866 2168 4905 au-

588 4946 697 4992 tem
727 4945 783 4991 ct
826 4936 920 4990 Dei
966 4935 1132 4993 frater
1159 4937 1411 5004 Jacobus,
1447 4949 1500 4995 et
1529 4937 1719 4996 Petrus
1744 4952 1928 4998 vertex
1971 4951 2024 4997 ct
2067 4943 2164 4996 ho-

589 5029 984 5085 norabilissima
1016 5031 1381 5105 theologorum
1413 5033 1728 5088 summitas:
1757 5034 1947 5089 deinde
1969 5032 2165 5103 placuit

2340 4734 2537 4807 malum
2569 4749 2731 4807 neque
2760 4731 2832 4796 ὅν,
2875 4749 3038 4805 neque
3064 4750 3129 4789 ea:
3156 4752 3248 4802 eo,
3293 4735 3430 4807 quod
3463 4742 3559 4798 est,
3599 4745 3763 4799 neque
3783 4731 3846 4784 in

2336 4804 2702 4859 existentibus.

2344 4931 2402 4986 Si
2431 4934 2769 4989 commodum
2793 4949 2941 5006 ergo,
2968 4935 3021 4990 in
3049 4949 3168 4989 eam
3192 4934 3304 5006 jam
3331 4944 3574 4989 sermone
3606 4929 3846 4987 divinam

2274 5026 2700 5085 nominationem
2733 5028 3045 5092 redeamus,
3076 5042 3237 5096 quam
3268 5033 3473 5081 remote
3500 5021 3732 5091 theologi
3759 5036 3852 5076 su-

589 5130 712 5195 post
758 5120 1022 5176 visionem
1084 5121 1305 5177 laudare
1351 5136 1592 5176 summos
1641 5122 1948 5176 sacerdotes
2010 5119 2171 5174 simul
2274 5117 2587 5190 perdivinae
2611 5116 2803 5173 deitati
2846 5117 2914 5173 ab
2939 5117 3191 5172 omnibus
3225 5122 3532 5187 segregant,
3564 5113 3758 5184 ipsam,
3791 5118 3855 5165 ut

589 5229 798 5281 omnes,
824 5213 1092 5285 quomodo
1123 5213 1490 5284 unusquisque
1520 5223 1640 5270 erat
1668 5213 1910 5276 idoneus,
1938 5210 2167 5266 multum

2278 5210 2532 5276 arbitror,
2565 5209 2803 5265 divinam
2842 5210 3249 5266 subsistentiam
3275 5209 3297 5241 ⁸
3327 5209 3627 5265 bonitatem
3665 5204 3823 5259 dicen

1871 5346 2127 5404 VARIAE
2162 5343 2560 5403 LECTIONES.

560 5492 569 5503 -
671 5468 688 5499 ⁸
724 5466 817 5521 ΑΕ
848 5467 903 5520 in
937 5477 1144 5524 tantum
1172 5436 1501 5525 autimania
1531 5474 1625 5522 aut
1655 5465 1898 5521 stultitia.
1975 5466 1998 5499 ³
2034 5462 2141 5519 ΒΗι
2162 5461 2538 5531 ¹εειιυεὲαηιὶιιιιι.

2109 5570 2354 5635 NOTAE.

518 5691 569 5813 ἕ
673 5682 700 5714 ⁸
738 5668 901 5726 Hebr.
942 5673 1009 5727 γ.

2140 5792 2242 5807 ‹,ν,-
