4168 6284
363 288 505 350 1199

360 413 468 472 tes,
492 413 551 462 et
573 409 702 480 quia
736 414 1018 506 existendo
1042 426 1311 495 Optimum
1334 472 1349 499 ,
1398 444 1461 491 ut
1483 442 1773 500 essentiale
1807 449 1951 519 opti-

357 518 544 568 mum,
600 506 654 562 in
697 503 905 581 omnia,
936 526 1081 586 quae
1122 532 1279 592 sunt,
1330 532 1574 589 extendit
1623 503 1940 599 bonitatem.

358 591 573 652 Etenim
597 601 739 657 sicut
758 607 974 674 quidem
1005 612 1098 682 qui
1129 591 1426 677 secundum
1453 640 1554 683 nos
1582 638 1671 685 est
1704 633 1809 699 sol,
1836 651 1945 693 non

353 685 603 754 cogitans
650 699 745 746 aut
800 698 1169 770 praeeligens,
1224 706 1323 763 sed
1378 724 1446 767 eo
1497 728 1618 771 esse
1674 685 1944 779 illuminat

353 779 554 842 omnia,
598 797 736 850 quae
761 790 1088 861 participare
1116 796 1305 855 iumen
1336 800 1455 872 ejus
1485 810 1782 866 secundum
1812 829 1941 885 pro-

352 866 530 935 priam
558 876 799 941 potentia
826 890 952 936 sunt
986 885 1277 957 rationem,
1297 866 1379 948 sic
1405 902 1460 950 et
1488 898 1753 968 optimum
1779 866 1945 976 super

351 956 521 1014 solem
546 1000 563 1026 ,
614 972 674 1019 ut
702 980 866 1038 super
916 972 1209 1035 obscuram
1256 981 1549 1057 imaginem
1614 994 1946 1055 excellenter

351 1047 651 1121 principale
701 1063 1053 1133 exemplum,
1109 1068 1211 1140 ipsi
1255 1047 1641 1137 subsistentiae
1691 1086 1944 1144 omnibus

351 1147 715 1211 existentibus
736 1162 1216 1230 proportionaliter
1234 1173 1568 1241 supermittit
1599 1180 1763 1237 totius
1789 1183 1945 1239 boni-

350 1237 491 1293 tatis
514 1241 715 1300 radios.
755 1246 862 1303 Per
874 1262 1014 1321 quos
1029 1237 1326 1316 subsistere
1338 1263 1641 1324 invisibiles
1664 1271 1946 1330 etintelle-

353 1329 563 1387 ctuales
583 1349 798 1405 omnes,
813 1349 870 1396 et
881 1346 1170 1415 essentiae,
1194 1361 1249 1407 et
1262 1352 1512 1423 virtutes,
1527 1368 1583 1414 et
1602 1364 1946 1431 operationes

350 1432 452 1491 per
477 1437 574 1480 eos
619 1438 768 1496 sunt,
814 1438 868 1486 et
910 1435 1077 1492 vitam
1120 1438 1321 1499 habent
1365 1461 1472 1502 non
1521 1448 1859 1510 deficientem
1888 1466 1946 1514 et

349 1525 458 1567 non
508 1516 866 1588 minoratam,
918 1529 1066 1583 omni
1122 1537 1476 1605 corruptione
1547 1550 1604 1598 et
1651 1557 1827 1603 morte
1889 1559 1945 1605 et

350 1604 577 1661 mawria
609 1617 666 1663 et
717 1617 1063 1681 generatione
1122 1604 1416 1694 purgatae,
1482 1638 1538 1685 et
1597 1633 1851 1692 instantia
1888 1647 1945 1694 et

347 1688 494 1748 ﬂuxu
559 1704 615 1753 et
657 1700 802 1758 aliud
858 1705 1021 1762 aliter
1064 1688 1274 1770 ferente
1322 1688 1684 1779 mutabilitate
1726 1741 1940 1784 sursum

345 1785 578 1855 positae,
631 1799 688 1847 et
740 1794 1145 1870 incorporales,
1198 1813 1254 1860 et
1303 1807 1690 1869 immateriales
1745 1817 1942 1875 intelli-

354 1882 580 1945 guntur,
610 1891 666 1936 et
708 1893 769 1938 ut
800 1886 1107 1949 intellectus
1136 1904 1576 1966 supermundane
1605 1905 1942 1994 intelligunt,

345 1978 402 2022 et
445 1970 796 2031 existentium
862 1984 1078 2053 proprie
1145 1986 1522 2050 illuminantur
1574 1970 1846 2070 rationes,

1009 304 1261 374 VERSIO
1299 318 1587 383 OPERUM
1624 327 1684 385 Β.
1722 326 2156 414 DlONYSll.’_‘-—
2191 341 2280 404 DE
2318 347 2566 412 DIVI.le
2600 350 2992 422 NOMlNlBUS.

3498 371 3637 435 4130

1979 455 2032 515 Α
2057 468 2312 528 cooperta
2335 463 2525 520 vivunt
2543 475 2600 523 et
2625 469 2841 543 obruta,
2863 486 2918 531 et
2947 478 3263 564 simpliciter
3280 500 3638 564 quaecunque

2048 549 2363 607 sensibilem
2393 555 2594 614 habent
2620 563 2856 620 animam
2882 579 2977 625 aut
3002 549 3188 640 vitam,
3218 586 3273 633 et
3292 578 3427 636 haec
3446 549 3635 642 omnia

2047 655 2147 712 per
2173 644 2441 714 optimum
2471 652 2784 711 animantur
2813 667 2868 714 et
2901 662 3265 724 viviﬁcantur.
3294 670 3362 726 Et
3390 676 3635 744 germina

2046 732 2229 787 omnia
2287 739 2605 796 nutritivam
2655 753 2711 800 et
2761 749 3021 807 motivam
3078 754 3276 814 habent
3336 761 3504 818 vitam
3563 780 3635 822 ex

2046 822 2272 893 optimo,
2312 836 2368 883 et
2395 844 2752 906 quaecunque
2793 838 2863 894 sit
2890 840 3203 902 inanimalis
3228 856 3282 904 et
3317 866 3425 907 non
3452 853 3636 913 vitalis

2045 915 2305 983 essentia,
2334 933 2431 989 per
2459 924 2722 992 optimum
2740 937 2842 995 est,
2869 940 2923 987 et
2964 949 3062 1015 per
3088 937 3263 1015 ipsum
3288 944 3635 1005 essentialem

2045 1003 2288 1064 habitum
2315 1013 2525 1070 sortita.
2555 1016 2611 1074 Si
2638 1029 2818 1077 autem
2848 1034 2903 1080 et
2930 1003 3319 1097 super-omnia
3345 1038 3635 1099 existentia

2045 1105 2152 1162 est,
2181 1104 2450 1170 quomodo
2473 1106 2636 1177 igitur
2656 1119 2737 1165 est
2758 1114 3056 1182 optimum?
3085 1119 3151 1174 Et
3179 1121 3409 1183 informe
3434 1127 3629 1186 formi-

2046 1184 2214 1254 llcat,
2280 1199 2335 1245 et
2394 1193 2449 1248 in
2519 1211 2579 1252 se
2641 1200 2755 1257 solo
2830 1219 2936 1259 non
2998 1211 3286 1268 essentiale
3360 1219 3634 1278 essentiae

2046 1279 2400 1349 excellentia,
2450 1296 2641 1344 etnon
2689 1293 2879 1351 vivens
2930 1311 3196 1368 superans
3248 1305 3377 1373 vita,
3426 1317 3483 1364 et
3524 1326 3636 1368 non

2045 1365 2354 1442 intelligens
2407 1390 2674 1446 superans
2731 1365 3034 1454 sapientia,
3071 1398 3126 1444 et
3176 1365 3532 1466 quaecunque
3578 1398 3636 1455 in

2044 1461 2250 1528 optimo
2297 1464 2610 1524 informium
2666 1482 2793 1528 sunt
2846 1461 3298 1548 supereminentis
3355 1461 3636 1555 speeiﬂca-

2046 1550 2228 1608 tionis.
2264 1555 2331 1610 Et
2350 1558 2394 1611 si
2412 1555 2617 1627 justum
2645 1563 2846 1633 dicere,
2876 1568 3139 1640 Optimum
3168 1572 3311 1642 quod
3336 1550 3439 1641 est,
3464 1590 3632 1647 super

2044 1645 2228 1699 Omnia
2261 1647 2607 1707 existentiaet
2631 1654 2704 1720 id,
2740 1659 2882 1726 quod
2911 1676 3019 1716 non
3056 1660 3135 1728 ὅν,
3165 1665 3391 1735 appetit,
3419 1675 3473 1721 et
3493 1682 3629 1724 con-

2046 1734 2215 1789 tendit
2270 1741 2540 1807 quomodo
2590 1744 2643 1798 in
2703 1749 2908 1817 optimo
2939 1761 2995 1807 et
3045 1753 3146 1809 hoc
3200 1734 3320 1812 esse
3375 1766 3500 1814 ente
3536 1774 3632 1815 su-

1970 1819 2018 1881 B
2046 1828 2416 1894 peressenliali
2447 1831 2604 1902 juxta
2643 1838 2887 1894 omnium
2934 1842 3285 1901 ablationem.
3330 1845 3436 1904 Sed
3484 1848 3630 1920 quod

2047 1914 2264 1983 quidem
2297 1918 2395 1973 nos
2423 1920 2474 1973 in
2511 1923 2688 1994 medio
2716 1933 3158 1996 praetermissum
3183 1934 3388 2008 effugit,
3419 1948 3474 1993 et
3500 1914 3632 1995 cae-

1796 2056 1809 2059 -
1830 2056 1846 2070 ,
1896 2056 1945 2061 _-
2075 2056 2264 2061 ---η-.-
2294 2056 2600 2083 funal”...
2639 2056 2695 2070 ν.
2740 2056 3131 2078 ουυιιιιιιιιιιιιιιι
3153 2056 3315 2081 ιαυθει
3341 2056 3626 2098 υμιιιιιυιυ.

343 2056 624 2119 ίιθτυωίη
653 2081 901 2140 οοεηειτι,
931 2088 1072 2144 quae
1104 2082 1321 2150 propria
1369 2094 1515 2152 sunt,
1569 2089 1841 2152 deferunt.
1877 2096 1945 2154 Et
2044 2111 2153 2153 non
2209 2112 2372 2157 aucta
2420 2112 2477 2158 et
2505 2122 2611 2163 non
2644 2109 2873 2177 minuta,
2923 2123 2980 2168 et
3030 2117 3252 2172 omnino
3305 2117 3626 2177 immutabili

343 2150 723 2177 LnL2-_-!_¥k,,
874 2164 890 2177 ι
989 2167 1000 2177 ι
1148 2171 1162 2177 -
1220 2173 1233 2177 -

342 2150 733 2214 habitationem
761 2177 828 2217 ex
873 2164 1118 2227 bonitate
1148 2171 1387 2242 habent,
1437 2150 1938 2246 etyfundamentun'.

339 2243 422 2301 eis
448 2246 577 2304 inde
618 2262 723 2318 est,
751 2264 806 2310 et
833 2260 1190 2332 continentia,
1223 2275 1280 2323 et
1317 2273 1559 2329 custodia
1579 2316 1595 2343 ,
1625 2287 1679 2334 et
1708 2280 1936 2340 refectio

340 2331 631 2405 bonorum,
672 2352 727 2396 et
747 2346 864 2415 ejus
890 2331 1242 2422 appetentes,
1274 2366 1505 2429 etesse,
1548 2375 1605 2421 et
1631 2367 1770 2425 bene
1814 2387 1940 2431 esse

342 2425 568 2496 habent,
595 2441 650 2486 et
671 2435 737 2488 ad
763 2451 881 2491 eam
899 2480 913 2504 ,
940 2452 1000 2496 nt
1025 2444 1308 2517 possibile,
1342 2452 1695 2527 reformatae,
1721 2471 1777 2517 et
1800 2464 1939 2522 bene

340 2520 687 2589 specilicatae
716 2539 873 2594 sunt,
912 2539 966 2585 et
995 2533 1112 2601 his,
1144 2552 1283 2607 quae
1312 2550 1436 2611 post
1471 2561 1531 2601 se
1581 2558 1746 2619 sunt,
1789 2569 1939 2609 com-

342 2613 656 2682 municant,
712 2630 771 2675 ut
801 2621 982 2680 divina
1022 2625 1109 2684 lex
1148 2635 1427 2704 suggerit,
1460 2638 1514 2693 in
1546 2655 1639 2696 eas
1684 2658 1752 2700 ex
1790 2646 1934 2706 bono

336 2705 732 2774 prodeuntibus
768 2714 943 2771 donis.
980 2710 1126 2777 inde
1166 2724 1247 2780 eis
1296 2734 1642 2797 superornati
1671 2739 1889 2798 ordines
1915 2783 1931 2809 ,

338 2796 406 2852 ad
431 2812 491 2855 se
524 2800 671 2871 ipsas
694 2805 950 2876 unitates,
977 2804 1207 2872 interse
1237 2817 1467 2877 invicem
1497 2823 1820 2898 locationes,
1848 2833 1932 2889 in-

338 2889 596 2950 confusae
645 2897 1021 2970 discretiones,
1078 2907 1147 2963 ad
1191 2908 1449 2969 meliores
1489 2917 1798 2979 reductivae
1828 2925 1930 2981 mi-

337 2993 531 3036 norum
550 2984 800 3055 virtutes,
820 2992 966 3049 circa
988 2999 1221 3053 secunda
1241 3004 1614 3070 providentiae
1637 3010 1924 3081 majorum,

334 3074 682 3143 propriarum
731 3082 1155 3159 uniuscujusque
1205 3092 1486 3150 virtutnm‘
1519 3074 1824 3165 custodiae.
1868 3116 1924 3162 et

335 3163 481 3220 circa
532 3181 623 3225 eas
669 3186 775 3227 non
826 3173 1068 3235 labentes
1123 3184 1390 3249 ambitus,
1427 3187 1572 3244 circa
1619 3188 1919 3264 appetitum
1950 3173 1996 3235 ί)

333 3254 525 3322 optimi
556 3258 1024 3323 immutabilitates
1058 3277 1115 3325 et
1144 3272 1528 3344 sublimitates,
1569 3286 1624 3335 et
1651 3254 1923 3352 quaecun-

331 3358 438 3415 que
476 3347 583 3405 alia
624 3352 769 3410 dicta
801 3367 923 3413 sunt
956 3375 986 3413 a
1016 3362 1173 3419 nobis
1206 3365 1259 3420 in
1306 3382 1372 3423 eo
1410 3370 1481 3425 de
1513 3347 1770 3442 angelicis
1797 3391 1923 3447 pro-

330 3437 659 3510 prietatibus
705 3454 761 3501 et
810 3451 1270 3513 ordinationibus.
1299 3457 1403 3514 Sed
1436 3472 1491 3518 et
1520 3464 1535 3494 ¹
1562 3437 1920 3540 quaecunque

330 3527 499 3599 ipsius
510 3535 761 3593 caelestis
774 3540 1073 3599 ierarchiae
1086 3555 1214 3603 sunt
1228 3552 1502 3621 angelicae
1518 3559 1915 3631 mundatioues,

316 3627 388 3674 et
433 3629 856 3694 supermundani
900 3632 1275 3706 lueiducatus,
1330 3649 1384 3697 et
1423 3627 1917 3710 consummationes

333 3713 500 3769 totius
529 3718 808 3790 angelicae
834 3725 1209 3797 perfectionis,
1232 3746 1298 3786 ex
1320 3734 1693 3793 causalissima
1720 3750 1775 3795 et
1800 3740 1918 3797 fon-

332 3803 429 3861 tali
455 3816 580 3862 sunt
607 3809 872 3882 bonitate,
901 3832 967 3872 ex
1013 3833 1120 3889 qua
1166 3830 1222 3876 et
1267 3823 1527 3882 deiforme
1549 3828 1630 3884 eis
1655 3829 1916 3890 donatum

329 3903 439 3963 est,
483 3908 542 3954 et
583 3901 797 3961 elucere
843 3907 900 3963 in
949 3911 1027 3966 eis
1050 3915 1319 3971 occultam
1350 3919 1682 3989 bonitatem,
1713 3932 1769 3979 et
1795 3940 1917 3983 esse

329 3990 553 4061 angelos
584 4002 837 4067 tanquam
888 4005 1259 4063 enuntiatores
1292 4007 1459 4066 divini
1508 4013 1746 4081 silentii,
1779 4025 1917 4071 etut

330 4078 622 4139 luminaria
665 4086 814 4146 clara
852 4091 903 4147 in
948 4097 1121 4166 adytis
1166 4100 1453 4159 existentis
1501 4103 1914 4175 interpretativa

324 4175 676 4241 praemissos.
711 4178 818 4238 Sed
852 4193 909 4240 et
937 4195 1059 4257 post
1096 4188 1219 4246 illos
1264 4207 1450 4249 sacros
1478 4204 1534 4251 et
1572 4207 1790 4255 sanctos
1830 4200 1914 4255 in-

325 4260 604 4333 tellectus,
652 4270 868 4330 animae
918 4285 975 4331 et
1025 4293 1384 4353 quaecunque
1429 4295 1556 4341 sunt
1604 4287 1909 4347 animarum

321 4349 496 4420 bona,
545 4372 645 4427 per
672 4375 882 4421 summe
938 4370 1199 4440 optimam
1239 4349 1364 4431 sunt
1406 4377 1727 4448 bonitatem,
1760 4399 1912 4439 ama-

323 4445 488 4502 trices
516 4460 610 4506 eas
635 4466 757 4510 esse
782 4457 1013 4517 habendi
1041 4466 1385 4523 essentialem
1413 4471 1601 4538 vitam,
1626 4472 1908 4533 insolubile

322 4536 499 4606 ipsum
531 4557 671 4612 esse,
702 4556 758 4603 et
787 4565 950 4620 posse
976 4557 1044 4611 ad
1068 4559 1343 4631 angelicas
1375 4536 1607 4621 intentas
1634 4567 1774 4625 vitas
1807 4585 1904 4639 per

321 4640 417 4685 eas
450 4638 511 4686 ut
547 4637 781 4705 optimas
821 4643 1113 4715 dnctrices,
1173 4651 1227 4705 in
1279 4656 1519 4710 omnium
1572 4660 1899 4728 optimorum

319 4717 619 4781 bonitatem
645 4731 1000 4803 principalem
1020 4741 1217 4796 reduci
1243 4784 1258 4808 ,
1297 4754 1351 4800 et
1380 4745 1504 4801 inde
1527 4717 1901 4807 etn'anantium

319 4809 778 4878 illuminationum
833 4826 888 4880 in
933 4830 1351 4903 participatione
1398 4839 1549 4905 fieri,
1603 4836 1901 4898 secundum

321 4916 474 4961 suam
506 4912 810 4984 analogiam
838 4927 895 4973 et
921 4922 1306 4982 deiformitalis
1331 4928 1673 4987 donationem
1693 4976 1706 5000 ,
1738 4952 1904 5006 quae-

322 5010 428 5064 que
454 4999 627 5057 virtus
656 5009 1020 5082 participare,
1068 5026 1123 5071 et
1151 5034 1508 5091 quaecunque
1533 5023 1637 5078 alia
1670 5042 1698 5080 a
1749 5031 1905 5085 nobis

319 5087 373 5142 in
392 5089 497 5155 his,
522 5108 658 5162 quae
678 5112 803 5157 sunt
825 5105 891 5160 de
905 5087 1209 5178 animabus,
1236 5122 1546 5169 enumerata
1561 5126 1704 5171 sunt.
1721 5118 1825 5174 Sed
1847 5132 1903 5175 et

319 5181 386 5236 de
418 5183 567 5251 ipsis,
590 5189 633 5242 si
659 5204 871 5261 oportet
897 5198 1103 5268 dicere,
1130 5203 1590 5262 irrationabilibus
1620 5209 1905 5267 animabus

319 5281 413 5327 aut
442 5276 790 5347 animalibus,
818 5303 1173 5362 quaecunque
1213 5295 1337 5350 aéra
1382 5307 1600 5360 secant,
1639 5309 1694 5353 et
1732 5316 1901 5370 quae-

318 5380 534 5435 cunque
587 5370 641 5425 in
706 5382 849 5431 terra
901 5383 1262 5451 gradiuntur,
1319 5393 1373 5440 et
1429 5402 1783 5458 quaecunque
1847 5392 1900 5446 in

317 5464 521 5516 terram
560 5468 955 5537 extenduntur,
990 5483 1049 5528 et
1083 5475 1135 5530 in
1167 5477 1321 5547 aquis
1350 5478 1516 5535 vitam
1559 5489 1652 5536 aut
1682 5481 1737 5535 in
1766 5483 1902 5538 mari

317 5558 372 5603 et
422 5551 477 5607 in
539 5562 687 5612 terra
743 5561 1067 5634 sordentia,
1123 5576 1177 5623 et
1216 5581 1569 5639 quaecunque
1611 5572 1711 5625 sub
1758 5582 1902 5629 terra

2041 2188 2230 2243 eadem
2276 2189 2597 2261 latitudine,
2632 2208 2688 2252 et
2720 2204 3163 2273 consonantium,
3194 2208 3240 2263 si
3289 2208 3370 2265 sic
3414 2218 3626 2281 oportet

2041 2278 2245 2350 dicere,
2286 2284 2520 2342 maxima
2545 2289 2763 2347 caelesti
2802 2294 2885 2349 via
2917 2306 3182 2366 motuum,
3227 2309 3283 2355 et
3311 2300 3623 2357 sideralium

2038 2370 2293 2427 ordinum
2321 2414 2335 2439 ,
2378 2383 2433 2431 et
2460 2376 2877 2439 decorositatum
2896 2426 2912 2452 ,
2939 2396 2995 2443 et
3028 2388 3289 2445 luminum
3309 2431 3323 2456 ,
3350 2402 3406 2447 et
3451 2392 3624 2449 collo-

2038 2464 2334 2528 cationum,
2358 2478 2411 2522 ct
2433 2470 2764 2544 singularum
2782 2477 3057 2536 Stellarum
3082 2483 3429 2552 permeabilis
3451 2485 3606 2542 tntilli

2037 2556 2228 2612 modae
2241 2560 2512 2625 motionis,
2530 2570 2582 2616 et
2603 2562 2735 2632 ejus,
2753 2580 2892 2637 quae
2906 2579 2991 2623 est
3007 2570 3234 2628 duorum
3250 2573 3592 2630 luminarium
3605 2616 3623 2643 ,

2033 2642 2172 2719 quae
2215 2649 2423 2722 eloquia
2471 2666 2668 2711 vocant
2713 2675 2903 2730 magna
2928 2702 2943 2728 ,
2977 2662 3047 2717 ab
3087 2665 3289 2722 eisdem
3319 2668 3373 2723 in
3428 2668 3621 2725 eadem

2031 2739 2486 2800 circummeabilis
2526 2748 2956 2818 revolubilitatis,
2984 2755 3276 2811 secundum
3304 2774 3443 2830 quae
3478 2760 3620 2832 apud

2030 2845 2132 2885 nos
2160 2830 2279 2888 dies
2321 2842 2377 2889 et
2421 2845 2611 2893 noctes
2654 2843 3009 2912 ternzinatae,
3058 2855 3113 2903 et
3142 2863 3355 2906 menses
3383 2859 3440 2906 et
3486 2850 3616 2907 anni

2029 2924 2346 2991 mensurati,
2389 2932 2664 3002 temporis,
2721 2945 2775 2990 et
2834 2952 3021 2994 eorum
3068 2955 3207 3011 quae
3265 2943 3318 2998 in
3369 2953 3610 3016 tempore

2028 3023 2169 3080 sunt,
2203 3017 2498 3078 circulares
2529 3032 2707 3081 motus
2746 3039 3067 3099 segregant,
3110 3042 3166 3088 et
3210 3047 3531 3104 numerant,
3561 3045 3619 3095 et

2028 3105 2306 3173 ordinant,
2337 3121 2394 3164 et
2423 3112 2728 3170 continent.
2761 3115 2900 3185 Quid
2929 3120 2974 3175 si
3002 3122 3126 3192 quis
3150 3124 3346 3181 dixerit
3383 3127 3448 3182 de
3492 3128 3614 3199 ipso

2027 3212 2126 3266 per
2158 3212 2217 3253 se
2239 3200 2400 3255 solari
2432 3205 2582 3260 razlio
2603 3206 2626 3260 ?
2650 3207 2725 3262 Ex
2751 3210 2954 3281 optimo
2973 3215 3118 3271 enim
3145 3216 3324 3274 lumen
3356 3230 3412 3275 et
3436 3221 3616 3297 imago

2026 3282 2299 3344 bonitatis.
2354 3292 2558 3350 Deinde
2608 3306 2663 3353 et
2721 3299 2960 3360 lucivoce
3006 3305 3258 3363 laudatur
3315 3282 3611 3383 optimum,

2024 3379 2172 3434 velut
2196 3381 2247 3435 in
2278 3382 2511 3453 imagine
2550 3389 2866 3463 principalis
2902 3395 3074 3454 forma
3119 3379 3483 3462 manifestata.
3515 3407 3613 3466 Sic

2025 3471 2170 3527 enim
2235 3477 2476 3533 omnium
2516 3484 2845 3541 summitatis
2874 3486 3058 3547 divina
3105 3491 3319 3550 bonitas
3360 3513 3389 3551 a
3437 3500 3613 3557 subli-

2022 3562 2277 3619 missimis
2309 3574 2366 3621 et
2412 3570 2661 3628 maximis
2703 3578 2952 3635 essentiis
2981 3596 3151 3653 usque
3200 3587 3267 3640 ad
3311 3588 3608 3646 novissima

2020 3656 2289 3723 pervenit,
2316 3666 2370 3714 et
2393 3660 2569 3725 adhuc
2590 3681 2754 3736 super
2780 3683 2968 3728 omnes
2992 3683 3098 3738 est,
3130 3690 3305 3748 neque
3331 3677 3437 3746 his,
3465 3696 3609 3752 quae

2020 3758 2234 3800 sursum
2262 3760 2408 3816 sunt,
2433 3752 2853 3824 auticipautibus
2870 3760 2987 3830 ejus
3006 3763 3320 3820 excellentia
3331 3782 3404 3833 m,
3429 3785 3606 3841 neque

2020 3831 2104 3888 his
2141 3851 2280 3906 quae
2302 3837 2551 3896 deorsum
2585 3854 2727 3909 sunt,
2752 3849 3013 3905 ambitum
3042 3856 3607 3930 transgredientibus;

2020 3924 2115 3979 sed
2150 3936 2204 3979 et
2233 3926 2498 3985 illuminat
2539 3936 2781 4002 potentia
2806 3940 3017 4006 omnia,
3049 3924 3269 4012 etquae
3295 3963 3401 4002 non
3431 3959 3598 4019 sunt,

2018 4016 2167 4083 facit,
2191 4027 2247 4073 et
2269 4019 2527 4088 vivificat,
2554 4034 2611 4079 et
2636 4028 2900 4094 continet,
2924 4039 2976 4085 et
2999 4033 3233 4102 perlicit,
3262 4044 3319 4091 et
3349 4053 3605 4098 mensura

2016 4117 2100 4165 est
2125 4110 2489 4180 existentium,
2515 4124 2568 4169 et
2598 4119 2926 4187 aeternitas,
2955 4130 3009 4175 et
3038 4138 3314 4192 numerus,
3346 4136 3403 4182 et
3437 4131 3601 4198 ordo,

2014 4210 2071 4256 et
2097 4200 2353 4268 ambitus,
2387 4212 2441 4259 et
2469 4192 2652 4273 causa,
2697 4216 2752 4264 et
2797 4209 2940 4266 linis.
2969 4210 3060 4268 Sic
3087 4222 3142 4269 et
3184 4215 3397 4272 divinae
3444 4220 3604 4276 boni-

2017 4293 2147 4350 tatis
2173 4294 2531 4367 signiﬁcativa
2565 4299 2770 4373 imago,
2806 4317 3033 4373 magnus
3070 4306 3159 4362 hic
3184 4314 3240 4362 et
3268 4307 3425 4379 plena
3450 4311 3595 4382 luce,

2012 4397 2068 4444 et
2115 4404 2329 4459 semper
2375 4390 2577 4449 lumine
2629 4393 2710 4448 sol
2766 4397 3060 4451 secundum
3117 4399 3340 4455 multam
3399 4418 3596 4461 conso-

2013 4484 2291 4550 nantiam,
2335 4494 2389 4539 et
2440 4486 2622 4541 omnia
2667 4502 3023 4560 quaecunque
3085 4493 3411 4566 participare
3467 4512 3593 4555 eum

2007 4585 2274 4642 possunt,
2330 4574 2633 4643 illuminat,
2697 4586 2751 4632 et
2810 4589 3251 4650 superextentum
3297 4584 3464 4642 habet
3516 4586 3599 4642 lu-

2005 4680 2126 4719 men
2155 4665 2207 4719 in
2240 4666 2420 4721 omnia
2440 4707 2455 4732 ,
2495 4668 2805 4739 expandeus
2852 4671 3119 4729 visibilem
3142 4676 3401 4732 mundum
3430 4719 3445 4744 ,
3477 4695 3599 4735 sur-

2004 4738 2236 4824 sumque
2257 4765 2312 4811 et
2349 4738 2599 4814 deorsum
2634 4763 2976 4834 pr0priorum
2999 4765 3274 4823 radiorum
3295 4768 3593 4828 claritatcs.

2005 4844 2070 4899 Et
2113 4846 2158 4900 si
2205 4848 2332 4916 quid
2378 4865 2472 4904 eas
2512 4866 2617 4905 non
2664 4854 2992 4925 participat,
3046 4857 3151 4915 hoc
3186 4876 3309 4935 non
3362 4862 3597 4920 infirmi-

2006 4936 2133 4991 tatis
2194 4948 2285 4991 aut
2334 4940 2615 4997 brevitatis
2685 4954 2769 5000 est
2840 4946 3231 5007 illuminativae
3292 4954 3413 5024 ejus
3480 4957 3594 5013 dis-

2005 5027 2331 5094 tributionis,
2374 5033 2465 5085 sc:l
2514 5048 2611 5102 per
2636 5037 3019 5106 assumptionis
3070 5038 3285 5096 luminis
3342 5045 3594 5115 inoppor-

2009 5119 2291 5174 tunitatem
2338 5139 2441 5177 non
2484 5141 2831 5195 repausorum
2865 5130 2915 5182 iu
2946 5126 3163 5187 lumi'nis
3216 5136 3588 5207 participatio-

2011 5224 2152 5262 nem.
2204 5210 2387 5280 itaque
2417 5214 2582 5287 multa
2612 5217 2691 5271 sic
2722 5218 3032 5274 habentium
3084 5222 3267 5278 radius
3296 5226 3586 5295 transiens,

2009 5315 2147 5369 quae
2174 5313 2297 5371 post
2324 5304 2433 5371 illa,
2466 5305 2750 5375 illuminat,
2777 5318 2831 5364 et
2866 5310 2997 5364 nihil
3020 5322 3103 5367 est
3131 5312 3444 5383 visibilium,
3477 5335 3589 5390 quo

2009 5410 2114 5449 non
2142 5397 2431 5466 recipiatur
2461 5400 2751 5457 secundum
2800 5405 3047 5474 propriae
3098 5406 3358 5464 claritatis
3397 5425 3587 5482 super-

2006 5486 2359 5543 excelleutem
2388 5489 2830 5560 magnitudinem.
2858 5491 2965 5549 Sed
2993 5504 3049 5551 et
3092 5498 3159 5553 ad
3180 5501 3583 5570 generationem

2006 5578 2339 5635 sensibilium
2385 5595 2675 5652 corporum
2716 5585 3088 5659 committitur,
3138 5598 3191 5648 et
3228 5591 3295 5648 ad
3324 5593 3489 5650 vitam
3516 5611 3581 5653 ea

1595 5681 1850 5741 VARIAE
1882 5680 2284 5747 LECTIONES.

387 5757 404 5789 ‘
432 5770 480 5816 et
501 5776 613 5820 om.
645 5766 757 5824 ΑΕ.
