4168 6284
604 287 735 340 1151

1965 276 2254 338 JOANNIS
2291 275 2491 359 scort

3724 268 3872 327 “3|

595 394 796 462 uiovet,
824 406 877 453 et
908 398 1095 462 nutrit,
1125 406 1178 451 et
1210 405 1389 467 auget,
1420 407 1472 452 et
1513 395 1751 468 perlicit,
1800 403 1854 448 et
1880 401 2092 467 purgat,
2119 401 2175 447 et
2201 397 2249 457 Α
2276 390 2802 469 superincumbendo
2825 428 2842 455 ,
2888 396 2945 444 et
3010 385 3328 458 simpliciter
3391 396 3613 445 omnem
3670 380 3869 439 illa-aio

599 499 846 555 renovat,
875 498 927 543 et
957 503 1207 543 mensura
1244 496 1347 552 est,
1378 496 1433 543 et
1470 504 1728 555 numerus
1758 487 2035 548 horarum,
2066 482 2178 537 die~

592 597 744 647 rum,
771 588 823 636 et
854 582 1017 633 totius
1044 580 1336 635 secundum
1370 595 1467 634 nos
1493 579 1750 648 temporis
1774 577 1886 631 lux.
1916 575 2007 631 Illa
2034 575 2180 629 enim

596 670 689 726 lux
714 679 819 735 est,
846 671 948 724 etsi
986 678 1114 725 tunc
1141 670 1453 741 imperfecta
1484 680 1623 733 erat,
1664 685 1823 737 quam
1855 669 2070 740 quidem
2102 667 2182 721 di—

594 760 759 814 vinus
784 759 919 813 dixit
946 757 1223 829 Moysesu,
1262 767 1315 811 et
1337 758 1508 826 ipsam
1544 758 1688 811 illam
1726 758 2047 811 terminasse
2075 754 2183 823 pri-

600 864 746 907 mam
784 851 1078 907 secundum
1114 866 1213 905 nos
1242 850 1451 903 dierum
1499 851 1813 905 trinitatem.
1867 849 1932 903 Et
1960 849 2036 904 sic
2065 840 2184 918 qui—

601 944 725 999 dem
768 942 949 999 omnia
997 941 1063 997 ad
1116 941 1460 1012 semetipsam
1511 941 1724 996 bonitas
1772 940 2079 1004 convertit,
2132 945 2188 993 et

600 1036 969 1108 principaliter
999 1035 1373 1105 congregatrix
1410 1043 1494 1088 est
1530 1034 1916 1104 dispersorum,
1948 1042 2005 1084 ut
2035 1032 2187 1100 prin—

602 1127 791 1199 cipalis
824 1136 881 1184 et
915 1127 1112 1183 unilica
1153 1129 1346 1194 deitas,
1378 1138 1433 1181 et
1462 1128 1639 1182 omnia
1682 1127 1875 1196 ipsatn,
1908 1135 1963 1177 ut
1992 1124 2189 1193 princi-

600 1222 769 1291 pium,
802 1229 860 1275 ut
886 1219 1302 1284 continentiam,
1332 1228 1391 1273 ut
1422 1219 1583 1273 linem
1625 1225 1878 1288 appetunt
1899 1257 1913 1279 ,
1962 1223 2017 1269 ct
2052 1213 2191 1285 npti-

602 1318 751 1365 mum
780 1317 886 1375 est,
918 1319 977 1364 ut
1005 1309 1213 1379 eloquia
1246 1308 1415 1374 aiunt,
1449 1323 1513 1363 ex
1548 1324 1652 1376 quo
1680 1306 1861 1359 omnia
1890 1306 2191 1359 subsistunt

603 1410 657 1455 et
686 1407 835 1466 sunt,
867 1409 1118 1471 tanquam
1146 1417 1210 1455 ex
1238 1417 1400 1455 causa
1433 1399 1827 1470 perfectissima
1858 1398 2109 1459 adducta,
2137 1404 2194 1450 et

605 1493 657 1549 in
682 1508 790 1565 quo
816 1493 996 1547 Omnia
1021 1494 1309 1547 constituta
1345 1492 1533 1557 suntb,
1572 1499 1829 1561 tanquam
1861 1490 1914 1545 in
1942 1490 2191 1560 omnipo-

604 1583 738 1637 tenti
767 1580 1013 1636 consulto
1044 1582 1309 1636 custodita
1339 1589 1393 1636 et
1424 1581 1838 1651 comprehensa,
1871 1590 1926 1635 et
1958 1579 2008 1632 in
2048 1578 2193 1648 quod

603 1675 785 1729 omnia
817 1681 1227 1740 convertuntur,
1254 1674 1393 1729 sicut
1424 1673 1493 1729 irL
1509 1673 1783 1743 propriam
1811 1670 2019 1739 singula
2047 1686 2193 1724 sum-

2284 481 2509 536 natricis
2539 481 2753 536 virtutis
2783 480 3240 545 dominationem,
3268 484 3524 546 tanquam
3553 472 3877 543 principalis

2282 566 2417 626 lucis
2437 612 2452 637 ,
2492 580 2547 624 et
2576 570 2859 642 plusquam
2887 569 3023 629 lucis
3047 609 3065 634 ,
3110 568 3167 623 in
3196 566 3489 635 semetipsa
3514 562 3875 632 comprehena

2284 664 2415 719 deus
2444 673 2498 717 et
2524 679 2787 733 superans
2827 672 2882 719 et
2928 661 3214 723 intendens
3238 697 3253 724 ,
3292 667 3349 715 et
3390 654 3780 713 intellectualia
3826 664 3883 719 et

2285 757 2563 811 rationalia
2600 756 2781 811 omnia
2816 769 3155 825 congregans
3179 792 3199 816 ,
3245 761 3301 806 et
3353 749 3563 819 perdita
3604 746 3879 803 faciens’.

2286 850 2495 907 Etenim
2541 853 2681 907 sicut
2713 852 3017 922 ignorantia
3067 848 3377 920 separatrix
3417 845 3724 905 errantium
3772 854 3883 908 est.

2286 940 2360 997 ita
2408 943 2694 999 invisibilis
2741 943 2965 1011 luminis
3022 940 3336 1013 praesentia
3389 937 3779 1007 congregati-ix
3833 945 3891 990 et

2288 1033 2489 1088 imitri):
2537 1034 2961 1093 illuminatorutn
3007 1041 3093 1091 est
3134 1041 3192 1086 et
3229 1030 3523 1101 perfectiva
3552 1069 3571 1093 ,
3612 1037 3670 1085 et
3705 1027 3892 1085 adhuc

2287 1128 2603 1181 conversiva
2636 1128 2703 1183 ad
2733 1142 2860 1183 vere
2886 1125 2978 1193 ἦν,
3016 1142 3085 1182 ex
3117 1124 3409 1187 multorum
3435 1122 3693 1193 opinione
3720 1134 3893 1181 vano-

2272 1231 2407 1291 rum
2438 1228 2763 1274 convertens
2802 1217 2984 1275 varios
3013 1217 3215 1283 vultus,
3252 1225 3347 1272 aut
3384 1215 3565 1286 potius
3593 1213 3891 1273 dicendi“

2288 1309 2623 1378 phantasias,
2654 1310 2708 1363 in
2755 1325 2916 1365 urmm
2959 1324 3142 1365 veram
3173 1317 3227 1364 et
3254 1323 3447 1379 puram
3477 1314 3532 1360 et
3556 1305 3893 1365 uniformelu

2289 1415 2625 1468 congregans
2651 1400 2959 1464 scientiam,
2990 1408 3045 1453 et
3075 1415 3180 1455 una
3206 1408 3261 1453 et
3291 1397 3525 1453 unitrice
3556 1396 3677 1451 luce
3711 1394 3898 1465 impli-
3962 1424 3969 1475 ξ

2291 1505 2441 1547 cans.
2490 1490 2603 1546 Hoc
2628 1492 2892 1563 optimum
2930 1490 3178 1547 laudatur
3204 1505 3233 1544 a
3265 1489 3438 1545 sacris
3481 1487 3785 1557 theologis.
3835 1492 3899 1547 ut
3960 1480 3969 1541 ξ

2290 1579 2513 1646 bonum,
2539 1592 2591 1636 et
2622 1590 2680 1636 ut
2705 1582 3015 1652 pulchrum.
3042 1591 3097 1638 et
3122 1591 3181 1636 ut
3208 1582 3452 1646 dilectio,
3482 1591 3536 1636 et
3565 1589 3624 1635 ut
3650 1580 3901 1637 dilectii-
3962 1630 3967 1637 .

2294 1672 2512 1734 simum.
2539 1682 2594 1728 ct
2616 1688 2970 1744 quaecunque
2996 1672 3136 1727 aliae
3156 1673 3411 1727 decentes
3437 1682 3565 1728 sunt
3590 1670 3899 1731 fortnificae
3966 1712 3975 1755 ;

605 1765 873 1833 mitatem,
916 1773 971 1820 et
1001 1764 1130 1819 illud
1161 1766 1549 1836 concupiscunt
1575 1764 1773 1823 omnia,
1811 1760 2191 1817 intellectualia
2223 1762 2272 1822 B
2297 1774 2353 1823 et
2377 1766 2649 1839 gratiosae
2678 1766 3040 1837 spcciositatis
3069 1765 3285 1821 divinae
3323 1764 3741 1820 nominationes.
3787 1764 3900 1821 Ba-
3962 1828 3965 1841 η

603 1858 819 1929 quidem
851 1865 907 1913 et
940 1856 1226 1911 rationalia
1258 1857 1514 1921 scienter,
1547 1854 1815 1910 sensualia
1858 1870 1986 1908 vero
2023 1854 2193 1907 sensi-

604 1948 786 2002 bililer
815 1989 828 2011 ,
860 1962 1051 2003 sensus
1082 1957 1260 2002 autem
1297 1948 1538 2018 expertia
1599 1947 1762 2000 insito
1813 1955 1961 1999 motu
2014 1943 2193 1998 vitalis

605 2040 898 2109 appetitus,
925 2039 1237 2093 inanimalia
1266 2048 1444 2091 autem
1473 2046 1527 2092 et
1554 2037 1925 2091 tantummodo
1956 2036 2193 2091 existen-

605 2130 680 2181 tia
710 2128 775 2182 ad
802 2128 972 2181 solam
1001 2128 1345 2182 essentialcm
1373 2127 1846 2198 participationem
1873 2125 2192 2197 Opportuni-

609 2229 739 2276 tate.
773 2219 1079 2275 Secundum
1129 2220 1266 2273 hanc
1297 2220 1717 2289 signiﬁcatoriae
1750 2217 1998 2290 imaginis
2029 2219 2194 2271 ratio-

605 2329 725 2368 nem
774 2322 825 2367 et
847 2311 936 2366 lux
967 2322 1252 2383 congregat
1284 2321 1335 2365 et
1364 2312 1629 2366 convertit
1656 2310 1720 2364 ad
1752 2311 1985 2379 seipsam
2012 2310 2193 2365 omnia

605 2402 838 2458 visibilia
862 2444 875 2467 ,
911 2413 1049 2456 mota
1074 2445 1086 2463 ,
1135 2401 1429 2457 illuminata
1458 2443 1471 2465 ,
1521 2401 1793 2455 caleﬁcata
1822 2442 1836 2462 ,
1877 2400 2098 2454 omnino
2127 2400 2194 2454 ab

607 2493 773 2563 ipsius
797 2493 1169 2564 splendorihus
1195 2495 1605 2564 comprehensa.
1639 2494 1717 2546 Ac
1753 2509 1849 2562 pur
1877 2492 1979 2546 hoc
2012 2501 2065 2546 et
2091 2490 2193 2557 sol,

610 2585 733 2654 quia
769 2585 950 2639 omnia
1003 2584 1174 2638 soluta
1223 2583 1372 2650 facit,
1408 2596 1460 2638 et
1508 2593 1799 2656 congregat
1849 2584 2112 2652 dispersa,
2142 2590 2197 2637 et

607 2676 786 2729 omnia
819 2691 940 2729 eum
971 2676 1244 2730 sensibilia
1276 2677 1604 2741 desiderant,
1637 2687 1727 2730 aut
1754 2686 1811 2729 ut
1842 2674 2077 2739 videndi,
2106 2682 2197 2729 aut

608 2776 665 2819 ut
702 2768 985 2830 movendi,
1029 2777 1080 2821 et
1115 2768 1483 2831 illuminandi,
1515 2778 1568 2822 et
1597 2768 1968 2832 calefaciendi,
2003 2777 2057 2822 et
2081 2781 2197 2819 om.

611 2860 737 2911 uiuo
763 2860 1143 2930 comprehendi
1175 2878 1199 2912 a
1236 2859 1434 2913 lumine
1459 2860 1785 2930 appetentia.
1828 2858 1891 2935 Et
1918 2874 2092 2929 neque
2123 2858 2193 2912 ibi

616 2950 735 3003 dico
758 2949 909 3017 juxta
952 2950 1291 3021 antiquitatis
1320 2953 1566 3016 verbum,
1595 2951 1717 3021 quia
1752 2952 1889 3003 Deus
1923 2960 2006 3003 est
2035 2948 2112 3002 sol
2142 2956 2195 3003 et

613 3040 840 3095 Crcator
867 3041 1236 3108 hujuscemodi
1266 3041 1636 3096 universitatis
1658 3084 1670 3105 ,
1704 3042 1916 3111 proprie
1944 3050 2196 3111 procurat

612 3130 951 3186 manifestum
981 3135 1258 3199 rnnudum,
1284 3133 1375 3187 sed
1404 3134 1529 3203 quia
1559 3133 1843 3187 invisibilia
1872 3132 1963 3186 Dei
1992 3151 2022 3185 a
2052 3150 2198 3186 crea-
2225 3113 2268 3174 C

586 3214 732 3277 'ntra
749 3224 931 3277 mundi
958 3223 1177 3293 [acturis
1201 3223 1458 3279 intellecta
1489 3225 1964 3294 conspiciuntur,et
1988 3232 2196 3277 acterna

608 3314 721 3385 ejus
754 3317 915 3368 virtus
941 3330 987 3367 et
1018 3314 1324 3370 divinitasC.
1369 3315 1472 3371 Sed
1502 3316 1634 3369 haec
1661 3314 1876 3385 quidem
1907 3315 1958 3370 in
1985 3313 2199 3385 symbo—

610 3405 714 3459 Iica
748 3404 1036 3473 theologia.
1071 3405 1221 3460 Nunc
1259 3415 1437 3460 autem
1488 3405 1818 3476 intelligibilc
1847 3405 2033 3475 optimi
2064 3404 2200 3460 luci-

612 3509 804 3547 vocum
860 3495 1015 3549 nobis
1044 3494 1366 3549 laudandum
1404 3503 1458 3548 et
1496 3495 1801 3558 dicendum,
1842 3495 1967 3564 quia
1997 3495 2086 3548 lux
2118 3495 2199 3548 in-

609 3578 839 3641 visibilis
869 3583 1107 3651 Optimus
1145 3585 1363 3648 dicitur,
1410 3599 1626 3638 omnem
1664 3586 1880 3654 quidem
1912 3601 2198 3655 supercac-

611 3670 802 3726 lestem
826 3670 1154 3725 intellectum
1178 3671 1446 3742 implendo
1470 3674 1719 3729 invisibili
1744 3675 1963 3740 lumine,
1983 3692 2195 3731 omnem

611 3774 743 3817 vero
770 3762 1127 3833 ignorantiam
1168 3772 1222 3819 et
1268 3779 1511 3821 errorem
1560 3767 1822 3838 abigendo
1851 3784 1914 3825 ex
1948 3770 2199 3826 omnibus

615 3852 1023 3926 quibuscunque
1052 3858 1189 3913 inest
1214 3859 1521 3926 animabus,
1565 3869 1619 3915 et
1662 3861 1913 3918 omnibus
1962 3862 2072 3932 ipse
2117 3863 2198 3919 lu-

612 3948 760 4003 mine
789 3962 943 4004 sacro
975 3950 1268 4017 tradendo,
1304 3958 1359 4006 et
1386 3951 1773 4009 intellectuales
1800 3969 1985 4008 earum
2013 3953 2198 4010 oculos

614 4030 955 4114 repurgando
984 4043 1365 4115 circumposita
1404 4045 1482 4101 eis
1507 4061 1575 4100 ex
1608 4047 1911 4116 ignorantia
1942 4045 2194 4117 caligine,

596 4139 667 4188 'et
693 4134 1012 4188 removendo
1040 4143 1093 4188 et
1121 4134 1428 4205 replicando
1460 4135 1624 4190 nndta
1655 4138 1918 4206 gravitate
1949 4138 2198 4192 tenebras

617 4225 948 4281 condensas:
987 4235 1040 4279 et
1067 4227 1327 4282 tradendo
1355 4229 1529 4299 primo
1558 4228 1774 4297 quidem
1803 4228 2053 4283 claritate
2085 4245 2197 4284 mo-

620 4310 826 4381 derata,
869 4317 1060 4373 deinde
1104 4318 1211 4373 illis
1261 4327 1515 4389 tanquam
1552 4312 1960 4389 degustantibus
1994 4319 2193 4384 lumen,

620 4420 673 4465 et
742 4410 910 4481 magis
944 4410 1407 4478 desiderantibus,
1446 4413 1616 4482 magis
1651 4414 1998 4482 scmctipsam
2053 4414 2197 4468 intus

617 4503 794 4556 dando
824 4511 877 4555 et
905 4503 1119 4571 ecpiose
1148 4502 1430 4568 illucendo,
1460 4503 1584 4573 quia
1614 4504 1919 4557 dilexerunt
1946 4504 2196 4572 multmn,

618 4601 674 4644 et
705 4604 918 4660 semper
961 4591 1299 4648 extendendo
1346 4608 1438 4647 cas
1484 4593 1535 4651 in
1586 4608 1680 4656 ea,
1718 4590 1856 4662 quae
1880 4603 2007 4649 ante
2050 4603 2195 4661 sunt,

611 4679 768 4747 juxta
798 4694 949 4733 suam
984 4680 1273 4750 inspiciunt
1309 4680 1629 4751 analogiam.
1667 4682 1780 4737 Lux
1815 4686 1976 4756 igitur
2012 4670 2199 4741 invisi-

623 4768 746 4825 bilis
770 4769 968 4824 dicitur
988 4786 1150 4841 super
1177 4786 1389 4825 omnem
1405 4771 1578 4826 lucem
1596 4774 1856 4844 optimum
1874 4779 1915 4842 ¹,
1942 4787 1998 4831 ιιι
2020 4776 2202 4832 radius

619 4860 840 4915 fontalis
874 4866 928 4915 et
954 4866 1345 4931 supermanaus
1374 4863 1589 4921 luminis
1619 4866 1827 4933 cll'usio,
1857 4885 2073 4923 onmem
2104 4886 2198 4923 su-

615 4953 1064 5021 pcrmnndanum,
1108 4965 1164 5011 et
1206 4956 1764 5027 circummundanum,
1808 4971 1863 5015 et
1890 4963 2194 5017 immunda-

617 5059 746 5096 num
782 5045 1105 5102 intellectum
1139 5064 1204 5103 ex
1243 5048 1574 5118 plenitudine
1624 5068 1718 5107 sua
1766 5054 2103 5119 illuminans,
2141 5062 2195 5108 et

615 5133 1002 5192 intellectuales
1056 5154 1243 5193 eorum
1301 5147 1441 5195 totas
1506 5156 1766 5196 revocans
1828 5143 2089 5208 virtutes,
2140 5152 2196 5198 et

615 5240 803 5283 omnes
823 5231 1105 5284 continens
1132 5232 1613 5301 superordinando,
1640 5241 1695 5288 et
1720 5234 1898 5287 omnia
1932 5248 2191 5303 superans

2230 4465 2278 4526 D

2232 4513 2272 4573 ."
2305 4527 2431 4565 num
2459 4513 2696 4565 omnium
2727 4514 3096 4583 copulationes
3123 4524 3178 4570 et
3200 4515 3472 4571 amicitiae
3501 4525 3558 4570 et
3585 4515 3894 4578 societata,

2300 1874 2427 1913 num
2455 1868 2634 1913 autem
2662 1867 2718 1912 et
2745 1856 3029 1928 pulchrum
3068 1873 3176 1912 non
3207 1857 3571 1926 separandum
3605 1856 3657 1910 in
3689 1856 3805 1925 ipsa
3838 1855 3896 1909 in

2294 1965 2408 2017 uno
2454 1950 2636 2005 ontuia
2686 1949 3164 2019 comprehendenti
3209 1963 3395 2011 causa.
3448 1948 3591 2003 Haec
3636 1949 3782 2015 enim
3837 1948 3897 2001 in

2297 2040 2658 2099 existentibus
2703 2042 2955 2099 omnibus
2994 2041 3048 2096 in
3093 2040 3534 2110 participationes
3574 2050 3630 2097 et
3665 2039 3898 2109 partici-

2297 2130 2480 2201 pantia
2532 2130 2875 2195 dividentes,
2950 2131 3149 2185 bonum
3214 2130 3431 2201 quidem
3478 2144 3601 2185 esse
3648 2128 3901 2193 dicimts

2297 2220 2507 2291 pulchri
2560 2221 2833 2291 particeps
2861 2260 2879 2287 ,
2924 2221 3212 2291 pulchrum
3258 2236 3381 2276 vero
3410 2221 3903 2291 participationem

2296 2309 2647 2383 pulchrilicae
2676 2313 2919 2369 omnium
2955 2312 3220 2369 bonorum
3261 2327 3475 2368 causae.
3519 2311 3899 2381 Supercsaou-

2301 2403 2425 2458 tiale
2498 2413 2679 2458 autem
2751 2404 2957 2463 bosom
3028 2404 3319 2474 pulchrum
3375 2402 3592 2474 quidem
3663 2402 3890 2468 dicitur.

2298 2506 2519 2566 propter
2558 2496 2718 2551 abeo
2752 2494 3005 2553 omnibus
3050 2495 3412 2553 existentibus
3458 2494 3721 2549 traditam
3762 2509 3893 2564 pm-

2298 2588 2416 2658 prie
2466 2587 2760 2657 unicuique
2804 2585 3308 2658 pulchritudinem,
3357 2596 3414 2642 et
3456 2586 3606 2641 velut
3646 2585 3893 2656 omnium

2299 2676 2437 2733 bene
2459 2679 2849 2748 compactionis
2880 2687 2933 2735 et
2972 2679 3240 2737 claritatis
3273 2678 3514 2742 causale,
3548 2678 3718 2735 instar
3752 2678 3894 2734 lucis

2300 2766 2591 2824 fulminans
2628 2769 2787 2824 simul
2826 2771 3079 2827 omnibus
3110 2771 3459 2842 pulchrilicas
3488 2770 3709 2827 fontalis
3750 2770 3893 2827 radii

2300 2862 2381 2917 sui
2414 2862 2755 2927 traditiones,
2785 2872 2841 2918 et
2866 2862 3013 2919 velut
3053 2863 3232 2917 omnia
3283 2863 3352 2917 ad
3395 2862 3635 2932 seipsum
3666 2875 3891 2918 vocans.

2300 2951 2426 3007 lude
2456 2961 2510 3007 et
2558 2952 2844 3025 pulchrum
2892 2954 3108 3019 dicitur,
3160 2962 3216 3008 et
3253 2952 3400 3008 velut
3431 2961 3543 3007 tota
3591 2952 3647 3007 in
3681 2952 3810 3016 totis
3832 2965 3895 3007 se

2300 3060 2659 3118 congregans.
2707 3046 2773 3101 Et
2828 3046 3023 3103 bonum
3073 3062 3245 3111 vero,
3295 3047 3437 3102 sicut
3482 3062 3644 3103 omne
3692 3047 3895 3105 bonum

2301 3135 2481 3202 simul,
2510 3146 2566 3191 et
2594 3135 2714 3206 plus
2761 3151 2923 3205 quam
2969 3137 3205 3201 bonum,
3250 3147 3304 3191 et
3336 3151 3549 3207 semper
3584 3134 3664 3197 ὅν.
3703 3150 3897 3193 secun-

2301 3230 2427 3283 dum
2458 3231 2645 3285 eadem
2701 3239 2756 3284 ct
2787 3229 3038 3285 similiter
3080 3231 3302 3305 bonum,
3343 3239 3400 3285 et
3443 3245 3621 3300 neque
3668 3229 3894 3295 factum,

2302 3338 2475 3391 neque
2533 3321 2789 3385 solutum,
2822 3336 2998 3390 neque
3027 3329 3268 3385 auctura,
3300 3336 3476 3391 neque
3504 3322 3766 3386 tabidum,
3798 3336 3896 3377 ue-

2300 3429 2404 3485 que
2435 3415 2522 3469 hic
2550 3414 2765 3484 quidem
2798 3415 3018 3477 bonum,
3046 3414 3134 3469 hic
3162 3429 3293 3468 vero
3317 3414 3542 3478 malum,
3570 3429 3745 3485 neque
3774 3423 3891 3469 tum

2300 3504 2538 3575 quidem,
2568 3514 2680 3561 tum
2702 3521 2831 3560 vero
2858 3523 2988 3572 non,
3013 3523 3186 3578 neque
3212 3509 3276 3562 ad
3302 3510 3406 3565 hoc
3425 3509 3642 3581 quidem
3666 3511 3892 3573 bonum.

2302 3593 2368 3648 ad
2399 3597 2500 3651 hoc
2527 3606 2704 3648 autem
2738 3596 2959 3661 malum,
2991 3612 3167 3667 neque
3199 3599 3272 3655 ibi
3299 3600 3515 3668 quidem
3536 3640 3551 3661 .
3598 3599 3673 3657 ibi
3698 3608 3895 3665 auten

2301 3698 2426 3739 non.
2459 3694 2712 3754 tanquam
2745 3686 3064 3755 quibusdam
3094 3687 3314 3759 quidem
3341 3684 3396 3745 ὃν
3422 3689 3635 3755 bonum,
3660 3688 3898 3759 quibo;-

2302 3774 2423 3829 dam
2446 3789 2574 3828 vero
2597 3792 2701 3831 non
2719 3776 2916 3831 bonum
2945 3796 2957 3830 :
2982 3780 3075 3832 sed
3106 3789 3165 3833 ut
3193 3780 3389 3849 ipsum,
3417 3795 3511 3857 per
3540 3780 3736 3851 ipsum,
3761 3795 3893 3855 eiul

2304 3862 2438 3936 ipso,
2470 3866 2735 3923 uniforme
2764 3885 2977 3943 semper
3006 3869 3058 3926 ὃν
3089 3870 3308 3937 bonum,
3338 3881 3394 3927 et
3442 3881 3501 3927 ut
3545 3873 3721 3929 omnis
3754 3870 3888 3935 boui

2302 3954 2502 4011 fontem
2526 3968 2582 4013 et
2628 3959 3080 4028 pulchritmliucm
3122 3964 3595 4033 supereminenter
3620 3962 3672 4016 in
3696 3973 3894 4035 scutat-

2303 4048 2421 4125 ipso
2448 4051 2780 4123 praeferens.
2801 4054 3005 4127 Simpla
3034 4056 3183 4117 enim
3207 4064 3262 4110 et
3287 4055 3741 4124 superuccllenti
3769 4070 3893 4113 om-

2300 4141 2451 4196 nium
2497 4141 2760 4198 bonorum
2794 4154 2984 4199 natura
3023 4146 3201 4203 omnis
3259 4146 3607 4216 pulchritudo
3650 4156 3705 4200 et
3732 4161 3898 4203 omne

2302 4229 2502 4287 bonum
2530 4233 2870 4292 uniformiter
2894 4238 3187 4311 secundum
3219 4252 3441 4293 causam
3470 4248 3596 4292 ante
3623 4237 3893 4294 subsistit.

2302 4322 2381 4378 Ex
2415 4325 2555 4381 bono
2592 4343 2708 4396 ipso
2740 4328 2992 4383 omnibus
3041 4329 3402 4389 existentibus
3430 4344 3555 4386 esse
3595 4330 3897 4399 δθειιιιιιιιῃ

2302 4419 2575 4489 propriam
2604 4421 2866 4476 rationem
2894 4422 3101 4493 singula
3131 4437 3378 4493 quaeque
3405 4424 3568 4488 bona,
3596 4432 3652 4477 et
3678 4438 3773 4492 per
3800 4423 3901 4489 bo-

2304 4615 2359 4659 et
2389 4605 2543 4682 hono_
2569 4606 2749 4661 omnia
2806 4608 3133 4674 atluuantur,
3187 4616 3242 4661 et
3292 4608 3614 4681 principiqu
3646 4605 3899 4665 omnium

2305 4694 2527 4760 bonum,
2559 4695 2705 4750 velut
2731 4695 2988 4751 factivum
3022 4699 3258 4764 causale,
3309 4706 3367 4754 et
3414 4712 3628 4753 movens
3673 4697 3895 4760 munia,

2307 4794 2359 4841 ct
2388 4787 2671 4842 continens
2702 4802 2763 4841 ea
2792 4789 3046 4858 propriae
3090 4788 3504 4860 pulchritudinis
3554 4800 3741 4841 amore
3766 4826 3785 4853 ,
3836 4798 3899 4859 et

2305 4890 2570 4928 summum
2614 4876 2853 4935 onmium
2894 4887 2970 4933 et.
2995 4877 3421 4941 dilectissimum,
3455 4875 3600 4931 velut
3629 4874 3896 4944 perfecti-

2305 4979 2428 5016 vum
2460 4965 2970 5037 eatisale—propter
2990 4968 3133 5020 enim
3164 4969 3358 5021 bonum
3382 4966 3565 5021 omnia
3596 4966 3810 5021 liuut—
3831 4974 3887 5021 et

2300 5054 2675 5125 exetnplabile,
2707 5059 2831 5128 quia
2864 5059 3157 5113 secundum
3190 5059 3365 5127 ipsum
3395 5059 3573 5112 omnia
3604 5072 3893 5127 segregan-

2300 5154 2411 5200 tur.
2430 5146 2553 5201 ldeo
2578 5157 2631 5202 et
2667 5149 2718 5203 id
2750 5150 2923 5220 ipsum
2951 5157 3035 5205 est
3055 5150 3259 5220 Optimo
3289 5151 3510 5215 bonum,
3539 5149 3666 5219 quia
3691 5149 3892 5203 bonum

2292 5228 2351 5291 et
2380 5240 2637 5308 optimum
2670 5238 2822 5309 juxta
2869 5255 3084 5295 omnem
3133 5256 3353 5296 causam
3404 5240 3590 5296 omnia
3632 5238 3890 5311 concupi-

1881 5344 2138 5402 VARIAE
2170 5345 2572 5404 LECTIONES.

693 5461 708 5493 ¹
752 5456 792 5510 Β
816 5459 1044 5527 optima;
1074 5458 1119 5516 Η
1147 5460 1416 5531 optimam.
1493 5468 1515 5498 ⁸
1550 5460 1638 5515 BH
1664 5467 1988 5517 restaurata.

688 5653 711 5677 α
751 5639 886 5692 Cen.
917 5642 952 5696 1.

688 5707 712 5743 b
753 5706 906 5761 Rom.
935 5709 1025 5761 XI.

2121 5554 2351 5611 NOTAE

2374 5659 2393 5686 ο
2437 5650 2588 5707 llum.
2625 5650 2663 5715 l,
2694 5650 2765 5705 20
