4168 6284
363 298 505 356 M53

955 303 1209 363 VERSIO
1247 307 1531 366 OPEBUM
1572 309 1628 366 S.
1667 311 1984 367 DIONYSII.
2028 341 2093 350 —-
2133 311 2218 366 DE
2259 311 2504 367 DlV’lNiS
2543 311 2932 370 NOMINIBUS.

3480 311 3618 372 1154

357 423 538 478 scunt,
565 425 622 469 et
655 429 762 470 non
798 429 882 471 est
910 416 1036 486 quid
1066 420 1434 486 existentium,
1468 422 1608 490 quod
1641 439 1744 479 non
1775 423 1941 494 parti-
1973 427 2016 486 A
2046 431 2218 478 status
2269 433 2322 479 et
2373 433 2550 479 motus
2596 433 2650 479 et
2693 439 2757 478 ex
2811 425 2953 494 ipso,
2985 435 3040 478 et
3089 439 3184 493 per
3233 425 3435 492 ipsum,
3480 433 3534 478 et
3565 427 3618 482 in

355 509 504 578 cipat
545 507 744 566 bonum
795 517 850 564 et
895 511 1178 579 optimum.
1231 511 1464 569 Audebit
1509 525 1686 570 autem
1733 523 1784 570 et
1835 515 1939 570 hoc

355 600 498 655 ratio
525 599 728 666 dicere,
759 601 884 670 quia
917 611 972 658 et
998 605 1137 672 quod
1170 619 1275 659 non
1319 601 1395 670 ὅν,
1429 607 1714 677 participat
1739 609 1937 662 bonum

357 699 412 745 et
437 691 716 762 optimum.
753 691 906 748 Tunc
937 694 1083 748 enim
1129 703 1184 750 et
1213 695 1314 750 hoc
1341 697 1537 750 bonum
1571 707 1628 752 et
1653 697 1935 766 optimum,

357 797 478 836 cum
523 781 576 836 in
622 783 734 838 Deo
782 783 1080 838 secundum
1119 787 1362 842 omnium
1393 787 1715 843 ablationem
1746 805 1937 857 super-

355 873 714 928 essentialiter
741 873 1008 930 laudatur.
1043 877 1156 932 Hoc
1181 893 1345 934 unum
1369 879 1629 948 optimum
1659 885 1712 932 et
1741 879 1940 934 bonum

354 963 702 1036 singulariter
725 977 810 1023 est
838 971 1076 1023 omnimu
1113 971 1398 1026 multorum
1427 969 1688 1026 bonorum
1717 980 1774 1025 et
1799 971 1943 1041 opti¢

354 1069 566 1110 morum
608 1057 845 1114 causale.
895 1059 974 1114 Ex
1025 1062 1130 1116 hoc
1171 1077 1360 1118 omnes
1387 1064 1728 1118 existentium
1759 1079 1941 1118 essen--

351 1145 516 1201 tiales
547 1147 948 1214 subsistentiae,
984 1149 1239 1218 unitates,
1271 1153 1648 1218 tliseretiones,
1683 1153 1938 1208 immuta‘

353 1235 619 1304 bilitates,
647 1241 970 1309 alteritates,
1003 1245 1407 1313 similitudines,
1451 1247 1938 1315 dissimilitudines,

358 1327 648 1384 societates
687 1331 1088 1386 contrariorum
1114 1373 1128 1399 ,
1191 1333 1566 1391 distinctiones
1623 1337 1894 1392 unitorum
1923 1377 1940 1403 ,

357 1421 734 1488 providentiae
776 1425 1114 1493 superiorum
1140 1467 1155 1491 ,
1205 1427 1609 1484 vicissitudines
1669 1427 1942 1498 aequiter-

359 1511 554 1578 mium,
587 1513 962 1570 conversiones
988 1515 1323 1582 inferiorum,
1357 1519 1594 1572 omnium
1639 1517 1944 1587 semetipsis

359 1605 712 1662 custoditivae
765 1615 818 1662 et
849 1607 1212 1666 immutabiles
1241 1609 1604 1665 habitationes
1631 1618 1686 1664 et
1713 1609 1944 1664 colloca-

359 1697 570 1752 tiones:
594 1703 648 1752 et
678 1695 874 1752 iterum
905 1699 1145 1754 omnium
1179 1701 1232 1755 in
1265 1701 1518 1756 omnibus
1547 1701 1797 1770 propriae
1827 1699 1944 1754 uni-

2041 515 2232 583 ipsum,
2284 523 2339 568 ct
2391 523 2610 584 propter
2659 516 2850 585 ipsum.
2907 511 3119 569 Etenim
3166 531 3232 569 ex
3273 515 3408 584 ipso,
3439 523 3492 570 et
3523 529 3619 585 per

2039 605 2211 674 ipsum
2240 615 2296 660 et
2320 607 2581 670 essentia,
2616 615 2670 661 et
2697 605 2808 659 vita
2833 603 3030 670 omnis,
3063 615 3119 660 et
3163 607 3354 660 mentis
3401 613 3456 660 et
3500 605 3616 659 ani-

2039 709 2158 750 mae
2183 710 2216 750 e
2244 704 2265 749 t
2291 697 2467 752 omnis
2497 707 2724 752 naturae
2751 697 3063 768 parvitates,
3097 697 3470 766 aequalitates,
3509 709 3621 751 ma-

2037 785 2365 858 gnitudines,
2403 803 2690 843 mensurae
2719 802 2907 844 omnes
2929 827 2944 852 ,
2975 787 3322 841 existentium
3364 787 3623 841 corratio-

2041 877 2378 944 uabilitatcs,
2422 887 2475 933 et
2515 879 2937 950 compactiones,
2965 887 3019 932 et
3063 878 3470 941 concretiones,
3504 875 3626 931 uni-

2040 969 2345 1032 versitates,
2375 977 2559 1038 partes
2607 983 2815 1032 omnes,
2864 983 3054 1032 unum,
3083 965 3463 1032 etmultitudo,
3495 981 3627 1022 eon-
3663 1007 3667 1028 ι

2033 1058 2344 1128 junctinnes
2389 1059 2621 1128 partium
2650 1099 2663 1122 ,
2725 1057 2889 1112 totius
2941 1057 3301 1114 multitudinis
3365 1057 3624 1124 unitates,
3669 1081 3672 1084 ν

2041 1148 2531 1202 consummationes
2577 1147 3044 1202 universalitatum
3065 1188 3080 1212 ,
3110 1149 3300 1220 quale,
3339 1159 3622 1220 quantum,

2044 1247 2249 1294 tantum
2280 1279 2294 1302 ,
2349 1239 2578 1293 multum
2615 1279 2628 1304 ,
2689 1239 3127 1309 comparationes
3158 1280 3174 1305 ,
3230 1239 3624 1306 discretiones,

2043 1329 2219 1383 omnis
2241 1328 2545 1394 multitudo,
2571 1345 2730 1384 omne
2751 1343 3042 1395 summum,
3069 1330 3282 1384 termini
3305 1345 3512 1396 omnes,
3535 1345 3627 1386 or-
3671 1373 3674 1376 .

2044 1419 2218 1480 dines,
2235 1417 2580 1484 eminentiae,
2604 1418 2888 1485 elementa,
2915 1418 3142 1488 formae,
3170 1421 3350 1475 omnis
3369 1420 3628 1486 essentia,

2044 1510 2219 1564 ontnis
2255 1511 2444 1576 virtus,
2479 1511 2658 1566 omnis
2691 1512 2952 1582 operatio,
2979 1512 3157 1567 omnis
3189 1512 3429 1576 habitus,
3453 1511 3632 1568 omnis
3673 1545 3680 1554 ο

2045 1617 2257 1666 sensus,
2277 1603 2453 1657 animis
2467 1605 2623 1670 ratio,
2642 1605 2817 1660 omnis
2831 1605 3152 1671 intellectus,
3171 1607 3346 1660 omnis
3361 1603 3630 1659 illumina-

2047 1693 2141 1756 tio,
2159 1694 2333 1748 omnis
2351 1684 2607 1760 scientia,
2624 1696 2802 1750 omnis
2819 1697 3000 1752 unitas
3018 1737 3034 1764 ,
3059 1707 3114 1752 et
3137 1697 3454 1767 simpliciter
3468 1709 3630 1753 omne

356 1791 550 1860 cuique
575 1792 888 1856 societates,
908 1798 964 1846 et
993 1791 1514 1862 compaginationes,
1547 1801 1600 1846 et
1625 1789 1939 1846 inconl‘usae
1969 1781 2015 1840 B
2043 1780 2098 1840 ὃν
2117 1801 2184 1840 ex
2217 1787 2356 1840 bono
2384 1795 2438 1842 et
2461 1789 2688 1856 optimo,
2719 1797 2774 1843 et
2819 1789 2872 1842 in
2901 1788 3041 1844 bono
3065 1799 3116 1844 et
3141 1789 3346 1858 optimo
3367 1795 3467 1853 est,
3493 1797 3546 1842 et
3573 1789 3630 1843 in

357 1882 648 1948 amicitiae,
678 1891 732 1938 et
762 1883 1080 1938 harmoniae
1126 1883 1496 1938 universitatis
1520 1924 1534 1946 ,
1585 1883 1640 1937 in
1687 1883 1940 1938 universo

357 1973 750 2040 concretiones,
801 1973 1112 2028 insolubiles
1182 1975 1546 2029 continentiae
1591 1971 1939 2029 existentium

358 2077 464 2116 non
521 2063 836 2119 deﬁcientes
899 2067 1272 2135 susceptiones
1321 2065 1725 2130 faciendorum,
1767 2073 1940 2119 status

355 2169 543 2208 omnes
566 2164 618 2209 et
644 2163 818 2211 motus
846 2174 858 2208 :
887 2155 976 2212 alii
1005 2155 1466 2222 intellectualinm,
1498 2157 1585 2212 alii
1612 2157 1938 2222 animarum,

357 2243 444 2296 alii
475 2259 780 2314 corporum.
831 2245 1020 2301 Status
1063 2249 1208 2302 enim
1259 2257 1344 2302 est
1369 2247 1622 2302 omnibus
1647 2255 1704 2302 et
1733 2255 1939 2310 motus,

363 2353 524 2407 super
553 2355 767 2394 omnem
797 2335 998 2396 statum
1049 2351 1103 2396 et
1139 2357 1351 2398 onmem
1401 2349 1605 2398 motum
1671 2341 1942 2396 collocans

358 2430 780 2499 unumquodque
813 2430 866 2483 in
897 2432 1094 2486 suimet
1145 2434 1374 2498 ratione,
1409 2442 1461 2487 et
1490 2449 1710 2487 movens
1740 2433 1790 2486 in
1819 2447 1943 2502 pro-

359 2523 537 2593 prium
565 2531 792 2578 motum.
845 2521 910 2578 Et
950 2525 1153 2579 moveri
1209 2525 1644 2597 quidem-divini
1692 2525 1944 2580 dicuntur

365 2615 530 2668 animi
577 2629 592 2668 :
645 2615 984 2670 circulariter
1063 2617 1318 2686 quidem,
1373 2617 1505 2672 uniti
1568 2633 1672 2672 non
1751 2619 1943 2673 incho-

364 2707 580 2764 antibus
641 2717 696 2763 et
755 2723 858 2762 non
913 2709 1218 2765 terminatis
1263 2710 1742 2766 illuminationilms
1817 2709 1943 2765 boni

363 2805 412 2850 et
448 2797 634 2867 optimi
670 2797 955 2853 :directim
983 2813 1131 2861 vero,
1169 2800 1596 2868 quandocunque
1621 2800 1943 2870 proveniunt

365 2889 418 2942 ir.
464 2889 824 2956 subiectorum
853 2891 1244 2960 providentiam
1271 2931 1288 2957 ,
1335 2901 1486 2946 recta
1531 2893 1709 2946 omnia
1753 2893 1942 2948 termi-

365 2991 558 3036 nanles
589 2999 604 3036 :
632 2983 879 3053 oblique,
930 2983 1056 3052 quia
1106 2991 1160 3036 et
1208 2983 1548 3053 providentes
1573 2983 1937 3047 inferioribus,

365 3073 813 3130 inreversibiliter
865 3083 1090 3130 manent
1149 3077 1202 3129 in
1255 3077 1730 3138 immutabilitate,
1793 3076 1940 3130 circa

367 3163 820 3223 inunutabilitatis
869 3163 1084 3224 causale
1134 3169 1330 3224 bonum
1381 3177 1434 3224 et
1461 3171 1722 3240 Optimum
1765 3171 1942 3225 inces-
1972 3147 2015 3208 Ο

367 3266 550 3312 santer
571 3259 983 3314 circumeuntes.
1001 3259 1226 3314 Animae
1241 3265 1256 3296 ι
1282 3267 1458 3315 autem
1477 3269 1749 3315 metusest
1771 3261 1946 3315 circu-

365 3345 498 3402 laris
523 3347 778 3417 quidem’
809 3349 862 3404 in
919 3352 1266 3420 semetipsum
1317 3351 1568 3406 introitus
1599 3354 1665 3407 ab
1697 3351 1780 3408 his
1808 3367 1946 3422 quae

365 3437 499 3491 i'oris
527 3447 680 3503 sunt,
729 3449 785 3494 et
815 3439 1257 3494 intellectualium
1285 3455 1502 3495 suarum
1535 3442 1792 3496 virtutum
1826 3443 1949 3496 uni-

366 3527 554 3582 formis
581 3529 884 3596 conversio,
913 3531 1050 3584 sicut
1078 3531 1132 3584 in
1160 3531 1390 3601 quodam
1422 3532 1626 3586 circulo
1657 3533 1948 3588 inerrabile

367 3633 522 3674 suum
558 3619 784 3686 donans,
813 3629 868 3674 et
900 3637 930 3674 a
958 3621 1176 3687 multis,
1227 3637 1366 3690 quae
1409 3631 1534 3677 sunt
1583 3625 1945 3688 extrinsecus,

365 3727 426 3768 se
447 3723 770 3768 convertens
794 3723 848 3768 et
870 3729 1224 3787 congregans,
1247 3717 1480 3784 primum
1511 3717 1561 3771 in
1578 3719 1943 3786 semetipsam,

369 3803 562 3858 deinde
613 3803 760 3857 velut
791 3804 1114 3860 uniformem
1167 3807 1386 3872 factam,
1431 3808 1674 3863 adunans
1715 3809 1948 3862 adunate

369 3893 621 3947 minantis
645 3893 954 3958 virtutibus,
985 3903 1038 3950 et
1067 3897 1146 3951 sic
1174 3897 1226 3950 in
1245 3899 1441 3951 bonum
1461 3907 1515 3951 et
1547 3899 1809 3966 optimum
1835 3913 1950 3952 ma-

369 3987 630 4050 ntulucta,
658 3995 713 4040 et
739 4001 902 4056 super
927 3989 1106 4042 omnia
1135 3989 1442 4054 existentia,
1470 3997 1524 4043 et
1553 4005 1716 4042 unum
1773 4001 1828 4044 et
1863 3990 1947 4042 id-

369 4075 572 4146 ipsum,
591 4086 645 4132 et
670 4092 776 4132 non
801 4078 1079 4143 inchoatis,
1104 4087 1158 4133 et
1187 4095 1288 4134 non
1317 4080 1547 4134 ﬁnitum.
1565 4079 1794 4150 Oblique
1819 4093 1950 4134 vero

369 4170 548 4223 anima
599 4177 878 4235 movetur,
927 4181 1189 4242 quantum
1223 4173 1438 4242 proprie
1485 4187 1542 4226 se
1579 4173 1691 4242 ipsa
1737 4171 1952 4229 divinas

367 4259 706 4320 illuminatur
736 4267 1014 4330 scientias,
1055 4283 1162 4322 non
1197 4267 1630 4322 intellectualiter
1663 4277 1717 4322 et
1761 4277 1950 4338 poten-

369 4363 476 4421 ter,
509 4357 604 4411 sed
639 4358 974 4414 rationaliter
999 4369 1054 4415 et
1083 4357 1448 4432 investigiose,
1481 4371 1536 4414 et
1562 4369 1620 4416 ut
1641 4363 1950 4418 commixtis

371 4455 428 4502 et
473 4449 802 4506 transitoriis
849 4453 1268 4522 operationibus.
1323 4451 1429 4508 Per
1477 4469 1608 4509 vero
1657 4453 1948 4520 directum,

2043 1881 2241 1936 bonum
2285 1891 2343 1936 et
2377 1884 2640 1952 optimum
2694 1885 3046 1939 convertitur.
3105 1884 3172 1937 Et
3211 1882 3409 1945 omnia,
3461 1893 3630 1951 quae-

2043 1989 2254 2044 cunque
2283 1983 2405 2028 suut
2438 1983 2491 2029 et
2543 1976 2696 2042 fiunt,
2727 1991 2824 2045 per
2851 1975 3052 2030 bonum
3103 1985 3160 2029 et
3209 1973 3472 2044 optimum
3505 1979 3632 2028 sunt

2043 2073 2098 2120 et
2123 2064 2275 2126 ﬁunt,
2315 2076 2368 2118 et
2401 2065 2467 2118 ad
2497 2066 2598 2120 hoc
2621 2067 2802 2120 omnia
2837 2051 3085 2132 videt,et
3107 2066 3173 2121 ab
3201 2068 3316 2136 ipso
3349 2073 3632 2121 moventur

2041 2165 2098 2210 et
2123 2155 2494 2221 continentur,
2519 2165 2572 2210 et
2599 2165 2820 2227 propter
2856 2158 3046 2228 ipsum,
3079 2169 3133 2214 et
3155 2174 3252 2228 per
3273 2159 3470 2228 ipsum,
3501 2157 3630 2211 etin

2045 2248 2160 2318 ipso
2205 2261 2366 2302 omne
2419 2247 2746 2316 principium
2796 2248 3242 2320 exemplativum,
3291 2263 3632 2304 consumma.

2045 2339 2234 2402 tivum,
2283 2338 2667 2404 intellectuale,
2703 2339 2960 2409 speciale,
2997 2340 3238 2405 formale,
3272 2349 3325 2394 et
3378 2338 3637 2408 simplici-

2047 2441 2130 2485 ter
2175 2447 2334 2486 omne
2385 2431 2750 2501 principium,
2805 2433 2983 2487 omnis
3046 2433 3376 2488 continentia
3406 2474 3420 2496 ,
3471 2445 3633 2487 omne

2045 2537 2352 2578 sumntum:
2405 2531 2516 2586 aut,
2567 2534 2626 2576 ut
2683 2524 3148 2594 comprehendens
3199 2525 3373 2578 dicam
3407 2541 3418 2576 :
3451 2523 3660 2596 omnia

2045 2629 2184 2684 quae
2209 2624 2354 2680 sunt,
2383 2629 2448 2668 ex
2491 2615 2630 2668 bono
2677 2621 2730 2670 et
2777 2617 3000 2687 Optimo,
3031 2627 3084 2671 et
3112 2616 3312 2682 omnia,
3355 2631 3492 2685 quae
3527 2627 3634 2668 non

2045 2717 2190 2770 sunt,
2239 2709 2762 2778 superessentialiter
2803 2709 2856 2765 in
2901 2711 3040 2764 bono
3091 2721 3146 2765 et
3193 2710 3432 2778 optimo:
3469 2711 3637 2762 etest

2046 2795 2283 2849 omnium
2304 2799 2626 2869 principium
2649 2809 2704 2854 et
2731 2799 2850 2854 linis
2889 2799 3351 2870 superprincipale
3375 2807 3430 2852 et
3449 2811 3636 2868 super-

2047 2889 2228 2954 linale,
2273 2893 2398 2960 quia
2454 2909 2517 2947 ea:
2569 2893 2702 2964 ipso,
2761 2903 2806 2947 et
2852 2911 2942 2962 per
2969 2895 3156 2963 ipsum,
3187 2901 3243 2946 ἐι
3275 2893 3327 2946 in
3372 2895 3481 2961 ipso
3509 2901 3554 2943 et
3583 2891 3636 2944 in

2045 2981 2215 3048 ipsum
2241 2982 2416 3034 etruria
2435 2994 2486 3046 α,
2509 2993 2568 3036 ut
2587 2985 2661 3036 ait
2688 2998 2841 3036 sacer
2861 2999 3060 3036 sermo.
3087 2983 3348 3037 Omnibus
3373 2981 3532 3050 igitur
3555 2987 3638 3034 cst

2048 3073 2244 3128 bonum
2269 3083 2322 3126 et
2349 3072 2608 3143 optimum
2635 3073 3052 3142 concupiSribile
3081 3083 3134 3126 et
3159 3073 3388 3126 :lillitlllle
3412 3081 3462 3125 et
3495 3071 3636 3125 dele-

2048 3166 2266 3230 ctabile,
2309 3176 2362 3220 et
2411 3181 2507 3235 per
2555 3166 2724 3234 ipsum
2758 3175 2810 3220 et
2855 3175 3076 3235 propter
3115 3167 3288 3235 ipsmn
3343 3165 3546 3219 minora
3581 3171 3636 3216 et

2048 3259 2268 3313 meliora
2313 3259 2742 3314 conversilziliter
2787 3265 2990 3324 autaut,
3041 3265 3096 3312 ct
3141 3258 3399 3313 soci-ative
3449 3257 3638 3325 aequi-

2049 3351 2262 3414 formia,
2305 3365 2474 3420 neque
2499 3349 2853 3412 honorabilia,
2901 3359 2954 3406 et
2978 3351 3195 3406 meliora
3223 3352 3424 3404 minora
3459 3350 3636 3418 provi-

2049 3442 2136 3505 de,
2185 3450 2238 3495 et
2291 3442 2426 3495 haec
2491 3441 2780 3510 semetipsa
2835 3442 3040 3512 singula
3101 3455 3348 3510 quaeque
3395 3453 3641 3494 connexa

2049 3543 2106 3590 et
2129 3535 2308 3588 omnia
2357 3536 2556 3588 bonum
2611 3543 2664 3587 et
2693 3535 2956 3603 optimum
2987 3534 3348 3589 desiderantia
3401 3533 3551 3596 facit,
3585 3539 3642 3586 et

2051 3622 2162 3676 vult
2191 3625 2392 3688 omnia,
2419 3639 2771 3693 quaecunque
2799 3623 2926 3678 facit
2951 3633 3004 3678 et
3025 3623 3156 3677 vult.
3185 3623 3418 3678 Audebit
3459 3631 3640 3678 autem

2051 3722 2105 3767 et
2135 3715 2238 3768 hoc
2263 3715 2444 3768 dicere
2468 3729 2593 3768 vera
2621 3715 2779 3778 ratio,
2821 3716 2948 3784 quia
2991 3725 3045 3768 et
3081 3715 3196 3783 ipse
3239 3716 3480 3768 omnium
3512 3729 3640 3770 cau-

2051 3805 2179 3859 salis
2229 3821 2324 3874 per
2347 3806 2602 3859 bonitatis
2631 3805 3006 3859 excellentiam
3049 3807 3230 3860 onutia
3263 3813 3426 3869 amat,
3459 3805 3641 3860 omnia

2053 3899 2200 3958 facit,
2231 3898 2408 3952 omnia
2445 3898 2707 3962 continet,
2732 3897 2914 3950 omnia
2945 3897 3234 3960 convertit,
3283 3905 3336 3950 et
3365 3904 3448 3950 est
3471 3895 3638 3949 etiam

2051 3988 2264 4044 divinus
2315 4003 2469 4041 arnor
2521 3987 2756 4054 optimus
2802 3987 2990 4056 optimi
3035 4001 3135 4054 per
3194 3987 3473 4056 optimum.
3523 3985 3642 4054 Ipse

2052 4081 2195 4134 enim
2224 4081 2362 4136 bene
2399 4079 2573 4134 factor
2620 4079 2968 4133 exi-stcntium
3015 4095 3186 4144 amor,
3223 4079 3274 4131 in
3315 4077 3518 4148 optimo
3541 4091 3643 4147 per

2052 4171 2426 4227 excellentiam
2470 4179 2596 4225 ante
2635 4171 2949 4234 subsistens,
3007 4185 3112 4224 non
3167 4169 3297 4224 sinit
3346 4169 3520 4237 ipsum
3562 4169 3642 4223 in-

2052 4262 2342 4318 fecundum
2377 4264 2428 4318 in
2467 4279 2523 4318 se
2553 4263 2670 4332 ipso
2707 4277 2948 4326 manere,
2975 4261 3337 4315 movitautem
3377 4260 3554 4330 ipsum
3585 4258 3642 4313 in

2011 4399 2014 4402 .
2055 4353 2319 4427 agendum
2363 4355 2516 4426 juxta
2545 4356 2784 4408 omnium
2821 4353 3112 4424 genitivum
3141 4351 3538 4408 excellentiam.
3575 4349 3643 4404 Ει

2053 4462 2124 4501 ne
2152 4447 2274 4515 quis
2303 4461 2400 4502 nos
2431 4446 2725 4500 arbitretur
2753 4453 2940 4498 contra
2973 4444 3182 4513 eloquia
3213 4443 3413 4498 amoris
3443 4455 3642 4514 cogno-

375 4555 498 4597 cttm
527 4559 628 4600 non
659 4543 712 4599 in
742 4547 1090 4618 semetipsam
1123 4548 1329 4604 intrans
1353 4590 1367 4615 ,
1415 4557 1468 4604 et
1496 4549 1752 4622 singulari
1787 4549 1950 4605 inte]-
1983 4521 2032 4586 Β
2059 4539 2407 4604 minatiouem
2441 4537 2820 4592 bonoriilcare.
2869 4535 2964 4591 Est
3003 4535 3220 4606 quidem
3257 4534 3398 4589 enim
3427 4527 3658 4588 irratio?

373 4633 706 4693 lectualitate
739 4651 919 4704 mota;
961 4640 1066 4696 hoc
1102 4641 1266 4707 enim,
1307 4649 1364 4694 ut
1395 4641 1522 4706 dixi,
1561 4649 1664 4707 est,
1698 4641 1840 4712 quod
1864 4657 1950 4697 se-

371 4727 607 4784 cundum
642 4730 855 4800 cyclum
882 4747 896 4784 :
931 4731 1024 4785 sed
1052 4731 1116 4788 ad
1147 4747 1210 4786 ea
1253 4735 1394 4790 circa
1425 4749 1481 4788 se
1511 4734 1851 4804 proveniens,
1900 4741 1956 4788 et

373 4821 443 4875 ab
471 4821 556 4876 his
581 4823 941 4890 extrinsecus,
962 4833 1212 4894 tanquam
1262 4841 1290 4879 a
1338 4825 1656 4892 quibusdam
1701 4823 1958 4895 symbolis

375 4909 601 4964 variatis
625 4921 681 4965 et
710 4911 1102 4982 multiplicatis,
1135 4915 1186 4968 in
1213 4913 1434 4982 simplas
1458 4921 1510 4966 et
1539 4913 1718 4967 unitas
1745 4913 1958 4969 reduci-

377 5007 468 5053 tur
507 5001 1004 5072 contemplationes.
1057 5001 1260 5059 Horum
1313 5005 1475 5073 igitur
1517 5011 1572 5058 et
1621 5005 1955 5058 sensibilium

379 5087 434 5143 in
467 5089 722 5146 universo
757 5093 916 5148 trium
957 5103 1222 5158 motuum,
1245 5107 1300 5151 et
1333 5095 1502 5149 multo
1531 5095 1680 5164 prius
1717 5109 1960 5165 unoquo-

380 5195 486 5249 que
515 5183 856 5237 mansionum
905 5195 961 5239 et
987 5187 1279 5242 stationum
1311 5195 1364 5240 et
1388 5185 1800 5240 collocationum
1831 5201 1958 5241 cau-

382 5271 494 5326 sale
525 5281 628 5340 est,
661 5279 716 5328 et
737 5275 1044 5342 continens,
1069 5287 1122 5333 et
1141 5277 1262 5332 linis
1288 5279 1485 5332 bonum
1514 5286 1568 5332 et
1595 5278 1874 5347 Optimum,
1909 5285 1962 5330 et

379 5377 544 5434 super
569 5380 785 5420 omnem
836 5375 1038 5424 statum
1079 5379 1134 5424 et
1181 5378 1406 5424 motum.
1448 5368 1740 5440 Propterea
1781 5369 1960 5425 omnis

2063 4629 2336 4694 nabile,ut
2357 4627 2610 4694 arbitror,
2635 4637 2689 4684 et
2717 4627 2958 4690 stultum,
2985 4641 3090 4680 non
3113 4625 3295 4679 virtuti
3325 4623 3643 4679 intentionis

2061 4721 2359 4786 attendere,
2411 4721 2504 4775 sed
2539 4719 2790 4774 dictionis
2819 4720 2860 4772 ³.
2909 4713 2976 4772 Ει
3013 4717 3116 4772 hoc
3169 4731 3274 4771 non
3322 4723 3404 4770 est
3461 4715 3642 4769 divina

2063 4809 2364 4879 intelligere
2411 4809 2701 4864 volentium
2760 4807 3077 4878 proprium,
3127 4805 3220 4860 sed
3279 4819 3442 4860 sonos
3499 4803 3643 4857 leves

2066 4909 2516 4977 accipientium‘,
2590 4915 2645 4962 et
2709 4907 2806 4961 hos
2861 4921 3031 4974 usque
3085 4917 3244 4958 aures
3294 4909 3642 4956 transeuntes

2064 5003 2402 5059 extrinsecus
2449 5000 2866 5063 continentium,
2913 5007 2966 5052 et
3003 4996 3294 5050 nolentimn
3325 4995 3484 5055 scire.
3511 4993 3643 5062 quid

2064 5093 2278 5162 quidem
2327 5091 2505 5162 qualis
2553 5089 2714 5146 dictio
2765 5088 3070 5159 significet,
3133 5087 3466 5154 quoruodove
3514 5099 3634 5135 eam

2063 5191 2310 5253 oporteat
2335 5193 2389 5238 et
2409 5197 2508 5252 per
2535 5181 2668 5236 alias
2711 5185 3126 5249 aequi-potentes
3161 5181 3212 5229 et
3243 5171 3640 5227 manifestiorcs

2059 5275 2322 5342 dictiones
2336 5270 3082 5342 declararejpaticntiumque
3105 5264 3404 5326 elementis,
3433 5273 3484 5316 et
3513 5263 3635 5317 lite-

2063 5367 2138 5420 ris
2167 5381 2272 5420 non
2305 5365 2611 5430 intellectis,
2639 5373 2693 5418 et
2719 5359 2936 5431 syllabis
2963 5367 3017 5414 et
3044 5357 3366 5412 dictionibus
3393 5355 3630 5426 incogni-

1665 5479 1918 5534 VAlllAE
1955 5475 2354 5532 LECTIONES.

457 5570 472 5600 ¹
509 5569 600 5625 ΒΗ
630 5568 820 5628 Initio.
895 5576 918 5609 ³
953 5571 1044 5630 ΒΗ
1068 5573 1302 5647 quidam.
1397 5572 1418 5605 ³
1439 5571 1526 5628 ΒΕ
1555 5569 1890 5626 dictionibus.

1999 5567 2026 5602 δ
2069 5567 2160 5622 ΑΕ
2197 5561 2572 5635 recipientium.

1902 5657 2151 5717 NOTAE.

454 5745 481 5774 ι
509 5732 668 5791 item.
697 5732 794 5802 XI,
818 5734 908 5791 36.
