4142 6296
587 363 724 422 MSS

1957 364 2236 424 JOANNIS
2273 361 2468 424 SCOTI

3713 355 3856 416 H56

587 479 656 532 tis
670 485 723 530 et
756 491 860 529 non
889 473 1313 543 ingredientibus
1341 474 1393 530 in
1425 475 1639 532 animae
1669 490 1800 532 suae
1831 476 2166 532 intellectua-
2191 481 2241 541 Α
2267 494 2385 533 nes.
2413 476 2481 532 Et
2509 484 2592 532 est
2618 477 2720 532 hoc
2769 475 2988 531 virtutis
3015 473 3245 531 unilicae
3283 481 3337 530 et
3364 468 3766 543 conjunctivae,
3801 486 3858 531 et

587 569 660 632 le,
692 570 784 625 sed
834 567 964 620 foris
991 569 1136 623 circa
1171 569 1312 623 labia
1355 580 1410 624 et
1455 573 1671 626 auditus
1721 587 1848 626 suos
1893 573 2166 643 percrepi-

587 657 844 720 tantibus,
892 672 956 711 ac
1000 659 1044 712 si
1074 675 1178 712 non
1226 659 1408 725 liceat,
1449 670 1702 730 quattuor
1742 679 2023 718 numerum
2069 679 2166 733 per

581 750 666 804 bis
687 750 792 804 dno
837 749 1166 820 signiﬁcare,
1197 759 1289 803 aut
1315 750 1559 820 simplam
1593 751 1790 806 lineam
1819 769 1915 822 per
1959 762 2164 808 rectam

581 838 801 905 lineam,
837 848 931 894 aut
953 843 1356 894 maternitatem
1380 857 1475 911 per
1498 843 1900 912 paternitatem,
1930 855 2021 898 aut
2044 845 2166 900 aliis

581 937 902 1004 quibusdam
934 936 1117 992 multis
1144 937 1404 992 orationis
1431 939 1672 1007 partibus
1701 939 1930 1008 idipsum
1955 939 2161 1009 signiﬁ-

580 1025 848 1080 cantibus.
878 1023 1104 1094 Oportet
1135 1027 1272 1080 scire
1299 1027 1594 1081 secundum
1643 1038 1841 1082 rectam
1876 1030 2161 1092 rationem,

579 1114 705 1181 quia
733 1114 1036 1180 elementis,
1065 1125 1120 1170 et
1139 1115 1384 1185 syllabis,
1405 1125 1458 1170 et
1484 1115 1826 1182 dictionibus,
1853 1127 1906 1172 ct
1930 1118 2160 1185 scriptu-

577 1205 678 1269 ris,
737 1215 792 1260 et
838 1205 1177 1261 orationibus
1232 1206 1436 1260 utimur
1490 1221 1588 1276 per
1632 1224 1842 1262 sensus.
1896 1208 1986 1262 Sic
2041 1223 2162 1262 cum

578 1305 766 1352 nostra
791 1299 970 1354 anima
1013 1300 1462 1357 intellectualibus
1500 1303 1903 1370 operationibus
1943 1305 2007 1358 ad
2037 1302 2165 1356 invi-

577 1388 756 1444 sibilia
787 1400 1052 1458 movetur,
1095 1393 1368 1448 abundant
1407 1409 1529 1448 cum
1561 1394 1903 1449 sensibilibus
1931 1410 2159 1450 sensus:

575 1480 719 1535 sicut
747 1491 804 1536 et
835 1482 1224 1540 intellectuales
1251 1485 1497 1550 virtutes,
1530 1500 1650 1538 cum
1683 1485 1859 1539 anima
1889 1483 2164 1540 deiformis

573 1573 719 1630 facta
741 1591 840 1646 per
866 1578 1128 1632 unitatem
1159 1580 1372 1648 ignotae
1394 1579 1785 1634 inaccessibilis
1816 1578 1972 1645 lucis,
2000 1580 2165 1634 radiis

576 1663 1023 1723 desiderabilibus
1056 1667 1414 1724 invisibilibus
1442 1669 1684 1725 theoriis.
1733 1670 1867 1726 Cum
1899 1686 2029 1727 vero
2054 1671 2166 1726 ani-

574 1775 698 1816 mus
731 1777 826 1830 per
854 1762 1126 1818 sensibilia
1157 1762 1442 1820 reformari
1484 1763 1705 1821 festinat
1735 1766 1801 1820 ad
1826 1767 2161 1836 contempla-

2265 565 2575 623 dill'erenter
2616 565 3106 637 contemperativae
3136 565 3188 619 in
3221 565 3362 620 bono
3401 572 3458 618 et
3499 563 3730 632 optimo,
3751 579 3858 634 per

2263 662 2462 717 bonum
2485 670 2538 717 et
2563 662 2824 731 optimum
2854 659 3326 724 antesubstitutae,
3368 672 3434 713 ex
3467 656 3612 712 bono
3631 665 3693 712 et
3713 659 3859 728 opti-

2264 769 2352 809 mo
2379 770 2476 824 per
2503 754 2700 808 bonum
2724 763 2780 809 et
2808 754 3071 823 optimum
3104 752 3299 813 editae,
3350 749 3680 805 continentis
3725 749 3854 820 qui-

2265 847 2382 901 dem
2407 845 2805 914 aequipotentia
2833 843 3129 898 secundum
3180 839 3493 897 sociabilem
3516 839 3853 894 vicissitudi-

2264 953 2412 1002 nem,
2440 937 2706 990 moventis
2731 945 2909 990 autem
2950 937 3122 1004 prima
3167 932 3234 987 ad
3263 931 3533 986 minorum
3565 929 3856 999 providen-

2265 1029 2418 1094 tiam,
2449 1038 2506 1082 et
2530 1028 2844 1084 collocantis
2875 1026 3130 1082 inferiora
3176 1024 3534 1080 conversione
3560 1023 3857 1092 superiori-

2263 1122 2385 1176 bns.
2444 1121 2541 1174 Est
2587 1129 2764 1174 autem
2815 1127 2869 1174 et
2921 1118 3212 1174 ecstaticns
3265 1116 3480 1171 divinus
3521 1129 3696 1178 amor,
3745 1129 3854 1167 non

2265 1212 2448 1266 sincns
2496 1211 2699 1280 seipsos
2742 1225 2862 1265 esse
2901 1219 3165 1274 amantes,
3213 1208 3306 1263 sed
3348 1209 3723 1262 amandorum.
3785 1204 3854 1259 Et

2266 1302 2613 1357 declarantur
2653 1303 2868 1370 quidem
2917 1301 3194 1369 superiora
3239 1299 3578 1369 providentia
3606 1297 3749 1353 facta
3773 1297 3854 1352 in-

2265 1391 2547 1458 feriorum,
2573 1401 2627 1446 et
2657 1391 3009 1461 acquilormia
3047 1390 3188 1446 inter
3215 1404 3274 1443 se
3312 1389 3542 1443 invicem
3573 1388 3856 1444 continen-

2269 1486 2362 1549 tia,
2415 1493 2469 1539 et
2535 1484 2744 1538 minora
2819 1483 2884 1536 ad
2934 1482 3107 1552 prima
3167 1480 3417 1536 diviniori
3475 1480 3850 1536 conversione.

2266 1576 2497 1632 Proinde
2520 1586 2573 1632 et
2598 1574 2793 1630 Paulus
2815 1589 3043 1644 magnus
3067 1573 3123 1626 in
3145 1571 3467 1628 excellentia
3491 1571 3657 1625 divini
3681 1570 3856 1627 factus

2268 1667 2495 1733 amoris,
2525 1675 2579 1721 et
2608 1675 2786 1720 mente
2839 1663 3188 1720 excedentem
3229 1678 3382 1718 suam
3412 1662 3668 1718 virtutem
3699 1678 3851 1717 assu-

2268 1775 2444 1824 mens,
2477 1760 2659 1814 divino
2681 1773 2804 1813 ore:
2839 1757 2969 1812 Vivo
2991 1756 3221 1827 ego,ait,
3242 1755 3358 1825 jam
3382 1771 3507 1820 non,
3538 1755 3654 1809 uiuit
3677 1764 3853 1808 autent

575 1849 712 1908 biles
779 1855 1213 1922 invisibilitates,
1287 1857 1637 1928 pretiosiores
1700 1861 1952 1916 omnibus
2038 1870 2152 1916 sunt

2265 1851 2320 1904 in
2345 1867 2425 1904 me
2447 1848 2685 1905 Christus
2711 1860 2754 1903 θ.
2787 1849 2854 1906 Ει
2877 1863 2999 1903 vere
3026 1857 3237 1902 amator
3261 1857 3315 1902 et
3340 1856 3520 1903 mente
3562 1848 3848 1911 excedens,

577 1944 838 2002 clariores
857 1949 1106 2004 sensibus
1127 1959 1435 2020 provectus,
1465 1952 1723 2008 lucidiora
1740 1955 1902 2009 verba
1920 1955 2162 2026 planiora

571 2036 898 2103 visibilibus,
947 2040 1087 2094 sicut
1112 2057 1235 2096 cum
1284 2058 1390 2096 non
1440 2043 1600 2112 plana
1643 2045 1752 2100 sint
1789 2048 2158 2102 accumbentia

571 2130 839 2196 sensibus,
870 2145 1045 2202 neque
1077 2132 1192 2202 ipsa
1225 2135 1406 2189 animo
1431 2137 1684 2191 assistere
1715 2139 1990 2194 sensibilia
2022 2140 2162 2197 bene

570 2229 844 2293 poterunt.
875 2222 1240 2280 Veruntamen
1264 2236 1322 2280 ut
1357 2243 1464 2282 non
1516 2228 1652 2284 haec
1679 2230 1860 2286 dicere
1887 2241 2156 2301 putemur,

570 2322 826 2392 tanquam
874 2314 1053 2369 divina
1087 2315 1296 2385 eloquia
1340 2315 1742 2384 submoventes,
1773 2322 1992 2377 audiant
2021 2323 2161 2379 hanc

570 2405 777 2460 amoris
827 2407 1254 2464 nominationem
1284 2409 1678 2466 criminantes:
1719 2413 1852 2466 Ama
1893 2429 2029 2480 eam,
2071 2416 2155 2470 in-

569 2498 707 2566 quit,
745 2508 791 2550 et
821 2499 1075 2552 custodiet
1101 2509 1184 2563 te;
1223 2499 1525 2570 amplexare
1551 2517 1687 2567 eam,
1719 2511 1766 2556 et
1796 2503 2046 2558 exaltabit
2066 2516 2156 2573 te;

567 2589 770 2643 honora
796 2605 935 2654 eam,
962 2599 1018 2644 ut
1064 2600 1113 2645 te
1143 2594 1545 2662 comprehendat
1585 2596 1643 2635 ιιι
1665 2613 1678 2660 ;
1702 2605 1758 2650 ει
1804 2613 2159 2670 quaecunque

567 2681 673 2736 alia
703 2683 996 2738 secundum
1041 2684 1334 2741 amatorias
1387 2686 1685 2756 tbeologias
1741 2689 2048 2746 laudantur.
2093 2692 2160 2748 Et

567 2773 787 2844 quidem
834 2773 1008 2828 visum
1059 2783 1144 2829 est
1187 2775 1508 2844 quibusdam
1559 2780 1760 2834 nostris
1801 2779 2056 2851 lerologis
2105 2790 2159 2838 et

563 2865 804 2920 divinius
832 2881 952 2922 esse
1005 2869 1206 2923 amoris
1236 2882 1429 2923 nomen
1455 2884 1520 2924 eo
1550 2870 1854 2928 dilectionis
1887 2873 1927 2927 ².
1959 2873 2160 2928 Scribit

565 2963 748 3012 autem
799 2967 855 3012 et
902 2957 1114 3015 divinus
1153 2959 1428 3030 lgnatius:
1475 2961 1627 3018 Heus
1675 2982 1826 3019 amor
1870 2967 2156 3036 cruciﬁxus

564 3060 640 3104 est
683 3049 731 3103 ιι.
765 3049 831 3106 Ει
861 3052 912 3106 in
961 3052 1091 3122 ipsis
1117 3064 1244 3110 ante
1289 3055 1779 3113 introductionibns
1821 3058 2156 3128 eloquiorum

563 3141 807 3197 invenies
862 3145 1129 3212 quendam
1177 3145 1445 3202 dicentem
1501 3147 1568 3202 de
1617 3148 1794 3202 divina
1844 3150 2148 3220 sapientia:

561 3231 785 3286 Amator
810 3233 983 3302 factus
1006 3251 1124 3289 sum
1153 3236 1354 3306 formae
1383 3237 1496 3306 ejus
1528 3247 1576 3291 ο.
1609 3238 1796 3308 Itaque
1820 3239 1920 3295 hoc
1949 3241 2150 3296 amoris

563 3337 760 3378 nomen
795 3339 860 3378 ne
888 3325 1190 3392 timeamus,
1219 3342 1392 3398 neque
1412 3328 1532 3396 quis
1548 3344 1646 3384 nos
1669 3331 1952 3384 conturbet
1971 3344 2151 3385 sermo

563 3412 633 3466 de
683 3412 787 3466 hoc
841 3413 1165 3484 disceptans.
1215 3415 1346 3480 Mihi
1395 3418 1538 3470 enim
1595 3418 1848 3474 videntur
1919 3421 2150 3492 theologi

563 3515 850 3556 commune
895 3503 1112 3572 quidem
1143 3505 1357 3560 duxisse
1395 3505 1694 3563 dilectionis
1740 3517 1794 3562 et
1830 3511 2031 3568 artioris
2055 3527 2150 3566 no-

564 3607 689 3646 men
723 3607 736 3643 :
768 3601 1049 3662 propterea
1097 3602 1277 3650 autem
1319 3597 1515 3652 divinis
1553 3601 1724 3671 magis
1774 3600 1980 3658 referre
2021 3619 2150 3660 vere

565 3695 828 3747 amorem,
882 3692 1099 3753 propter
1147 3685 1621 3757 inconsequentem
1672 3689 1860 3746 talium
1908 3693 2148 3748 virorum

565 3771 985 3826 adamationcm.
1015 3772 1244 3830 Pulchre
1265 3777 1407 3832 enim
1437 3794 1564 3832 vere
1599 3795 1784 3835 amore
1807 3799 1910 3837 non
1934 3798 1965 3837 a
1993 3786 2148 3840 nobis

565 3871 795 3928 tantum,
827 3863 920 3919 sed
949 3873 1004 3919 et
1036 3865 1105 3921 ab
1150 3867 1379 3938 eloquiis
1404 3870 1535 3940 ipsis
1580 3871 1816 3940 laudato,
1850 3875 2147 3931 multitudi-

561 3971 660 4010 nes
684 3972 788 4011 non
813 3958 1088 4027 capientes
1111 3960 1379 4016 uniforme
1405 3965 1701 4020 amatoriae
1731 3967 1946 4023 divinae
1971 3970 2149 4025 nomi-

561 4048 818 4116 nationis,
851 4052 1068 4121 proprie
1092 4056 1411 4125 semetipsos
1438 4057 1489 4111 in
1520 4059 1770 4126 partibile
1789 4069 1846 4114 et
1863 4062 2145 4130 corporale

559 4149 614 4195 ct
638 4141 910 4198 dividuum
944 4146 1328 4215 labefecerunt,
1376 4167 1497 4206 cum
1529 4168 1633 4208 non
1685 4155 1756 4209 sit
1779 4170 1939 4210 verus
1966 4173 2142 4224 amor,

559 4232 652 4286 sed
684 4235 892 4300 umbra,
942 4246 1036 4291 aut
1080 4240 1249 4310 magis
1280 4255 1436 4296 ramis
1461 4258 1590 4296 vero
1619 4259 1821 4299 amore.
1854 4245 2142 4304 Remotum

559 4322 702 4376 enim
729 4333 808 4378 est
824 4325 1165 4383 multitudine
1193 4329 1461 4398 singulare
1481 4331 1646 4386 divini
1669 4342 1723 4387 et
1739 4335 1896 4389 unius
1918 4338 2136 4392 amoris.

559 4410 686 4466 ldeo
715 4423 770 4466 et
795 4415 874 4468 sic
901 4415 1166 4471 dillicilius
1188 4434 1382 4475 nomen
1413 4421 1849 4491 nmltisputatum
1881 4425 1932 4480 in
1959 4427 2139 4482 divina

2262 1943 2422 1998 sicsic
2451 1943 2644 2012 inquit,
2673 1941 2804 2006 Dso,
2830 1951 3000 1995 etnon
3026 1940 3196 2009 ipsam
3227 1941 3309 1994 sui
3334 1939 3540 2005 vivens,
3569 1939 3848 2008 sedipsam

2261 2033 2520 2088 amatoris
2546 2033 2734 2095 vitam,
2766 2040 2822 2085 ut
2863 2032 3022 2086 nimis
3055 2029 3480 2086 dilectissimam.
3520 2027 3845 2083 Audendum

2261 2133 2442 2180 autem
2493 2133 2548 2178 et
2596 2123 2697 2178 hoc
2733 2138 2831 2193 pro
2877 2123 3107 2176 veritate
3135 2121 3334 2186 dicere,
3369 2122 3485 2189 quia
3519 2128 3572 2173 et
3595 2119 3849 2174 omnium

2261 2217 2495 2274 causalis
2535 2217 2798 2272 bonormn
2827 2224 2881 2270 et
2918 2215 3244 2285 optimorum
3274 2213 3499 2269 omnium
3529 2226 3715 2266 amore
3742 2225 3850 2281 per

2260 2312 2633 2368 excellentiam
2677 2311 2973 2366 amatoriae
3003 2311 3258 2365 bonitatis
3283 2309 3586 2363 habitudine
3617 2324 3715 2363 sua
3759 2308 3848 2374 ﬁt,

2261 2407 2314 2461 in
2344 2406 2631 2461 existentia
2683 2405 2864 2460 omnia
2899 2403 3272 2472 providentiis,
3321 2411 3377 2457 et
3422 2411 3481 2455 ut
3519 2401 3761 2455 bonitate
3795 2410 3853 2456 et

2259 2496 2548 2552 dilectione
2586 2506 2643 2550 et
2693 2510 2877 2550 amore
2921 2495 3155 2558 fovetur,
3217 2502 3272 2548 et
3301 2507 3365 2547 ex
3395 2508 3558 2563 super
3584 2492 3764 2547 omnia
3794 2501 3850 2546 et

2260 2588 2510 2644 omnibus
2542 2595 2750 2641 remoto
2799 2585 2866 2640 ad
2906 2600 3071 2639 unum
3099 2584 3350 2639 omnibus
3386 2583 3671 2638 deducitur
3692 2584 3848 2654 juxta

2259 2686 2441 2733 mente
2497 2678 2848 2734 excedentem
2898 2675 3410 2746 superessentialem
3458 2677 3712 2729 virtutem
3763 2691 3850 2729 re-

2259 2772 2511 2826 deuntem
2568 2770 2878 2838 semetipso.
2911 2767 3135 2838 Propter
3173 2767 3316 2838 quod
3348 2777 3402 2823 et
3451 2768 3681 2822 zelotem
3724 2782 3846 2822 eum

2260 2862 2425 2917 divini
2455 2861 2727 2931 sapientes
2747 2860 3042 2930 appellant,
3075 2860 3223 2915 velut
3253 2861 3483 2921 multum
3524 2862 3580 2916 in
3607 2863 3845 2916 existen-

2261 2956 2334 3012 tia
2370 2955 2633 3025 Optimum
2675 2969 2936 3021 amorem,
2961 2962 3015 3008 et
3064 2963 3122 3008 ut
3147 2954 3213 3008 ad
3255 2953 3430 3008 zelum
3463 2956 3845 3009 suscitatnrem

2260 3049 2729 3118 concupiscentiae
2773 3063 2904 3104 suae
2953 3049 3268 3114 astatoriae,
3295 3057 3350 3102 et
3379 3057 3438 3102 ut
3474 3048 3700 3103 zelotem
3727 3063 3845 3102 eam

2260 3142 2658 3204 ostendentem,
2699 3149 2754 3194 et
2784 3139 3068 3210 concupita
3101 3139 3386 3204 zelautem,
3439 3149 3495 3194 et
3537 3139 3846 3211 utprovisis

2255 3247 2378 3286 eum
2415 3230 2772 3287 existentibus
2806 3244 2902 3300 per
2930 3231 3218 3300 semetipsa
3273 3230 3577 3288 zelantibus
3611 3250 3624 3286 :
3653 3241 3708 3286 et
3734 3245 3847 3285 om-

2257 3324 2385 3378 nino
2410 3324 2549 3379 bono
2574 3331 2628 3379 et
2659 3323 2863 3393 Optimo
2892 3331 2973 3378 est
3007 3322 3235 3378 amabile
3257 3332 3312 3378 et
3337 3338 3510 3388 amor,
3539 3333 3595 3379 et
3624 3323 3677 3379 in
3702 3323 3843 3378 bono

2251 3424 2308 3469 et
2331 3414 2534 3484 optimo
2555 3422 2679 3468 ante
2696 3413 3049 3479 collocantur,
3080 3422 3134 3470 et
3158 3429 3254 3484 per
3281 3415 3480 3470 bonum
3502 3424 3557 3470 et
3578 3417 3839 3485 Optimum

2253 3513 2379 3560 sunt
2399 3515 2452 3559 et
2481 3505 2635 3559 liunt.
2660 3505 2798 3572 Quid
2827 3515 3006 3562 autem
3039 3507 3260 3562 omnino
3289 3507 3522 3579 theologi
3553 3508 3797 3564 volentes
3816 3548 3833 3572 ,

2253 3597 2544 3666 aliquando
2595 3599 2811 3669 quidem
2864 3612 3103 3654 amorem
3155 3609 3210 3655 et
3261 3600 3600 3657 dilectionem
3658 3602 3841 3670 ipsum

2251 3691 2455 3754 dicunt,
2505 3688 2794 3761 aliquando
2839 3707 2968 3746 vero
3011 3701 3248 3747 amatum
3301 3702 3358 3748 et
3405 3691 3701 3747 dilectum?
3757 3691 3844 3748 Eo

2248 3781 2467 3851 quidem
2513 3781 2657 3836 enim
2701 3782 2955 3848 causalis,
2986 3791 3040 3837 et
3066 3791 3125 3836 ut
3151 3784 3472 3852 praevolens
3493 3791 3548 3837 et
3575 3781 3789 3850 genitor
3817 3799 3834 3835 :

2248 3872 2350 3927 hoc
2374 3881 2552 3926 autem
2585 3871 2698 3942 ipse
2719 3882 2820 3927 est.
2847 3873 2914 3927 Et
2936 3889 3001 3928 eo
3027 3874 3242 3944 quidem
3275 3884 3540 3939 movetur,
3570 3888 3636 3929 eo
3658 3883 3836 3928 antem

2247 3973 2448 4029 movet,
2489 3965 2705 4035 quando
2734 3966 2847 4034 ipse
2887 3966 3086 4020 suimet
3114 3975 3167 4022 et
3195 3965 3296 4022 sibi
3325 3974 3408 4021 est
3437 3981 3755 4036 praecessor
3781 3972 3837 4019 et

2247 4073 2488 4113 movens.
2552 4057 2642 4113 Sic
2688 4068 2866 4114 autem
2916 4059 3174 4114 dilectum
3219 4061 3439 4130 quidem
3485 4070 3539 4115 et
3596 4069 3834 4115 amatum

2245 4165 2368 4204 eum
2407 4160 2622 4215 vocant,
2665 4159 2724 4204 ut
2762 4149 2958 4206 bonum
2987 4160 3042 4206 et
3071 4152 3334 4221 optimum
3371 4171 3384 4206 :
3416 4167 3657 4207 amorem
3705 4164 3837 4206 vero

2245 4243 2440 4298 iterum
2490 4251 2546 4297 et
2597 4241 2960 4308 dilectionem,
3021 4252 3080 4296 ut
3109 4252 3412 4297 moventem
3463 4242 3643 4308 simul,
3676 4250 3730 4295 ct
3775 4248 3836 4295 ut

2246 4334 2594 4390 reducentem
2648 4336 2901 4390 virtutem
2971 4349 3093 4390 eum
3167 4335 3258 4404 qui
3326 4345 3414 4390 est
3468 4335 3521 4388 in
3595 4333 3833 4403 seipsum

2247 4426 2437 4486 solum,
2471 4427 2644 4496 ipsum
2689 4442 2786 4497 per
2827 4429 3063 4497 seipsum
3105 4429 3305 4483 bonum
3350 4439 3406 4482 et
3450 4440 3730 4497 optimum.
3761 4425 3833 4481 Et

555 4507 819 4575 sapientia
842 4508 1116 4572 statuitur,
1133 4521 1186 4564 et
1209 4512 1274 4565 ad
1301 4514 1667 4571 reductionem
1695 4533 1880 4573 eorum
1905 4527 1958 4573 et
1985 4521 2145 4576 resti—
2169 4539 2222 4600 Ῑ)
2247 4520 2326 4575 sic
2355 4520 2569 4591 quidem
2619 4521 2962 4586 edicendum,
3019 4521 3341 4576 existentem
3397 4521 3688 4589 semetipso
3733 4533 3827 4589 per

561 4594 818 4648 tutionem
843 4595 897 4648 in
920 4597 1032 4648 veri
1058 4599 1258 4654 amoris
1284 4601 1554 4667 notitiam,
1589 4613 1643 4658 et
1686 4606 1781 4670 ita,
1812 4617 1870 4662 ut
1894 4609 2139 4666 absolva-

559 4691 646 4736 tur
678 4683 728 4738 in
764 4684 879 4753 ipso
905 4684 1203 4743 difﬁcultas.
1229 4690 1273 4743 A
1300 4692 1453 4748 nobis
1498 4706 1676 4750 autem
1718 4697 1929 4765 iterum,
1965 4703 2053 4756 ubi
2084 4711 2140 4757 et

559 4773 953 4843 inconsequens
979 4777 1233 4846 quiddam
1262 4795 1423 4852 saepe
1466 4785 1866 4857 intelligendum
1897 4799 2138 4847 terrenos

554 4865 734 4920 caelos
771 4869 1064 4924 secundum
1112 4873 1419 4942 opinionem
1450 4878 1690 4936 melioris
1735 4881 1929 4937 famae.
1985 4882 2140 4940 Ceci-

553 4957 652 5023 dit,
694 4959 814 5028 quis
862 4961 958 5025 ait,
1003 4962 1217 5020 dilectio
1271 4976 1356 5022 tua
1405 4985 1567 5040 super
1596 4988 1702 5038 me,
1752 4973 1892 5027 sicut
1921 4974 2136 5030 dilectio

551 5049 834 5107 mulierum
849 5052 898 5106 ἀ.
915 5053 969 5108 1η
988 5055 1414 5114 elucesccntibus
1428 5063 1623 5118 divinis
1644 5063 2064 5119 sublimitatibus
2079 5065 2132 5120 in

550 5142 738 5196 eadem
763 5146 961 5200 virtute
990 5150 1244 5203 statuitur
1283 5167 1311 5204 a
1341 5154 1512 5206 sacris
1545 5154 1805 5222 theologis
1831 5153 2132 5211 dilectionis

549 5240 607 5288 et
645 5237 845 5290 amoris
895 5253 1089 5293 nomen
1137 5243 1429 5298 secundum
1477 5245 1686 5299 divinas
1739 5244 2131 5303 manileslalio-

2245 4611 2596 4680 semetipsum
2624 4609 2938 4666 excellentis
2982 4612 3206 4666 unitatis
3236 4613 3491 4680 optimam
3518 4611 3831 4680 processio.

2245 4717 2390 4766 nem,
2420 4709 2476 4756 et
2516 4700 2836 4755 amatorium
2890 4710 3118 4766 motum,
3158 4701 3430 4772 simplum,
3456 4714 3552 4769 per
3577 4697 3832 4766 seipsum

2245 4799 2468 4853 motum,
2512 4805 2608 4859 per
2669 4790 2907 4858 seipsum
2957 4791 3220 4856 activum,
3265 4792 3713 4860 praeesistentem
3768 4789 3829 4844 in

2243 4879 2465 4947 optimo,
2518 4887 2573 4933 et
2617 4894 2682 4933 ex
2711 4879 2916 4950 optimo
2963 4879 3318 4935 existentibus
3361 4885 3732 4941 emanantem,
3775 4889 3831 4933 et

2243 4971 2438 5027 iterum
2475 4973 2528 5027 in
2578 4973 2838 5044 optimum
2898 4982 3305 5028 convertentem
3345 4985 3425 5037 se,
3470 4970 3828 5025 et‘inl‘mitum

2240 5063 2439 5135 seipso,
2471 5073 2526 5119 et
2553 5080 2746 5122 carens
2767 5065 3053 5135 principio,
3091 5065 3311 5121 divinus
3347 5079 3500 5119 amor
3521 5063 3831 5117 ostenditur

2239 5153 2569 5220 dill‘erenter,
2603 5156 2743 5210 sicut
2769 5155 2990 5224 quidam
3024 5163 3282 5209 aeternus
3314 5153 3517 5225 cyclus,
3549 5166 3646 5222 per
3683 5151 3829 5220 opti-

2236 5263 2406 5313 mum,
2437 5261 2500 5303 es
2528 5247 2751 5318 optimo,
2780 5256 2837 5304 et
2877 5247 2932 5302 itt
2961 5247 3186 5317 optimo,
3223 5256 3279 5302 ct
3319 5246 3374 5301 in
3417 5245 3704 5318 optimam,
3740 5245 3830 5298 in-

1834 5356 2090 5412 V'ARIAE
2129 5358 2536 5416 LECTIONES.

619 5445 636 5476 ί
670 5435 710 5491 Ε
737 5441 1135 5510 comprehendat
1181 5454 1250 5498 te.
1325 5447 1344 5477 ³
1377 5446 1419 5498 Α
1454 5462 1638 5500 nomen
1666 5445 1863 5502 amoris
1891 5465 2052 5519 quam
2075 5451 2368 5507 dilectionis
2390 5469 2409 5518 ;
2434 5450 2482 5506 Η
2501 5467 2660 5522 quam
2683 5451 2979 5510 dilectionis
3003 5469 3191 5510 nomen
3217 5470 3438 5510 amem.

2064 5559 2316 5620 NOTAE.

617 5645 642 5672 ι
670 5636 826 5690 Prov.
857 5637 941 5690 IV.

616 5700 644 5738 δ
674 5706 842 5770 Epist.
875 5707 938 5757 ad
971 5707 1120 5762 Rom.
1159 5712 1265 5766 VII.

619 5779 639 5804 ε
675 5770 796 5841 Sap.
833 5773 958 5838 VIII,
989 5778 1042 5827 ἓ.

2253 5655 2313 5716 .d
2354 5655 2395 5710 ιι
2429 5655 2558 5726 Reg.
2591 5656 2630 5711 l.

2297 5740 2320 5765 θ
2358 5725 2477 5782 Gal.
2509 5725 2571 5794 Il,
2593 5728 2680 5782 20.
