4142 6296
415 389 562 450 1137

1027 391 1280 457 VERSIO
1319 396 1606 458 OPEBUM
1643 399 1705 459 S.
1744 397 2181 477 ῡιοΝγειιεε
2217 396 2305 458 DE
2341 398 2592 458 DlV'lNiS
2629 397 3024 459 NOMINIBUS.

3548 396 3691 462 M38

415 481 709 540 enarrabili
728 484 1084 542 conversione
1106 488 1394 557 circuiens,
1413 499 1470 546 et
1492 491 1548 547 in
1574 493 1787 561 eodem,
1814 501 1870 550 et
1898 509 1995 565 per
2022 503 2072 561 Α
2097 507 2205 564 quo
2231 492 2500 565 principio
2521 494 2765 550 substitit
2783 495 2841 548 νζ
2868 495 2936 550 Ει
2955 511 3022 552 ex
3052 508 3161 566 quo
3190 490 3537 551 existentium
3562 504 3648 551 est
3670 475 3695 532 ἶ

415 571 649 643 idipsum
679 582 736 630 et
762 576 1087 646 proveniens
1122 594 1357 650 semper,
1401 590 1460 637 et
1484 597 1730 651 manens,
1759 593 1814 640 et
1847 599 2002 641 revo-

413 659 587 719 lutus.
608 664 752 720 Haec
770 674 827 721 et
849 670 1156 725 communis
1178 679 1364 726 noster
1385 682 1606 729 sanctus
1631 674 2003 744 perfector‘di-

411 751 617 809 vituitus
665 753 963 811 introduxit
1013 772 1111 827 per
1151 761 1445 817 amatorios
1491 763 1742 833 hymnos,
1770 779 2001 834 quorum

411 854 522 898 non
548 843 942 915 inconsequens
988 848 1287 916 recordari,
1312 858 1367 905 et
1398 860 1459 905 ut
1486 866 1701 908 sacrum
1728 853 2003 923 quoddam

413 940 576 1002 caput
595 931 877 1005 imponere
903 937 1181 994 de‘amorc
1205 950 1393 996 nostro
1421 942 1678 997 sermoni.

589 1065 820 1124 lerathei
856 1072 1177 1128 sanctissimi
1207 1091 1272 1130 ea:
1301 1078 1573 1133 amatoriis
1599 1078 1821 1150 hymnis.

486 1180 730 1235 Amorem
765 1182 870 1237 sive
898 1184 1155 1251 divinant,
1186 1187 1290 1242 sive
1323 1189 1637 1260 angelicum,
1668 1193 1774 1247 sive
1808 1193 2001 1247 intelle-

414 1276 639 1330 ctualem
669 1277 834 1339 ,sive
882 1279 1161 1335 animalem
1187 1322 1201 1346 ,
1252 1283 1359 1337 sive
1408 1285 1704 1339 naturalem
1742 1285 2000 1351 dicamus,

413 1369 666 1423 unitivam
687 1371 953 1439 quandam
976 1382 1023 1426 et
1052 1372 1462 1428 continuativam
1492 1374 1838 1446 intelligemus
1862 1379 1879 1409 ¹
1904 1378 2004 1432 vir-

415 1468 608 1521 tutem,
648 1463 921 1531 superiora
966 1464 1176 1533 quidem
1219 1477 1505 1521 moventem
1542 1468 1595 1521 in
1625 1468 2000 1538 providentiam

415 1549 744 1620 inferiorum,
764 1552 1120 1625 'aequiformia
1141 1558 1329 1612 iterum
1359 1558 1413 1614 in
1433 1560 1729 1615 sociabilem
1752 1562 2003 1616 vicissitu-

413 1639 610 1706 dinem,
640 1652 687 1696 et
720 1646 1001 1701 novissima
1046 1647 1278 1717 subjecta
1334 1649 1404 1702 ad
1432 1651 1704 1704 meliorum
1737 1660 1785 1705 et
1814 1666 1995 1717 super-

411 1731 700 1800 positorum
732 1737 1136 1791 conversionem.

632 1847 890 1918 Ejusdem
930 1868 996 1906 ea:
1031 1854 1217 1909 iisdem
1254 1857 1525 1912 amatoriis
1552 1858 1780 1928 hymnis.

489 1957 752 2026 Quoniam
788 1980 855 2019 ea:
881 1983 987 2021 uno
1011 1968 1201 2024 multos
1233 1987 1439 2027 arnores
1472 1974 1849 2038 ordinavimus.
1881 1993 2004 2031 con-

411 2061 684 2120 sequenter
736 2054 1005 2123 diximus,
1055 2060 1238 2129 quales
1283 2064 1494 2132 quidem
1547 2081 1769 2131 eorum,
1810 2067 1901 2138 qui
1945 2069 2002 2123 in

410 2144 607 2199 mundo
635 2157 777 2212 sunt,
807 2158 856 2204 et
885 2154 1371 2220 supermundalium
1395 2173 1634 2212 amorum
1669 2170 1718 2213 et
1751 2161 2007 2217 scientiae

411 2244 459 2289 et
487 2236 722 2303 virtutes,
743 2257 872 2311 quos
904 2246 1287 2312 superemineat
1309 2250 1596 2303 secundum
1628 2249 1887 2305 redditam
1915 2266 2005 2305 ra-

414 2328 571 2384 tionis
618 2334 1043 2403 speculationem,
1090 2339 1521 2395 intellectualium
1558 2351 1607 2396 et
1667 2342 2005 2398 invisibilium

416 2433 654 2474 morum
683 2425 893 2478 ordines
927 2436 974 2479 et
998 2427 1383 2497 dispositiones,
1419 2441 1534 2501 post
1566 2449 1694 2501 quos
1719 2450 1811 2504 per
1836 2450 1891 2487 se
1915 2435 2003 2489 in-

416 2507 728 2579 telligentes,
760 2523 808 2568 et
834 2515 880 2569 si
903 2518 993 2586 qui
1023 2535 1134 2574 vere
1164 2521 1236 2574 ibi
1271 2522 1419 2577 bonis
1449 2525 1716 2580 amoribus
1751 2540 2011 2598 superap-'

414 2609 620 2668 parent,
634 2612 682 2656 et
695 2603 958 2674 ,hymnunt
977 2611 1188 2678 proprie
1206 2612 1534 2682 hymnizant.
1565 2615 1631 2669 Et
1654 2632 1792 2671 nunc
1813 2619 2004 2673 iterum

413 2691 719 2760 recipientes
772 2713 948 2752 omnes
976 2700 1033 2753 in
1073 2718 1236 2757 unum
1269 2715 1320 2759 et
1366 2706 1695 2777 complictum
1749 2727 1999 2778 amorem,

350 2806 351 2809 η
418 2786 470 2834 et
514 2783 748 2837 omnium
796 2786 1030 2856 ipsorum
1089 2803 1290 2862 patrem
1344 2797 1707 2854 convolvamus
1748 2801 1908 2856 simul
1953 2810 2002 2856 et

417 2887 786 2944 congregemur:
814 2895 882 2933 ea:
904 2880 1105 2945 multis.
1133 2887 1303 2953 primo
1329 2887 1384 2943 in
1404 2889 1541 2944 duas
1561 2892 2003 2960 comprehenden-

417 2971 493 3018 tes
515 2982 634 3021 eum
659 2981 947 3028 amatorias
979 2978 1344 3034 unwersaliter
1362 2984 1609 3048 virtutes,
1654 3001 1879 3056 quarum
1912 2991 2002 3055 p04

417 3064 651 3114 tentatur
684 3072 733 3116 et
761 3066 1088 3136 principatur
1106 3072 1318 3127 omnino
1356 3090 1420 3129 ea:
1452 3075 1683 3130 omnium
1709 3079 2008 3133 summitate

418 3149 589 3204 omnis
620 3156 818 3209 amoris
845 3156 1283 3217 immensurabilis
1315 3181 1507 3231 causa,
1548 3180 1594 3222 et
1631 3168 1699 3223 ad
1727 3186 1884 3241 quam
1921 3185 2007 3226 ea:-

417 3240 649 3295 tenditur
682 3248 1098 3305 eonnaturaliter
1123 3254 1403 3327 unicuique
1439 3259 1768 3315 eminentium
1808 3260 1872 3315 ab
1901 3261 2009 3316 exi-

414 3331 672 3388 stentibus
698 3337 939 3393 omnibus
965 3342 1279 3401 universalis
1302 3364 1471 3403 amor.

641 3465 895 3537 Ejusdem
927 3489 992 3527 ea:
1026 3475 1211 3551 iisdem
1245 3479 1521 3535 amatoriis
1555 3482 1782 3552 hymnis.

487 3575 595 3646 Age
639 3595 778 3633 nunc
821 3592 869 3636 et
911 3584 1009 3639 has
1059 3588 1247 3642 iterum
1298 3592 1354 3646 in
1405 3610 1563 3648 unum
1615 3607 2003 3668 congregantes,

415 3664 677 3733 dicamus,
713 3672 837 3739 quia
910 3691 1015 3730 una
1069 3681 1327 3747 quaedam
1380 3693 1456 3737 est
1516 3664 1737 3756 simplea'
1799 3664 2010 3759 virtus,

418 3760 642 3827 seipsam
667 3778 872 3818 movens
901 3768 971 3820 ad
1001 3770 1254 3825 unitivam
1269 3775 1551 3844 quamdam
1584 3780 2005 3848 temperantiam,

419 3863 487 3902 ea:
533 3852 725 3918 optimo
770 3870 930 3927 usque
974 3860 1300 3917 existentrum
1346 3865 1708 3933 novissimum,
1739 3878 1787 3922 et
1817 3870 1882 3923 ab
1912 3869 2005 3926 illo

419 3940 608 3997 iterum
655 3959 1023 4018 consequenter
1061 3969 1154 4020 per
1207 3957 1382 4011 omnia
1438 3974 1601 4029 usque
1642 3961 1896 4029 optimum
1939 3977 2007 4015 ea:

416 4033 607 4101 seipsa,
661 4044 709 4089 et
755 4053 849 4107 per
876 4040 1117 4110 seipsam,
1159 4055 1207 4098 et
1254 4047 1322 4099 ad
1380 4047 1605 4117 seipsam
1650 4051 1877 4118 seipsam
1916 4067 2004 4105 re-

416 4124 641 4193 volvens,
699 4138 750 4183 et
814 4131 870 4184 in
927 4135 1154 4204 seipsam
1210 4152 1413 4206 semper
1462 4137 1644 4192 eodem
1716 4139 1871 4193 modo
1925 4156 2010 4195 re-

417 4215 616 4273 voluta.

410 4362 413 4365 ,
486 4307 556 4362 Ει
579 4311 798 4381 quidem
843 4313 1042 4371 dixerit
1088 4316 1251 4387 quis:
1282 4316 1341 4373 Si
1382 4318 1635 4376 omnibus
1672 4317 1773 4375 est'
1803 4319 2005 4376 bonum

419 4407 475 4454 et
501 4403 762 4472 optimum
789 4409 1039 4475 amabile,
1058 4420 1112 4465 ct
1137 4410 1205 4465 ad
1228 4412 1488 4482 seipsum,
1504 4412 2005 4484 etdilectum—ap-

418 4492 554 4564 petit
598 4495 744 4552 enim
774 4497 945 4569 ipsum
1000 4509 1055 4558 et
1083 4503 1224 4573 quod
1250 4518 1357 4557 non
1380 4512 1485 4569 est,
1511 4513 1571 4558 ut
1596 4503 1799 4559 dictum
1823 4513 1921 4566 est,
1950 4512 2006 4561 et
2044 4526 2049 4529 ι

2105 584 2172 641 Ει
2201 585 2472 655 quomodo
2496 585 2732 655 optimus
2760 586 2936 656 ipsum
2967 586 3234 643 adducere
3259 585 3525 642 voluerit?
3551 588 3695 656 Quo-

2104 675 2266 731 modo
2313 684 2492 730 autem
2537 674 2725 733 volens
2768 676 3041 747 potuerit?
3081 677 3149 732 Et
3175 677 3222 732 si
3265 691 3331 732 ex
3379 676 3484 733 alia
3529 693 3695 733 causa

2105 766 2329 831 malum,
2375 781 2517 838 quae
2567 765 2735 822 altera
2772 768 3134 824 existentibus
3171 777 3387 840 praeter
3431 768 3694 839 optimum

2104 854 2300 909 causa?
2325 853 2604 922 Quomodo
2632 864 2812 911 autem
2829 865 2907 924 et,
2924 857 3263 928 providentia
3288 857 3581 923 existente,
3610 865 3694 913 est

2108 947 2307 1002 malum
2345 956 2440 1002 aut
2490 948 2691 1004 factum
2725 951 2970 1017 omnino,
3009 959 3105 1006 aut
3137 966 3247 1008 non
3273 950 3698 1023 interemptum?

2108 1036 2173 1094 Et
2197 1039 2464 1108 quomodo
2493 1040 2697 1112 appetit
2716 1041 2847 1112 quid
2865 1042 3246 1099 existentium‘
3264 1043 3447 1114 ipsum
3472 1052 3693 1113 praeter

2104 1128 2407 1199 Optimum?

2174 1219 2322 1275 Haec
2349 1218 2563 1290 quidem
2590 1234 2721 1293 ergo
2768 1234 2939 1292 aeque
2964 1220 3114 1277 dicit.
3169 1220 3316 1278 Talis
3360 1231 3540 1280 autem
3571 1238 3699 1280 cae-

2104 1326 2290 1368 corum
2342 1313 2501 1368 ratio.
2553 1312 2660 1370 Nos
2708 1328 2841 1369 vero
2886 1313 3233 1384 dignabimur
3283 1318 3421 1385 apud
3476 1331 3598 1372 eum
3639 1316 3695 1370 in
3764 1328 3769 1335 ‘

2105 1418 2284 1458 rerum
2312 1404 2597 1458 veritatem
2643 1405 2930 1473 respicere.
2983 1404 3052 1459 Et
3085 1403 3318 1474 primum
3344 1405 3563 1475 quidem
3594 1406 3699 1460 hoc

2103 1491 2284 1548 dicere
2309 1493 2647 1550 conﬁdemus
2678 1513 2692 1548 :
2724 1494 2919 1549 Malum
2959 1511 3067 1550 non
3088 1502 3173 1550 est
3199 1509 3266 1549 ex
3306 1496 3531 1566 optimo,
3568 1505 3621 1550 et
3650 1496 3697 1551 si

2103 1600 2168 1641 ex
2198 1585 2403 1655 optimo
2438 1594 2542 1651 est,
2572 1601 2678 1643 non
2709 1586 2931 1642 malum.
2982 1586 3169 1657 Neque
3217 1587 3361 1643 enim
3420 1588 3558 1659 ignis
3597 1586 3695 1642 fri-

2101 1675 2263 1748 gere',
2312 1691 2487 1749 neque
2535 1678 2724 1749 optimi
2789 1694 2895 1734 non
2938 1679 3142 1749 optima
3198 1680 3488 1739 adducere.
3540 1680 3607 1735 Et
3651 1680 3698 1736 si

2100 1770 2390 1825 existentia
2422 1769 2606 1825 omnia
2639 1786 2706 1825 ex
2757 1771 3228 1841 optimo—natura
3258 1771 3402 1826 enim
3451 1770 3656 1842 optimo
3678 1809 3698 1837 ,

2025 1861 2075 1921 B
2101 1860 2373 1914 adducere
2399 1867 2454 1914 et
2480 1858 2716 1926 salvare,
2750 1860 2892 1916 malo
2920 1875 3047 1917 vero
3078 1876 3431 1932 corrumpere
3484 1870 3538 1916 et
3570 1876 3698 1932 per-

2106 1946 2453 2006 dere—nihil
2465 1960 2549 2007 est
2575 1952 2927 2008 existentium
2955 1969 3022 2007 ex
3055 1952 3222 2019 malo,
3247 1963 3303 2006 et
3321 1968 3496 2023 neque
3520 1954 3697 2023 ipsum

2103 2042 2211 2097 erit
2236 2041 2457 2096 malum.
2486 2042 2544 2105 Si
2591 2043 2808 2112 quidem
2857 2054 2912 2097 et
2942 2043 3152 2113 sibiipsi
3196 2043 3398 2098 malum
3446 2042 3535 2106 sit,
3567 2050 3622 2096 ct
3650 2038 3701 2117 si

2104 2147 2212 2189 non
2244 2133 2368 2199 hoc,
2401 2148 2507 2188 non
2534 2133 2756 2187 omnino
2785 2132 2986 2187 malum
3017 2136 3124 2188 erit
3149 2132 3373 2199 malum,
3406 2134 3504 2191 sed
3534 2133 3699 2201 habet

2104 2223 2378 2293 quandam
2424 2223 2615 2293 optimi
2640 2264 2655 2288 ,
2688 2223 2985 2279 secundum
3009 2238 3171 2293 quam
3198 2223 3419 2281 omnino
3443 2231 3547 2292 est,
3575 2210 3700 2294 part-

2109 2324 2238 2370 tem.
2273 2315 2339 2369 Et
2369 2313 2413 2369 si
2461 2314 2750 2369 existentia
2797 2315 2997 2371 bonum
3036 2325 3091 2370 et
3118 2315 3382 2385 optimum
3413 2323 3699 2386 appetunt,

2105 2414 2162 2461 et
2185 2406 2365 2461 omnia
2381 2418 2731 2475 quaecunque
2757 2403 2979 2471 faciunt,
2996 2420 3093 2475 per
3116 2404 3414 2476 inspectum
3432 2404 3698 2475 optimum

2107 2496 2314 2553 faciunt
2371 2515 2384 2551 :
2439 2506 2495 2553 et
2549 2497 2726 2552 omnis
2752 2497 3097 2553 existentium
3146 2498 3445 2569 speculatio
3496 2497 3697 2567 princi-

2106 2589 2255 2660 pium
2290 2589 2453 2644 habet
2477 2595 2533 2640 et
2556 2586 2735 2662 linem,
2762 2588 3276 2658 optimum—neque
3309 2588 3456 2644 enim
3489 2588 3542 2647 in
3568 2586 3695 2642 mali
3752 2594 3759 2637 ῐ

2107 2688 2353 2735 naturam
2393 2676 2685 2746 respiciens
2729 2675 2860 2731 facit
2883 2690 3023 2746 quae
3064 2675 3279 2732 facit—
3297 2674 3565 2746 quomodo
3596 2674 3701 2730 erit
3760 2702 3769 2753 χ

2107 2769 2307 2824 malum
2347 2768 2401 2822 in
2444 2767 2820 2831 existentibus,
2864 2775 2957 2821 aut
2981 2766 3202 2823 omnino
3246 2763 3301 2823 ὅν
3325 2806 3341 2832 ,
3376 2765 3464 2819 tali
3491 2764 3697 2836 optimo

2109 2844 2377 2915 desiderio
2423 2858 2735 2913 desertum?
2805 2857 2871 2913 Et
2933 2858 2978 2914 si
3036 2858 3324 2913 existentia
3394 2855 3577 2911 omnia
3629 2869 3699 2910 ex

2107 2951 2335 3019 optimo,
2388 2956 2441 3004 et
2489 2949 2750 3019 optimum
2800 2947 3086 3004 summitas
3163 2946 3553 3012 existentium,
3611 2953 3698 3001 est

2109 3043 2326 3114 quidem
2351 3042 2402 3095 in
2428 3041 2655 3115 optimo,
2685 3050 2740 3096 et
2769 3041 2910 3111 quod
2940 3055 3045 3096 non
3069 3038 3144 3105 ἕν,
3170 3036 3256 3106 ὃν;
3290 3038 3489 3093 malum
3517 3046 3697 3093 autem

2110 3149 2285 3204 neque
2313 3131 2367 3188 ὂν
2392 3142 2493 3186 est.
2511 3131 2568 3187 Si
2586 3142 2766 3186 autem
2781 3146 2907 3197 non,
2926 3146 3033 3186 non
3050 3131 3273 3187 omnino
3286 3129 3507 3195 malum,
3526 3140 3700 3199 neque

2033 3222 2079 3285 C
2111 3240 2217 3281 non
2240 3221 2315 3280 ὄν.
2340 3223 2553 3279 Nullum
2575 3224 2717 3280 enim
2738 3223 2845 3279 erit
2876 3221 3260 3280 universaliter
3282 3210 3390 3279 non
3414 3218 3487 3286 ὅν,
3513 3220 3616 3275 nisi
3643 3220 3701 3277 in

2110 3317 2313 3388 optimo
2347 3316 2667 3372 secundum
2691 3314 3148 3386 superessentiale
3172 3314 3372 3369 dicitur
3425 3315 3551 3370 hoc.
3580 3312 3701 3372 Erit

2109 3408 2275 3478 igitur
2303 3408 2565 3478 optimum
2612 3406 2929 3478 simpliciter
2974 3415 3030 3461 et
3054 3405 3324 3462 existente
3361 3414 3417 3461 et
3449 3420 3552 3460 non
3578 3403 3698 3459 exi-

2107 3506 2284 3554 stente
2332 3498 2501 3554 multo
2549 3499 2701 3568 prius
2744 3497 3251 3568 supercollocatum.
3322 3496 3523 3552 Malum
3570 3508 3702 3551 vero

2108 3607 2283 3663 neque
2307 3594 2361 3649 in
2384 3593 2676 3657 essentiali,
2711 3608 2884 3663 neque
2907 3592 2963 3648 in
2992 3609 3102 3649 non
3127 3590 3507 3656 existentibus,
3529 3588 3624 3645 sed
3644 3593 3704 3644 et

2110 3686 2228 3756 ipso
2281 3702 2385 3742 non
2436 3687 2706 3744 existente
2769 3686 2941 3759 magis
2992 3684 3163 3763 distat
3227 3683 3433 3755 optimo
3483 3688 3539 3738 ct
3589 3694 3699 3737 non

2110 3776 2476 3834 essentialius.
3556 3764 3561 3769 ’

2182 3862 2337 3919 Unde
2381 3879 2512 3935 ergo
2533 3872 2618 3920 est
2645 3862 2869 3929 malum,
2900 3864 3106 3937 diceret
3131 3862 3273 3934 quis.
3324 3860 3382 3919 Si
3415 3861 3560 3918 enim
3591 3872 3703 3917 non

2111 3962 2196 4009 est
2225 3955 2447 4020 malum,
2494 3955 2667 4009 virtus
2713 3963 2770 4009 et
2812 3953 3019 4008 malitia
3067 3954 3247 4018 idem,
3302 3960 3357 4007 et
3405 3959 3499 4006 aut
3526 3949 3705 4006 omnis

2110 4045 2258 4101 omni
2283 4052 2337 4098 et
2363 4052 2460 4098 aut
2489 4045 2542 4099 in
2560 4042 2802 4113 partibili
2830 4041 3217 4108 corrationale;
3247 4050 3343 4096 aut
3368 4056 3553 4112 neque
3588 4039 3702 4094 vir-

2110 4138 2211 4193 tuti
2262 4150 2511 4207 pugnans
2558 4135 2667 4191 erit
2715 4132 2937 4189 malum.
2990 4132 3059 4190 Et
3102 4132 3319 4202 quidem
3369 4131 3704 4187 contrarium

2090 4227 2468 4302 temperantia
2494 4235 2550 4283 et
2575 4225 3013 4295 intemperantia,
3039 4221 3311 4293 etjustitia
3337 4231 3397 4277 et
3419 4220 3703 4290 injustitia.

2088 4318 2181 4387 ,Ει
2210 4312 2386 4387 neque
2412 4316 2611 4372 alicubi
2639 4314 2937 4372 secundum
2963 4315 3174 4387 justum
3201 4321 3257 4367 et
3277 4310 3534 4381 injustum
3559 4310 3704 4378 dico,

2086 4416 2164 4469 et
2192 4413 2581 4477 temperantem
2611 4413 2665 4461 et
2688 4404 3159 4474 intemperantem,
3187 4399 3281 4457 sed
3306 4409 3362 4455 et
3407 4410 3532 4455 ante
3570 4397 3706 4455 foris

2111 4495 2517 4553 manifestatam
2535 4492 2673 4565 eius,
2689 4493 2779 4564 qui
2810 4502 2894 4549 est
2927 4495 2979 4549 in
2994 4493 3217 4558 virtute,
3246 4491 3314 4547 ad
3345 4499 3534 4548 contra
3557 4486 3704 4561 posi-

416 4586 695 4644 conlendit
738 4592 1009 4660 Quomodo
1044 4592 1096 4647 in
1127 4592 1244 4663 ipso
1272 4610 1415 4661 esse,
1464 4604 1517 4649 et
1547 4596 1747 4670 ipsum
1772 4604 1857 4652 est
1886 4595 2001 4652 for-
2032 4583 2080 4643 D
2109 4598 2220 4645 tum
2244 4588 2643 4651 distantiam,in
2665 4586 2779 4655 ipsa
2805 4584 2973 4641 multo
2998 4584 3152 4656 prius
3177 4583 3358 4639 anima
3383 4578 3706 4639 universali-

416 4675 655 4730 milicnm
671 4686 729 4732 et
752 4679 1083 4749 informinm,
1099 4692 1153 4736 et
1180 4681 1232 4737 in
1255 4683 1394 4753 ipso,
1410 4691 1465 4738 et
1488 4684 1631 4753 quod
1659 4699 1766 4739 non
1781 4693 1886 4748 est,
1910 4699 2002 4739 su—

414 4768 880 4835 peressentialiter
904 4772 1171 4829 dicituret
1192 4777 1619 4848 est—quomodo
1647 4776 1962 4831 daemonica
1979 4783 2004 4816 ³

2105 4690 2189 4737 ter
2210 4680 2536 4737 distctcrunt
2563 4676 2852 4732 virtutibus
2867 4676 3124 4742 malitiae,
3139 4683 3194 4730 et
3209 4674 3406 4730 nationi
3424 4673 3708 4744 passiones

2106 4770 2458 4835 insidiantur,
2501 4779 2557 4823 et
2594 4784 2660 4823 ex
2693 4767 2780 4823 his
2806 4767 3176 4824 necessarium
3206 4763 3363 4831 dare,
3390 4764 3537 4835 quod
3561 4764 3706 4821 bono

419 4859 706 4916 multitudo
730 4879 838 4918 non
867 4867 1074 4935 appetit
1102 4867 1302 4922 bonum
1330 4875 1384 4921 et
1410 4868 1704 4937 optimum,
1751 4868 2005 4926 admate-
2106 4861 2310 4918 malum
2340 4861 2696 4915 οοιιινδνὶυιηο
2736 4858 2852 4913 Νοιι
2884 4859 3028 4914 θηῖηι
3060 4858 3162 4914 Sibi
3186 4858 3287 4928 ίβδί
3332 4856 3532 4911 bonum
3575 4868 3708 4910 mn"

418 4947 567 5004 rialis
625 4968 752 5008 vero
806 4957 1045 5013 cxistcns
1076 4997 1091 5023 ,
1148 4965 1200 5012 et
1249 4957 1489 5027 angelica
1523 4941 1666 5029 erga
1713 4961 2009 5032 appetitum
2110 4953 2361 5018 trarium,
2393 4952 2486 5007 sed
2514 4950 2655 5006 sicut
2678 4949 2747 5004 ab
2783 4964 2892 5005 uno
2916 4948 3184 5019 principio
3209 4954 3265 5002 et
3290 4961 3399 5000 uno
3428 4947 3707 5016 egenitum

421 5040 612 5106 optimi
651 5044 947 5101 stabilitate
1006 5048 1288 5115 recidens,
1339 5047 1495 5102 malis
1541 5047 1793 5105 omnibus
1846 5061 2015 5105 causa
2113 5044 2338 5110 causali,
2369 5043 2626 5099 societate
2671 5049 2725 5097 et
2753 5040 2959 5094 unitate
3003 5047 3059 5093 et
3107 5039 3348 5093 amicitia
3399 5036 3613 5109 gaudet»
3642 5033 3711 5090 Et

423 5137 478 5185 et
505 5129 611 5189 sibi
646 5133 747 5202 ipsi
793 5145 848 5191 et
875 5138 1014 5207 aliis,
1055 5154 1410 5211 quaecunque
1437 5139 1718 5203 vitiantur,
1769 5140 2004 5198 dicitur?
2112 5153 2291 5210 neque
2360 5135 2578 5191 minus“
2602 5135 2802 5189 bonum
2871 5130 3062 5201 majori
3127 5131 3458 5186 contrarium
3491 5147 3504 5182 :
3534 5140 3710 5196 neque

404 5218 705 5289 Quomodo
775 5236 957 5283 autem
1045 5231 1265 5287 omnino
1335 5245 1400 5284 ex
1465 5230 1670 5300 optimo
1723 5238 2010 5301 aggravata
2085 5227 2261 5287 enim
2311 5228 2488 5284 minus
2517 5226 2748 5282 calidum
2787 5232 2879 5278 ant
2921 5221 3175 5294 frigidum
3221 5220 3453 5292 plurimo
3495 5226 3708 5275 contra.

400 5314 738 5391 daemonica
761 5318 783 5351 ³
828 5336 963 5389 gens
1001 5338 1106 5377 non
1137 5331 1222 5377 est
1261 5302 1575 5378 deiformis?
1602 5322 1709 5377 Aut
1742 5324 2011 5393 quomodo
2119 5318 2280 5372 rium.
2314 5317 2409 5371 Est
2437 5331 2566 5384 ergo
2598 5314 2651 5368 in
2677 5311 3059 5378 existentibus,
3089 5318 3143 5366 et
3164 5305 3341 5374 inest,
3370 5318 3426 5364 et
3463 5305 3697 5380 opponi-

420 5405 688 5477 optimum
720 5425 787 5466 ex
827 5413 1032 5482 optimo
1075 5412 1273 5468 factum
1320 5422 1582 5468 mutatura
1626 5414 1743 5469 est?
1771 5414 1837 5469 Et
1882 5414 2012 5484 quid
2115 5416 2206 5462 tur
2256 5407 2397 5462 bono
2436 5405 2655 5459 malum.
2698 5401 2765 5456 Et
2811 5401 2858 5456 si
2888 5401 3167 5472 corruptio
3202 5409 3286 5456 est
3330 5399 3709 5463 existentium,

424 5494 639 5554 vitiavit
677 5499 894 5571 ipsum?
938 5501 1005 5559 Et
1032 5503 1252 5561 omnino
1282 5505 1411 5577 quid
1441 5504 1640 5561 malum
1686 5505 1804 5563 est?
1848 5504 1916 5560 Et
1942 5518 2011 5560 ex
2070 5572 2073 5575 _
2117 5514 2226 5556 non
2253 5496 2473 5569 expellit
2500 5494 2603 5551 hoc
2626 5508 2746 5550 esse
2776 5496 3000 5559 malum,
3030 5492 3126 5548 sed
3171 5492 3277 5547 erit
3309 5500 3363 5547 et
3394 5490 3510 5546 hoc
3538 5484 3627 5554 is,
3652 5492 3715 5546 ei

1711 5651 1962 5710 vanus
1995 5604 2441 5708 LECTIONES.’

448 5828 459 5845 ρ
500 5771 518 5805 ί
545 5764 638 5821 ΑΕ
666 5768 1035 5845 intelligimus.
1076 5770 1096 5803 '
1169 5769 1213 5845 Α
1313 5768 1686 5845 daemonium,
1724 5768 1765 5823 E
1805 5763 2137 5845 daemonian
2208 5760 2231 5793 ⁸
2267 5757 2733 5845 A_daemoniq£q;
2774 5758 2817 5816 E
2842 5759 3142 5815 daemonia.

428 5828 459 5873 ⁸
483 5844 529 5893 et
566 5828 928 5909 quomodov—
952 5843 1286 5899 existentium
1315 5856 1423 5899 om.
1452 5838 1563 5896 ΒΗ.
1658 5828 1682 5872 δ
1720 5852 1913 5895 vanum
1939 5832 2137 5905 majori
2165 5859 2237 5887 -τ
2263 5831 2440 5885 minus
2467 5846 2577 5886 om.
2610 5828 2720 5884 BH.

3265 5756 3290 5792 ⁸
3327 5756 3418 5814 BH
3453 5754 3709 5815 subsistit'
