4142 6296
482 300 617 357 “59

480 509 680 576 ruptio,
711 507 869 578 hujus
901 507 958 561 iit
989 510 1288 578 generatio,
1316 521 1370 566 et
1394 512 1499 565 erit
1528 513 1723 566 malum
1752 512 1805 567 in
1836 512 2056 568 univer-

478 598 657 651 sitatis
703 597 1087 668 plenitudinem
1155 602 1575 670 comperit-ctum
1613 644 1627 668 ,
1694 615 1747 658 et
1808 605 2059 658 universo

479 687 737 754 numquid
770 685 1140 756 imperfectum
1191 705 1312 746 esse
1358 692 1501 762 quod
1548 702 1766 764 propter
1823 697 2059 765 scipsum

479 777 816 845 praestitum.

554 864 691 919 Dicit
718 876 898 921 autem
954 868 1020 923 ad
1046 869 1182 925 bace
1213 885 1342 925 vera
1391 874 1548 939 ratio,
1584 875 1707 945 quia
1736 875 1933 931 malum
1959 918 1973 941 ,
2014 881 2059 932 si

481 954 701 1019 malum,
731 957 931 1012 nullam
978 962 1268 1016 essentiam
1317 972 1408 1016 aut
1460 969 1860 1035 generationem
1911 966 2058 1034 facit,

481 1042 656 1098 solum
703 1062 835 1104 vero
866 1048 1021 1104 vitiat
1047 1060 1103 1106 et
1130 1054 1450 1123 corrumpit,
1495 1066 1754 1126 quantum
1789 1060 1839 1111 in
1886 1073 1966 1124 se,
2009 1067 2064 1114 et

480 1137 827 1195 existentium
859 1145 1236 1200 substantiam.
1295 1147 1349 1202 Si
1404 1159 1581 1204 autem
1614 1152 1897 1221 genilicum
1942 1154 2064 1224 quis

480 1226 528 1279 ei
560 1242 681 1283 esse
709 1230 876 1299 dicat,
905 1240 962 1287 et
997 1234 1153 1303 hujus
1180 1239 1527 1307 corruptione
1551 1239 1702 1294 alteri
1750 1243 1877 1295 dare
1905 1258 2063 1313 gene-

480 1317 768 1384 rationem,
788 1324 1219 1392 respondendum
1241 1342 1385 1392 vere,
1411 1331 1666 1399 numquid
1690 1343 2061 1403 corrumpunt,

480 1422 620 1477 quae
652 1410 781 1465 dant
827 1416 1269 1483 generationem?
1313 1419 1418 1475 Sed
1456 1423 1731 1492 corruptio
1770 1424 1983 1493 quidem
2013 1434 2064 1479 et

483 1497 701 1563 malum,
753 1506 1047 1573 corrumpit
1090 1516 1144 1561 et
1168 1509 1319 1564 vitiat
1365 1518 1569 1564 tantum
1599 1530 1610 1565 :
1640 1515 1913 1584 generatio
1938 1529 2064 1570 vero

479 1595 533 1642 et
577 1591 809 1647 essentia
864 1608 959 1665 per
995 1598 1191 1654 bonum
1250 1603 1402 1657 iiunt.
1449 1600 1514 1657 Et
1550 1606 1655 1658 erit
1702 1610 1898 1660 malum
1947 1624 2066 1661 cor-

481 1682 662 1748 ruptio
706 1684 922 1752 quidem
955 1702 1051 1756 per
1076 1692 1343 1759 seipsum,
1376 1694 1664 1763 geniiieum
1698 1710 1824 1752 vero
1854 1713 1949 1767 per
1974 1698 2066 1752 bn-

1837 307 2120 366 JOANNIS
2156 309 2350 366 SCOTI

474 415 819 471 cxistenlium
852 418 1178 487 gigniilcum.
1224 417 1330 473 Aut
1374 406 1479 475 non
1528 434 1689 493 saepe
1733 416 1892 492 hujus
1939 438 2057 478 cor-
2088 424 2135 482 Δ
2162 419 2370 476 leiicata
2416 439 2430 474 :

3600 301 3756 361 1140

2500 427 2556 476 et
2598 418 2935 490 relinquente
2982 434 3044 476 ea
3091 418 3363 476 caliditate
3403 428 3458 474 et
3501 418 3645 473 vitae
3690 426 3758 471 et

2112 522 2119 525 ’
2156 514 2354 569 mentis
2394 513 2561 569 multa
2584 514 2930 569 existentium
2969 515 3231 583 expertia,
3256 521 3310 567 et
3338 511 3573 567 essentia
3607 522 3758 565 usus

2157 604 2455 670 exaltatur,
2499 615 2555 660 et
2598 615 2684 661 est
2739 605 3282 675 superessentialiter.
3310 603 3377 659 Et
3424 602 3757 672 simpliciter

2158 698 2385 752 aliarum
2416 698 2632 767 quidem
2663 697 2823 753 simul
2868 698 3111 752 omnium
3157 697 3392 753 abeunte
3425 697 3570 765 ipsa,
3601 706 3757 763 quae

2158 804 2263 843 non
2291 798 2373 843 est
2411 789 2913 860 ingenita,'omnino
2962 788 3274 842 habitudine
3301 795 3427 841 sunt
3455 783 3753 840 existentia

2158 888 2213 934 et
2225 880 2516 935 subsistere
2528 890 2756 950 possunt
2781 879 2822 933 ⁸.
2854 878 3006 947 Quod
3022 894 3150 934 vero
3167 893 3263 949 per
3287 892 3506 933 omnem
3522 876 3752 930 modum

2158 968 2301 1025 bono
2328 971 2617 1039 privatum,
2641 984 2932 1040 numquam
2978 985 3243 1038 nusquam
3269 984 3368 1023 nec
3388 979 3531 1033 erat,
3570 982 3757 1036 neque

2160 1066 2263 1120 est,
2298 1073 2471 1129 neque
2492 1058 2619 1122 erit,
2642 1073 2815 1128 neque
2841 1073 2961 1113 esse
2981 1066 3180 1130 potest.
3213 1056 3385 1124 Quale
3407 1065 3492 1110 est
3513 1056 3757 1110 inconti-

2159 1163 2314 1204 nens.
2348 1150 2460 1203 Etsi
2500 1148 2747 1220 privetur
2775 1151 2914 1205 bono
2960 1148 3111 1218 juxta
3162 1149 3589 1205 irrationabilein
3616 1164 3751 1202 con-

2162 1241 2569 1309 cupiseentiam,
2621 1240 2674 1295 in
2735 1241 2837 1296 hoc
2887 1241 3104 1312 quidem
3159 1256 3332 1311 neque
3390 1248 3511 1305 est,
3571 1253 3756 1308 neque

2160 1330 2445 1386 existentia
2512 1332 2884 1401 concupiscit,
2941 1332 3259 1402 participat
3307 1339 3484 1385 tamen
3548 1331 3755 1383 bonum

2163 1422 2458 1475 secundum
2484 1422 2653 1489 ipsam
2680 1421 2904 1475 unitatis
2929 1432 2981 1475 et
3004 1422 3279 1475 amicitiae
3304 1421 3589 1474 obscuram
3619 1434 3760 1471 con-

2165 1510 2491 1566 sonantium.
2526 1509 2590 1564 Et
2622 1510 2779 1565 furor
2821 1510 3105 1580 participat
3153 1511 3375 1575 bonum,
3426 1523 3521 1578 per
3548 1523 3607 1564 se
3638 1523 3757 1562 mo-

2166 1602 2337 1655 vemlo
2391 1610 2444 1655 et
2494 1601 2792 1672 appetendo
2835 1600 3126 1671 opinabiiia
3175 1600 3313 1654 maia
3370 1599 3437 1654 ad
3480 1598 3754 1670 opinabile

2170 1694 2365 1747 bonum
2408 1694 2614 1762 erigere
2643 1702 2696 1749 et
2733 1702 3063 1748 convertere.
3100 1692 3162 1748 Et
3193 1694 3303 1762 ipse
3330 1691 3589 1747 certantis
3610 1691 3752 1745 vitae

480 1784 629 1825 mnu.
668 1773 737 1828 Et
769 1775 813 1830 si
847 1776 1061 1839 quidem
1120 1783 1340 1848 malum,
1396 1800 1569 1856 neque
1613 1781 1686 1851 ὃν,
1735 1802 1911 1856 neque
1955 1789 2066 1843 exi-
2097 1775 2141 1835 Β
2169 1795 2448 1852 appetens,
2474 1793 2728 1853 tauquam
2756 1785 2951 1839 totius‘
2978 1785 3410 1855 vitaeappetens,
3434 1783 3748 1855 etegregiae

481 1866 737 1921 stantium
794 1866 1074 1927 factivum.
1140 1873 1244 1929 Per
1300 1886 1479 1931 autem
1546 1876 1745 1932 bonum
1793 1888 1849 1934 et
1895 1877 2070 1945 anet

481 1954 683 2009 bunum
712 1953 801 2023 δν,
841 1970 897 2013 et
936 1960 1199 2018 bonorum
1238 1965 1513 2021 factivum.
1552 1966 1719 2037 Magis
1758 1976 1937 2022 autem
1971 1983 2066 2023 ne—

481 2054 587 2112 que
606 2038 749 2100 enim
772 2049 875 2104 erit
906 2052 1134 2121 idipsum
1165 2059 1459 2111 secundum
1517 2059 1752 2127 seipsum
1784 2068 1837 2113 et
1866 2060 2066 2114 bonum

482 2139 539 2186 et
592 2134 819 2201 malum,
870 2152 1044 2209 neque
1086 2138 1324 2208 ejusdem
1371 2148 1646 2218 corruptio
1691 2156 1744 2202 et
1793 2149 2070 2220 generatio

482 2224 683 2279 eadem
704 2229 999 2284 secundum
1035 2232 1264 2301 idipsum
1295 2235 1485 2302 virtus,
1514 2251 1687 2309 neque
1726 2240 1831 2294 boe
1876 2240 2065 2306 virtus,

482 2323 577 2403 aut
630 2316 731 2374 boc
786 2323 1082 2392 corruptio.
1130 2323 1307 2393 Ipsum
1348 2329 1563 2397 quidem
1610 2331 1809 2385 malum
1897 2348 2071 2403 neque

480 2402 570 2472 ὅν,
622 2420 800 2479 neque
846 2412 1067 2478 bonum,
1119 2430 1296 2485 neque
1329 2420 1674 2489 gigniiicum,
1730 2438 1905 2493 neque
1962 2402 2072 2480 exi-

482 2501 741 2554 stentium
792 2512 863 2557 et.
900 2502 1165 2561 bonorum
1210 2509 1487 2565 factivum.
1544 2513 1979 2572 Bonuinautem
2015 2517 2069 2573 in

489 2590 686 2659 quibus
723 2593 939 2662 quidem
964 2610 1177 2669 cunque
1209 2600 1225 2631 ί
1253 2603 1490 2671 perfecte
1522 2604 1683 2672 inest,
1728 2609 1960 2678 perfecta
1993 2609 2076 2663 fa-

481 2682 576 2749 cit,
602 2693 654 2738 et
674 2700 829 2755 pura,
859 2697 916 2744 et
936 2688 1141 2762 integra
1190 2695 1369 2748 omnia
1392 2697 1413 2727 ‘
1442 2697 1642 2766 Optima
1678 2712 1692 2753 :
1736 2700 1914 2755 minus
1945 2715 2072 2756 vero

484 2772 1079 2851 ipsum'participantia
1150 2792 1205 2839 et
1254 2784 1570 2856 imperfecta
1621 2798 1745 2845 sunt
1791 2793 1967 2858 bona,
2018 2802 2073 2848 et

488 2866 653 2922 mixta
691 2883 790 2938 per
827 2866 1095 2928 deiectum
1132 2874 1279 2929 boni.
1322 2875 1389 2931 Et
1434 2895 1537 2933 non
1587 2891 1669 2935 est
1700 2883 2075 2938 unive’rsaliter

489 2957 712 3023 malum,
742 2970 918 3030 neque
962 2960 1180 3029 bonum,
1213 2981 1388 3038 neque
1428 2970 1726 3027 beneﬁcum
1759 2992 1770 3027 :
1798 2974 1890 3029 sed
1930 2971 2073 3044 quod

489 3052 673 3135 magis
711 3061 805 3109 aut
831 3056 1011 3113 minus
1053 3052 1196 3115 bono
1224 3065 1550 3132 proximum,
1599 3070 2074 3137 proportionaliter

2167 1874 2269 1929 sibi
2323 1875 2592 1944 opinionis
2620 1917 2634 1941 ,
2684 1886 2738 1932 et
2782 1878 2883 1931 boc
2928 1885 3203 1948 appetere,
3255 1887 3311 1932 et
3359 1880 3426 1931 ad
3477 1878 3747 1947 egregiam

2169 1967 2331 2021 vitam
2365 1968 2656 2037 respicere,
2710 1970 3000 2040 participat
3046 1971 3269 2025 bonum.
3322 1969 3389 2023 Et
3438 1970 3482 2025 si
3528 1970 3749 2025 omnino

2168 2055 2366 2110 bonum
2411 2058 2829 2126 consumpseris,
2880 2074 3055 2128 neque
3104 2062 3339 2115 essentia
3392 2068 3513 2122 est,
3570 2073 3753 2127 neque

2168 2148 2318 2213 vita,
2370 2165 2543 2218 neque
2598 2152 3057 2221 concupiscentia,
3119 2166 3293 2220 neque
3332 2160 3523 2212 motus,
3567 2165 3748 2219 neque

2171 2240 2312 2296 aliud
2351 2241 2572 2311 aliquid.
2603 2242 2787 2312 Itaque
2817 2251 2871 2296 et
2902 2244 3013 2297 ﬁeri
3054 2259 3117 2297 ex
3150 2242 3485 2311 corruptione
3512 2257 3743 2313 genera-

2172 2331 2392 2397 tionem,
2427 2350 2531 2389 non
2578 2345 2660 2389 est
2709 2334 2835 2389 mali
2874 2335 3068 2399 virtus,
3110 2335 3203 2397 sed
3246 2334 3465 2389 minoris
3499 2333 3626 2389 boni
3652 2331 3752 2387 ad-

2169 2432 2383 2492 ventus,
2422 2434 2685 2495 quantum
2729 2434 2785 2479 et
2825 2425 3105 2496 aegritudo
3144 2424 3384 2479 deiectus
3421 2433 3507 2479 est
3546 2422 3758 2481 ordinil

2172 2533 2277 2573 non
2317 2519 2515 2573 omnis.
2569 2517 2623 2572 Si
2668 2518 2814 2572 enim
2865 2519 2968 2581 boe
3018 2517 3205 2582 ﬁeret,
3257 2530 3433 2585 neque
3475 2513 3756 2585 aegritudo

2171 2608 2283 2680 ipsa
2347 2609 2689 2665 subsisteret.
2761 2608 2940 2662 Manet
2996 2618 3174 2664 autem
3239 2615 3425 2662 etest
3475 2603 3757 2676 aegritudo

2170 2698 2457 2753 essentiam
2495 2699 2694 2753 habens
2731 2698 3011 2753 minimum
3046 2698 3314 2761 ordinem,
3360 2705 3413 2753 et
3448 2695 3505 2749 in
3530 2710 3590 2755 se
3633 2694 3757 2749 sui»

2172 2789 2437 2847 stitutum.
2471 2787 2623 2856 Quod
2659 2789 2804 2843 enim
2832 2790 3052 2845 omnino
3076 2804 3270 2858 expers
3300 2787 3451 2853 boni,
3480 2798 3654 2856 neque
3681 2781 3755 2850 iis,

2172 2895 2346 2949 neque
2392 2881 2444 2951 in
2502 2882 2902 2941 existentibus:
2946 2881 3103 2953 quod
3146 2890 3328 2937 autem
3371 2881 3626 2945 mixtum,
3657 2892 3756 2957 per

2171 2971 2370 3028 bonum
2400 2974 2452 3028 in
2492 2975 2867 3039 existentibus,
2905 2991 2968 3032 ac
3010 2990 3107 3045 per
3138 2974 3240 3033 boc
3280 2977 3335 3029 in
3374 2973 3760 3038 existentibus,

2173 3073 2225 3119 et
2254 3062 2327 3131 ὅν,
2367 3074 2627 3137 quantum
2675 3066 2874 3122 bonum
2903 3067 3210 3137 participat.
3238 3064 3406 3136 Magis
3430 3074 3616 3119 autem
3641 3062 3762 3118 exi-

489 3126 593 3198 t‘ril
639 3144 836 3203 bonum
867 3189 881 3214 ,
913 3150 1167 3223 quoniam
1209 3155 1425 3224 quidem
1458 3172 1571 3227 ipsa
1602 3126 1714 3228 per.
1763 3165 1942 3218 onmia
1984 3179 2070 3219 νο.
2098 3136 2145 3199 C
2177 3156 2369 3210 stentia
2399 3157 2576 3217 onmia
2607 3165 2811 3211 tantum
2836 3166 2993 3212 erunt
3018 3157 3186 3226 magis
3206 3166 3260 3212 et
3280 3157 3477 3221 minus,
3498 3164 3762 3224 quantum:

484 3232 659 3291 nlens'
708 3237 1099 3308 perfectissima
1150 3245 1386 3312 bonitas,
1432 3263 1538 3303 non
1586 3266 1754 3320 usque
1799 3254 1943 3309 solas
1974 3256 2073 3309 im-

487 3326 597 3397 plet
624 3327 828 3384 circum
851 3346 909 3386 se
935 3334 1156 3391 omnino
1179 3338 1413 3406 optimas
1442 3324 1730 3408 essentias,
1763 3346 2074 3401 extenditur

489 3429 668 3473 autem
715 3436 885 3493 usque
929 3424 1271 3494 novissimus,
1315 3430 1397 3484 bis
1436 3430 1649 3499 quidem
1700 3435 2075 3489 universaiiter

489 3507 800 3569 adveniens,
835 3512 920 3566 bis
942 3521 1119 3568 autem
1162 3516 1340 3571 minus
1385 3558 1400 3583 ,
1444 3518 1562 3573 aliis
1604 3536 1731 3575 vero
1763 3524 2070 3590 novissime,

488 3608 548 3651 ut
569 3590 987 3672 unumquodque
1010 3619 1127 3659 eam
1154 3608 1483 3678 participare
1505 3619 1681 3681 potest
1707 3612 2069 3671 existentiuin.

491 3688 559 3745 Et
606 3693 871 3760 quaedam
923 3695 1139 3765 quidem
1193 3699 1417 3754 omnino
1461 3701 1661 3758 bonum
1708 3706 2071 3776 participant,

490 3782 753 3852 quaedam
781 3799 908 3840 vero
950 3789 1121 3860 magis
1164 3798 1217 3844 et
1268 3791 1447 3846 minus
1473 3794 1779 3863 privamur,
1809 3799 2074 3865 quaedam

491 3872 671 3961 autem
717 3877 1086 3935 obscuriorem
1133 3880 1333 3937 habent
1384 3884 1506 3939 boni
1557 3886 2029 3958 participationem
2057 3934 2073 3961 ,

492 3977 545 4023 et
591 3960 709 4023 aliis
754 3972 1047 4027 secundum
1096 3974 1442 4030 novissimam
1487 3982 1893 4035 consonantiam
1927 3984 2078 4037 adest

490 4059 711 4115 bonum.
772 4057 830 4118 Si
885 4065 1029 4120 enim
1090 4081 1195 4123 non
1266 4071 1740 4142 proportionaliter
1791 4075 2079 4146 unicuique

490 4150 692 4209 bonum
729 4155 962 4223 adesset,
1012 4169 1195 4215 essent
1242 4160 1574 4218 divinissima
1624 4174 1679 4219 et
1723 4166 2077 4224 honorabilis-

491 4246 627 4302 sima
682 4246 1096 4306 novissimorum
1143 4254 1399 4309 habentia
1478 4253 1745 4310 ordinem.
1795 4257 2078 4324 Quomodo

492 4348 672 4395 autem
708 4349 763 4396 et
796 4352 939 4399 esset
966 4342 1243 4414 possibile,
1289 4345 1635 4401 uniformiter
1680 4349 1862 4402 omnia
1908 4350 2079 4420 parti-

489 4428 675 4502 cipare
703 4432 939 4490 bonum?
971 4432 1238 4508 Numquid
1284 4440 1461 4493 omnia
1497 4441 1782 4495 existentia
1830 4442 2081 4499 similiter

491 4518 544 4575 in
629 4523 985 4579 universaiem
1052 4526 1169 4597 ejus
1227 4529 1695 4601 participationem
1736 4537 2076 4603 opportuna?

490 4604 647 4668 Nunc
678 4625 856 4670 autem
906 4616 1043 4671 haec
1077 4628 1160 4673 est
1204 4619 1330 4674 boni
1382 4622 1595 4678 virtutis
1646 4626 2077 4695 superexccllens

493 4701 825 4775 magnitudo,
866 4706 992 4778 quia
1035 4717 1089 4763 et
1132 4711 1342 4780 privata
1391 4722 1444 4767 et
1479 4714 1673 4768 suimet
1717 4718 2071 4787 privationem

490 4811 652 4871 posse
698 4794 847 4865 facit,
898 4801 1193 4855 secundum
1246 4805 1385 4872 quod
1435 4806 1809 4864 universaliter
1861 4822 1943 4866 est
1992 4809 2074 4867 sui

490 4877 843 4960 participare.
891 4890 959 4947 Et
1001 4893 1044 4948 si
1093 4903 1303 4963 oportet
1356 4895 1514 4951 fidum
1557 4899 1735 4954 dicere
1773 4916 1981 4966 verum,
2019 4910 2075 4957 et

491 4983 787 5055 pugnantia
832 4985 882 5040 ei
912 5000 1006 5042 sua
1048 4988 1249 5044 virtute
1290 4999 1343 5044 et
1394 5001 1539 5057 sunt,
1568 5002 1622 5048 et
1680 5012 1915 5065 pugnare
1953 5011 2072 5066 pos-

492 5087 642 5146 sunt,
673 5080 845 5154 magis
869 5094 1068 5150 atttrm,
1100 5095 1157 5141 ut
1179 5090 1639 5157 comprehendens
1666 5092 1861 5154 dicam,
1894 5084 2071 5145 omnia

491 5171 778 5229 existentia
806 5214 822 5241 ,
866 5185 1124 5247 quantum
1168 5188 1333 5244 sunt,
1386 5190 1440 5234 et
1506 5183 1645 5236 bona
1678 5188 1825 5237 ‘suut
1851 5223 1864 5242 ,
1917 5191 1969 5236 et
2007 5170 2071 5236 ex

466 5322 471 5327 ,
491 5263 656 5330 bono;
676 5279 937 5334 quantum
961 5277 1141 5323 autem
1165 5269 1447 5339 privamur
1462 5272 1619 5335 bono,
1642 5266 1811 5341 neque
1839 5273 2075 5327 existen-

494 5356 568 5411 tia
595 5368 739 5424 suiit,
765 5375 937 5430 neque
958 5362 1113 5415 bona.
1150 5361 1206 5417 In
1232 5364 1446 5432 quidem
1469 5366 1613 5417 enim
1646 5363 1765 5418 aliis
1800 5364 2071 5419 habitudi-

513 5450 673 5523 tibtts,
700 5451 860 5523 quale
902 5462 986 5509 est
1015 5453 1305 5510 caliditatis
1336 5465 1429 5510 aut
1454 5455 1780 5525 frigiditatis,
1824 5463 1945 5509 sunt
1981 5472 2074 5511 ca-

2172 3246 2433 3316 optimum
2486 3248 2846 3317 participant:
2895 3248 3097 3305 etenim
3127 3248 3178 3303 in
3208 3249 3436 3305 essendo
3477 3262 3576 3318 per
3606 3247 3754 3318 seip-

2173 3355 2310 3403 sum,
2343 3356 2612 3409 nunquam
2652 3356 2914 3409 nusquam
2945 3339 3023 3405 ὅν,
3054 3356 3228 3410 neque
3250 3342 3375 3396 erit.
3402 3339 3516 3397 Hoc
3539 3340 3756 3402 autem!

2174 3428 2243 3484 ibi
2262 3431 2476 3498 quidem
2502 3428 2573 3496 ὅν,
2600 3431 2669 3486 ibi
2698 3447 2821 3485 vero
2836 3448 2938 3485 non
2953 3429 3028 3494 ὅν,
3053 3440 3313 3502 quantum
3327 3431 3544 3501 quidem
3561 3430 3759 3486 recedit

2173 3522 2241 3577 ab
2270 3538 2355 3586 eo,
2379 3514 2520 3592 quod
2568 3538 2779 3593 semper
2816 3532 2917 3590 est,
2969 3532 3072 3578 n'on
3115 3534 3197 3580 est
3226 3543 3237 3578 :
3271 3533 3531 3595 quantum
3577 3535 3756 3580 autem

2173 3632 2238 3670 ex
2271 3630 2390 3671 esse
2416 3618 2645 3685 accepit,
2677 3626 2884 3671 tantum
2921 3625 3022 3682 est,
3058 3624 3112 3671 et
3152 3617 3200 3670 ei
3250 3617 3472 3672 omnino
3509 3630 3657 3681 esse,
3697 3625 3756 3671 et

2168 3712 2315 3781 quod
2343 3729 2446 3767 non
2482 3710 2555 3776 ὃν,
2588 3713 2702 3782 ipso
2742 3713 3049 3767 continetur
3072 3721 3127 3766 et
3155 3711 3414 3767 salvator.
3446 3711 3506 3765 Et
3529 3710 3749 3775 malum,

2175 3804 2316 3875 quod
2346 3804 2562 3873 quidem
2597 3815 2680 3859 est
2705 3803 2927 3857 omnino
2953 3819 2980 3856 a
3009 3804 3149 3859 bono
3189 3802 3459 3868 recessio,
3494 3815 3665 3872 neque
3698 3802 3757 3857 to

2177 3897 2385 3965 magnis
2424 3911 2596 3964 neque
2620 3897 2672 3949 in
2700 3894 2939 3950 minimis
2961 3894 2982 3927 ⁸
3015 3895 3172 3951 bonis
3192 3896 3315 3950 erit.
3340 3893 3455 3949 Hoc
3476 3904 3655 3949 autem
3687 3892 3757 3948 ibi

2176 3989 2390 4058 quidem
2418 3988 2638 4051 bonum,
2668 3989 2736 4043 ibi
2762 4003 2887 4043 vero
2914 4004 3019 4043 non
3051 3987 3248 4043 bonum
3274 4029 3288 4052 ,
3316 3996 3520 4058 pugnat
3540 3986 3758 4057 quidem

2176 4080 2317 4135 bono
2348 4081 2581 4146 cuidam,
2612 4096 2715 4133 non
2744 4080 2891 4135 omni
2920 4088 3099 4135 autem
3128 4080 3271 4135 bono
3298 4098 3312 4134 ε
3342 4089 3557 4135 tenetur
3579 4090 3757 4135 autem

2178 4176 2232 4224 et
2263 4172 2363 4226 hoc
2401 4173 2523 4226 boni
2554 4172 2997 4242 participatione,
3038 4182 3091 4227 et
3130 4170 3531 4228 substantilicat
3567 4180 3623 4228 et
3650 4171 3763 4227 sui-

2180 4271 2290 4314 met
2341 4261 2695 4332 privationem
2749 4262 2948 4317 bonum
3010 4273 3121 4318 tota
3179 4264 3261 4318 sui
3322 4265 3754 4333 participatione.

2167 4350 2414 4409 Omnino
2437 4356 2580 4409 enim
2609 4356 2837 4410 abeunte
2862 4356 3002 4411 bono
3022 4357 3148 4427 quid
3180 4357 3283 4411 erit
3308 4354 3549 4411 bonum?
3576 4356 3757 4427 Neque

2111 4478 2153 4534 Ι)
2182 4444 2431 4507 mixtum,
2470 4460 2643 4515 neque
2673 4461 2768 4514 per
2797 4462 2854 4502 se
2883 4446 3102 4501 malum.
3138 4447 3193 4502 Si
3223 4447 3365 4501 enim
3396 4449 3596 4503 malum
3659 4449 3759 4503 im-

2181 4536 2477 4606 perfectum
2503 4547 2585 4590 est
2611 4538 2827 4601 bonum,
2858 4539 3095 4594 absentia
3126 4537 3502 4607 perfectissimi
3532 4538 3656 4594 boni
3701 4547 3756 4595 et

2180 4629 2585 4699 imperfectam,
2630 4639 2679 4683 et
2726 4629 3025 4699 perfectum
3073 4631 3271 4686 bonum
3307 4633 3502 4687 aberit.
3531 4630 3593 4685 Et
3624 4638 3749 4686 tunc

2178 4724 2348 4779 solum
2378 4725 2482 4780 erit
2512 4732 2563 4778 et
2594 4724 2864 4778 videbitur
2891 4724 3089 4779 malum
3108 4765 3122 4790 ,
3167 4725 3377 4793 quando
3416 4724 3498 4778 bis
3533 4723 3745 4791 quidem

2176 4824 2259 4870 est
2299 4815 2525 4876 malum,
2561 4813 2756 4883 quibus
2795 4815 3102 4883 opponitur,
3145 4815 3229 4869 his
3275 4824 3446 4869 autem
3492 4822 3746 4881 tanquam

2174 4904 2332 4961 bonis
2373 4905 2637 4961 autertur.
2682 4905 2927 4978 Pugnare
2977 4907 3120 4962 enim
3152 4906 3252 4961 sibi
3294 4907 3514 4961 invicem
3558 4905 3750 4959 eadem

2178 5011 2275 5066 per
2314 4994 2524 5063 eadem,
2567 4995 2622 5051 in
2669 4996 2917 5051 omnibus
2969 4996 3320 5068 impossibile.
3362 4993 3474 5049 Non
3508 4994 3675 5066 igitur
3701 4988 3758 5051 ὃν

2181 5088 2402 5140 malum.

2252 5176 2358 5232 Sed
2406 5192 2579 5247 neque
2628 5177 2680 5231 in
2729 5177 3085 5233 existentibus
3112 5186 3196 5232 est
3242 5176 3460 5231 malum.
3507 5175 3563 5231 Si
3612 5172 3755 5252 enim

2180 5271 2358 5325 omnia
2399 5271 2681 5326 existentia
2713 5285 2779 5324 ex
2827 5271 2996 5334 bono,
3024 5277 3080 5323 et
3114 5270 3165 5324 in
3197 5266 3446 5325 omnibus
3474 5264 3756 5323 existenti-

2176 5364 2277 5420 bus
2301 5373 2356 5418 et
2383 5364 2562 5419 omnia
2595 5363 2836 5418 continet
2865 5362 3083 5445 bmum,
3116 5370 3208 5415 aut
3257 5378 3364 5417 non
3398 5362 3503 5416 erit
3531 5360 3756 5426 malum,

2178 5463 2269 5509 aut
2302 5455 2354 5508 in
2386 5456 2525 5509 bono
2564 5469 2668 5509 non
2697 5453 2816 5508 erit.
2851 5452 3064 5508 Etenim
3108 5466 3282 5524 neque
3324 5454 3378 5508 in
3413 5453 3535 5525 igne
3564 5451 3753 5522 frigus,

1774 5566 2030 5624 VARIAE
2065 5563 2464 5624 LECTIONES.

571 5660 585 5688 ¹
630 5656 721 5712 Sic
775 5657 847 5724 E;
900 5659 957 5714 in

498 5721 522 5757 ⁸
560 5726 649 5781 ΔΕ
682 5721 843 5782 totus
892 5726 914 5760 '
952 5729 992 5782 Β
1021 5721 1184 5784 nam.
1295 5729 1317 5761 ⁹
1352 5721 1674 5786 Δεικὶηιιε.

1007 5659 1216 5734 quidem
1238 5657 1476 5734 om._é;
1528 5657 1617 5734 BH
1675 5658 1730 5712 in
1776 5658 2164 5734 quibuscumque
2217 5658 2449 5731 quidem.

2572 5664 2597 5699 ι
2631 5656 2811 5712 omnia
2834 5670 2945 5713 om.
2975 5653 3131 5713 OAE.
3238 5655 3259 5687 ³
3304 5654 3395 5711 BH
3444 5654 3755 5711 subsistunt.
