4142 6296
384 283 525 343 HM

1025 279 1276 336 VERSlO
1315 279 1598 336 OPERUM
1641 279 1700 335 S.
1743 275 2059 354 DiONYSll.
2099 306 2170 318 ——
2336 281 2583 339 DlVlNIS
2621 281 3013 342 NOMINIBUS.

3514 281 3650 344 “ﬂ

387 411 568 466 neque
607 392 698 449 ille
727 393 948 448 vitiatur
981 405 1066 458 eo,
1099 401 1152 446 et
1191 393 1389 446 malum
1419 393 1561 446 bono
1585 392 1869 446 existente.
1913 388 1969 444 Si
1997 387 2048 450 Α
2148 391 2254 448 Sed
2296 408 2467 464 neque
2507 397 2796 454 daemones
2829 409 3017 452 natura
3049 397 3193 451 mali.
3233 395 3442 451 Etenim
3481 395 3524 450 si
3555 411 3652 449 na-

391 495 576 542 autem
605 484 789 548 fuerit,
827 483 1096 552 quomodo
1129 484 1236 536 erit
1267 485 1318 535 in
1357 486 1498 536 bono
1532 481 1766 536 malum?
1795 480 1972 550 Siqui-

395 580 517 632 dem
550 593 616 630 ex
653 591 718 630 eo
745 577 1140 642 inconsequens
1189 583 1240 628 ct
1279 574 1628 644 impossibile.
1663 573 1784 628 Non
1811 580 1973 643 potest

394 667 564 729 enim,
593 673 652 720 ut
677 663 1010 732 eloquiorum
1037 661 1240 716 veritas
1271 664 1368 728 ait,
1399 663 1558 716 arbor
1597 663 1730 716 bona
1773 664 1974 732 {ructus

393 757 562 814 malos
591 757 764 825 {aure
793 766 840 818 α,
871 769 1046 822 neque
1089 753 1216 808 illud
1265 755 1481 810 iterum.
1537 754 1594 810 Si
1643 763 1822 808 autem
1870 769 1976 808 non

393 861 462 902 ex
511 847 664 914 ipso,
713 861 780 900 ex
825 843 932 898 alio
965 844 1171 900 clarum
1200 885 1212 906 ,
1253 846 1378 914 quia
1415 845 1678 914 principio
1705 853 1760 898 et
1792 859 1973 897 catusa.

393 939 606 992 Etenim
655 947 750 992 aut
797 937 998 992 malum
1047 951 1114 992 ex
1162 939 1302 992 bono
1345 939 1489 1001 erit,
1541 945 1634 990 aut
1679 936 1874 990 bOnum
1911 949 1979 990 ex

393 1027 538 1084 malo
567 1047 582 1082 ε
609 1035 703 1082 aut
725 1030 770 1082 si
801 1043 906 1082 non
939 1029 1039 1082 hoc
1073 1027 1358 1096 possibile,
1392 1043 1456 1082 ex
1488 1025 1887 1096 aiio-principio
1925 1033 1980 1080 et

395 1133 564 1174 causa
589 1119 782 1172 eritet
811 1119 1008 1172 bonum
1039 1119 1260 1172 niuium.
1289 1119 1480 1174 Omnis
1505 1119 1648 1174 enim
1691 1119 1822 1188 dyas
1873 1131 1978 1170 non

396 1207 720 1278 principium
757 1227 772 1261 ε
803 1215 1196 1261 inonasautem
1227 1209 1332 1262 erit
1375 1209 1538 1262 totius
1567 1207 1752 1278 dyadis
1783 1205 1981 1276 princi-

396 1295 566 1364 pium.
617 1296 684 1352 Et
709 1297 928 1366 quidem
959 1297 1388 1366 inconsequens,
1429 1312 1494 1350 ex
1545 1311 1654 1352 uno
1695 1303 1750 1350 et
1792 1296 1982 1350 eodem

399 1389 506 1442 duo
533 1389 844 1442 omnimodo
869 1389 1138 1442 contraria
1171 1392 1456 1458 provenire
1477 1375 1532 1442 et
1559 1403 1696 1451 esse,
1726 1397 1780 1442 et
1810 1389 1981 1458 ipsum

399 1478 724 1546 principium
749 1494 856 1532 non
883 1479 1132 1548 simplum
1167 1487 1222 1534 et
1251 1479 1554 1550 singulare,
1603 1481 1696 1534 sed
1727 1479 1982 1548 partitum

399 1579 458 1626 et
487 1569 732 1634 biforme,
768 1579 822 1624 et
865 1571 1198 1630 contrarium
1241 1571 1295 1626 in
1341 1572 1578 1642 seipsum
1615 1581 1670 1626 et
1707 1569 1983 1624 mutabile.

400 1661 574 1716 innino
598 1677 728 1716 vero
756 1678 928 1732 neque
961 1663 1068 1720 duo
1097 1665 1444 1722 existentium
1471 1665 1740 1718 contraria
1781 1663 1983 1733 princi-

2077 493 2197 537 tura
2247 483 2402 546 mali,
2441 501 2614 556 neque
2661 501 2724 542 ex
2763 489 2925 554 bono,
2960 503 3152 558 neque
3178 489 3232 542 in
3273 487 3645 550 existentibus,

2077 589 2254 644 neque
2280 591 2344 630 ex
2377 577 2532 631 bonis
2567 591 2917 642 conversum,
2961 588 3149 632 natura
3191 587 3247 634 et
3285 593 3496 648 semper
3527 577 3650 634 mali

2077 667 2350 732 existunt,
2399 667 2640 737 sequitur
2673 687 2688 722 :
2721 667 2938 722 sibimet
2976 679 3102 722 sunt
3133 669 3288 734 mali,
3316 685 3382 722 an
3407 667 3562 723 aliis?
3597 669 3652 724 Si

2079 757 2294 826 quidem
2324 757 2538 812 sibimet
2557 799 2570 820 ,
2600 773 2666 811 an
2695 767 3054 827 corrumpunt
3085 759 3325 828 seipsos?
3371 757 3426 815 Si
3472 767 3652 814 autem

2079 846 2219 909 aliis,
2251 847 2522 915 quomodo
2573 857 2926 918 corrumpunt
2951 856 3042 902 aut
3072 849 3202 918 quid
3233 849 3254 880 ¹
3281 851 3652 919 Corrumpunt,

2069 938 2405 1003 essentiam,
2454 953 2520 992 an
2553 940 2840 1004 virtutem,
2884 955 2950 994 an
2993 939 3299 994 actionem?
3347 940 3400 996 Si
3441 940 3655 1010 quidem

2081 1031 2395 1096 essentiam,
2425 1031 2658 1100 primmn
2686 1033 2902 1100 quidem
2929 1048 3032 1108 non
3069 1031 3221 1100 juxta
3253 1041 3520 1086 naturam.
3555 1029 3656 1086 Na-

2083 1127 2202 1174 tura
2231 1123 2374 1176 enim
2413 1122 2836 1191 incorruptibiiia
2869 1135 2972 1176 non
3001 1131 3382 1194 corrumpunt,
3431 1121 3522 1177 sed
3565 1135 3658 1176 ac-

2081 1212 2290 1278 ceptiva
2336 1212 2714 1280 corruptionis.
2749 1211 3048 1280 Sequitur:
3095 1227 3270 1282 neque
3310 1214 3411 1268 hoc
3441 1211 3661 1267 omnino

2085 1309 2140 1354 et
2187 1302 2408 1356 omnino
2467 1302 2684 1366 malum,
2737 1301 2829 1356 sed
2881 1317 3056 1370 neque
3117 1303 3477 1374 corrumpitur
3532 1303 3662 1373 quid

2085 1391 2450 1454 cxistentium,
2481 1393 2773 1446 secundum
2804 1391 2946 1461 quod
2971 1393 3202 1448 essentia
3235 1399 3288 1446 et
3324 1402 3536 1456 natura,
3568 1391 3662 1450 sed

2087 1481 2294 1538 deiectu
2330 1481 2484 1550 juxta
2531 1491 2776 1536 naturam
2822 1483 3048 1546 ordinis,
3081 1483 3398 1538 harmoniae
3440 1491 3494 1536 et
3519 1473 3661 1538 com;

2089 1574 2504 1628 mensuratiouis
2553 1574 2690 1628 ratio
2747 1572 3082 1639 infirmatur,
3135 1589 3356 1629 manere
3416 1573 3666 1628 similiter

2087 1665 2314 1720 habens.
2368 1665 2655 1718 lniirmitas
2713 1671 2890 1718 autem
2941 1679 3048 1719 non
3097 1663 3356 1734 perfecta.
3410 1664 3464 1720 Si
3522 1665 3664 1718 enim

401 1755 488 1823 pia
517 1755 770 1823 possibile
794 1770 944 1820 esse,
975 1763 1030 1810 et
1073 1770 1138 1812 ea
1167 1756 1310 1810 inter
1333 1771 1391 1810 se
1437 1756 1664 1812 invicem
1694 1764 1747 1808 et
1777 1754 1830 1808 in
1865 1755 1986 1809 uni-
2019 1735 2066 1793 Β
2096 1757 2364 1828 perfecta,
2393 1767 2450 1810 et
2481 1757 2880 1826 corruptionem
2921 1765 2974 1811 et
3023 1757 3320 1826 subjectum
3372 1757 3663 1824 interimit;

403 1861 562 1900 νει-ευ
591 1848 900 1916 pugnantia.
931 1845 988 1901 Si
1017 1849 1160 1902 enim
1205 1848 1310 1902 hoc
1350 1849 1598 1911 daretur,
1627 1847 1732 1901 erit
1757 1853 1810 1900 et
1847 1847 1988 1900 Deus

407 1951 514 1988 non
545 1936 822 2003 hinniens,
851 1951 1026 2007 neque
1075 1939 1190 1992 sine
1223 1938 1352 1999 rixa,
1387 1938 1650 2006 siquidem
1682 1938 1725 1992 si
1761 1937 1832 1990 sit
1859 1936 1988 2006 quid

409 2047 530 2086 eum
564 2033 904 2101 perturbans.
941 2032 1584 2102 Sequitur,eruntonmia
1605 2031 1908 2088 inordinata
1936 2039 1988 2084 et

407 2140 622 2193 semper
665 2126 972 2195 pugnantia.
1015 2125 1080 2178 Et
1127 2127 1342 2193 quidem
1390 2127 1686 2180 amicitiam
1740 2125 1990 2178 omnibus

405 2216 764 2273 existentibus
811 2217 1008 2270 bonum
1039 2216 1230 2279 tradit,
1264 2227 1320 2272 et
1365 2233 1464 2287 per
1507 2231 1566 2272 se
1597 2231 1698 2286 pax
1719 2259 1732 2280 ,
1763 2228 1816 2271 et
1844 2217 1992 2286 pacis

407 2306 614 2358 (lanians
677 2305 926 2360 laudatur
975 2321 1002 2359 a
1055 2308 1226 2361 sacris
1270 2307 1532 2378 theologis
1563 2307 1614 2359 ι).
1663 2307 1896 2362 Proinde
1937 2315 1992 2359 et

411 2394 584 2446 amica
612 2394 772 2458 bona,
799 2405 854 2448 et
879 2406 1156 2463 compacta
1187 2398 1387 2462 omnia,
1414 2407 1466 2451 et
1491 2413 1594 2450 una
1621 2397 1729 2450 vita
1755 2397 1990 2466 egeuita,

407 2493 466 2536 et
507 2483 572 2536 ad
606 2499 768 2536 unum
799 2487 1063 2553 Optimum
1109 2490 1418 2563 coordinata
1447 2497 1504 2543 et
1531 2491 1798 2554 adunata,
1840 2498 1894 2544 et
1923 2487 1995 2542 si-

415 2572 564 2626 milia
594 2582 902 2639 comparata
933 2575 1074 2630 inter
1115 2591 1174 2630 se
1209 2577 1458 2632 invicem.
1505 2578 1692 2648 itaque
1717 2595 1822 2633 non
1859 2579 1994 2632 divi-

415 2678 540 2714 num
585 2661 816 2725 malum,
865 2672 922 2718 ct
953 2667 1150 2720 malum
1181 2668 1195 2700 ²
1229 2683 1334 2722 non
1383 2670 1642 2723 divinum.
1689 2669 1792 2724 Sed
1825 2683 1996 2738 neque

413 2767 478 2806 ex
515 2753 622 2808 Deo
653 2755 870 2810 nulum.
907 2755 964 2812 Si
997 2759 1140 2812 enim
1187 2773 1294 2812 non
1325 2760 1512 2820 bonus,
1545 2768 1640 2814 aut
1663 2761 1801 2815 bene
1843 2761 1994 2828 iacit,

415 2857 470 2898 et
503 2849 636 2900 bona
666 2848 916 2911 adducit,
945 2859 1000 2904 et
1035 2867 1138 2904 non
1177 2851 1468 2920 aliquando
1495 2853 1708 2921 quidem
1745 2862 1800 2908 et
1835 2869 2000 2923 quae-

421 2939 562 2999 dant,
597 2939 884 3008 aliquando
907 2951 1088 2998 autem
1113 2959 1224 3000 non
1247 2953 1302 2998 et
1337 2959 1442 2999 non
1469 2946 1670 2999 ontnia.
1705 2945 2000 3001 Transma-

423 3030 678 3086 tatiouem
707 3031 924 3098 quidem
965 3033 1018 3086 in
1049 3033 1157 3088 hoc
1187 3033 1349 3088 feriet
1377 3045 1432 3088 et
1473 3035 1919 3102 mutabilitatem,
1947 3043 2000 3090 et

422 3121 564 3174 circa
593 3135 673 3184 se,
703 3123 806 3176 hoc
831 3129 942 3186 est,
975 3123 1214 3180 onunium
1245 3125 1638 3180 divinissimum
1665 3135 1724 3180 et
1759 3141 1998 3181 causam.

429 3211 484 3266 Si
519 3223 700 3267 autem
725 3213 776 3266 in
807 3215 914 3270 Deo
943 3214 1142 3274 bonum
1174 3216 1522 3272 subsistentia
1553 3225 1657 3283 est,
1685 3217 1790 3272 erit
1823 3225 2004 3274 trana—

423 3307 602 3362 l‘crcus
653 3321 718 3362 ex
771 3308 912 3362 bono
959 3308 1097 3362 Deus
1153 3308 1444 3378 iiquaudo
1485 3309 1700 3378 quidem
1749 3309 1854 3375 ὧν,
1901 3309 2004 3364 ali-

419 3399 636 3466 q'ttttltit)
665 3406 848 3454 autem
877 3414 982 3454 non
1007 3401 1090 3454 at.
1120 3400 1176 3454 Si
1207 3417 1334 3454 vero
1363 3401 1776 3471 participatione
1803 3403 2005 3458 bonum

421 3505 526 3552 non
553 3487 730 3550 habet,
754 3495 808 3542 ct
837 3504 904 3542 ex
933 3489 1106 3546 altero
1135 3491 1370 3554 habebit,
1399 3501 1450 3546 et
1479 3493 1766 3564 aliquando
1789 3494 2006 3563 quidem

425 3576 678 3640 habebit,
720 3577 1008 3646 aliquando
1043 3589 1220 3634 autem
1267 3595 1370 3634 non
1401 3581 1638 3638 habebit.
1686 3581 1800 3638 Non
1843 3585 2007 3653 igitur

423 3683 487 3736 ex
535 3669 640 3724 Deo
667 3668 906 3734 malum,
958 3685 1134 3740 neque
1181 3672 1234 3726 in
1283 3671 1420 3735 Deo,
1472 3687 1647 3742 neque
1689 3674 2009 3743 simpliciter

421 3762 718 3822 secundum
750 3771 981 3831 tempus.
1329 3764 1335 3772 '

500 3851 604 3904 Sed
634 3869 802 3919 neque
833 3854 884 3906 in
909 3855 1112 3922 angelis
1137 3865 1220 3908 est
1249 3855 1468 3908 malum.
1501 3854 1558 3908 Si
1581 3855 1720 3907 enim
1753 3856 2009 3910 euunciat

429 3943 722 4010 bonitatem
761 3947 996 4008 divinam
1039 3949 1316 4008 deiformis
1369 3949 1621 4016 angelus,
1669 3947 1794 4002 illud
1823 3947 1892 4004 ὧν
1919 3963 2009 4002 se-

431 4040 662 4092 cundum
705 4041 1166 4109 participationem
1210 4043 1460 4100 secundo.
1493 4040 1636 4109 quod
1665 4041 1882 4108 quidem
1921 4055 2008 4094 se-

431 4135 664 4188 cundum
713 4149 932 4190 causam
985 4135 1240 4190 euunciat
1294 4133 1500 4202 primo,
1553 4132 1733 4202 imago
1783 4141 1866 4186 est
1917 4132 2010 4186 Dei

431 4226 688 4295 angelus,
751 4225 1114 4286 manifestatio
1165 4225 1362 4282 occulti
1423 4223 1678 4288 luminis,
1733 4223 2010 4291 speculum

433 4335 646 4386 purum,
677 4318 1188 4385 Splendidissimum.
1227 4315 1664 4378 immaculatum,
1695 4314 2015 4370 incontami—

435 4421 644 4470 natum,
675 4409 1156 4476 iucoinquiuattuu,
1191 4405 1456 4474 recipien‘s
1489 4413 1686 4468 totam,
1723 4405 1768 4458 si
1807 4404 2010 4472 justum

435 4501 640 4562 tib-ere,
680 4501 1074 4568 speciositatem
1125 4501 1259 4554 bene
1309 4498 1570 4552 foriualae
1613 4497 2012 4562 deiformitatis,

435 4602 486 4642 ti.
517 4608 648 4660 pure
675 4591 956 4648 declarans
987 4592 1038 4646 in
1068 4591 1266 4660 seipse,
1299 4589 1436 4644 sicut
1483 4588 1737 4656 possibile
1771 4598 1884 4650 est,
1921 4588 2019 4642 bo-

437 4683 681 4748 nitatem,
712 4699 850 4751 quae
887 4691 968 4736 est
1003 4684 1056 4736 in
1087 4683 1280 4752 adytis.
1313 4679 1606 4750 Nouigitnr
1631 4695 1804 4748 neque
1833 4679 1886 4732 iu
1923 4695 2018 4738 alt-

436 4777 574 4845 gulis
625 4784 710 4830 est
776 4775 974 4830 malum
1024 4793 1036 4830 :
1081 4777 1174 4830 sed
1221 4773 1488 4843 puniendo
1551 4781 1836 4840 peccantes
1893 4777 2019 4830 sunt

439 4867 584 4920 mali.
619 4865 732 4920 Hac
759 4880 888 4934 ergo
935 4867 1140 4930 ratione
1169 4877 1222 4920 et
1263 4874 1669 4932 compescentes
1695 4860 2018 4930 delinquem-

444 4959 586 5012 tibus
625 4959 750 5012 mali
775 4998 790 5022 ,
823 4967 877 5012 et
907 4960 1246 5014 sacerdotum
1274 4953 1468 5010 divinis
1495 4953 1764 5023 mysteriis
1795 4951 2030 5008 immun-

445 5047 569 5100 dum
607 5051 973 5117 prohibentes.
1007 5050 1073 5104 Et
1110 5048 1322 5117 quidem
1367 5059 1538 5112 neque
1577 5045 1754 5114 puniri
1798 5046 2022 5108 malum,

445 5140 540 5194 sed
565 5142 782 5208 dignum
811 5142 924 5193 iieri
957 5155 1147 5208 poena.
1181 5137 1362 5205 Neque
1391 5133 1688 5202 secundum
1710 5135 2023 5204 dignitatem

447 5229 722 5301 prohiberi
760 5231 964 5294 sacris,
1005 5232 1100 5286 sed
1141 5245 1246 5284 non
1289 5235 1534 5280 sai-ictum
1575 5235 1630 5278 et
1667 5241 1772 5280 non
1815 5241 2028 5282 sacrum

445 5322 588 5384 ﬁeri,
617 5331 672 5376 et
703 5321 1146 5376 incontau'tinatis
1175 5320 1608 5386 inopportunum.

2093 1857 2148 1900 et
2177 1849 2278 1900 erit
2323 1848 2434 1922 ipsa
2469 1847 2746 1914 corruptio
2797 1855 2851 1900 et
2900 1846 3096 1900 suimet
3140 1847 3434 1916 corruptio.
3485 1847 3669 1916 Itaque

2095 1936 2398 2006 hujusmodi
2448 1951 2552 1990 non
2589 1935 2808 1999 malum,
2851 1936 2943 1992 sed
2985 1936 3239 1992 deficiens
3269 1937 3487 1990 bonum.
3517 1933 3668 2008 Quod

2093 2027 2238 2081 enim
2285 2028 2506 2080 omnino
2549 2043 2741 2096 expers
2785 2026 2907 2080 boni
2934 2067 2948 2092 ,
2995 2041 3170 2096 neque
3215 2028 3268 2081 in
3317 2027 3670 2082 existentibus

2093 2123 2214 2174 erit.
2265 2121 2332 2174 Et
2377 2123 2442 2174 de
2485 2121 2700 2174 virtutis
2743 2129 2796 2174 et
2842 2120 3067 2174 actionis
3109 2119 3455 2188 corruptione
3483 2119 3670 2174 eadem

2097 2211 2252 2263 ratio.
2285 2210 2487 2263 Deinde
2513 2210 2783 2277 quomodo
2809 2223 2876 2263 ex
2907 2210 3018 2263 Deo
3051 2207 3176 2263 facti
3207 2209 3499 2264 daemones
3549 2217 3674 2265 sunt

2097 2301 2262 2356 mali?
2304 2299 2510 2354 Bonum
2544 2299 2688 2354 enim
2735 2299 2874 2356 bona
2915 2299 3132 2354 adducit
3165 2306 3222 2354 et
3266 2299 3562 2354 substituit.
3600 2299 3674 2354 Et

2096 2390 2312 2462 quidem
2343 2390 2596 2444 dicuntur
2629 2389 2776 2452 mali,
2809 2387 3006 2444 dixerit
3034 2389 3184 2458 quis,
3214 2389 3308 2444 sed
3347 2403 3454 2443 non
3485 2401 3675 2444 secunc

2097 2483 2222 2536 dum
2254 2482 2396 2552 quod
2452 2490 2610 2546 sunt,
2636 2495 2701 2535 ex
2736 2480 2940 2550 optimo
2965 2481 3112 2534 enim
3141 2487 3266 2536 sunt
3319 2487 3375 2534 et
3415 2478 3674 2550 optimam

2099 2573 2466 2626 sortiebantur
2513 2570 2804 2626 essentiam
2831 2609 2846 2633 ,
2895 2570 2990 2624 sed
3037 2569 3328 2624 sectmdum
3377 2569 3520 2638 quod
3569 2581 3676 2622 non

2099 2673 2242 2730 sunt,
2272 2664 2495 2730 infirmi,
2526 2673 2583 2718 ut
2610 2663 2820 2732 eloquia
2849 2662 3023 2728 aiunt,
3056 2675 3274 2717 servare
3297 2675 3450 2715 suum
3479 2659 3679 2730 princi-

2101 2756 2270 2825 pium.
2315 2755 2370 2810 In
2401 2769 2508 2823 quo
2531 2753 2698 2818 enim,
2727 2753 2814 2808 dic
2845 2751 3004 2816 mihi,
3036 2751 3213 2806 viti-ari
3239 2749 3470 2806 dicimus
3495 2748 3676 2820 sua»

2098 2869 2212 2910 νας,
2239 2847 2281 2900 si
2313 2861 2415 2900 non
2447 2846 2498 2898 in
2525 2843 2824 2899 cessatione
2849 2841 3148 2898 divinorum
3175 2833 3437 2896 boriorum
3465 2839 3681 2894 habitu-

2103 2940 2228 2994 dine
2255 2947 2310 2993 et
2341 2937 2592 2992 actione?
2630 2934 2738 2992 Sed
2769 2935 2948 3004 itaque
2991 2935 3036 2989 si
3081 2941 3270 2988 natura
3307 2931 3680 2986 maii‘daemo-
3713 3009 3716 3014 _

2107 3046 2226 3096 nes,
2253 3044 2466 3098 semper
2493 3028 2638 3082 mali.
2679 3027 2748 3082 Et
2785 3026 3002 3096 quidem
3043 3025 3244 3080 malum
3283 3022 3533 3078 instabile
3575 3029 3678 3077 est;

2107 3123 2223 3178 Non
2251 3123 2410 3192 igitur
2432 3137 2478 3176 Si
2507 3135 2720 3190 semper
2759 3119 2922 3175 sicsic
2955 3119 3172 3182 habent,
3213 3133 3318 3172 non
3341 3116 3466 3172 maii
3497 3133 3510 3170 :
3537 3115 3680 3184 quod

2107 3214 2252 3270 enim
2287 3226 2499 3281 semper
2530 3210 2788 3280 idipsum,
2819 3208 3008 3279 optimi
3044 3207 3341 3277 proprium.
3394 3205 3450 3262 Si
3500 3215 3680 3260 autem

2107 3321 2212 3362 non
2241 3312 2296 3360 et
2326 3319 2539 3372 semper
2565 3302 2711 3367 mali,
2741 3317 2848 3356 non
2885 3299 3190 3365 naturales,
3216 3297 3310 3354 sed
3355 3295 3684 3366 indigentiae

2105 3394 2471 3466 angelicorum
2521 3393 2806 3450 bonorum.
2861 3390 2968 3448 Sed
3017 3403 3120 3444 non
3167 3387 3392 3443 omnino
3433 3391 3682 3455 expertos

2105 3492 2272 3557 boni,
2303 3491 2594 3547 secundum
2623 3489 2768 3558 quod
2795 3495 2850 3541 et
2883 3495 3038 3549 sunt,
3067 3491 3124 3540 et
3149 3483 3358 3546 vivunt,
3400 3487 3455 3536 et
3487 3477 3684 3534 intelli-

2107 3593 2258 3656 gunt,
2317 3591 2372 3638 et
2399 3583 2618 3636 omnino
2657 3589 2738 3636 est
2765 3579 2984 3649 quidam
3025 3577 3078 3630 in
3105 3575 3186 3630 eis
3221 3569 3688 3642 concupiscentia.

2111 3685 2309 3730 motus.
2342 3673 2464 3728 Mali
2495 3681 2675 3728 autem
2707 3685 2828 3726 esse
2864 3669 3139 3732 dicuntur,
3181 3673 3403 3736 propter
3430 3662 3574 3733 quod
3615 3661 3690 3717 in-

2111 3765 2398 3820 lirmantur
2429 3764 2574 3818 circa
2611 3759 2914 3816 naturalem
2939 3757 3329 3828 operationem.
3371 3750 3528 3806 Falsa
3557 3763 3691 3820 ergo

2111 3856 2396 3912 comersio
2417 3863 2502 3912 est
2527 3855 2604 3908 eis
2635 3853 2856 3912 malum.
2885 3859 2940 3904 ct
2959 3865 2992 3904 a
3019 3847 3264 3916 cognatis
3291 3844 3404 3900 suis
3427 3841 3690 3914 egressio,

2110 3954 2164 3998 et
2211 3943 2537 4006 inl‘ormitas,
2569 3951 2624 3996 et
2661 3939 3016 4009 imperfectio,
3049 3947 3104 3992 et
3133 3936 3466 4004 impotentia,
3497 3945 3552 3988 et
3583 3933 3692 3988 sal:-

2111 4044 2272 4092 t'anle
2305 4035 2386 4090 eis
2417 4033 2806 4102 perfectionem
2851 4031 3052 4083 virtute
3105 4026 3426 4090 inﬁrmitas,
3473 4034 3528 4080 et
3569 4023 3693 4094 fuga

2112 4136 2168 4182 et
2192 4141 2368 4182 casus.
2415 4124 2520 4180 Sed
2567 4124 2748 4190 itaque
2788 4119 2918 4190 quid
2954 4121 3008 4172 in
3059 4117 3412 4172 daemonibus
3451 4115 3696 4170 malum?

2114 4221 2288 4274 Furor
2317 4215 2735 4279 irrationahiiis,
2767 4227 2956 4269 amens
2991 4210 3446 4282 concupiscentia,
3474 4210 3698 4279 phanta-

2115 4313 2192 4366 sia
2225 4318 2492 4379 proterva.
2525 4306 2630 4360 Sed
2659 4307 2790 4359 haec
2814 4312 2867 4356 et
2889 4304 2933 4357 si
2966 4311 3090 4356 sunt
3114 4301 3166 4354 in
3191 4299 3562 4362 daemonibus,
3591 4313 3698 4356 non

2117 4402 2340 4458 omnino
2385 4413 2564 4468 neque
2610 4397 2662 4450 in
2693 4395 2966 4458 omnibus,
2997 4406 3172 4460 neque
3221 4392 3358 4446 haec
3401 4387 3697 4445 secundum

2121 4511 2179 4550 se
2231 4493 2388 4548 iiiala.
2439 4491 2507 4546 Et
2551 4489 2694 4544 enim
2747 4487 2800 4542 in
2839 4485 2960 4540 aliis
3003 4483 3326 4540 animalibus
3367 4495 3472 4536 non
3521 4489 3698 4535 monts

2123 4583 2330 4646 talium,
2361 4583 2456 4636 sed
2487 4577 2832 4646 interemptio
2858 4583 2942 4632 est
2979 4584 3036 4630 et
3063 4572 3342 4641 corruptio
3367 4570 3618 4636 animali,
3647 4577 3703 4626 et

2125 4677 2347 4732 malum.
2387 4673 2616 4728 Habitus
2641 4671 2786 4726 enim
2818 4667 3010 4732 salvat,
3041 4675 3096 4722 et
3125 4679 3246 4721 esse
3293 4664 3422 4718 facit
3451 4663 3582 4718 haec
3611 4663 3703 4718 ha-

2125 4767 2340 4824 bentem
2371 4763 2621 4820 animalis
2659 4770 2928 4816 naturam.
2980 4756 3096 4812 Non
3140 4756 3306 4826 igitur
3349 4753 3550 4810 malum
3577 4751 3701 4806 dao-

2125 4857 2336 4914 monica
2363 4867 2514 4924 gens,
2541 4859 2804 4921 quantum
2830 4857 2914 4904 est
2937 4845 3092 4915 juxta
3117 4854 3389 4907 naturam,
3423 4842 3516 4898 sed
3541 4855 3706 4911 quan-

2127 4957 2238 5002 tum
2287 4961 2396 5002 non
2445 4952 2546 4998 est.
2597 4942 2664 4996 Et
2712 4955 2820 4994 non
2871 4945 3134 4992 mutatum
3183 4943 3268 4988 est
3299 4933 3500 5014 datum
3531 4931 3586 4984 in
3623 4929 3706 4986 eis

2131 5049 2302 5096 totum
2331 5039 2552 5100 bonum,
2596 5032 2687 5088 sed
2721 5032 2822 5101 ipsi
2860 5032 2986 5084 dato
3033 5027 3348 5082 ceciderunt
3391 5032 3504 5080 toto
3541 5023 3703 5080 bono.

2137 5133 2204 5186 Et
2229 5131 2384 5186 datas
2431 5128 2512 5182 eis
2549 5124 2822 5195 angelicas
2869 5117 3186 5174 donationes
3237 5129 3512 5182 nunquam
3563 5115 3708 5181 ipsis

2134 5227 2432 5278 commotas
2485 5215 2650 5269 fuisse
2693 5212 2960 5272 dicimus,
3009 5206 3104 5260 sed
3147 5213 3276 5258 sunt
3319 5213 3374 5258 et
3421 5203 3612 5270 integri
3649 5211 3708 5264 at

2137 5311 2444 5374 clarissimi,
2501 5306 2600 5363 etsi
2645 5303 2746 5374 ipsi
2802 5315 2908 5358 nou
2937 5299 3121 5358 vident
3155 5293 3540 5368 participantes
3581 5307 3709 5349 suas

1733 5421 1988 5480 VARIAE
2027 5420 2434 5482 LECTIONES.

523 5529 540 5560 ⁸
577 5525 714 5583 BEH
753 5527 967 5581 bonum.
1041 5525 1062 5556 ¹
1102 5529 1190 5578 aut
1219 5515 1344 5588 quid
1371 5525 1708 5586 corrumpunt
1741 5531 1852 5572 om.
1889 5517 2044 5574 BER.

1970 5607 2221 5668 NOTAE.

523 5725 548 5754 ιι
589 5712 775 5770 Matth.
809 5709 921 5778 Vi],
959 5709 1020 5766 i8

2205 5700 2233 5736 ι)
2273 5696 2288 5750 1
2321 5693 2446 5750 Cor.
2475 5687 2620 5756 XIV;
2655 5686 2850 5758 Ephes.
2880 5683 2946 5742 Il.
