4142 6296
1163 238 1280 261 μ...

507 280 649 342 {M3

1887 280 2004 340 10A
2014 276 2171 357 unis
2209 271 2407 336 sco'n

2810 248 2827 259 ι
2888 239 3108 261 o.‘..-O

3643 276 3793 338 ll“

499 400 629 456 boni
663 402 1040 473 conspectivas
1064 401 1314 458 virtutes.
1348 400 1536 473 Itaque
1562 399 1702 473 quod
1750 406 1904 463 sunt,
1945 406 1999 454 et
2025 414 2092 454 ex
2120 399 2173 460 Α
2198 392 2254 450 Si
2285 402 2465 450 autem
2496 392 2614 451 sine
2659 394 2746 452 his
2797 394 2925 450 dum
2954 390 3046 461 sit,
3093 392 3325 452 materia
3376 397 3682 454 secundum
3730 415 3798 456 se

502 493 711 562 optimo
740 504 865 548 sunt
892 505 946 548 et
983 496 1170 562 optimi
1203 533 1218 559 ,
1248 504 1301 549 et
1335 495 1534 551 bonum
1574 503 1629 548 et
1666 494 1929 564 optimum
1959 506 2089 547 con-

504 586 809 654 cupiscunt,
840 599 983 649 esse.
1011 596 1065 641 et
1096 586 1295 648 vivere,
1329 594 1384 641 et
1413 585 1712 654 intelligere
1741 583 2087 639 existentium

506 682 822 744 appetentes
855 693 867 727 :
902 684 956 729 ct
992 677 1311 746 privatione,
1348 686 1403 731 et
1444 675 1598 747 fuga,
1626 686 1682 731 et
1710 690 1861 739 casu,
1891 688 2090 731 conua-

507 766 770 822 turalibus
825 768 928 821 sibi
984 770 1201 839 optimis
1257 771 1510 823 dicuntur
1562 768 1730 832 mali,
1791 765 2086 822 secundum

506 857 647 924 quod
694 872 796 909 non
836 869 963 913 sunt
1000 876 1012 912 :
1050 869 1103 913 et
1144 860 1285 928 quod
1331 874 1435 912 non
1480 869 1562 913 est
1605 868 1937 929 appetentes,
1977 874 2091 912 ma-

505 946 615 1002 lum
649 958 928 1017 appetunt.

577 1037 681 1094 Sed
711 1040 922 1094 animas
951 1042 1073 1110 quis
1110 1046 1231 1099 esse
1259 1044 1391 1100 dicit
1424 1044 1625 1099 malas?
1653 1042 1931 1114 Siquidem
1961 1042 2087 1112 quia

506 1130 840 1185 contendunt
884 1130 1039 1186 malis
1093 1134 1314 1203 provide
1362 1143 1416 1188 et
1461 1133 1779 1200 salutifere,
1832 1135 1933 1188 hoc
1982 1147 2089 1187 non

505 1219 741 1287 malum,
781 1220 875 1276 sed
913 1222 1149 1289 bonum,
1196 1232 1251 1277 et
1294 1239 1360 1279 ex
1402 1225 1564 1290 bono,
1610 1234 1665 1279 et
1711 1223 1910 1278 malum
1953 1224 2087 1278 bene

504 1307 758 1366 faciente.
809 1311 864 1366 Si
899 1322 1078 1371 autem
1110 1314 1295 1369 vitiari
1339 1315 1551 1370 animas
1593 1314 1841 1380 dicimus,
1889 1314 1942 1368 in
1984 1328 2091 1384 quo

503 1403 788 1468 vitiantur,
822 1404 865 1459 si
898 1419 1006 1459 non
1034 1405 1086 1458 in
1116 1406 1382 1460 bonarum
1418 1406 1793 1462 habitudinqu
1824 1414 1878 1461 et
1900 1420 2091 1476 opera-

504 1492 708 1548 tiouum
735 1494 967 1561 defectu,
992 1504 1046 1551 et
1072 1510 1168 1566 per
1192 1498 1465 1567 propriam
1492 1497 1861 1553 infirmitatem
1893 1497 2092 1566 imper-

502 1580 737 1639 fectione
767 1596 821 1640 et
866 1588 1212 1657 perditione?
1257 1589 1469 1644 Etenim
1507 1599 1563 1645 et
1607 1591 1733 1645 aera
1765 1590 1908 1645 hunc
1944 1588 2089 1642 circa

503 1691 604 1731 nos
652 1679 932 1733 obscurari
981 1680 1214 1735 dicimus
1261 1679 1471 1736 defectu
1521 1689 1577 1736 et
1615 1681 1857 1737 absentia
1911 1679 2086 1735 lucis:

2190 487 2310 544 sine
2334 486 2698 567 delectatione
2718 496 2803 543 est
2822 495 2879 543 et
2904 486 3172 553 informis,
3202 491 3475 559 quomodo
3498 488 3634 546 facit
3656 491 3803 561 quid

2193 581 2441 645 materia,
2458 595 2600 651 quae
2622 594 2798 652 neque
2815 579 2927 651 pati
2952 589 3128 651 potest
3144 581 3447 637 secundum
3465 596 3526 638 se
3545 584 3761 640 habens
3778 623 3797 651 ,
3818 586 3823 593 '

2193 668 2299 729 Sed
2331 671 2518 741 itaque
2537 672 2812 742 quomodo
2831 673 3057 728 materia
3081 671 3319 727 malum?
3349 672 3619 743 siquidem
3642 662 3829 731 enim:

2191 765 2346 820 nihil.
2373 765 2488 820 Non
2514 766 2659 821 enim
2686 774 2772 821 est
2808 781 2984 836 neque
3014 766 3239 832 bonum,
3271 780 3448 838 neque
3470 768 3698 823 malum.
3731 767 3801 825 Si

2190 864 2371 909 autem
2412 854 2683 924 quomodo
2720 855 3007 909 existentia
3035 863 3252 925 oportet
3289 857 3474 911 omnia
3505 873 3576 912 ex
3602 856 3752 915 bono
3776 898 3798 925 ,

2189 955 2245 1000 et
2284 946 2399 1017 ipsa
2436 947 2683 1022 exbouo
2712 945 3070 1015 relinquitur?
3114 945 3264 1002 Et‘si
3295 946 3497 1002 bonum
3546 948 3677 1004 mali
3711 949 3800 1005 fa-

2189 1035 2520 1111 etivum,_sit
2558 1035 2757 1091 malum
2794 1045 2851 1091 ut
2880 1052 2947 1092 ex
2992 1037 3134 1092 bono
3174 1035 3230 1093 ὃν
3261 1034 3489 1105 bonum,
3534 1047 3632 1095 aut
3673 1055 3797 1097 tua-

2189 1124 2301 1179 lum
2325 1124 2447 1180 boni
2475 1124 2755 1191 factivum,
2787 1127 2857 1180 sit
2884 1134 2938 1181 et
2967 1127 3168 1183 bonum
3194 1134 3254 1181 ut
3280 1141 3351 1181 ex
3387 1127 3533 1182 malo
3563 1128 3790 1186 malum.

2189 1214 2297 1270 Aut
2341 1216 2448 1271 duo
2495 1216 2689 1271 iterum
2732 1216 3000 1287 principia
3025 1255 3041 1283 ,
3083 1224 3143 1273 et
3164 1215 3305 1273 haec
3336 1216 3443 1274 alio
3469 1232 3578 1273 uno
3600 1219 3796 1290 juncta

2191 1306 2412 1361 vertice.
2456 1305 2513 1362 Si
2555 1318 2735 1363 autem
2764 1309 3134 1364 necessarium
3174 1309 3373 1365 dicunt
3397 1311 3684 1367 materiem
3723 1311 3795 1368 ad

2189 1397 2576 1468 plenitudinem
2602 1398 2764 1455 totius
2786 1401 2992 1467 mundi,
3011 1402 3280 1471 quomodo
3301 1403 3529 1459 materia
3555 1403 3796 1460 malum?

2188 1491 2351 1546 Aliud
2404 1492 2550 1548 enim
2608 1493 2830 1562 bonum,
2875 1496 3020 1565 quod
3048 1498 3446 1553 necessarium.
3508 1498 3795 1567 Quomodo

2190 1591 2371 1637 autem
2387 1584 2625 1655 optimus
2643 1601 2711 1640 ex
2726 1584 2868 1641 malo
2881 1586 3377 1657 adducitquaedam
3396 1589 3464 1643 ad
3484 1590 3795 1660 generatio-

2193 1693 2315 1733 nem
2329 1678 2471 1734 ?Aut
2487 1681 2760 1749 quomodo
2782 1679 2980 1735 malum
2995 1681 3201 1752 optimo
3214 1682 3617 1737 necessarium?
3631 1681 3807 1754 Fugit

502 1769 616 1840 ipsa
665 1779 845 1826 autem
915 1770 1006 1829 lux
1081 1788 1295 1843 semper
1345 1773 1435 1827 lux
1490 1774 1505 1805 ⁸
1552 1783 1675 1839 est,
1727 1782 1780 1829 et
1840 1773 2091 1828 tenebras
2124 1754 2336 1823 Benim
2361 1771 2552 1840 optimi
2578 1778 2829 1827 naturam
2855 1770 3392 1839 malum..Quomodo
3415 1781 3597 1829 autem
3618 1774 3793 1844 gignit

502 1860 833 1918 illuminans.
864 1860 982 1917 Non
1014 1863 1179 1935 igitur
1206 1880 1378 1935 neque
1422 1865 1475 1920 in
1510 1866 1887 1931 daemonibus,
1916 1880 2094 1936 neque

502 1949 557 2006 in
607 1954 763 2010 nobis
792 1955 1015 2019 malum,
1046 1965 1104 2011 ut
1124 1955 1178 2011 ὃν
1220 1959 1456 2026 malum,
1507 1961 1602 2015 sed
1652 1969 1712 2014 ut
1752 1959 1995 2016 defectus
2038 1966 2094 2014 et

508 2044 773 2101 desolatio
811 2046 1153 2116 proririorum
1196 2050 1459 2104 bonorum
1507 2050 1876 2120 perfectionis.

578 2134 684 2190 Sed
731 2151 906 2206 neque
974 2139 1028 2192 in
1077 2140 1403 2196 animalibus
1442 2143 1463 2173 ¹
1505 2142 1966 2199 irrationabilibus
2010 2152 2095 2199 est

504 2227 728 2285 malum.
765 2229 822 2285 Si
855 2229 1000 2285 enim
1039 2230 1323 2288 interimas
1360 2232 1597 2289 lurorem
1626 2245 1681 2289 et
1706 2235 2093 2305 concupiscen-

499 2322 667 2389 tiam,
715 2331 767 2378 et
809 2324 939 2390 alia,
990 2339 1348 2395 quaecunque
1391 2328 1676 2395 dicuntur,
1711 2337 1765 2383 et
1812 2344 1918 2383 non
1967 2339 2093 2384 sunt

501 2412 820 2484 simpliciter
874 2431 1062 2472 eorum
1108 2427 1336 2473 naturae
1383 2418 1524 2472 mala
1566 2437 1577 2473 :
1627 2421 1833 2491 grande
1873 2422 2089 2491 quidem

500 2510 556 2556 et
590 2501 743 2559 ferox
771 2503 856 2560 leo
891 2506 1123 2575 perdens
1163 2522 1340 2577 neque
1367 2508 1451 2564 leo
1496 2510 1624 2569 erit.
1657 2509 1967 2568 Mansuetus
1997 2528 2094 2566 au-

502 2603 611 2651 tem
641 2598 893 2676 onmibus
918 2597 1096 2655 factus
1120 2601 1296 2667 canis,
1325 2617 1431 2657 non
1459 2604 1566 2658 erit
1602 2604 1773 2660 canis.
1809 2605 2084 2676 Siquidem

503 2689 669 2745 canis
702 2692 971 2761 quoddam
1019 2694 1448 2762 custoditivum,
1495 2704 1557 2752 et
1606 2698 1874 2767 quoddam
1927 2699 2088 2754 adve-

504 2781 687 2837 niendi
724 2783 942 2852 quidem
989 2784 1384 2854 domesticum,
1432 2789 1679 2859 abigendi
1732 2804 1860 2846 vero
1907 2800 2089 2846 extra-

504 2884 688 2927 neum.
726 2872 913 2945 Itaque
958 2876 1102 2945 quod
1148 2892 1256 2932 non
1296 2881 1593 2949 corrumpit
1638 2890 1928 2945 naturam,
1979 2895 2086 2936 non

503 2949 1040 3036 malum,‘corruptio
1096 2977 1277 3024 autem
1317 2979 1541 3026 naturae
1587 2971 1875 3029 inﬁrmitas
1913 2981 1967 3028 et
2005 2974 2098 3029 de-

502 3055 679 3113 fectus
716 3059 1041 3114 naturalium
1082 3061 1482 3132 habitudinum,
1510 3071 1566 3118 et
1604 3066 2002 3134 operationum,
2034 3072 2088 3119 et

503 3148 787 3205 virtutum.
822 3150 889 3204 Et
914 3152 959 3206 si
984 3152 1186 3218 omnia,
1218 3169 1358 3224 quae
1382 3163 1510 3211 sunt
1535 3169 1632 3224 per
1656 3156 2085 3227 generationem,

505 3237 562 3295 in
592 3248 833 3312 tempore
863 3242 1065 3299 habent
1106 3246 1623 3302 consummationem
1643 3288 1656 3311 ,
1692 3262 1865 3305 neque
1894 3248 2090 3319 imper-

500 3328 707 3387 fectum
731 3332 953 3389 omnino
977 3342 1167 3389 contra
1196 3350 1411 3391 omnem
1436 3346 1705 3392 naturam.
2066 3354 2069 3357 ·

501 3457 511 3462 ν
576 3423 684 3478 Sed
730 3438 907 3495 neque
959 3426 1012 3480 in
1059 3433 1174 3480 tota
1221 3437 1414 3482 natura
1461 3429 1682 3484 malum.
1725 3429 1782 3485 Si
1812 3432 1957 3486 enim
1985 3448 2092 3489 non

502 3529 696 3572 omnes
722 3515 995 3571 naturales
1026 3518 1265 3572 rationes
1296 3526 1485 3574 contra
1529 3520 1907 3577 universaliter
1937 3523 1958 3555 ³
1999 3540 2094 3579 na-

507 3612 712 3669 turam,
743 3603 878 3658 nihil
903 3614 987 3660 est
1013 3606 1062 3659 ei
1085 3607 1419 3661 contrarium
1452 3625 1466 3663 :
1501 3609 1619 3679 ejus
1656 3620 1834 3667 autem
1862 3630 1959 3685 per
1983 3617 2092 3670 sin-

505 3695 653 3767 gula,
689 3697 792 3751 hoc
821 3695 1039 3765 quidem
1070 3698 1368 3754 secundum
1397 3709 1647 3756 naturam
1673 3704 1808 3771 erit,
1838 3706 1943 3762 hoc
1968 3720 2093 3763 vero

502 3802 616 3844 non
658 3788 961 3843 secundum
1013 3797 1288 3845 naturam.
1342 3788 1447 3846 Alii
1504 3793 1648 3848 enim
1705 3794 1850 3851 aliud
1905 3808 2093 3854 contra

508 3887 759 3933 naturam
780 3879 802 3911 ⁸
831 3897 843 3934 :
877 3888 934 3935 et
964 3878 1209 3936 hocinde
1234 3891 1421 3938 contra
1451 3893 1725 3954 naturam,
1752 3896 1813 3943 ut
1837 3890 2042 3947 malitia
2075 3909 2089 3947 :

500 3970 613 4026 hoc
655 3979 845 4027 contra
891 3981 1140 4029 naturam
1187 3974 1421 4044 privatio
1476 3991 1664 4033 eorum
1696 4021 1712 4046 ,
1779 3996 1920 4053 quae
1967 3991 2094 4039 sunt

506 4070 753 4121 naturae.
779 4064 968 4136 Itaque
994 4081 1100 4122 non
1132 4076 1217 4124 est
1245 4067 1385 4123 mala
1411 4079 1605 4126 natura
1631 4112 1646 4138 ,
1676 4072 1768 4128 sed
1805 4074 1907 4129 hoc
1940 4084 2094 4130 natu-

505 4167 600 4209 rae
627 4153 852 4222 malum,
881 4170 989 4212 non
1017 4171 1200 4229 posse,
1226 4172 1369 4228 quae
1397 4172 1524 4215 sunt
1562 4162 1812 4232 propriae
1842 4172 2088 4235 naturae,

502 4244 783 4317 perﬁcere.

497 4365 503 4373 ο
579 4335 687 4394 Sed
702 4354 875 4409 neque
900 4341 954 4396 in
968 4342 1287 4414 corporibus
1302 4343 1657 4400 malum.Vile
1683 4343 1828 4401 enim
1854 4354 1909 4401 et
1937 4347 2088 4403 infir-
2132 4390 2137 4395 .

2193 1870 2247 1917 et
2267 1863 2411 1918 nutri
2431 1872 2683 1919 naturam
2702 1865 2929 1919 materia
2953 1862 3095 1918 mala
3112 1864 3390 1920 existens?
3410 1863 3607 1919 Malunt
3618 1866 3785 1933 enim,

2192 1956 2487 2012 secundum
2521 1956 2666 2027 quod
2697 1958 2769 2012 sit
2812 1955 3034 2021 malum,
3078 1955 3280 2012 nullius
3323 1966 3412 2013 est
3461 1957 3787 2028 genitivum,

2195 2056 2288 2102 aut
2308 2048 2648 2113 nutritivum,
2672 2058 2766 2105 aut
2786 2048 3008 2103 omnino
3029 2047 3311 2113 factivum,
3331 2034 3782 2107 autsalvativum.

2188 2139 2248 2194 Si
2268 2150 2446 2195 autem
2463 2141 2729 2206 dicerent,
2748 2142 2918 2212 ipsam
2945 2141 3162 2211 quidem
3189 2156 3295 2196 non
3320 2140 3491 2197 facere
3509 2141 3780 2197 malitiam

2192 2230 2246 2285 in
2272 2230 2557 2286 animabus
2581 2271 2597 2296 ,
2642 2233 2917 2286 attrahere
2943 2246 3073 2286 vero
3115 2246 3211 2287 eas
3235 2270 3250 2297 ,
3278 2240 3331 2287 et
3367 2232 3631 2301 quomodo
3667 2229 3787 2287 erit

2192 2325 2297 2380 hoc
2318 2323 2545 2379 verum?
2568 2323 2792 2378 Multum
2823 2323 2968 2379 enim
2997 2338 3161 2379 suum.
3180 2324 3235 2378 in
3261 2321 3458 2379 bonum
3487 2320 3785 2391 aspiciunt.

2193 2414 2259 2468 Et
2294 2414 2512 2485 quidem
2541 2414 2809 2485 quomodo
2834 2413 2929 2469 flat
2954 2414 3079 2479 hoc,
3103 2412 3330 2469 materia
3367 2412 3587 2467 omnino
3613 2425 3709 2465 eas
3732 2409 3789 2464 in

2192 2504 2390 2559 malum
2412 2505 2759 2560 attrahen’te?
2778 2504 2963 2574 Itaque
2977 2498 3081 2559 non
3101 2518 3167 2559 ex
3185 2504 3410 2558 materia
3426 2501 3481 2556 in
3506 2500 3790 2556 animabus

2192 2597 2416 2661 malum,
2435 2597 2529 2652 sed
2549 2596 2748 2667 exipso
2762 2596 2980 2652 delicto.
3003 2594 3061 2652 Si
3083 2605 3266 2651 autem
3287 2595 3466 2651 ethoc
3480 2594 3655 2659 aiunt,
3674 2608 3788 2647 ma.

2192 2691 2386 2744 teriam
2417 2689 2726 2745 omnimode
2761 2698 3062 2760 sequuntur
3087 2696 3144 2744 et
3178 2686 3492 2744 necessaria
3522 2684 3788 2741 instabilis

2193 2782 2418 2836 materia
2450 2796 2517 2837 ex
2539 2779 2844 2851 semetipsis
2869 2781 3124 2837 collocari
3155 2797 3264 2837 non
3292 2779 3628 2845 valentibus,
3654 2792 3790 2848 quo-

2192 2871 2355 2927 modo
2383 2871 2580 2927 malum
2612 2870 3012 2936 necessarium,
3040 2878 3135 2925 aut
3158 2869 3530 2927 necessarium
3553 2866 3789 2928 malum?

2268 2962 2375 3018 Sed
2403 2977 2577 3032 neque
2606 2963 2709 3019 hoc
2746 2963 2890 3034 quod
2924 2962 3157 3019 dicimus
3203 2962 3425 3034 privare
3445 3001 3461 3029 ,
3489 2961 3790 3018 secundum

2196 3058 2761 3126 virtutem-propriam
2809 3066 3013 3129 pugnat
3059 3058 3223 3113 bono.
3269 3054 3606 3111 Universalis
3645 3054 3791 3109 enim

2191 3149 2422 3219 privatio
2470 3149 2852 3205 universaliter
2904 3152 3215 3221 impotens:
3249 3148 3599 3220 particularis
3648 3162 3782 3204 vero

2193 3258 2297 3299 non
2336 3245 2630 3299 secundum
2671 3244 2814 3315 quod
2836 3244 3104 3315 privatio,
3150 3228 3314 3299 habet
3341 3243 3596 3298 virtutem
3623 3281 3639 3308 ,
3686 3239 3786 3296 sed

2194 3335 2493 3392 secundum
2516 3335 2663 3406 quod
2698 3352 2806 3391 non
2847 3336 3176 3391 universalis
3205 3344 3293 3390 est
3314 3334 3573 3406 privatio.
3599 3332 3783 3388 Priva-

2188 3428 2341 3484 tione
2356 3429 2501 3482 enim
2520 3427 2643 3484 boni
2657 3442 2722 3498 pa
2731 3426 2971 3497 rticulari
2987 3428 3278 3492 existente,
3295 3425 3532 3481 nondum
3545 3423 3744 3489 malum
3761 3439 3780 3481 :

2193 3530 2250 3577 et
2282 3520 2451 3587 facta,
2473 3531 2532 3577 et
2561 3521 2687 3576 mali
2719 3530 2915 3576 natura
2939 3519 3121 3590 periit.
3304 3524 3308 3530 '

2264 3612 2547 3685 Colligenti
2596 3621 2778 3668 autem
2821 3612 3112 3667 dicendum
3156 3628 3171 3665 :
3205 3610 3418 3665 Bonum
3466 3623 3529 3664 ex
3572 3622 3676 3662 una
3716 3613 3781 3663 et

2195 3711 2306 3760 tota
2338 3718 2502 3759 causa
2529 3744 2545 3771 ,
2595 3703 2799 3759 malum
2836 3717 2905 3760 ex
2938 3702 3123 3759 multis
3149 3710 3206 3758 et
3239 3698 3654 3773 particularibus
3679 3696 3784 3753 de.

2193 3794 2449 3852 fectibus.

2265 3887 2380 3943 Scit
2404 3888 2545 3944 Deus
2568 3886 2794 3953 malum,
2816 3902 2885 3941 an
2903 3885 3106 3942 bonum
3142 3893 3200 3941 et
3224 3883 3369 3955 apud
3392 3883 3569 3955 ipsum
3589 3892 3788 3940 causa

2192 3979 2459 4037 malorum
2498 3984 2727 4035 virtutes
2755 3987 2882 4034 sunt
2908 3976 3209 4034 beneﬁcae.

2265 4071 2323 4128 Si
2360 4072 2560 4128 malum
2588 4080 2890 4137 aeternum,
2920 4078 2977 4127 et
3001 4078 3174 4136 creat,
3200 4078 3259 4125 et
3276 4075 3492 4139 potest,
3521 4073 3578 4122 et
3598 4072 3705 4131 est,
3726 4070 3785 4119 et

2193 4166 2307 4238 agit
2328 4184 2342 4220 :
2366 4166 2510 4222 unde
2529 4166 2579 4221 ei
2611 4165 2744 4221 haec
2765 4166 2790 4218 ἲ
2819 4164 2927 4219 Aut
2952 4179 3020 4220 ex
3048 4164 3211 4229 bono,
3241 4169 3337 4217 aut
3361 4160 3506 4217 bono
3528 4156 3783 4228 eximaio,

2192 4265 2286 4312 aut
2310 4257 2573 4313 ambobus
2602 4273 2667 4312 ex
2693 4257 2797 4312 alia
2828 4271 3018 4312 causa.

2261 4348 2437 4406 Omne
2455 4350 2599 4420 quod
2627 4351 2922 4406 secundum
2969 4357 3245 4413 naturam,
3272 4362 3341 4403 ex
3366 4361 3536 4402 causa
3561 4343 3781 4401 definita

504 4442 654 4483 mum
695 4430 936 4487 defectus
965 4431 1173 4488 formae
1198 4442 1253 4489 et
1275 4435 1511 4505 privatio
1557 4435 1764 4495 ordinis
1795 4454 1808 4490 :
1843 4437 1947 4510 hqc
1994 4454 2089 4494 au-
2114 4467 2171 4528 Β
2192 4441 2466 4514 gignitur:
2496 4443 2545 4496 si
2580 4441 2779 4497 malum
2807 4441 3083 4498 incausale
3121 4450 3178 4497 et
3220 4441 3491 4496 inﬁnitum
3519 4480 3534 4507 ,
3560 4453 3666 4493 non
3701 4451 3783 4492 se-

500 4527 613 4574 tem
643 4536 748 4576 non
771 4523 992 4577 omnino
1017 4524 1239 4587 malum,
1274 4527 1366 4581 sed
1390 4525 1568 4582 minus
1598 4524 1817 4582 bonum.
1850 4526 1905 4582 Si
1943 4532 2088 4585 enim

504 4610 726 4666 omnino
752 4612 847 4667 flat
886 4612 1083 4668 solutio
1114 4614 1262 4681 boni,
1291 4622 1346 4669 et
1383 4614 1614 4682 formae,
1645 4619 1871 4685 ordinis,
1896 4620 2095 4691 peribit

504 4706 564 4754 et
594 4698 770 4767 ipsum
813 4716 1028 4772 corpus.
1071 4703 1207 4770 Quia
1251 4719 1382 4762 vero
1424 4721 1602 4778 neque
1646 4709 1888 4768 malitiae
1925 4727 2090 4768 causa

508 4791 723 4846 animae
744 4807 956 4865 corpus,
987 4794 1192 4852 clarum
1218 4811 1283 4853 ex
1314 4799 1441 4866 hoc,
1466 4802 1723 4872 possibile
1736 4820 1880 4873 esse,
1902 4808 2092 4865 etsine

502 4897 734 4955 corpore
797 4894 949 4940 extra
1014 4886 1312 4946 subsistere
1364 4891 1666 4962 malitiam,
1720 4896 1862 4952 sicut
1921 4906 1977 4951 et
2032 4897 2087 4953 in

503 4974 879 5033 daemonibus.
910 4975 1023 5035 Hoc
1040 4980 1185 5036 enim
1207 4992 1262 5038 et
1286 4983 1671 5053 intellectibus,
1693 4998 1748 5042 et
1775 4989 2081 5057 animabus,

499 5073 559 5125 et
602 5070 918 5140 corporibus
952 5074 1152 5131 malum
1179 5116 1195 5143 ,
1237 5077 1567 5136 habitudinis
1612 5082 1952 5151 propriorum
1984 5083 2084 5138 bo-

503 5176 695 5218 norum
724 5163 1010 5223 inﬁrmitas
1034 5176 1090 5224 et
1130 5183 1311 5225 casus.

571 5254 678 5312 Sed
716 5262 891 5329 neque
926 5259 1154 5316 multum
1190 5274 1490 5319 murmurat
1515 5265 1569 5319 in
1598 5262 1826 5318 materia
1860 5264 2077 5327 malum,

498 5356 560 5403 ut
595 5349 777 5415 aiunt,
817 5352 1114 5406 secundum
1154 5353 1299 5422 quod
1330 5355 1577 5409 materia.
1609 5354 1821 5409 Etenim
1879 5363 1933 5408 et
1966 5355 2113 5426 ipsa.

497 5449 742 5509 ornatus,
766 5453 821 5498 et
840 5439 1070 5509 formae,
1097 5455 1151 5500 et
1176 5445 1376 5516 speciei
1402 5446 1564 5501 habet
1587 5445 2077 5515 participationem.

2193 4535 2428 4590 cundum
2455 4543 2728 4587 naturam.
2753 4532 2939 4603 Neque
2963 4535 3108 4612 enim
3139 4533 3194 4588 in
3226 4542 3416 4587 natura
3446 4532 3565 4603 ejus
3590 4537 3776 4585 contra

2192 4634 2463 4688 naturam,
2492 4636 2669 4694 neque
2698 4624 3057 4680 inartiﬁcialis
3082 4625 3135 4678 in
3169 4631 3288 4679 arte
3317 4623 3477 4679 ratio.

2183 4721 2188 4727 ‘
2263 4716 2431 4787 Igitur
2456 4715 2636 4769 anima
2674 4713 2939 4768 malorum
2984 4729 3173 4780 causa,
3215 4715 3359 4770 sicut
3402 4713 3537 4784 ignis
3576 4708 3771 4766 calefa-

2191 4810 2367 4866 ciendi
2392 4828 2407 4864 :
2433 4820 2488 4864 et
2514 4808 2718 4876 omnia,
2741 4808 3151 4879 quibuscuuque
3173 4807 3352 4863 vicina
3376 4804 3533 4861 fuerit
3562 4801 3773 4857 malitia

2192 4898 2384 4970 replet.
2416 4898 2565 4955 Bona
2596 4899 2813 4969 quidem
2859 4898 3072 4953 animae
3098 4906 3295 4952 natura
3326 4915 3340 4951 :
3373 4892 3778 4965 operationibus

2192 4995 2373 5044 autem
2398 4988 2686 5059 aliquando
2732 4989 2949 5061 quidem
2974 4989 3054 5045 sic
3100 4990 3264 5045 habet
3290 5029 3306 5055 ,
3332 4985 3618 5057 aliquando
3647 4998 3779 5039 vero

2198 5080 2298 5136 sic.
2327 5082 2606 5153 Siquidem
2631 5097 2695 5137 ex
2720 5089 2912 5137 natura
2934 5089 2991 5136 et
3012 5096 3133 5137 esse
3158 5081 3278 5151 ejus
3294 5080 3516 5144 malum,
3553 5086 3609 5135 et
3637 5076 3779 5130 unde

2189 5176 2237 5232 ei
2255 5174 2411 5231 esse?
2463 5174 2541 5228 Ex
2589 5173 2855 5229 creatriee
2897 5172 3138 5227 omnium
3182 5171 3534 5226 existentium
3575 5166 3782 5237 optima

2190 5280 2376 5321 causa.
2411 5262 2517 5319 Sed
2557 5263 2601 5318 si
2623 5278 2688 5318 ex
2733 5277 2818 5328 ea,
2861 5262 3131 5332 quomodo
3158 5260 3461 5316 secundum
3486 5257 3779 5313 essentiam

2186 5355 2421 5411 malum?
2448 5353 2596 5409 Bona
2628 5354 2772 5408 enim
2803 5353 2985 5408 omnia
3022 5353 3213 5408 eadem
3240 5351 3476 5423 egenita.
3510 5348 3566 5403 Si
3595 5356 3779 5403 autem

2181 5447 2587 5518 operationibus
2613 5485 2629 5512 ,
2671 5445 2717 5501 si
2756 5454 2941 5501 autem
2992 5446 3097 5501 hoc
3145 5458 3253 5500 non
3292 5441 3656 5515 praemissum
3725 5436 3780 5496 si

882 5626 890 5632 ,
1282 5636 1289 5643 ⁸
1801 5561 2060 5619 VARIAE
2096 5561 2504 5622 LECTIONES.

573 5669 716 5747 ῗδὶο
749 5670 955 5747 4:133
990 5686 1207 5747 semper
1227 5669 1285 5724 in
1324 5669 1471 5738 luce;
1504 5670 1546 5727 E
1583 5673 1691 5747 tua
1712 5690 1869 5747 super
1905 5674 2021 5732 luce
2056 5685 2163 5735 est.
2238 5677 2257 5708 '
2297 5674 2390 5732 Sic
2424 5673 2501 5742 A;
2539 5672 2676 5732 BER
2711 5672 3012 5731 animabus.
3088 5670 3110 5707 ³
3144 5670 3238 5731 Sic
3274 5668 3440 5740 BEH;
3470 5666 3774 5725 Auniver-'

502 5740 687 5795 salem.
763 5736 786 5771 ⁸
822 5740 928 5794 Alii
958 5736 1415 5796 animi-naturam
1451 5736 1561 5800 om.
1605 5744 1714 5800 BH.
