4142 6296
330 313 470 371 1145

987 303 1239 366 VERSIO
1275 303 1563 362 OPERUM
1600 305 1658 360 S.
1701 303 2020 362 DIONYSII.
2059 335 2128 344 —
2168 303 2254 360 DE
2295 304 2543 360 DIVINIS
2583 303 2974 362 NOMINIBUS.

3461 306 3600 364 H46

327 433 510 480 autem
541 461 557 490 ,
605 417 868 490 numquid
919 417 1062 472 unde
1102 418 1368 473 virtutes?
1413 416 1680 487 Numquid
1716 427 1770 473 et
1798 419 1914 472 dei-
1943 426 1988 480 Α
2022 425 2148 481 tem,
2202 429 2257 474 et
2312 419 2526 488 preprie
2581 419 2872 486 unicuique
2919 416 3268 472 existentium
3328 419 3602 488 providet.

329 514 608 570 formitate
643 509 758 579 ejus
800 508 982 563 facta?
1014 508 1358 577 Relinquitur
1390 522 1518 580 ergo
1541 548 1556 574 ,
1595 509 1792 563 malum
1829 507 1913 562 in—

333 605 563 661 ﬁrmitas
585 611 640 658 et
683 599 923 655 defectus
958 600 1082 654 boni
1109 615 1248 655 esse.

403 693 738 766 Optimorum
767 705 930 746 causa
953 706 1083 754 una,
1106 691 1312 760 optimo
1334 689 1532 744 malum
1563 693 1916 753 contrarium,

332 786 462 842 mali
477 797 671 840 causae
688 781 908 836 multae.
927 781 1041 836 Non
1059 780 1276 851 quidem
1294 778 1524 833 factivae
1545 780 1805 834 malorum
1835 796 1922 834 ra-

333 877 509 932 tiones
524 873 835 937 etvirtutes,
852 872 945 928 sed
967 870 1304 940 impotentia,
1320 879 1373 924 ct
1397 869 1700 934 infirmitas,
1717 879 1771 923 et
1785 870 1921 923 mix-

342 977 462 1023 tura
496 964 840 1020 dissimilium
882 963 1263 1016 immoderata.
1293 958 1478 1030 Neque
1509 959 1802 1014 immobilia
1825 999 1839 1023 ,
1869 969 1922 1012 et

338 1073 558 1130 semper
578 1058 740 1112 sicsic
761 1056 1010 1111 habentia
1029 1055 1189 1118 mala,
1218 1053 1309 1108 sed
1333 1052 1524 1117 multa,
1547 1060 1600 1106 et
1616 1049 1846 1113 inﬁnita,
1871 1059 1924 1105 et

332 1152 386 1206 in
417 1151 629 1205 diversa
675 1148 904 1204 ferentia
927 1187 942 1213 ,
971 1155 1025 1201 et
1061 1147 1145 1201 his
1184 1145 1368 1199 multis
1397 1145 1648 1199 omnibus
1669 1153 1723 1198 et
1751 1143 1922 1198 malis.

403 1239 737 1309 Principium
767 1247 822 1293 et
850 1237 973 1292 ﬁnis
1002 1237 1108 1291 erit
1146 1237 1364 1290 bonum.
1403 1236 1630 1306 Propter
1664 1234 1804 1287 enim
1832 1233 1928 1287 bo~

335 1347 466 1386 num
487 1330 690 1393 omnia,
717 1337 770 1384 et
798 1343 1149 1398 quaecunque
1169 1329 1464 1382 contraria.
1484 1327 1693 1380 Etenim
1715 1334 1770 1380 et
1793 1326 1928 1379 haec

337 1421 548 1490 agimus
583 1421 782 1476 bonum
819 1419 1205 1474 desiderantes.
1241 1419 1411 1473 Nemo
1439 1419 1580 1474 enim
1623 1417 1818 1472 malum
1847 1431 1930 1470 re-

338 1513 577 1580 spiciens
610 1510 736 1566 facit
767 1525 906 1581 quae
933 1510 1080 1564 facit.
1122 1509 1355 1564 Proinde
1381 1525 1554 1580 neque
1574 1508 1929 1563 substantiam

339 1599 506 1655 habet
534 1600 753 1663 malum,
805 1599 898 1653 sed
947 1609 1138 1653 contra
1168 1599 1548 1665 substantiam,
1587 1605 1806 1668 propter
1832 1596 1931 1652 bo-

340 1705 490 1752 num,
520 1698 576 1746 et
605 1705 712 1744 non
743 1704 810 1744 ex
836 1705 902 1744 eo
928 1688 1150 1744 factum.

2020 509 2311 580 Propterea
2351 519 2404 563 et
2426 524 2617 562 vanam
2641 519 2734 563 aut
2760 511 3151 580 disceptantem
3180 509 3472 566 multorum
3495 527 3604 569 non

2023 602 2314 670 recipimus
2344 603 2629 667 rationem,
2660 604 2751 672 qui
2775 613 3028 673 oportere
3048 602 3199 664 aiunt
3219 605 3608 672 providentiam

2021 702 2076 749 et
2103 694 2297 747 invitos
2326 710 2425 749 nos
2457 695 2508 749 in
2537 695 2788 751 virtutem
2823 697 3038 750 ducere.
3073 695 3434 766 Corrumpere
3463 699 3608 754 enim

2023 793 2295 848 naturam,
2331 801 2435 840 non
2464 796 2544 840 est
2566 785 2954 856 providentiae.
2973 783 3125 840 Unde
3151 797 3210 838 ut
3230 785 3251 816 ³
3275 772 3612 855 providentia

2024 873 2448 946 uniuscujusque
2496 884 2718 929 naturae
2777 873 3034 930 salvatrix
3078 890 3172 944 per
3209 874 3414 944 seipsos
3445 884 3614 931 moto-

2027 979 2165 1028 rum,
2201 973 2258 1018 ut
2285 980 2380 1034 per
2406 966 2615 1035 scipsos
2642 974 2932 1031 motorum,
2962 965 3224 1035 providet,
3250 975 3307 1021 et
3328 967 3530 1034 omnia,
3558 971 3615 1022 et

2025 1065 2086 1104 ea
2116 1067 2211 1122 per
2235 1053 2464 1124 singula,
2483 1053 2730 1109 similiter
2753 1054 3006 1108 universo
3028 1064 3082 1108 et
3102 1055 3412 1124 unicuique,
3437 1071 3612 1125 quan-

2029 1152 2142 1199 tum
2175 1147 2508 1215 provisorum
2542 1156 2732 1199 natura
2767 1146 2958 1215 recipit
3001 1146 3166 1200 totius
3193 1156 3246 1200 et
3277 1146 3616 1218 largissimae

2027 1236 2397 1304 providentiae
2433 1237 2605 1292 editas
2647 1235 3125 1308 proportionaliter
3165 1239 3456 1308 unicuique
3491 1255 3618 1309 pro-

2029 1323 2183 1378 vidas
2210 1325 2498 1380 bonitates.

2102 1411 2216 1467 Non
2251 1415 2413 1483 igitur
2439 1414 2724 1485 ciamalum,
2750 1431 2925 1486 neque
2943 1415 2995 1470 in
3012 1415 3370 1472 existentibus
3397 1417 3617 1472 malum.

2032 1501 2146 1557 Non
2175 1506 2393 1559 omnino
2422 1507 2564 1560 enim
2603 1507 2825 1573 malum,
2853 1516 3012 1563 vacat
3041 1507 3240 1560 malum
3279 1517 3335 1563 et
3363 1507 3476 1562 ﬁeri
3504 1525 3620 1564 ma-

2031 1589 2143 1650 lum
2179 1600 2468 1652 secundum
2513 1598 2789 1664 virtutem,
2832 1580 3068 1669 sed'pcr
3111 1599 3502 1654 inﬁrmitatem.
3557 1600 3625 1655 Et

2034 1687 2406 1754 daemonibus,
2433 1690 2574 1759 quod
2598 1690 2812 1759 quidem
2839 1698 3030 1744 suntet
3053 1704 3118 1744 ex
3143 1689 3307 1756 bono,
3331 1702 3384 1744 et
3399 1691 3621 1745 bonum.

410 1779 546 1834 Malo
585 1794 708 1836 esse
747 1781 1050 1850 ponendum
1097 1782 1392 1836 secundum
1428 1781 1700 1846 accidens,
1737 1789 1793 1836 et
1839 1796 1935 1852 per
1959 1763 2008 1822 Β
2036 1780 2229 1835 Malum
2262 1790 2442 1836 autem
2478 1783 2609 1852 ipsis
2640 1798 2704 1836 ex
2737 1784 2970 1852 propriis
3002 1783 3156 1838 bonis
3183 1799 3312 1838 casu
3367 1794 3421 1839 et
3449 1795 3624 1838 muta-

340 1871 508 1938 aliud,
547 1880 602 1926 et
632 1887 738 1927 non
767 1887 836 1927 ex
877 1873 1144 1944 principio
1173 1889 1411 1943 proprio.
1450 1872 1636 1943 Itaque
1666 1873 1807 1942 quod
1853 1872 1934 1927 fa-

340 1970 516 2026 ctum,
550 1970 758 2016 rectum
785 1961 1003 2031 quidem
1037 1979 1157 2018 esse
1185 1963 1479 2033 putandum
1501 2003 1515 2029 ,
1544 1964 1668 2033 quia
1695 1979 1759 2019 ex
1793 1963 1934 2019 bono

339 2067 462 2105 esse
495 2053 812 2120 putandum,
837 2051 961 2120 quia
993 2061 1214 2122 propter
1241 2053 1444 2106 bonum
1479 2052 1557 2119 ﬁt,
1587 2053 1812 2107 veritate
1839 2069 1933 2107 au-

343 2153 450 2197 tem
486 2157 591 2196 non
626 2151 831 2196 rectum
862 2157 1000 2196 esse.
1023 2141 1383 2208 Quamobrem
1411 2145 1552 2214 quod
1574 2160 1679 2200 non
1710 2145 1931 2212 bonum,

340 2231 538 2286 bonum
568 2231 920 2284 arbitramur.

414 2321 734 2376 Ostenditur
772 2321 918 2376 aliud
945 2322 962 2352 ⁸
992 2322 1433 2391 concupiscibile,
1460 2332 1515 2379 et
1544 2324 1686 2378 aliud
1713 2324 1932 2380 factum.

345 2411 464 2467 Non
496 2413 659 2482 igitur
694 2411 894 2466 malum
926 2420 1008 2467 est
1035 2427 1102 2467 ex
1128 2413 1248 2479 via,
1278 2429 1454 2482 neque
1481 2423 1561 2469 est
1609 2429 1675 2468 ex
1706 2416 1934 2482 visione,

346 2519 522 2574 neque
551 2513 716 2559 estex
748 2513 970 2568 natura,
1001 2519 1178 2575 neque
1209 2515 1288 2560 est
1323 2521 1391 2561 ex
1434 2523 1598 2562 causa
1618 2548 1632 2572 ,
1659 2523 1831 2578 neque
1857 2516 1941 2564 est

346 2611 413 2651 ex
441 2595 737 2665 principio,
777 2609 951 2665 neque
983 2603 1157 2650 estex
1194 2596 1299 2650 ﬁne
1327 2637 1342 2662 ,
1394 2613 1568 2668 neque
1604 2609 1687 2654 est
1727 2615 1792 2654 ex
1833 2609 1944 2655 ter-

347 2687 496 2741 mino
528 2689 570 2750 ²,
612 2699 786 2754 neque
810 2677 986 2740 estex
1011 2686 1256 2751 consilio,
1279 2702 1454 2757 neque
1479 2697 1562 2742 est
1592 2705 1658 2744 ex
1685 2699 1938 2743 substan-

349 2777 442 2831 tia.
471 2775 712 2830 Privatio
743 2775 907 2846 igitur
937 2782 1020 2829 est
1055 2775 1278 2840 malum,
1318 2784 1374 2832 et
1407 2777 1668 2842 defectus,
1706 2789 1760 2833 et
1786 2777 1938 2832 infir-

349 2867 533 2932 mitas,
580 2874 635 2920 et
681 2865 1122 2930 immoderantia,
1153 2876 1206 2918 et
1237 2876 1537 2936 peccatum,
1585 2879 1639 2924 et
1675 2870 1942 2940 inconspi-

351 2972 539 3018 cuum,
566 2964 620 3009 et
648 2955 900 3020 informe,
933 2964 989 3008 et
1015 2971 1122 3010 non
1155 2956 1357 3022 vivens,
1387 2966 1443 3013 et
1480 2974 1584 3013 non
1615 2960 1942 3032 intelligens,

351 3055 410 3102 et
449 3045 790 3110 irrationale,
828 3055 881 3100 et
923 3045 1328 3116 imperfectum,
1357 3056 1410 3102 et
1447 3049 1818 3105 ineollocatum
1845 3092 1860 3117 ,
1889 3059 1943 3105 et

2035 1870 2293 1938 bilitates,
2324 1873 2577 1942 circaque
2613 1872 3019 1928 similitudinem
3042 1884 3095 1928 et
3119 1873 3360 1928 habitum
3396 1873 3622 1927 inﬁrmi-

2038 1971 2120 2017 tas
2158 1973 2421 2034 cognatae
2448 1964 2581 2034 ipsis
2607 1963 2628 1994 ⁸
2655 1964 2931 2034 angelicae
2961 1964 3328 2034 perfectiOnis.
3364 1966 3432 2019 Et
3464 1981 3626 2036 appe—

2036 2062 2156 2109 tunt
2184 2056 2380 2109 bonum
2401 2096 2414 2120 ,
2445 2057 2734 2109 secundum
2765 2055 2905 2125 quod
2935 2064 2991 2109 et
3017 2071 3138 2110 esse
3161 2065 3214 2110 et
3242 2058 3422 2111 vivere
3458 2065 3513 2111 et
3539 2057 3624 2110 in-

2037 2145 2274 2214 telligere
2303 2145 2721 2199 substituuntur.
2746 2145 2813 2200 Et
2832 2147 2876 2200 si
2904 2162 3008 2200 non
3037 2158 3294 2217 appetunt
3317 2148 3542 2214 bonum,
3571 2147 3624 2202 id

2037 2237 2179 2305 quod
2203 2251 2306 2290 non
2331 2245 2414 2290 est
2436 2246 2692 2306 appetunt
2719 2237 2776 2290 ':
2815 2246 2870 2293 et
2898 2253 3004 2293 non
3037 2239 3143 2293 erit
3181 2237 3283 2294 hoc
3318 2239 3625 2312 appetitus,

2039 2329 2136 2386 sed
2158 2343 2283 2384 vere
2306 2333 2576 2397 appetitus
2603 2339 2907 2399 peccatum.

2108 2421 2166 2476 In
2203 2421 2430 2476 scientia
2506 2429 2683 2475 autem
2732 2429 3021 2492 peccantes
3046 2422 3068 2454 ⁶
3094 2413 3293 2478 vocant
3360 2423 3573 2493 eloquia
3601 2434 3628 2464 α

2041 2513 2182 2568 circa
2199 2527 2481 2566 erroneam
2497 2511 2620 2566 boni
2636 2513 2917 2567 scientiam
2933 2524 3024 2566 aut
3041 2515 3309 2569 actionem
3338 2514 3582 2570 inﬁrmos
3612 2531 3626 2569 τ

2043 2603 2701 2668 etscientesvuluntatem,
2719 2612 2889 2658 etnon
2908 2603 3169 2661 facientes
3189 2624 3200 2658 :
3219 2606 3494 2662 auditores
3508 2607 3626 2678 qui-

2044 2696 2164 2751 dem
2197 2694 2438 2752 inﬁrmos
2458 2705 2552 2751 aut
2573 2698 2718 2752 circa
2741 2696 2923 2763 fidem,
2949 2708 3038 2752 aut
3059 2699 3431 2768 operationem
3456 2701 3585 2755 boni
3610 2718 3624 2755 :

2044 2795 2099 2840 et
2129 2785 2420 2840 nolentiam
2445 2787 2764 2855 quibusdam
2795 2789 3084 2843 convenire
3118 2787 3507 2843 benefaciendo
3538 2806 3634 2861 per

2045 2875 2239 2931 falsam
2291 2878 2698 2932 conversionem
2734 2884 2756 2916 ⁷
2789 2887 2882 2932 aut
2914 2877 3284 2932 inﬁrmitatem
3317 2879 3630 2934 voluntatis.

2045 2967 2114 3022 Et
2134 2968 2212 3021 sic
2225 2967 2444 3021 omnino
2468 2967 2693 3034 malum,
2717 2977 2775 3022 ut
2798 2982 2957 3037 saepe
2981 2967 3236 3032 diximus,
3255 2966 3563 3034 inﬁrmitas,
3580 2976 3638 3024 et

2048 3061 2469 3130 impossibilitas,
2501 3071 2556 3116 et
2587 3059 2827 3116 defectus
2852 3069 2933 3115 est
2961 3070 3054 3114 aut
3095 3060 3382 3123 scientiae,
3419 3069 3513 3114 aut
3548 3075 3637 3114 er-

353 3139 662 3204 illcallsa‘le,
695 3149 748 3194 el
786 3138 1054 3193 ίηίῖηῖῑιιηι
1077 3179 1091 3203 ν
1123 3148 1178 3194 ει
1205 3138 1568 3202 ἱειΓθευηιΙιηην
1626 3151 1678 3196 (δι
1704 3143 1942 3212 βίὲιῚι-*ην
1969 3111 2018 3173 C
2049 3155 2220 3210 rantis
2251 3155 2529 3219 scientiae,
2569 3163 2662 3208 aut
2687 3153 2828 3219 ﬁdei,
2875 3161 2967 3207 aut
3010 3154 3285 3218 desiderii,
3318 3163 3413 3207 aut
3439 3169 3638 3224 opera-

350 3241 408 3286 et
448 3230 740 3294 inﬁrmum,
784 3239 838 3285 et
884 3229 1270 3295 inordinatum,
1311 3239 1368 3285 et
1412 3230 1691 3294 dissimile,
1732 3241 1786 3284 et
1813 3230 1946 3286 mul-

354 3329 491 3388 tum,
522 3329 576 3377 et
605 3321 974 3386 tenebrosum,
997 3328 1052 3376 et
1073 3319 1439 3387 inessentiale,
1461 3330 1516 3376 et
1542 3323 1643 3376 hoc
1672 3337 1945 3392 nunquam

350 3429 616 3484 nusquam
646 3413 849 3468 nullum
882 3411 958 3468 ὅν.

425 3509 706 3576 Quomodo
751 3507 972 3562 omnino
1019 3516 1198 3577 potest
1253 3507 1451 3562 malum
1508 3509 1576 3562 ad
1625 3509 1821 3564 bonum
1877 3523 1944 3563 ex

355 3599 628 3656 mixtura?
656 3599 808 3665 Quod
846 3600 993 3653 enim
1032 3601 1178 3653 omni
1225 3601 1366 3654 bono
1407 3615 1620 3669 expers,
1657 3616 1832 3671 neque
1861 3612 1947 3657 cst

355 3691 504 3762 quid,
554 3707 730 3761 neque
773 3698 976 3760 potest:
1016 3691 1226 3745 Etenim
1273 3690 1317 3745 si
1359 3692 1556 3745 bonum
1583 3701 1637 3746 et
1661 3690 1714 3747 ὃν
1745 3701 1850 3757 est,
1892 3700 1948 3747 et

359 3782 748 3838 consultorium
775 3823 790 3847 ,
821 3790 875 3836 et
896 3783 1033 3837 bene
1064 3791 1252 3852 potens
1278 3824 1292 3848 ,
1323 3793 1372 3837 et
1399 3785 1652 3849 activum,
1677 3786 1948 3854 quomodo

359 3876 559 3946 poterit
592 3874 720 3944 quid
749 3874 1082 3927 contrarium
1122 3873 1283 3938 bono,
1323 3883 1378 3928 et
1416 3875 1716 3929 substantia
1756 3886 1810 3930 et
1853 3890 1944 3929 sa-

361 3966 569 4039 pientia
597 3975 652 4020 et
690 3965 882 4020 virtute
911 3972 966 4018 et
996 3965 1312 4034 Operatione
1353 3965 1664 4032 privatum?

433 4059 550 4114 Non
579 4059 760 4113 omnia
790 4057 1060 4124 omnibus,
1089 4067 1145 4115 et
1188 4059 1408 4114 omnino
1435 4057 1620 4113 eadem
1652 4056 1946 4111 secundum

363 4153 591 4223 idipsum
635 4154 791 4206 mala.
849 4151 1110 4206 Daemoni
1161 4151 1380 4217 malum,
1419 4160 1606 4205 contra
1633 4146 1948 4204 deiformetn

362 4243 692 4298 intellectum
719 4257 840 4298 esse
867 4264 879 4294 -.
912 4243 1151 4307 animae,
1177 4251 1364 4296 contra
1393 4242 1656 4295 rationem
1681 4238 1948 4308 :corpori,

361 4345 550 4391 contra
573 4344 847 4390 naturam.

435 4427 717 4493 Quomodo
745 4428 966 4483 omnino
985 4425 1124 4481 mala
1135 4465 1149 4490 ,
1173 4424 1506 4495 providentia
1519 4422 1820 4478 existente?
1833 4421 1947 4479 Νοη

361 4527 447 4573 est
479 4515 702 4582 malum,
739 4517 783 4571 si
826 4517 1023 4572 malum
1059 4530 1232 4585 neque
1273 4512 1344 4578 ὅν,
1386 4529 1558 4584 neque
1583 4513 1636 4568 in
1667 4514 1949 4570 existenti-

365 4608 490 4674 bus,
518 4616 573 4662 et
613 4606 747 4662 nihil
783 4608 1132 4662 existentium
1189 4605 1560 4676 improvisum.
1593 4604 1777 4674 Neque
1805 4607 1950 4661 enim

363 4710 447 4756 est
475 4699 674 4754 malum
697 4696 774 4766 ὅν,
803 4700 1150 4768 conspicuum
1175 4697 1473 4752 subsistens
1497 4697 1658 4751 bono.
1684 4696 1748 4750 Et
1767 4696 1813 4750 si
1836 4697 1956 4750 nul-

365 4793 474 4848 lum
506 4795 852 4850 existentium
899 4809 1004 4846 non
1051 4792 1319 4862 particeps
1346 4789 1494 4854 boni,
1543 4789 1741 4843 malum
1772 4801 1952 4844 autent

368 4885 610 4940 defectus
661 4884 786 4939 boni
819 4923 834 4948 ,
881 4883 1014 4936 nihil
1066 4891 1248 4935 autem
1317 4880 1662 4934 existentium
1711 4881 1956 4948 privatur

369 4977 750 5032 universaliter
785 4976 962 5031 bono:
1006 4976 1058 5030 in
1082 4975 1332 5030 omnibus
1373 4972 1731 5028 existentibus
1769 4974 1950 5030 divina

369 5069 734 5138 providentia,
769 5079 822 5124 et
853 5069 986 5124 nihil
1011 5067 1356 5122 existentium
1391 5078 1497 5118 non
1520 5065 1815 5134 provisum.
1845 5066 1951 5121 Sed

374 5169 430 5213 et
459 5159 618 5212 factis
647 5160 803 5214 malis
822 5161 1023 5229 optime
1051 5168 1106 5214 et
1134 5157 1356 5230 pulchre
1387 5155 1720 5224 providentia
1748 5171 1844 5210 usa
1871 5165 1954 5211 est

376 5248 445 5302 ad
477 5254 720 5301 nostram
750 5256 842 5301 aut
866 5247 1092 5302 aliorum
1113 5257 1206 5301 aut
1229 5242 1601 5300 formationem
1631 5252 1723 5297 aut
1751 5245 1954 5300 utilita-

2050 3245 2208 3300 tionis
2238 3244 2384 3298 boni.
2413 3244 2480 3298 Et
2510 3245 2726 3312 quidem
2757 3243 2954 3298 dixerit
2981 3244 3122 3314 quis,
3165 3259 3272 3298 non
3305 3243 3633 3299 vindicabile

2045 3337 2357 3401 inﬁrmitas,
2419 3336 2725 3392 econtrario
2772 3349 2901 3389 vero
2937 3333 3290 3390 concessibile
3321 3351 3334 3387 :
3369 3333 3637 3403 siquidem

2046 3447 2152 3486 non
2171 3430 2376 3484 licitum
2399 3440 2516 3483 erat
2542 3442 2723 3498 posse,
2753 3428 2887 3481 bene
2923 3427 2968 3481 si
3005 3427 3231 3482 haberet
3263 3425 3436 3480 ratio:
3465 3424 3510 3479 si
3540 3441 3638 3478 au-

2047 3529 2155 3577 tem
2184 3537 2249 3575 ex
2278 3520 2418 3575 bono
2447 3535 2636 3590 posse,
2685 3519 2846 3574 dante
2889 3517 3045 3589 juxta
3076 3517 3291 3586 eloquia
3327 3518 3355 3557 ιι
3379 3533 3466 3584 ea,
3495 3531 3636 3587 quae

2049 3624 2176 3670 sunt
2193 3625 2493 3685 opportuna
2521 3611 2792 3678 omnibus,
2809 3611 3127 3682 simpliciter
3143 3627 3250 3665 non
3279 3609 3548 3666 laudabile
3570 3625 3639 3666 ex

2047 3708 2175 3766 boni
2218 3711 2555 3779 propriortnn
2587 3709 2851 3763 bonorum
2882 3706 3068 3761 habitu
3098 3715 3381 3775 peccatum
3421 3714 3476 3758 et
3504 3707 3642 3779 irra-

2051 3777 2332 3854 tionabilis
2347 3799 2646 3863 conversio,
2676 3807 2729 3852 et
2756 3797 2902 3864 fuga,
2930 3804 2984 3850 et
3011 3812 3186 3850 casus.
3222 3793 3330 3848 Sed
3363 3795 3495 3850 haec
3521 3777 3641 3864 qui-

2049 3889 2172 3943 dem
2197 3904 2226 3941 a
2263 3889 2417 3943 nobis
2444 3889 2496 3941 in
2534 3888 2634 3949 his,
2667 3903 2805 3956 quae
2834 3895 2959 3939 sunt
2997 3887 3062 3940 de
3093 3887 3238 3956 justa
3268 3894 3321 3940 et
3343 3885 3523 3940 divina
3545 3885 3639 3954 ju-

2050 3979 2392 4033 stiﬁcationis
2437 3979 2812 4039 observantia,
2856 3978 2989 4030 satis
3045 3977 3340 4031 secundum
3389 3978 3640 4030 virtutem

2052 4069 2196 4124 dicta
2231 4078 2375 4132 sunt,
2413 4069 2705 4122 secundum
2756 4083 2919 4135 quam
2969 4082 3178 4121 sacram
3218 4066 3484 4121 actionem
3531 4067 3644 4122 elo-

2053 4160 2304 4233 quiorum
2349 4160 2549 4213 veritas
2583 4158 2906 4228 sophistiras
2934 4169 2988 4213 et
3037 4158 3318 4212 veritatem
3351 4167 3404 4213 et
3440 4159 3645 4214 falsita-

2054 4263 2163 4309 tem
2219 4260 2406 4308 contra
2462 4252 2630 4306 Deum
2684 4251 2965 4319 loquentes
3020 4250 3330 4314 inlirmavit,
3388 4259 3640 4320 tanquam

2053 4360 2306 4418 perverse
2352 4345 2625 4414 sapientes
2669 4344 2924 4397 rationes.
2960 4343 3113 4398 Nunc
3140 4351 3344 4408 autem,
3381 4354 3641 4413 quantum

2055 4439 2351 4494 secundum
2399 4453 2518 4504 nos,
2575 4435 2900 4490 sufﬁcienter
2957 4435 2978 4467 ⁸
3020 4435 3268 4490 laudatur
3313 4435 3531 4500 bonum,
3587 4449 3646 4492 ut

2059 4547 2187 4587 vere
2210 4531 2472 4592 mirabile,
2500 4539 2556 4584 ut
2578 4529 2898 4600 principium
2922 4537 2973 4585 et
3001 4529 3122 4584 linis
3143 4532 3404 4595 omnium,
3433 4540 3491 4584 ut
3517 4546 3644 4585 con—

2061 4621 2287 4676 tinentia
2319 4611 2685 4683 existentium,
2707 4629 2764 4672 ut
2785 4619 3107 4673 fortnilicum
3141 4633 3244 4673 non
3274 4622 3640 4687 existentium,

2059 4722 2120 4767 ut
2151 4713 2390 4766 uitmium
2416 4714 2683 4768 bonorum
2711 4711 2952 4776 causale,
2986 4721 3045 4765 ut
3075 4712 3336 4767 malorum
3367 4730 3472 4768 non
3511 4732 3639 4769 catt-

2061 4805 2190 4868 sale,
2223 4815 2282 4857 ut
2307 4804 2638 4874 providentia
2681 4814 2734 4856 et
2780 4803 2991 4858 bonitas
3033 4805 3375 4869 universalis,
3411 4819 3463 4858 ct
3488 4825 3644 4876 supc-

2060 4911 2188 4950 rans
2218 4897 2502 4950 existentia
2540 4903 2592 4949 ct
2635 4909 2738 4948 non
2771 4894 3078 4959 existentia,
3112 4892 3167 4950 et
3202 4897 3368 4962 mala,
3406 4905 3460 4950 et
3491 4913 3642 4952 suam

2058 4990 2417 5059 privationem
2447 4989 2643 5044 bonam
2676 4988 2996 5042 existentem
3036 4990 3286 5046 omnibus
3329 4993 3639 5064 appetibile,

2060 5091 2115 5137 et
2147 5081 2397 5145 amabile,
2427 5090 2481 5134 et
2510 5079 2855 5143 delectabile,
2886 5089 2939 5134 et
2967 5095 3322 5150 quaecunque
3348 5083 3451 5138 alia
3475 5085 3529 5139 in
3558 5085 3642 5140 bis

2058 5171 2234 5241 palam
2262 5186 2386 5226 vera
2417 5170 2675 5235 ostendit,
2704 5177 2762 5223 ut
2789 5169 3046 5234 arbitror,
3083 5171 3238 5224 ratio.

1653 5337 1908 5396 VARIAE
1943 5341 2237 5400 LECTION
2244 5343 2346 5400 ES.

454 5432 468 5463 ¹
510 5431 554 5486 Ε
581 5438 755 5485 autem
807 5430 972 5486 aliud.
1049 5431 1068 5460 ²
1107 5429 1151 5484 Ε
1193 5443 1258 5482 ex
1287 5427 1609 5486 deﬁnitione.
1687 5427 1708 5457 ³
1748 5427 1836 5482 ΕΗ
1862 5441 1930 5485 et.

379 5503 495 5556 turri
539 5517 646 5558 om.
672 5501 826 5557 BEH.

1049 5431 1068 5460 ²
1107 5429 1151 5484 Ε
1193 5443 1258 5482 ex
1287 5426 1609 5495 deﬁnitione.

2020 5433 2042 5464 ‘
2078 5433 2165 5488 BE
2221 5433 2518 5506 φβίὶιιεη]
2543 5431 2635 5487 Sic
2669 5431 2746 5498 A;
2779 5428 2847 5484 Et
2886 5431 2930 5485 si
2962 5446 3066 5485 non
3102 5440 3348 5502 appetunt
3387 5460 3454 5472 —-
3483 5451 3638 5506 appe-

905 5501 926 5532 ⁸
965 5500 1051 5555 BH
1074 5509 1384 5570 peccatores.
1460 5497 1480 5528 ⁷
1523 5497 1564 5551 Ε
1602 5503 2065 5558 conversationem.

2164 5506 2186 5536 ⁸
2225 5503 2314 5559 Bll
2343 5503 2683 5572 sufﬁcientes.

1888 5593 2136 5652 NOTAE.

454 5695 480 5724 ι
523 5683 647 5754 lsai.
673 5683 888 5753 XLVII;
921 5685 1061 5744 Psal.
1093 5682 1317 5750 XXXV;
1357 5682 1484 5738 Luc.
1518 5683 1635 5749 Xll;
1676 5683 1832 5741 Rom.
1865 5683 1943 5754 ll;

382 5753 490 5812 Tit.
525 5753 576 5820 l;
611 5752 725 5811 Jac.
755 5756 839 5811 IV.

2129 5690 2155 5730 ι)
2193 5689 2377 5744 Jacob.
2405 5689 2444 5744 l.
