4142 6296
487 351 628 415 ll"!

1030 449 1430 515 CAPITULUM
1471 448 1534 505 γ.

691 594 769 649 De
799 596 912 647 ante
943 589 960 621 ¹
990 588 1047 643 ἃ
1070 598 1179 658 quo
1201 590 1249 638 et
1292 583 1361 638 de
1381 574 1852 652 paradigmatibus.

1862 320 2145 383 JOANNIS
2183 314 2381 378 SCOTI

2095 440 2143 500 Α
2165 412 2315 502 iores
2341 444 2409 485 ex
2441 440 2507 482 eo
2550 399 2870 485 donationes
2920 418 3268 495 accipientes,
3298 418 3443 475 sicut
3472 425 3528 474 et
3571 428 3752 476 cetera

2125 510 2128 514 Δ
2168 517 2499 578 sensualium
2527 523 2785 586 superant
2811 508 2938 567 ditia
2968 527 3033 566 ex
3060 504 3557 583 superabundantia
3583 512 3754 566 ratio-

2120 604 2124 608 ’
2170 613 2301 679 nis;
2334 620 2389 666 et
2420 610 2555 663 haec
2598 621 2782 671 sensu,
2812 612 2863 657 et
2896 603 2998 657 alia
3030 601 3161 655 vita.
3190 601 3256 655 Et
3280 614 3381 681 est,
3415 598 3751 683 titkarbitror,

3611 307 3751 364 “£8

565 703 975 791 Transeundum
1030 729 1209 777 autem
1273 731 1415 771 nunc
1462 706 1517 769 in
1568 725 1696 767 vere
1747 706 2068 763 existentem
2173 701 2274 757 hoc
2305 714 2514 764 verum,
2541 697 2667 775 quia
2702 695 2872 767 magis
2902 694 2999 767 ipsi
3024 702 3151 747 sunt
3178 693 3511 762 proxiuiiora
3536 703 3591 747 et
3618 694 3756 759 divi-

498 780 630 879 vere
645 780 831 873 mentis
886 809 1241 880 theologicam
1304 803 1573 858 esseiitiae
1620 794 2066 852 nominationem.
2094 794 2097 795 ⁷
2174 784 2327 846 niera
2357 786 2599 858 reliquis.
2650 782 2915 875 Quoniam
2944 781 3161 852 quidem
3189 788 3244 880 et
3272 780 3339 834 de
3372 780 3467 857 his
3503 780 3758 848 diximus,

498 878 733 973 Tantum
764 916 945 963 autem
987 878 1415 961 admoiicbiuius,
1457 893 1582 964 quia
1609 878 1801 947 rationi
1843 886 2074 943 intentio

496 1009 599 1065 est,
622 1013 726 1054 non
753 988 1258 1067 superesseutialein
1300 983 1590 1041 essentiam
1610 1022 1624 1048 ,
1666 994 1807 1050 quae
1829 989 2076 1053 superes-

498 1091 742 1152 sentialis
788 1096 902 1151 est,
956 1082 1323 1140 manifestare.
1363 1074 1636 1135 lnel'l‘abile
1685 1073 1829 1143 enim
1880 1071 1981 1124 hoc
2026 1076 2079 1147 et

502 1179 918 1257 incognoscibile
945 1189 1028 1234 est
1047 1218 1063 1243 ,
1093 1182 1149 1232 et
1171 1169 1545 1229 universalitcr
1582 1159 1996 1237 inexplanabilc,
2027 1168 2081 1215 et

500 1254 673 1346 ipsam
704 1268 1158 1342 superexaltalam
1189 1265 1471 1323 unitatem,
1501 1259 1595 1314 sed
1646 1254 2079 1313 substantilicam

614 1360 899 1431 existenlia
964 1356 1147 1415 omnia
1195 1354 1407 1412 divinae
1454 1348 1722 1407 essentiae
1769 1343 2084 1418 principalis

500 1432 905 1525 processionem
938 1446 1178 1505 laudare.
1208 1442 1423 1501 Etenim
1459 1438 1648 1509 optimi
1694 1435 1875 1491 divina
1912 1432 2085 1487 nomi-

507 1524 686 1608 natio,
736 1549 875 1597 totas
925 1538 1165 1597 omnium
1205 1532 1436 1589 causalis
1486 1527 1863 1602 processioues
1917 1524 2088 1605 maui—

507 1635 732 1697 festaus.
763 1642 819 1689 et
844 1632 898 1689 in
928 1626 1214 1687 existentia
1243 1636 1297 1681 et
1320 1625 1370 1678 in
1399 1638 1505 1678 non
1538 1619 1831 1683 existentia
1860 1616 2041 1671 omnia
2063 1615 2084 1645 ’

507 1722 850 1785 extenditur,
904 1727 960 1775 et
1006 1731 1169 1788 super
1195 1711 1479 1768 cxisteutia
1526 1719 1581 1764 et
1608 1724 1768 1778 super
1809 1721 1913 1761 non
1941 1705 2087 1761 exis-

2177 896 2276 951 age
2298 881 2584 953 optimum,
2613 886 2669 931 ut
2700 889 2846 940 vere,
2879 872 2934 929 et
2963 871 3311 928 existentium
3348 874 3592 949 omnium
3635 875 3763 929 sub-

2178 970 2502 1027 stantilicum
2554 967 2875 1021 laudemus:
2945 961 3012 1018 ὢν
3073 963 3236 1016 totius
3290 977 3412 1017 esse
3465 954 3761 1018 secundum

2181 1062 2433 1115 virtutem
2469 1040 2973 1128 siiperesseiitialeni
3030 1065 3112 1109 est
3138 1053 3475 1109 substitueus
3499 1046 3681 1118 causa,
3709 1064 3766 1110 et

2181 1161 2395 1207 creator
2419 1149 2711 1223 existentis
2737 1145 3126 1203 subsistentiae
3149 1185 3163 1209 ,
3191 1145 3554 1210 substantiae,
3580 1161 3766 1201 essen-

2186 1245 2312 1307 tiae,
2346 1254 2573 1298 naturae
2617 1239 3046 1313 principium,.et
3076 1236 3329 1292 mensura
3358 1238 3687 1303 seculorum,
3713 1247 3769 1293 et

2187 1342 2486 1404 temporum
2520 1330 2919 1396 essentialitas,
2953 1339 3008 1384 ct
3031 1329 3327 1383 aeternitas
3377 1330 3767 1395 existentium,

2191 1433 2401 1501 tempus
2456 1421 2742 1485 factorum,
2796 1436 2916 1477 esse
2970 1431 3268 1491 utcumque
3301 1420 3480 1475 factis.
3514 1419 3591 1476 Ex
3643 1432 3772 1477 onte

2189 1500 2489 1579 aeternum,
2506 1523 2559 1567 et
2587 1511 2845 1576 essentia,
2875 1521 2929 1565 ct
2955 1508 3031 1578 6v,
3057 1500 3373 1581 οιιειιιμιὶέζ
3390 1506 3447 1567 et
3472 1515 3769 1582 generatio,

2192 1616 2246 1658 et
2273 1600 2493 1657 factum.
2524 1598 2581 1655 lu
2613 1590 2867 1656 existenti
2899 1600 3207 1665 existentia,
3243 1609 3298 1654 et
3333 1610 3621 1673 utrumque
3655 1604 3776 1658 sub-

2194 1696 2442 1752 sistentia
2467 1703 2521 1747 et
2543 1692 2862 1769 substantia.
2896 1690 3108 1767 Etenim
3134 1688 3279 1745 Deus
3318 1693 3557 1747 nondum
3582 1702 3666 1747 est
3684 1691 3773 1758 ὧν,

511 1817 679 1873 tentia
729 1774 850 1869 est:
902 1810 1049 1869 Ilaec
1074 1774 1228 1863 .vero
1275 1805 1417 1861 entis
1466 1803 1518 1858 iti
1573 1774 1752 1856 omnia
1798 1794 2087 1852 existentia
2117 1786 2166 1847 Β
2193 1787 2285 1841 sed
2308 1784 2622 1854 simpliciter
2644 1774 2700 1838 et
2728 1780 3143 1837 incircumlimte
3173 1789 3345 1837 totum
3373 1782 3427 1847 in
3458 1784 3635 1854 seipse
3657 1800 3779 1841 esse

510 1906 839 1969 extenditur,
894 1910 948 1958 et
992 1914 1153 1969 super
1204 1896 1384 1952 omnia
1439 1903 1541 1949 est.
1593 1891 1693 1947 Ast
1721 1890 1832 1961 ipsa
1865 1889 2005 1943 vitae
2037 1887 2091 1940 in

513 1993 697 2051 omnia
712 1976 948 2048 viventia
972 1987 1299 2053 extenditur,
1328 1993 1382 2039 et
1408 1998 1566 2057 super
1592 1979 1829 2036 virentia
1858 1988 1956 2049 est.
1974 1976 2092 2047 Ipsa

513 2087 638 2141 dein
676 2082 978 2155 sapientiae
1006 2080 1059 2133 in
1097 2077 1276 2132 omnia
1304 2070 1689 2131 intellectualia
1718 2078 1773 2124 et
1812 2066 2093 2122 rationalia

515 2188 569 2235 et
599 2175 868 2235 sensualia
921 2171 1253 2233 extenditur,
1299 2176 1353 2223 et
1383 2181 1545 2238 super
1588 2167 1722 2222 haec
1765 2164 1946 2218 omnia
1989 2171 2092 2217 est.

515 2268 623 2325 llas
658 2282 786 2339 ergo
820 2265 957 2321 ratio
991 2263 1207 2317 laudare
1230 2261 1504 2337 desiderat
1525 2255 1895 2333 providentiae
1925 2252 2099 2339 inani-

516 2334 797 2435 l‘estativ'as
823 2336 1476 2429 dﬂnasuominalioues.
1509 2338 1622 2404 Non
1655 2349 1798 2404 enim
1830 2334 2099 2416 exponere

516 2450 634 2522 ejus
688 2446 1195 2521 superessentialem
1226 2443 1520 2498 bonitatem
1540 2481 1554 2506 ,
1585 2449 1641 2496 et
1681 2439 1971 2495 essentiam
2000 2477 2014 2505 ,
2046 2446 2102 2492 et

518 2547 711 2613 vitam,
734 2552 790 2602 et
818 2542 1140 2615 sapientiam
1167 2554 1224 2594 se
1248 2534 1716 2609 superessentialis
1740 2532 1957 2588 deitatis
1980 2546 2103 2602 pro-

519 2635 708 2703 mittit,
738 2647 875 2704 quae
897 2639 980 2687 est
1012 2644 1174 2702 super
1198 2641 1413 2682 omnem
1446 2623 1741 2680 bonitatam
1772 2631 1825 2678 et
1850 2623 2103 2678 deitatem

521 2736 576 2786 et
617 2725 907 2797 essentiam
957 2731 1013 2780 et
1039 2723 1362 2797 sapientiam
1396 2728 1452 2775 et
1481 2720 1646 2777 vitam
1683 2719 1737 2775 in
1767 2717 2014 2789 occultis,
2047 2724 2106 2770 ut

521 2816 732 2889 eloquia
770 2826 797 2856 α
841 2814 1045 2879 dicunt,
1078 2811 1501 2884 supercollocata
1524 2849 1539 2876 ,
1577 2810 1670 2869 sed
1718 2809 2117 2883 exprimentem

522 2906 822 2965 beneﬁcam
873 2903 1264 2976 providentiam
1292 2942 1307 2969 ,
1358 2900 1848 2973 supereminenteni
1897 2896 2107 2953 bonita-

527 3008 657 3064 tem,
683 3006 740 3075 et
763 2995 1089 3067 optimorum
1112 2994 1355 3050 omnium
1380 3007 1601 3047 causam
1629 2989 1832 3053 laudat,
1863 2998 1918 3044 et
1947 2985 2019 3050 ὅν,
2052 2995 2108 3042 et

528 3091 715 3157 vitam,
746 3098 802 3146 et
829 3088 1152 3160 sapientiam
1178 3086 1611 3143 substantilicam
1636 3093 1691 3138 et
1728 3081 2021 3147 vivilicam,
2053 3090 2108 3136 et

2193 1877 2522 1933 coambiens.
2560 1870 2797 1927 Proinde
2836 1881 2891 1927 et
2916 1889 3010 1926 rex
3044 1868 3245 1927 dicitur
3276 1873 3622 1942 seculorum,
3655 1884 3775 1930 tan-

2194 1985 2354 2040 quam
2371 1964 2724 2040 inlsemctipso
2738 1977 2792 2020 et
2810 1966 2954 2023 circa
2979 1964 3213 2041 seipsum
3237 1962 3404 2022 totius
3424 1982 3542 2024 esse
3564 1977 3619 2023 et
3637 1969 3784 2023 ontis

2195 2060 2533 2115 substitutor.
2546 2052 2612 2111 Et
2626 2074 2798 2129 neque
2811 2066 2946 2123 erat,
2965 2072 3138 2131 neque
3152 2054 3279 2125 erit,
3296 2046 3468 2129 iimue
3484 2059 3658 2116 factus
3672 2070 3783 2128 est,

2196 2164 2370 2221 neque
2395 2150 2473 2215 lit,
2505 2164 2679 2218 neque
2701 2147 2811 2203 flet.
2839 2144 3007 2218 Magis
3020 2157 3200 2201 autem
3224 2162 3394 2220 neque
3421 2160 3521 2222 est,
3544 2152 3639 2206 sed
3662 2152 3782 2221 ipse

2198 2250 2283 2297 est
2311 2256 2430 2296 esse
2458 2239 2839 2307 existentibus,
2894 2246 2949 2292 et
2978 2254 3084 2293 non
3110 2239 3392 2301 existentia
3435 2241 3636 2308 solum,
3680 2242 3781 2299 sed

2200 2331 2374 2401 ipsum
2397 2346 2515 2385 esse
2535 2328 2880 2384 existentiuin
2905 2345 2969 2383 ex
2999 2316 3484 2390 ante-aeternaliter
3503 2342 3650 2387 onte.
3665 2332 3790 2402 Ipse

2200 2422 2345 2476 enim
2367 2430 2449 2495 est
2468 2421 2761 2475 secundum
2788 2415 3088 2493 seculorum
3112 2421 3413 2477 subsistens
3435 2431 3558 2481 ante
3579 2423 3785 2477 secula.

2202 2512 2543 2587 Recipientes
2564 2512 2725 2584 igitur
2745 2508 3006 2577 dicamus,
3021 2509 3146 2582 quia
3156 2508 3413 2568 omnibus
3427 2514 3789 2577 existentibus

2203 2617 2258 2662 ct
2291 2606 2485 2662 seculis
2509 2620 2629 2665 esse
2654 2620 2722 2659 ex
2753 2600 3067 2679 previdente
3096 2606 3262 2663 ontis.
3294 2605 3364 2661 Et
3383 2600 3547 2662 omne
3573 2608 3787 2679 quidem

2204 2699 2443 2755 seculum
2473 2708 2529 2754 et
2551 2708 2762 2771 tempus
2801 2714 2867 2753 cx
2899 2699 3017 2767 ipso
3049 2715 3061 2751 :
3109 2699 3274 2763 totius
3304 2684 3489 2757 autem
3530 2712 3586 2756 et
3614 2702 3788 2771 seculi

2204 2799 2261 2845 et
2306 2778 2589 2860 temporis,
2624 2798 2677 2842 et
2703 2779 3195 2863 omnisutcuiuque
3234 2790 3400 2857 cutis,
3441 2770 3643 2861 quiest
3671 2800 3795 2846 ante

2208 2882 2297 2949 ὥν,
2328 2880 2652 2953 principium
2679 2894 2735 2936 et
2760 2896 2948 2949 causa,
2972 2891 3026 2939 et
3046 2864 3419 2953 oiimiaipsum
3447 2885 3795 2954 participant,

2206 2982 2263 3028 et
2279 2989 2309 3025 a
2339 2971 2486 3027 nullo
2502 2972 2849 3027 existentinin
2876 2973 3099 3038 recedit,
3123 2982 3177 3031 et
3199 2973 3309 3043 ipse
3332 2984 3411 3028 est
3436 2984 3567 3029 ante
3591 2976 3797 3045 omnia,

2208 3071 2263 3116 et
2297 3060 2481 3115 Omnia
2519 3061 2574 3115 in
2624 3077 2683 3115 se
2714 3062 3015 3127 constituit,
3039 3071 3093 3115 et
3140 3063 3458 3132 simpliciter
3483 3064 3526 3118 si
3568 3066 3688 3134 quis
3717 3076 3803 3120 ut-

527 3179 824 3253 sapieiitiae
851 3180 1114 3236 datricem
1153 3192 1373 3235 causam
1420 3168 1689 3233 essentiae
1709 3216 1725 3242 ,
1764 3185 1820 3231 et
1850 3176 1992 3249 vitae
2014 3216 2029 3242 ,
2059 3183 2109 3229 et

2218 3169 2448 3225 eumque
2481 3163 2585 3241 est,
2612 3154 2664 3207 in
2695 3162 2819 3208 ante
2862 3162 2988 3209 onte
3030 3162 3085 3209 et
3132 3162 3235 3221 est,
3270 3165 3328 3208 et
3364 3153 3699 3228 intelligitur,
3744 3165 3802 3211 et

527 3273 856 3339 intellectus,
888 3281 945 3328 et
968 3268 1289 3337 rationis,et
1317 3284 1508 3326 sensus
1537 3269 1970 3341 percipientium.
2001 3266 2118 3321 Non

528 3367 674 3422 aliud
694 3375 875 3433 autem
898 3380 1019 3421 esse
1031 3365 1294 3437 optimum
1311 3365 1461 3427 dicit,
1484 3363 1694 3419 etaliud
1722 3359 1799 3428 ὅν,
1815 3372 1869 3427 ei
1889 3361 2031 3416 aliud
2046 3360 2119 3413 vi-

532 3468 665 3525 tam,
678 3468 768 3513 aut
791 3457 1135 3527 sapientiam,
1159 3469 1333 3525 neque
1350 3454 1515 3510 multa
1531 3455 1803 3519 causalia,
1818 3464 1872 3508 et
1888 3452 2118 3508 aliorum

536 3547 671 3603 alias
691 3547 988 3602 creatrices
1023 3546 1251 3601 deitates
1278 3544 1742 3621 supereuiiiientes
1763 3552 1818 3600 et
1839 3542 2115 3599 subditas:

533 3638 629 3713 sed
656 3636 814 3693 unius
840 3636 934 3692 Dei
967 3644 1104 3691 totas
1129 3635 1363 3705 optimas
1388 3638 1779 3705 processioues,
1812 3644 1867 3690 et
1903 3649 1933 3687 a
1967 3634 2121 3689 nobis

533 3718 780 3807 laudatas
796 3725 1003 3781 divinas
1024 3723 1448 3781 nominationes:
1469 3734 1654 3780 etesse
1679 3726 1894 3796 quidem
1914 3724 2123 3779 univer-

533 3818 662 3874 salis
686 3818 841 3874 unius
856 3818 949 3875 Dei
972 3817 1339 3889 providentiae
1361 3816 1830 3882 inanil‘estativam,
1861 3817 2123 3889 quasdam

536 3918 719 3967 autem
764 3909 1211 3967 universal'torum
1241 3909 1482 3980 ejusdem
1531 3917 1585 3963 et
1625 3908 2118 3979 particularioruin.

538 4004 603 4059 Et
634 4004 852 4075 quidem
891 4003 1092 4059 dixerit
1127 4001 1248 4073 quis
1273 4011 1461 4056 contra
1491 4000 1617 4065 hoc,
1644 4000 1832 4055 eodem
1859 4000 2126 4053 existente

536 4096 726 4161 vitam,
756 4103 811 4152 et
847 4094 958 4150 vita
982 4095 1302 4164 sapientiam
1342 4099 1804 4166 superextentam,
1836 4090 2125 4161 cxisteiitia

537 4190 755 4263 quidem
786 4189 1041 4254 viventia,
1075 4204 1137 4247 ea
1162 4198 1733 4258 attteiii,qnaecuiiqne
1762 4185 1966 4263 vivunt,
2001 4197 2124 4237 scn-

538 4260 752 4350 sualia,
791 4290 847 4337 et
899 4283 1090 4341 eadem
1146 4279 1474 4343 rationalia,
1528 4287 1583 4334 et
1626 4260 1915 4331 rationalia
1970 4274 1989 4304 ³
2039 4275 2123 4327 in—

540 4374 791 4432 tellectus
840 4355 1288 4444 superemineat,
1335 4379 1391 4429 et
1447 4370 1593 4424 circa
1641 4356 1808 4421 Deum
1862 4374 2024 4432 sunt,
2075 4373 2130 4420 et

539 4468 712 4541 magis
740 4466 791 4520 ei
812 4538 817 4543 ν
841 4466 1240 4541 approximant.
1274 4463 1340 4516 Et
1382 4463 1597 4533 quidem
1628 4459 1913 4530 oportebat
1956 4457 2157 4512 inaxi-'

542 4572 755 4613 marum
787 4570 853 4609 ex
880 4553 988 4609 Deo
1017 4554 1365 4611 donationum
1392 4550 1775 4621 participantia
1822 4558 1877 4605 et
1900 4548 2123 4603 meliora

540 4662 683 4713 esse,
705 4656 762 4702 et
782 4654 964 4702 cetera
984 4643 1405 4716 supereminere.
1433 4641 1541 4697 Sed
1585 4642 1629 4696 si
1651 4641 1866 4713 quidem
1892 4642 2130 4696 inessen-

548 4737 695 4792 tialia
721 4746 777 4791 et
803 4734 1059 4789 animalia
1087 4733 1210 4804 quis
1231 4732 1522 4787 substituat
1553 4729 1958 4795 intellectualia,
1990 4734 2128 4787 bene

542 4830 769 4886 haberet
790 4825 949 4880 ratio.
981 4825 1038 4883 Si
1078 4835 1258 4879 autem
1301 4832 1355 4877 et
1401 4833 1528 4878 sunt
1576 4822 1743 4880 divini
1772 4824 1938 4879 animi
1966 4837 2129 4893 super

542 4918 750 4992 reliqua
777 4919 1090 4985 etistentia,
1121 4926 1177 4975 et
1206 4918 1394 4973 vivunt
1424 4934 1587 4989 super
1634 4919 1739 4974 alia
1786 4918 2044 4982 viventia,
2074 4924 2132 4970 et

542 5010 948 5092 intelligunt,‘et
975 5020 1305 5085 cognoscunt
1324 5026 1487 5082 super
1515 5017 1813 5078 sensumget
1838 5009 2124 5073 rationem,

544 5111 599 5160 et
641 5103 784 5160 ultra
811 5103 992 5161 omnia
1029 5101 1317 5159 existentia
1356 5103 1553 5156 bonum
1584 5110 1638 5156 et
1667 5100 1929 5170 optimum
1959 5112 2124 5168 appec

546 5205 669 5253 tunt
687 5205 742 5254 et
769 5196 1117 5269 participant,
1161 5190 1264 5263 ipsi
1307 5192 1478 5261 magis
1503 5201 1633 5245 sunt
1662 5190 1808 5244 circa
1838 5188 2128 5259 optimum,

547 5290 911 5346 abundantius
954 5287 1124 5359 ipsius
1166 5284 1589 5355 participautes,
1622 5291 1679 5337 et
1725 5279 1906 5361 plures
1935 5290 1990 5361 et
2017 5295 2133 5337 nia-

2219 3246 2476 3301 salvatur.
2502 3234 2567 3301 Et
2589 3255 2715 3305 ante
2747 3245 2850 3300 alia
2881 3246 2963 3301 sui
2986 3246 3368 3315 participantia
3395 3262 3519 3305 esse
3548 3250 3802 3320 praemit-

2221 3341 2370 3404 titur,
2403 3347 2457 3393 et
2487 3348 2571 3393 est
2598 3338 2770 3408 ipsum
2794 3326 2892 3409 per
2918 3354 2978 3393 se
3012 3354 3131 3393 esse
3157 3342 3480 3408 maximum,
3509 3328 3608 3413 per
3630 3358 3692 3399 .se
3718 3344 3797 3397 vi-

2223 3444 2331 3493 tam
2358 3436 2611 3501 esscudo,
2656 3451 2754 3507 per
2779 3450 2836 3490 se
2878 3437 3199 3505 sapientiam
3241 3439 3494 3505 essendo,
3521 3448 3578 3493 et
3620 3454 3713 3510 per
3739 3452 3803 3492 se

2220 3525 2625 3583 similitudinem
2675 3526 2907 3589 divinam
2938 3530 3188 3592 essendo,
3212 3538 3266 3585 et
3302 3528 3408 3587 alia
3450 3541 3807 3601 quaecunque

2221 3622 2623 3703 participantia,
2672 3630 2795 3679 ante
2839 3622 3024 3677 omnia
3052 3636 3171 3677 esse
3210 3622 3600 3692 participando.
3631 3621 3807 3693 Magis

2223 3727 2278 3772 et
2299 3716 2431 3773 haec
2452 3732 2547 3787 per
2570 3731 2628 3771 se
2647 3716 2828 3770 omnia
2852 3714 3227 3783 discitistentia
3251 3714 3618 3785 participando
3664 3713 3809 3784 idip-

2225 3824 2342 3864 sum
2368 3822 2464 3879 per
2492 3822 2549 3861 se
2572 3823 2693 3862 esse
2718 3809 3047 3881 participant
3072 3806 3115 3862 ‘.
3162 3808 3229 3863 Et
3257 3808 3392 3863 nihil
3419 3817 3503 3862 est
3546 3807 3811 3875 essentia,

2231 3913 2284 3957 et
2328 3903 2621 3957 secundum
2650 3903 2702 3956 id
2745 3903 2920 3973 ipsum
2952 3917 3074 3956 esse
3100 3903 3362 3957 omnium.
3397 3902 3597 3958 Merito
3639 3900 3758 3955 aliis
3786 3894 3814 3932 ⁸

2228 3995 2280 4051 in
2306 3996 2678 4067 principalins,
2695 4006 2749 4057 ut
2766 3994 2855 4061 ὢν,
2876 3996 3015 4051 Deus
3028 4011 3097 4053 ex
3124 3995 3457 4066 praestantia
3483 3993 3716 4049 aliorum
3728 3976 3814 4049 sui

2228 4089 2490 4159 bonorum
2513 4088 2781 4144 laudatur.
2803 4088 3013 4144 Etenim
3045 4101 3301 4157 praeesse
3329 4096 3385 4141 et
3412 4101 3706 4158 superesse
3735 4084 3818 4141 fe-

2231 4181 2458 4245 stinans,
2496 4189 2549 4237 et
2582 4190 2845 4249 superans
2890 4194 3029 4242 esse,
3063 4193 3243 4243 omne,
3289 4180 3393 4234 hoc
3440 4179 3563 4233 dico
3612 4193 3709 4249 per
3756 4191 3819 4237 se

2230 4289 2370 4339 esse,
2410 4283 2533 4327 ante
2574 4274 2831 4337 substitit,
2865 4282 2920 4326 et
2945 4288 3012 4326 ex
3044 4273 3161 4342 ipso
3190 4286 3313 4326 esse
3341 4271 3559 4328 omnis:
3588 4284 3822 4341 quomo-

2243 4365 2314 4421 do
2354 4381 2483 4435 ergo
2513 4360 2571 4422 ὃν
2605 4362 2878 4417 substitit?
2924 4362 2991 4418 Et
3020 4363 3237 4439 quidem
3270 4362 3547 4434 principia
3576 4363 3818 4419 existen-

2239 4456 2369 4509 tiiuu
2394 4460 2596 4518 omnia,
2655 4455 2823 4523 ipsius
2854 4470 2976 4511 esse
3022 4456 3427 4526 participantia,
3451 4467 3508 4509 et
3564 4464 3707 4521 sunt,
3762 4460 3821 4515 et

2232 4546 2497 4619 principia
2531 4555 2680 4607 sunt,
2711 4556 2765 4599 et
2786 4547 2961 4615 primo
2983 4554 3132 4608 sunt,
3159 4546 3355 4600 deinde
3385 4546 3645 4615 principia
3668 4552 3817 4601 sunt.

2233 4638 2382 4693 Etsi
2415 4638 2524 4691 vult
2570 4637 2885 4703 viventium,
2925 4646 2985 4691 ut
3011 4639 3331 4701 viventium,
3381 4639 3699 4708 principium
3726 4635 3820 4691 di-

2234 4745 2359 4787 cere
2408 4744 2504 4797 per
2548 4729 2784 4797 seipsum
2811 4730 3002 4794 vitam,
3036 4739 3093 4783 et
3134 4729 3414 4796 similium,
3451 4740 3511 4784 ut
3534 4727 3814 4795 similium,

2234 4838 2333 4895 per
2368 4824 2603 4891 seipsam
2651 4821 3081 4886 similitudinem,
3111 4833 3165 4875 et
3191 4825 3483 4887 unitoruin,
3533 4829 3591 4874 ut
3631 4819 3823 4877 unito-

2234 4927 2377 4976 rum,
2401 4926 2498 4982 per
2543 4912 2775 4983 seipsum
2819 4912 3104 4985 unitatem,
3136 4920 3191 4965 et
3211 4913 3605 4974 ordinatorum,
3635 4917 3697 4965 ut
3721 4924 3823 4965 or-

2235 5004 2562 5082 dinatorum,
2608 5019 2705 5075 per
2756 5005 2990 5077 seipsam
3020 5004 3439 5058 ordinationem.
3484 5011 3540 5056 et
3566 5001 3823 5068 aliorum,

2235 5111 2586 5168 quaecunque
2638 5097 2817 5171 hujus,
2876 5099 2992 5152 sive
3072 5095 3257 5167 hujus,
3300 5097 3418 5152 sive
3461 5095 3483 5127 ⁸
3518 5096 3820 5157 amborum,

2237 5187 2530 5263 multorum
2552 5189 2953 5258 participantia,
2976 5190 3098 5251 hoc,
3121 5197 3216 5241 aut
3246 5188 3369 5253 hoc,
3389 5195 3489 5243 aut
3507 5188 3697 5249 ambo,
3725 5191 3825 5238 aut

2236 5280 2405 5351 multa
2428 5288 2558 5335 sunt
2575 5299 2586 5333 :
2605 5296 2702 5350 per
2721 5283 2899 5350 seipsa
2924 5279 3209 5350 participia
3232 5278 3481 5333 invenies
3507 5278 3676 5348 ipsius
3703 5289 3831 5331 esse

1826 5358 2087 5438 vAniAE
2140 5375 2546 5433 LECTIONES.

624 5478 643 5508 ι
684 5476 777 5532 Sic
813 5476 984 5542 codd;
1021 5473 1182 5529 index
1208 5426 2483 5543 θερειυιοι-ιιωωαοηιεξωῗξιῖιηᾶὦίᾷἐῖ
2490 5426 2558 5500 Ἶ
2587 5468 2683 5543 ea
2705 5426 3069 5524 irrationalia.
3145 5466 3612 5543 ‘BE_paﬂio§Jql.
3687 5461 3833 5543 {ﬂio

548 5546 715 5615 BEII;
748 5547 789 5601 A
825 5547 893 5602 Et
937 5532 1072 5602 nihil
1100 5552 1186 5601 est
1208 5532 1473 5606 essentia,
1504 5542 1655 5612 cujus
1686 5557 1790 5596 non
1828 5540 1894 5594 sit
1945 5541 2171 5596 essentia
2194 5549 2244 5593 et
2275 5540 2531 5611 secutum,
2578 5540 2808 5613 idipsum
2848 5555 2940 5610 per
2990 5555 3045 5595 se
3081 5555 3212 5595 esse.
3262 5532 3456 5590 Merito
3494 5532 3657 5604 igitur
3680 5532 3831 5589 aliis.

2067 5679 2314 5738 NOTAE.

553 5616 574 5649 ⁶
599 5618 701 5674 sive
726 5633 837 5674 Otii.
862 5615 952 5671 ΒΗ
969 5655 984 5672 .

633 5767 660 5798 ι
698 5756 842 5817 Psal.
875 5754 1048 5819 XVII;
1074 5753 1192 5809 Job.
1218 5750 1449 5807 XXVIII.
