4142 6296
383 346 521 406 ιιιθ

1016 345 1268 403 VERSIO
1304 343 1590 403 OPERUM
1631 346 1691 401 S.
1734 339 2051 401 DIONYSII.
2083 308 2153 383 4-
2200 342 2287 398 DE
2326 342 2575 399 DlVlNlS
2612 343 3013 405 NOMIMBUS.

3503 348 3642 406 H50

378 461 614 533 primum
645 473 708 515 ea
730 457 1128 528 participantia,
1151 466 1295 530 eteo
1322 471 1443 515 esse
1470 458 1704 528 primum
1738 456 1952 526 quidem
1980 458 2027 515 Α
2058 455 2271 518 stentia,
2305 465 2360 509 et
2408 454 2546 509 bene
2592 459 2902 524 existentia,
2932 468 2988 514 et
3008 473 3076 514 ex
3128 458 3539 531 ipsoinchoata,
3586 473 3644 523 et

383 552 694 616 existentia,
725 550 915 606 deinde
935 548 1092 616 hujus
1124 555 1217 602 aut
1247 544 1404 614 hujus
1432 548 1695 618 principia
1721 547 1958 601 existen-

386 642 484 706 tia,
520 650 575 696 et
604 639 974 711 participando
1011 654 1074 693 eo
1119 652 1258 702 csse,
1299 638 1583 693 existentia
1616 638 1956 708 participata.

385 729 443 786 Si
487 738 666 785 autem
703 730 835 783 haec
862 728 1281 798 participatione
1330 740 1451 782 esse
1477 737 1626 791 sunt,
1657 727 1823 785 multo
1849 742 1960 781 ma-

384 825 465 895 gis
510 839 697 879 eorum
742 822 1140 893 participantia.
1185 820 1419 881 Primam
1468 820 1632 892 igitur
1661 819 1827 889 ipsius
1863 835 1960 888 per

383 917 615 985 seipsum
647 929 768 969 esse
785 914 1161 977 donationum,
1195 928 1292 981 per
1316 913 1547 982 seipsam
1571 926 1782 967 summa
1800 910 1955 965 boni-

382 1013 494 1059 tate
544 1004 868 1073 praemissa,
918 1013 974 1057 et
1008 1003 1240 1057 maxima
1298 1002 1470 1072 prima
1522 1002 1959 1072 participautium

380 1095 622 1150 laudant.
651 1095 717 1149 Et
752 1103 880 1150 sunt
920 1112 985 1150 ex
1010 1095 1146 1164 ipsa,
1188 1104 1244 1149 et
1270 1095 1323 1149 in
1354 1096 1490 1165 ipsa,
1534 1106 1591 1149 et
1620 1095 1792 1164 ipsum
1813 1109 1958 1162 esse,

382 1197 439 1243 et
488 1189 837 1243 existentium
886 1172 1174 1257 principia,
1222 1195 1277 1241 et
1340 1187 1625 1241 existentia
1660 1187 1962 1253 omnia,et

382 1294 523 1349 quae
546 1288 839 1348 utcumque
865 1278 935 1331 ab
962 1292 1083 1333 esse
1110 1278 1459 1332 continentur
1490 1285 1583 1331 :et
1609 1278 1711 1331 hoc
1741 1276 1962 1333 immen-

385 1377 584 1434 surate,
642 1378 698 1423 et
743 1368 1042 1434 convolate,
1067 1377 1122 1423 et
1170 1370 1335 1425 unite.
1367 1368 1579 1423 Etenim
1629 1369 1682 1422 in
1733 1368 1962 1425 monade

384 1461 565 1515 omnis
614 1474 869 1515 numerus
897 1467 1023 1515 ante
1058 1459 1328 1524 subsistit,
1377 1468 1431 1513 et
1479 1459 1640 1513 habet
1680 1473 1962 1517 numerum

384 1565 601 1605 omnem
658 1563 845 1604 mones
893 1549 949 1603 in
996 1550 1286 1619 semetipsa
1312 1549 1677 1620 singulariter,
1709 1558 1765 1605 et
1788 1550 1961 1605 omnis

384 1656 642 1697 numerus
674 1642 860 1696 unitur
904 1642 1123 1711 quidem
1173 1642 1225 1696 in
1267 1643 1497 1698 monade
1531 1659 1545 1696 :
1578 1651 1836 1713 quantum
1867 1657 1965 1696 au-

386 1741 495 1787 tem
519 1733 753 1787 mouade
778 1732 1050 1804 provenit,
1076 1741 1286 1787 tantum
1335 1734 1662 1788 discernitur
1687 1743 1744 1791 et
1782 1734 1962 1790 multi-

2062 545 2114 598 in
2147 545 2262 615 ipso
2287 545 2575 610 custodita,
2613 546 2748 601 etin
2784 548 2955 620 ipsum
2997 540 3391 606 consummata.
3428 552 3493 608 Et
3520 555 3643 625 qui-

2059 634 2180 687 dem
2213 634 2680 690 honorabilissima
2724 636 3024 706 ipsiusesse
3054 640 3300 695 tribuunt
3328 641 3645 701 melioribus

2060 723 2311 778 e:seutiis
2337 764 2352 790 ,
2399 739 2533 794 quas
2588 734 2643 782 et
2686 736 2938 782 aeternas
2991 738 3187 784 vocant
3236 714 3449 803 eloquia
3478 750 3492 788 :
3525 747 3645 791 esse

2061 824 2239 869 autem
2282 816 2456 887 ipsum
2509 817 2867 874 existentibus
2904 822 3154 876 omnibus
3178 837 3453 895 nunquam
3485 827 3643 882 dese-

2060 902 2216 957 ritur.
2249 904 2314 958 Et
2363 906 2696 977 ipsumvero
2740 923 2859 963 esse
2881 924 2948 964 ex
2995 919 3121 967 ante
3146 921 3294 978 ontc,
3336 923 3389 969 et
3432 915 3501 970 ab
3527 915 3643 986 ipso

2060 1001 2143 1049 est
2175 1010 2315 1060 esse,
2353 1004 2408 1049 et
2443 1012 2547 1050 non
2574 996 2686 1067 ipse
2721 1013 2861 1063 esse,
2891 1010 2947 1054 et
2977 1013 3099 1057 eum
3128 1000 3291 1056 habet
3324 1017 3464 1070 esse,
3494 1014 3548 1060 et
3577 1005 3644 1063 ὢν

2059 1084 2379 1157 principium
2419 1096 2473 1141 et
2509 1101 2782 1153 mensura,
2821 1097 2945 1145 ante
3000 1094 3267 1149 essentias
3293 1093 3358 1150 ὢν
3388 1105 3446 1152 et
3478 1099 3643 1165 onlis,

2060 1184 2116 1229 et
2148 1177 2333 1241 seculi,
2365 1188 2415 1232 cl
2452 1178 2695 1235 omnium
2741 1180 3179 1236 substantilicum
3208 1186 3552 1257 principium,
3591 1201 3649 1246 et

2062 1266 2343 1331 medietas,
2366 1277 2419 1322 et
2443 1268 2852 1324 consummatio.
2880 1268 2946 1323 Et
2980 1281 3261 1347 propterea
3294 1276 3361 1330 ab
3414 1277 3644 1349 eloquiis

2062 1356 2175 1426 ipse
2218 1370 2343 1410 vere
2392 1356 2615 1417 ante-6w
2638 1356 2791 1428 juxta
2822 1375 3036 1415 onmem
3067 1362 3413 1418 existentium
3450 1368 3644 1423 intelli-

2061 1447 2293 1518 gentiam
2319 1448 2724 1519 multiplicatur,
2762 1458 2815 1504 et
2843 1452 2987 1521 quod
3026 1461 3146 1507 erat
3175 1454 3226 1507 in
3252 1454 3390 1526 ipso,
3421 1465 3475 1511 et
3498 1457 3645 1529 quod

2062 1545 2166 1602 est,
2191 1546 2245 1593 et
2268 1540 2411 1609 quod
2447 1540 2572 1608 erit,
2611 1549 2665 1595 et
2706 1542 2848 1611 quod
2878 1541 3081 1597 factum
3109 1552 3211 1609 est,
3258 1554 3311 1599 et
3342 1547 3421 1615 lit,
3452 1558 3506 1603 et
3532 1548 3644 1616 fiet,

2063 1632 2278 1701 proprie
2301 1632 2569 1687 laudatur.
2598 1633 2744 1691 Haec
2771 1635 2916 1691 enim
2938 1636 3118 1691 omnia
3168 1637 3424 1693 divinitus
3452 1640 3649 1695 intelli-

2024 1722 2314 1791 ,geutibus
2392 1725 2684 1781 secundum
2757 1741 2974 1781 omnem
3034 1724 3485 1799 excogitationem
3557 1734 3640 1805 ip-

383 1822 635 1893 ριίείιιιηι,
669 1819 735 1877 Et
784 1823 840 1876 ίη
888 1832 1077 1878 centro
1102 1837 1291 1878 omnes
1321 1823 1507 1879 circa“
1531 1823 1729 1881 lineae,
1762 1839 1956 1881 nemo-
1986 1803 2035 1862 B
2065 1827 2184 1868 sum
2237 1814 2758 1887 superesseutialiter
2801 1832 2924 1873 esse
2975 1818 3302 1888 significant,
3340 1831 3395 1877 et
3440 1803 3638 1893 ubique

385 1915 511 1969 dum
541 1914 770 1984 primam
797 1915 1058 1970 unitatem
1102 1915 1526 1972 consubstitutae
1564 1925 1710 1972 sunt.
1742 1916 1811 1972 Et
1841 1932 1964 1985 om,-

383 2019 482 2060 nes
523 2006 685 2060 habet
719 2004 929 2075 signum
966 2005 1019 2059 in
1048 2007 1344 2076 semetipso
1373 2007 1599 2077 simplas
1621 2005 1967 2063 uniformiter

382 2098 564 2151 unitas
592 2096 658 2150 ad
706 2111 765 2152 se
811 2096 1069 2162 invicem,
1115 2106 1171 2150 et
1220 2098 1287 2151 ad
1315 2113 1482 2151 unum
1517 2098 1979 2169 principium,ex

380 2202 489 2258 quo
515 2188 901 2257 procedebant,
940 2195 996 2242 et
1025 2187 1078 2242 in
1128 2189 1247 2258 ipso
1278 2188 1293 2219 ι
1340 2188 1559 2259 quidem
1611 2200 1801 2246 centro
1836 2190 1962 2246 uni-

380 2277 665 2333 vers’aliter
711 2278 1035 2333 adnitantur.
1074 2276 1323 2335 Breviter
1351 2288 1533 2336 autem
1570 2296 1635 2336 eo
1675 2281 1963 2347 distantes,

382 2372 620 2427 breviter
660 2380 715 2427 et
740 2372 1163 2431 discernuntur:
1211 2373 1384 2443 magis
1410 2382 1588 2428 autem
1621 2375 1960 2440 recedentes,

384 2461 576 2531 magis.
627 2459 693 2516 Et
735 2462 1073 2529 simpliciter,
1100 2473 1302 2532 quanto
1364 2473 1553 2520 centro
1605 2466 1964 2534 proximiores

386 2562 535 2617 sunt,
563 2560 771 2609 tantum
809 2559 872 2608 et
912 2554 1014 2623 ipsi
1039 2563 1097 2609 et
1123 2555 1224 2609 sibi
1260 2554 1490 2610 invicem
1520 2558 1826 2611 adunantur
1859 2576 1872 2612 :
1906 2567 1964 2613 et

385 2652 646 2714 quantum
676 2658 759 2709 eo,
796 2651 1007 2699 tantum
1029 2651 1085 2698 et
1109 2659 1137 2700 a
1164 2659 1223 2699 se
1254 2644 1483 2700 invicem
1520 2646 1743 2701 distant.
1776 2646 1962 2703 Sedet

383 2734 440 2790 in
471 2742 580 2788 tota
600 2734 840 2789 omnimn
868 2744 1056 2791 natura
1082 2750 1273 2791 omnes
1305 2736 1597 2791 secundum
1626 2738 1831 2809 singula
1860 2754 1960 2794 na-

382 2829 538 2879 turae
568 2824 807 2879 rationes
830 2824 1151 2881 convolutae
1176 2834 1303 2881 sunt
1322 2840 1418 2895 per
1440 2842 1599 2881 unam
1623 2827 1960 2883 inconfusam

383 2917 647 2972 unitatem
676 2935 689 2970 :
713 2927 766 2972 et
793 2918 850 2973 in
877 2919 1056 2973 anima
1086 2918 1429 2975 uniformiter
1464 2919 1758 2975 secundum
1775 2931 1963 2989 partes

384 3009 626 3064 omnium
656 3009 912 3078 providae
938 3010 1100 3065 totius
1123 3012 1367 3080 corporis
1392 3014 1641 3068 virtutes.
1666 3011 1810 3068 Nihil
1831 3030 1961 3084 ergo

386 3098 798 3171 inconsequens,
839 3115 904 3155 ex
963 3102 1208 3156 obscuris
1264 3103 1587 3172 imaginibus
1626 3105 1678 3158 in
1718 3106 1958 3161 omnium

386 3192 605 3246 causale
632 3193 1010 3258 ascendentes,
1044 3196 1502 3263 supermundanis
1526 3197 1699 3252 oculis
1720 3207 1961 3253 contem-

383 3279 519 3350 plari
548 3282 728 3335 omnia
758 3282 812 3337 in
858 3283 1097 3339 omnium
1121 3284 1348 3349 eausali,
1381 3293 1436 3339 et
1474 3286 1577 3340 sibi
1610 3287 1838 3344 invicem
1868 3303 1961 3359 op-

382 3370 557 3438 posita
603 3370 946 3426 uniformiter
983 3381 1039 3425 et
1096 3374 1264 3428 unite.
1306 3374 1643 3445 Principium
1685 3379 1829 3433 enim
1878 3389 1964 3436 est

382 3461 758 3528 existentium,
779 3478 847 3517 ex
873 3477 979 3532 quo
1017 3472 1074 3519 et
1097 3465 1270 3537 ipsum
1299 3481 1441 3531 esse,
1468 3476 1524 3522 et
1565 3469 1747 3525 omnia
1770 3477 1963 3526 utcun-

383 3570 487 3626 que
507 3556 819 3621 existentia,
843 3571 1003 3612 clune
1025 3557 1368 3628 principium,
1396 3560 1587 3630 omnis,
1613 3561 1761 3628 linis,
1785 3564 1964 3620 onmis

382 3647 514 3711 vita,
562 3648 739 3704 omnis
768 3647 1170 3715 immortalitas,
1219 3650 1395 3704 omnis
1448 3651 1739 3719 sapientia,
1786 3654 1963 3711 omnis

383 3737 537 3800 ordo,
559 3738 734 3793 omnis
757 3738 1060 3802 harmonia,
1081 3740 1259 3794 omnis
1274 3741 1462 3805 virtus,
1485 3744 1665 3799 omnis
1690 3747 1958 3811 custodia,

386 3828 561 3882 omnis
596 3828 876 3884 collocatio
900 3830 947 3895 ’,
969 3831 1502 3899 munis-distributio,
1529 3836 1705 3890 omnis
1755 3837 1963 3892 intelle-

388 3928 530 3983 ctus,
549 3921 725 3975 omnis
755 3922 912 3986 ratio,
941 3923 1117 3978 onmis
1142 3940 1351 3988 sensus,
1378 3925 1558 3980 omnis
1586 3926 1824 3989 habitus,
1846 3943 1963 3982 om-

388 4011 475 4065 nis
499 4020 692 4079 status,
718 4015 896 4070 omnis
926 4023 1123 4080 motus,
1159 4016 1337 4069 omnis
1378 4016 1583 4080 unitas,
1614 4031 1776 4069 omne
1820 4016 1963 4083 judi—

386 4105 554 4171 cium,
577 4107 756 4163 omuis
796 4108 1054 4174 amicitia,
1083 4109 1262 4163 omnis
1290 4108 1619 4176 compactio,
1642 4109 1818 4165 omnis
1848 4110 1960 4167 dis-

384 4197 584 4262 cretio,
617 4199 794 4254 omnis
826 4202 1112 4263 terminus,
1145 4207 1199 4252 et
1229 4197 1332 4252 alia
1364 4206 1729 4266 quaead-que-
1748 4197 1816 4250 ab
1843 4211 1962 4252 esse

383 4290 675 4346 existentia
697 4291 878 4346 omnia
910 4291 1366 4346 characterizant.
1396 4289 1462 4345 Et
1488 4306 1551 4345 ex
1580 4290 1961 4359 ipsatomnium

383 4393 548 4433 causa
572 4428 575 4433 .
602 4380 897 4435 invisibiles
925 4389 978 4434 ct
1000 4380 1393 4435 intellectuales
1418 4380 1755 4436 deiformium
1795 4394 1961 4451 auge-

385 4469 559 4523 iorum
581 4471 865 4536 essentiae,
898 4480 952 4526 et
974 4473 1275 4527 animarum
1307 4482 1360 4527 et
1414 4473 1575 4527 totius
1616 4472 1800 4526 mundi
1861 4489 1958 4526 na-

388 4567 532 4624 tura,
570 4568 625 4616 et
668 4575 806 4630 quae
835 4571 1107 4633 utcunque
1134 4562 1306 4617 autin
1352 4562 1471 4619 aliis
1521 4563 1833 4630 subsismre,
1868 4572 1963 4618 aut

384 4652 685 4708 secundum
717 4654 1166 4723 excogitationem
1192 4670 1311 4710 esse
1341 4655 1611 4710 dicuntur.
1643 4654 1710 4709 Et
1741 4656 1958 4724 quidem

381 4744 547 4813 igitur
570 4743 946 4801 sanctissimae
966 4756 1021 4800 et
1045 4749 1542 4816 praestantissimae
1575 4749 1804 4803 virtutes
1834 4765 1961 4808 vere

382 4834 698 4896 existentes,
752 4841 809 4888 et
855 4833 1004 4889 velut
1062 4836 1114 4890 in
1159 4837 1437 4892 vestibulis
1490 4839 1961 4907 superessentialis

384 4920 668 4977 Trinitatis
709 4922 1000 4989 stabilitae,
1047 4926 1114 4980 ab
1147 4926 1280 4994 ipsa,
1309 4936 1363 4978 et
1410 4926 1461 4979 in
1494 4925 1605 4995 ipsa
1633 4918 1691 4981 et
1737 4944 1874 4996 esse,
1906 4938 1962 4986 et

386 5010 721 5069 deil‘ormiter
749 5028 871 5071 esse
900 5016 1122 5079 habent,
1146 5024 1200 5069 et
1222 5025 1343 5084 post
1367 5014 1486 5069 illas
1508 5016 1752 5072 subditae
1779 5017 1959 5090 subje-

386 5110 558 5165 ctum,
583 5112 638 5157 et
666 5106 990 5167 novissimae
1020 5092 1341 5171 extremum,
1385 5114 1645 5176 quantum
1683 5109 1747 5161 ad
1799 5126 1963 5180 auge-

386 5188 466 5245 los
497 5208 512 5243 :
545 5202 804 5262 quantum
835 5211 964 5255 vero
986 5198 1051 5253 ad
1083 5213 1200 5261 nos,
1224 5198 1736 5267 supermundanttm.
1768 5198 1832 5253 Et
1858 5194 1960 5255 alia

386 5283 566 5336 omnia
612 5284 899 5340 existentia
934 5304 1031 5357 per
1069 5288 1292 5342 eandem
1350 5287 1610 5341 rationem
1657 5296 1875 5357 etesse,
1907 5299 1963 5348 et

386 5373 526 5443 bene
555 5389 677 5429 esse
717 5376 917 5432 habent
963 5393 978 5430 :
1023 5390 1078 5432 et
1118 5386 1262 5442 sunt,
1293 5386 1349 5432 et
1388 5377 1523 5431 bene
1562 5387 1705 5442 sunt,
1734 5395 1800 5434 ex
1832 5390 1959 5437 ante

387 5474 513 5520 onte
556 5480 694 5532 esse,
723 5474 780 5523 et
807 5466 947 5524 bene
976 5481 1094 5525 esse
1136 5467 1386 5524 habentia
1420 5477 1512 5525 :et
1534 5469 1585 5524 in
1614 5470 1730 5541 ipso
1752 5481 1806 5528 et
1841 5474 1956 5529 exi-

1990 4522 2040 4582 Β

2068 1906 2409 1963 existentium
2429 1909 2718 1965 causalem.
2736 1908 2948 1965 Etenim
2963 1927 3139 1983 neque
3167 1915 3382 1984 quidem
3410 1923 3494 1971 est
3518 1916 3641 1981 hoc,

2065 1998 2169 2056 hoc
2198 2009 2377 2055 autem
2408 2016 2513 2061 non
2543 2009 2627 2056 est
2650 2018 2663 2055 :
2688 2016 2866 2073 neque
2892 2002 2964 2057 ibi
2989 2004 3205 2074 quidem
3235 2014 3337 2070 est,
3364 2004 3434 2060 ibi
3465 2018 3641 2060 autem

2066 2108 2172 2148 non
2195 2102 2315 2147 est:
2346 2095 2440 2148 sed
2491 2092 2673 2151 omnia
2716 2102 2821 2161 est,
2847 2103 2906 2149 ut
2950 2095 3183 2151 causalis
3212 2097 3476 2164 omnium,
3506 2107 3559 2153 et
3592 2100 3645 2155 in

2066 2187 2183 2256 ipso
2211 2186 2389 2242 omnia
2433 2186 2722 2258 principia,
2761 2201 2951 2244 omnes
3001 2188 3262 2256 contines,
3299 2206 3487 2246 omnes
3517 2207 3647 2247 con-

2065 2276 2361 2342 clusiones,
2418 2276 2932 2349 omniaexistentia
2968 2279 3280 2337 coambiens
3322 2289 3375 2337 et
3421 2284 3647 2343 nraeha-

2064 2367 2217 2434 hens,
2249 2375 2303 2424 et
2334 2382 2499 2439 super
2549 2368 2730 2423 omnia
2781 2377 2888 2435 est,
2915 2378 2976 2425 ut
3005 2369 3025 2401 ³
3051 2380 3176 2427 ante
3222 2371 3404 2429 omnia
3459 2389 3647 2443 super-

2064 2457 2428 2516 essentialiter
2465 2459 2744 2529 super-air.
2781 2459 3013 2517 Proinde
3059 2470 3118 2518 et
3158 2462 3338 2517 omnia
3392 2448 3458 2518 de
3485 2480 3549 2520 eo
3592 2474 3648 2521 et

2065 2549 2224 2607 simul
2272 2548 2675 2621 praedicantur,
2730 2558 2783 2603 et
2813 2550 2947 2605 nihil
2981 2559 3066 2607 est
3098 2552 3444 2610 existentium
3478 2572 3490 2606 :
3524 2553 3637 2609 for-

2065 2641 2452 2707 mosissimum,
2477 2641 2958 2712 speciosissimum,
2996 2643 3113 2699 sine
3142 2643 3335 2711 forma,
3369 2645 3487 2700 sine
3516 2662 3641 2717 spe-

2064 2734 2166 2800 eie,
2189 2733 2451 2805 principia
2490 2742 2546 2788 et
2571 2735 2742 2791 media
2766 2743 2821 2789 et
2851 2733 2985 2791 ﬁnes
3024 2732 3371 2792 existentium
3408 2734 3640 2793 immen-

2065 2835 2247 2880 surate
2291 2833 2346 2881 et
2388 2832 2596 2881 remote
2622 2825 2676 2879 in
2703 2824 2995 2897 semetipso
3014 2826 3414 2898 praeambiens,
3445 2837 3498 2882 et
3527 2845 3645 2884 om-

2064 2915 2223 2969 nibus
2247 2930 2367 2970 esse
2393 2914 2547 2985 juxta
2569 2916 2799 2986 primam
2829 2924 2882 2971 et
2906 2917 3275 2989 superunitam
3301 2933 3519 2973 causam
3555 2918 3639 2974 in-

2066 3005 2427 3061 eontaminate
2457 3006 2756 3062 declarans.
2789 3005 2845 3062 Si
2869 2994 3012 3062 enim
3035 3018 3189 3077 Juxta
3231 3024 3331 3064 nos
3359 3008 3439 3063 sol
3469 3011 3645 3065 sensi-

2066 3097 2254 3151 bilium
2299 3098 2564 3153 essentias
2602 3106 2657 3153 et
2694 3098 3006 3170 qualitates,
3039 3107 3092 3153 et
3121 3098 3337 3170 quidem
3370 3098 3563 3154 multas
3588 3109 3643 3155 et

2066 3188 2329 3246 discretas
2349 3189 2665 3254 existentes,
2691 3198 2871 3244 tamen
2899 3188 3017 3260 ipse
3040 3198 3181 3244 unus
3209 3203 3329 3256 ens,
3346 3197 3401 3243 et
3429 3190 3641 3245 unifor-

2064 3281 2169 3335 mis
2198 3279 2504 3335 illuminans
2547 3280 2636 3334 lux
2694 3290 2939 3339 renovat,
2978 3287 3032 3335 et
3060 3280 3252 3345 n'utrit,
3284 3287 3340 3335 et
3382 3281 3641 3347 custodit,

2063 3381 2119 3429 et
2139 3373 2371 3445 perﬁcit,
2401 3372 2754 3438 et'discemit,
2783 3380 2840 3427 et
2862 3371 3000 3438 unit,
3031 3380 3085 3427 et
3115 3369 3345 3437 refovet,
3373 3380 3429 3426 et
3450 3373 3642 3428 fecun—

2064 3464 2130 3519 da
2180 3478 2300 3519 esse
2353 3463 2503 3528 facit,
2534 3471 2589 3519 et
2631 3472 2810 3535 auget,
2863 3471 2919 3518 et
2961 3471 3158 3529 mutat,
3198 3470 3255 3519 et
3292 3462 3542 3529 collocat,
3589 3471 3653 3519 et

2062 3557 2288 3627 plantat,
2317 3564 2372 3611 et
2408 3562 2668 3620 removet,
2722 3561 2776 3610 et
2802 3554 3043 3611 v’iviiicat
3067 3553 3272 3621 omnia,
3299 3563 3355 3608 et
3400 3553 3644 3609 omnium

2065 3648 2491 3721 unumquodque
2510 3648 2727 3720 preprie
2764 3647 2867 3705 sibi
2910 3646 3140 3703 eundem
3176 3654 3234 3702 et
3265 3659 3432 3702 unum
3477 3644 3645 3701 solem

2064 3742 2372 3811 participat,
2400 3720 2493 3796 et.
2526 3739 2817 3795 multorum
2864 3738 3307 3809 participantium
3378 3736 3521 3791 unus
3564 3735 3649 3791 sol

2064 3848 2256 3887 causas
2288 3834 2339 3886 in
2373 3833 2549 3904 seipso
2576 3831 2914 3885 uniformiter
2958 3828 3261 3901 praeambit
3289 3846 3304 3882 :
3337 3828 3507 3883 multo
3534 3842 3650 3881 nta-

2065 3925 2146 3993 gis
2168 3938 2330 3992 super
2358 3932 2535 3976 terrae
2571 3930 2626 3976 et
2661 3922 2831 3991 ipsius
2858 3928 2913 3974 et
2936 3920 3179 3975 omnium
3208 3920 3465 3984 causalis,
3492 3936 3650 3991 prae-

2068 4014 2269 4070 texisse
2298 4016 2409 4084 ipse
2435 4013 2675 4067 omnium
2701 4013 3048 4067 existebtium
3070 4013 3439 4082 paradigmata
3462 4026 3655 4069 secun-

2066 4105 2189 4159 dmn
2219 4119 2379 4155 uuam
2408 4101 2911 4172 superessentialem
2937 4102 3199 4157 unitatem
3226 4102 3645 4157 concedendum.

2066 4194 2265 4248 Deinde
2293 4203 2344 4246 et
2377 4192 2641 4246 essentias
2670 4190 2888 4245 adducit
2923 4190 3075 4261 juxta
3111 4190 3177 4245 ab
3197 4190 3434 4245 essentia
3463 4204 3649 4262 egres-

2065 4286 2293 4340 sionem.
2317 4283 2695 4351 Paradigmata
2717 4288 2896 4336 autem
2912 4280 3142 4336 dicimus
3156 4282 3277 4335 esse
3299 4281 3445 4351 ipsas
3466 4282 3518 4335 in
3538 4282 3648 4337 Deo

2065 4378 2413 4432 existentium
2446 4373 2846 4431 substantiﬂcas
2881 4381 2937 4427 et
2964 4370 3311 4427 uniformiter
3334 4380 3649 4444 praetextas

2068 4471 2325 4532 rationes,
2366 4483 2502 4537 quas
2550 4464 3361 4537 theologiapraedestinationes
3393 4468 3649 4529 vocat,'et

2068 4562 2278 4617 divinas
2308 4569 2363 4614 et
2386 4559 2617 4629 optimas
2647 4550 2970 4621 voluntates,
3004 4554 3357 4610 existentium
3392 4555 3645 4611 discreti-

2068 4671 2163 4710 vas
2185 4664 2237 4707 et
2277 4652 2514 4711 factivas.
2546 4650 2841 4705 secundum
2868 4660 3001 4717 quas
3037 4645 3152 4717 ipse
3180 4646 3651 4716 superessentialis

2069 4743 2355 4801 existentia
2380 4742 2559 4797 omnia
2586 4748 2639 4795 et
2678 4738 3096 4810 praedestinavit
3117 4744 3172 4793 et
3192 4737 3434 4794 adduxit.
3466 4737 3522 4795 Si
3550 4752 3647 4794 au-

2070 4848 2175 4894 tem
2204 4837 2554 4908 philosophus
2583 4834 2801 4905 dignum
2828 4833 2974 4889 ducit
2994 4830 3246 4888 Clemens
3280 4830 3327 4899 δ,
3359 4840 3416 4888 et
3445 4831 3511 4887 ad
3545 4833 3645 4889 ali~

2068 4929 2194 5000 quid
2243 4928 2608 4999 paradigmata
2657 4923 2761 4979 dici
2805 4923 2861 4978 in
2911 4924 3270 4979 existentibus
3314 4925 3642 4993 antiquiora,

2066 5019 2312 5092 provenit
2336 5019 2549 5089 quidem
2590 5031 2697 5072 non
2724 5029 2820 5085 per
2849 5015 3063 5085 propria
3085 5024 3140 5069 et
3165 5015 3404 5086 perlecta
3425 5026 3483 5073 et
3506 5016 3644 5073 sim-

2066 5112 2152 5182 pla
2183 5110 2398 5165 nomina
2448 5109 2589 5163 ratio
2647 5105 2770 5176 ipsi.
2802 5105 3174 5161 Concedentes
3222 5115 3403 5161 autem
3452 5114 3507 5162 et
3540 5107 3645 5164 hoc

2068 5190 2213 5258 recte
2261 5199 2364 5255 dici
2398 5197 2699 5269 theologiae
2741 5193 3170 5262 memorandum,
3215 5195 3464 5256 dicentis.
3514 5197 3640 5265 quia

2066 5309 2173 5348 non
2216 5291 2425 5347 ostendi
2447 5288 2541 5344 tibi
2570 5288 2704 5341 haec
2726 5285 2875 5340 exire
2901 5292 3027 5353 post
3042 5297 3132 5348 ea,
3161 5282 3256 5338 sed
3291 5291 3353 5339 ut
3376 5295 3477 5352 per
3503 5283 3643 5341 haec

2018 5374 2025 5377 ’
2065 5380 2448 5457 proportionali
2464 5378 2685 5435 scientia
2701 5376 2753 5429 in
2766 5375 3005 5431 omnium
3018 5389 3237 5429 causam
3247 5414 3262 5441 ,
3275 5381 3535 5444 quantum
3551 5388 3641 5443 po-

2065 5481 2242 5530 tentes
2262 5484 2468 5536 sumus,
2498 5468 2874 5523 ascendamus.
2900 5462 3093 5522 Omnia
3114 5478 3245 5537 ergo
3266 5464 3394 5521 huic
3404 5462 3641 5520 existen-

1684 5627 1937 5686 VARIAE
1976 5624 2382 5687 LECTIONES.

459 5755 475 5786 ⁸
508 5755 597 5812 BH
642 5765 695 5812 et
729 5760 830 5830 ipsi
859 5750 1096 5832 quidem.
1172 5759 1307 5817 ’ΔΗ
1355 5762 1583 5818 collatio.
1662 5765 1682 5795 ³
1704 5764 1794 5820 ΑΕ
1814 5774 1880 5819 et.
1957 5765 1979 5799 δ
2004 5763 2090 5823 BE
2132 5762 2309 5817 clima
2336 5758 2502 5831 (quod
2531 5765 2615 5814 est
2644 5767 2901 5826 graecum
2934 5752 3172 5826 Κλήμης)-

3666 5754 3679 5789 t

3669 5798 3686 5857 ‘.
