4142 6296
509 256 648 316 1151

1853 246 2139 307 JOANNIS
2173 248 2372 309 SCOTI

3637 254 3780 317 “52

508 352 582 426 tia
638 367 935 425 secundum
987 379 1149 420 unam
1204 362 1444 419 omnium
1495 363 1763 421 excelsam
1813 365 2094 420 scientiam
2121 370 2254 427 Aet
2296 363 2366 419 ab
2408 375 2474 419 ea
2510 376 2610 436 per
2651 363 2860 437 singula
2895 378 3017 420 esse
3061 366 3302 437 proprie,
3349 368 3618 441 smgulam
3649 388 3774 429 aes-

507 459 876 524 referendum,
922 456 1176 526 quoniam
1207 456 1422 525 quidem
1466 472 1531 512 ex
1569 471 1689 511 esse
1720 456 2090 511 substantiﬁca

507 538 854 625 processiouc
890 557 944 603 et
970 546 1207 602 bonitate
1247 548 1527 614 inch‘oans,
1569 556 1625 604 et
1669 563 1766 618 per
1787 548 1967 602 omnia
2001 562 2094 602 ve—

509 645 690 709 niens,
717 650 772 696 et
806 639 985 693 omnia
1019 652 1085 691 ex
1111 638 1287 708 scipsa
1323 647 1384 691 ut
1415 639 1525 693 sint
1550 638 1797 706 impleas,
1823 646 1878 693 et
1899 638 1952 692 in
1976 650 2094 692 om-

508 737 667 792 nibus
688 730 1042 787 existentibus
1073 728 1340 794 exultans,
1378 729 1557 782 omnia
1581 730 1797 799 quidem
1835 729 1886 783 in
1916 728 2092 800 seipsa

508 831 747 896 supcrat,
769 820 1061 876 secundum
1078 819 1306 888 primam
1334 816 1697 886 simplicitatis
1722 815 2091 872 excellentiam

507 928 720 971 omnem
748 909 1114 981 duplicitatem
1140 916 1503 977 respuentem.
1529 906 1719 963 Omnia
1741 918 1922 963 autem
1944 908 2094 964 simi-

509 1008 631 1063 liter
704 1006 946 1059 continet
995 1001 1293 1056 secundum
1349 999 1870 1070 supersimplicatam
1937 1015 2091 1053 suam

506 1094 931 1157 multitudinem,
957 1100 1013 1147 et
1050 1091 1118 1145 ab
1151 1090 1400 1146 omnibus
1430 1090 1778 1163 singulariter
1800 1072 2093 1159 participa-

508 1196 596 1243 tur
644 1203 657 1240 :
711 1187 850 1242 sicut
882 1194 938 1240 et
971 1200 1079 1239 vox
1105 1199 1212 1238 una
1244 1184 1483 1238 existens
1519 1191 1575 1237 et
1627 1182 1816 1236 eadem
1849 1197 1879 1236 a
1908 1183 2093 1237 multis

505 1278 848 1334 audientibus
896 1277 1045 1331 velut
1101 1291 1208 1329 una
1250 1275 1623 1346 participatur.
1666 1272 1917 1329 Omnium
1959 1287 2088 1344 ergo

502 1371 824 1443 principium
878 1378 932 1424 et
964 1367 1085 1423 ﬁnis
1108 1366 1452 1422 existentium
1477 1364 1696 1421 ante-aia
1724 1382 1737 1417 :
1766 1362 2089 1435 principium

505 1464 744 1534 quidem,
784 1469 844 1516 ut
865 1459 1099 1517 causalis
1131 1474 1147 1525 ;
1189 1457 1310 1513 linis
1348 1472 1500 1521 vero,
1533 1466 1592 1510 ut
1626 1466 1848 1527 propter
1882 1471 2038 1525 quem
2073 1471 2090 1520 ;

505 1566 559 1614 et
579 1566 879 1614 extremum
912 1552 1177 1617 omnium,
1206 1559 1261 1605 et
1292 1549 1578 1605 multitudo
1608 1549 1770 1603 totius
1792 1545 2087 1601 multitudi-

504 1651 591 1707 nis
621 1657 676 1704 et
711 1644 1070 1702 extremitatis
1093 1641 1580 1713 supereminenter,
1609 1648 1667 1693 ut
1698 1638 2087 1708 oppositorum.

2197 455 2423 510 limatur
2482 463 2679 510 natura
2723 455 3039 510 subsistere.
3090 456 3157 509 Et
3200 458 3417 526 quidem
3479 474 3768 529 supercae-

2193 544 2424 601 Iestibus
2487 547 2684 602 animis
2727 548 3137 603 immaterialem
3206 558 3262 602 et
3325 550 3669 617 deiformcm,
3718 565 3775 611 et

2194 637 2587 693 immutabilem
2620 637 3103 704 immortalitatem,
3144 648 3199 693 et
3237 638 3581 697 inﬂexibilem
3613 652 3668 698 et
3697 645 3773 698 ir-

2193 725 2673 795 reprehensibilem
2698 740 2914 795 semper
2933 728 3249 790 motionem,
3276 740 3656 797 superextenta
3677 747 3779 803 per

2192 816 2621 886 magnitudinem
2651 814 2934 880 bonitatis,
2952 828 3009 872 et
3030 818 3083 873 in
3125 820 3504 875 daemonicam
3532 822 3553 854 ³
3585 823 3770 880 vitam.

2194 905 2382 975 Neque
2421 907 2565 961 enim
2612 906 2700 960 illa
2733 922 2854 963 esse
2895 909 2964 963 ab
2991 908 3096 963 alia
3124 924 3311 973 causa,
3341 911 3435 966 sed
3461 928 3527 967 ex
3562 914 3676 984 ipsa
3719 926 3777 971 et

2192 1012 2314 1053 esse
2345 997 2533 1063 vitam,
2563 1005 2619 1053 et
2648 1000 3083 1068 permanentiam
3116 1000 3298 1054 habet.
3344 1002 3560 1057 Donans
3595 1015 3777 1060 autem

2193 1095 2249 1141 et
2292 1088 2458 1151 viris,
2508 1097 2566 1142 ut
2619 1089 2928 1143 commixtis
2956 1129 2971 1154 ,
3030 1090 3414 1158 acceptabilem
3457 1094 3775 1149 subeuntem

2194 1179 2492 1250 angelicam
2532 1180 2718 1243 vitam,
2769 1188 2823 1233 et
2854 1182 3258 1251 supermananti
3310 1183 3663 1247 humanitate,
3721 1196 3775 1240 et

2193 1269 2490 1324 redeuntes
2526 1285 2625 1325 nos
2656 1270 2707 1324 in
2740 1271 2977 1341 seipsam
3019 1280 3345 1326 convertens
3391 1283 3445 1327 et
3489 1286 3770 1330 revocans.

2191 1356 2261 1413 Et
2304 1359 2407 1414 hoc
2442 1367 2619 1413 autem
2660 1358 2918 1424 divinius,
2948 1361 3076 1430 quia
3121 1369 3178 1416 et
3214 1369 3358 1416 totos
3402 1378 3523 1428 uos,
3569 1366 3776 1421 animas

2195 1448 2317 1504 dico
2345 1458 2401 1504 et
2431 1450 2716 1520 coniugata
2746 1466 3001 1521 corpora,
3029 1452 3097 1506 ad
3128 1453 3580 1522 perfectissimam
3611 1457 3775 1511 vitam

2194 1548 2250 1596 et
2306 1542 2669 1598 immortalem
2736 1543 3005 1614 promittit
3066 1546 3619 1600 transmutationcm:
3659 1529 3775 1602 rem

2196 1631 2457 1686 vetustati
2501 1633 2717 1701 quidem
2772 1648 2943 1703 aeque
3001 1643 3191 1689 contra
3251 1644 3503 1691 naturam
3562 1636 3772 1701 visam,

501 1744 560 1799 In
586 1758 694 1797 uno
717 1722 905 1804 enim,
938 1746 997 1793 ut
1025 1709 1187 1807 saepe
1213 1735 1415 1789 dictum
1447 1740 1563 1795 est,
1596 1730 1882 1786 existentia
1909 1729 2090 1783 omnia
2122 1709 2168 1768 Β
2194 1720 2328 1774 mihi
2358 1729 2557 1776 'aulem
2600 1730 2656 1777 et
2679 1724 2773 1777 tibi
2816 1733 2870 1778 et
2912 1725 3148 1789 veritati,
3193 1736 3249 1779 et
3293 1726 3558 1793 divinam,
3588 1738 3644 1782 ρι
3678 1740 3771 1782 su-

503 1843 558 1890 ct
585 1841 806 1904 supcrat
834 1839 889 1886 et
914 1827 1487 1895 substituit,praescus
1512 1821 1767 1876 omnibus
1793 1830 1847 1874 et
1867 1819 2086 1889 ubique,

502 1934 558 1982 ct
581 1924 879 1981 secundum
909 1937 1073 1985 unum
1095 1928 1150 1974 et
1181 1918 1431 1988 idipsum,
1458 1923 1512 1968 et
1536 1914 1830 1968 secundum
1854 1911 2089 1980 idipsum

502 2031 685 2078 omne,
708 2022 762 2069 et
786 2015 838 2069 in
868 2011 1049 2066 omnia
1078 2008 1425 2080 proveniens,
1453 2014 1508 2060 et
1535 2018 1763 2059 manens
1791 2003 1843 2057 in
1884 2001 2087 2072 seipso,

501 2113 555 2161 et
577 2115 746 2168 stans,
776 2111 833 2159 et
860 2110 1038 2156 motus
1071 2118 1082 2154 :
1116 2113 1289 2168 neque
1332 2106 1502 2160 stans,
1540 2110 1716 2164 neque
1746 2102 1961 2157 motus;
1992 2108 2088 2147 ne-

502 2211 608 2266 que
630 2193 951 2266 principium
996 2192 1201 2244 habens
1224 2197 1318 2241 aut
1350 2186 1584 2241 medium
1628 2192 1723 2239 aut
1757 2182 1919 2238 ﬁnem
1948 2201 1962 2235 :
1995 2198 2091 2237 ne—

500 2304 606 2359 que
631 2288 685 2342 in
711 2287 944 2356 quodam
960 2283 1328 2345 existentium,
1348 2295 1521 2348 neque
1545 2277 1674 2349 quid
1704 2277 2051 2332 existentium
2068 2278 2087 2307 ί

499 2395 618 2435 ens.
659 2378 726 2434 Et
749 2392 924 2447 neque
950 2375 1175 2431 omnino
1206 2373 1304 2443 ipsi
1335 2372 1736 2443 appropinquat
1761 2370 1889 2439 quid
1914 2379 2088 2425 aeter-

500 2472 698 2528 naliter
734 2470 1083 2525 existentium
1137 2467 1176 2532 ⁸,
1230 2475 1324 2520 aut
1380 2463 1747 2532 temporaliter
1774 2461 2089 2516 substituto-

502 2579 645 2629 rum,
679 2561 773 2619 sed
813 2570 867 2615 et
911 2567 1153 2630 tempore
1196 2567 1253 2611 et
1288 2564 1508 2611 aeterno
1549 2562 1603 2608 et
1652 2553 1721 2607 in'
1759 2560 1986 2614 aeterno
2034 2559 2090 2606 et

501 2667 642 2725 quae
667 2653 721 2707 in
748 2659 988 2720 tempore
1018 2656 1165 2713 sunt,
1199 2644 1450 2701 onmibus
1497 2654 1824 2698 removetur.
1858 2640 2091 2697 Proinde

501 2754 560 2802 et
586 2745 758 2815 ipsum
802 2750 1103 2805 aeternum,
1147 2749 1202 2793 et
1226 2736 1516 2793 existeutia
1568 2743 1625 2789 et
1674 2748 1930 2789 mensura
1976 2733 2090 2789 exi-

501 2835 783 2900 stentiunt,
809 2840 863 2888 et
893 2837 1203 2888 mensurata
1231 2843 1329 2898 per
1359 2827 1558 2898 ipsum,
1584 2834 1639 2880 et
1659 2825 1727 2880 ab
1759 2824 1896 2896 ipso.

1032 2940 1231 3001 CAPIT
1240 2940 1434 2999 ULUM
1475 2938 1560 2996 VI.

686 3076 697 3081 ρ
1169 3032 1248 3088 De
1285 3031 1411 3087 vita.

576 3133 684 3190 Sed
719 3131 786 3188 de
814 3130 900 3186 his
930 3127 1149 3200 quidem
1178 3126 1231 3181 in
1263 3124 1387 3180 aliis
1423 3120 1794 3194 opportuniori
1846 3126 2087 3189 tempore

504 3226 735 3283 dicatur.
782 3221 939 3278 Nunc
988 3227 1170 3275 autem
1216 3216 1480 3272 laudanda
1520 3221 1604 3269 est
1649 3210 1930 3267 laudabilis
1975 3208 2085 3262 vita

504 3330 751 3384 aeterna,
788 3331 857 3371 ex
884 3327 993 3386 qua
1027 3326 1125 3383 per
1152 3310 1388 3381 seipsam
1416 3307 1550 3373 vita,
1581 3314 1635 3362 et
1665 3303 1843 3360 omnis
1876 3302 2006 3366 vita,
2033 3308 2089 3356 et

502 3428 534 3468 a
568 3425 679 3482 qua
705 3408 760 3463 in
788 3405 989 3470 omnia,
1022 3412 1316 3471 utcumque
1355 3400 1522 3454 vitam
1568 3394 1972 3468 participantia,
2003 3392 2083 3445 vi-

499 3515 632 3557 vere
677 3497 899 3569 proprie
943 3493 1240 3562 unicuique
1267 3489 1659 3546 exseminatur.
1697 3485 1864 3555 Igitur
1898 3491 1950 3539 ct
1985 3482 2085 3535 im-

501 3589 815 3651 mortalium
853 3584 1172 3657 angelorum
1201 3582 1336 3648 vita,
1368 3588 1424 3635 et
1453 3575 1855 3641 immortalitas,
1887 3580 1942 3629 et
1979 3572 2075 3625 im-

500 3679 763 3757 perdibile
786 3678 962 3747 ipsum
983 3672 1260 3757 angelicae
1275 3685 1490 3740 semper
1504 3666 1780 3730 motionis,
1800 3680 1864 3721 ex
1901 3662 2012 3733 ipsa
2031 3670 2086 3716 et

500 3790 601 3849 per
629 3774 803 3842 ipsam
823 3778 907 3826 est
928 3777 985 3823 et
1004 3766 1269 3825 substitit.
1303 3763 1514 3821 Idcirco
1534 3768 1589 3815 ct
1612 3759 1853 3819 viventes
1870 3769 2085 3824 semper

500 3874 558 3925 et
586 3861 922 3921 immortales
957 3860 1238 3926 dicuntur,
1268 3864 1325 3913 et
1350 3870 1458 3927 non
1499 3850 1831 3908 immortales
1862 3849 2082 3913 iterum,

500 3958 630 4031 quia
678 3970 785 4012 non
841 3969 871 4008 a
923 3950 1117 4023 seipsis
1165 3949 1369 4006 habent
1420 3943 1798 4003 immortaliter
1844 3953 1985 4005 esse,
2028 3946 2084 3993 et

501 4046 852 4107 aeterualiter
899 4045 1120 4107 vivere,
1159 4043 1255 4097 sed
1289 4055 1355 4101 ex
1402 4035 1616 4093 viviﬁca
1659 4043 1715 4089 et
1740 4033 1904 4088 totius
1941 4031 2083 4084 vitae

501 4141 726 4198 factrice
770 4146 826 4194 et
876 4132 1270 4194 continuatrice
1318 4144 1504 4186 causa.
1556 4126 1624 4181 Et
1663 4126 1802 4181 sicut
1854 4124 1907 4178 in
1957 4130 2084 4179 onle

501 4232 775 4295 dicimus,
834 4227 961 4300 quia
1027 4234 1083 4281 et
1140 4222 1382 4293 ejusdem
1445 4234 1566 4279 esse
1640 4224 1722 4272 est
1799 4214 2032 4271 causalis
2063 4256 2081 4282 ,

500 4326 582 4381 sic
636 4332 692 4379 et
763 4321 840 4379 ibi
909 4320 1146 4383 iterum,
1213 4315 1339 4385 quia
1397 4321 1452 4368 et
1518 4324 1614 4380 per
1674 4307 1905 4377 seipsam
1971 4307 2084 4361 vita

500 4426 585 4474 est
613 4414 795 4472 divina
840 4412 952 4469 vita
992 4408 1175 4466 vitalis
1242 4416 1298 4462 et
1343 4400 1713 4462 substantialis
1744 4441 1757 4465 ,
1805 4408 1861 4454 et
1903 4399 2081 4455 omnis

499 4509 612 4564 vita
640 4515 698 4563 et
728 4504 912 4562 vitalis
937 4509 1117 4558 motus
1168 4513 1235 4554 ex
1273 4497 1381 4551 vita
1432 4497 1567 4566 ipsa,
1615 4507 1757 4563 quae
1785 4500 1869 4545 est
1918 4504 2081 4561 super

502 4613 720 4655 omnem
755 4596 945 4658 vitam,
974 4601 1031 4647 et
1055 4603 1217 4646 omne
1242 4586 1571 4658 principium
1599 4583 1764 4641 totius
1804 4581 1965 4637 vitae.
2001 4581 2077 4635 Ex

501 4691 618 4759 ipsa
679 4694 738 4741 et
795 4683 1013 4740 animae
1052 4676 1394 4748 imperdibile
1436 4674 1679 4738 habent,
1733 4680 1789 4727 et
1828 4670 2081 4727 animalia

503 4777 687 4835 omnia
733 4782 789 4831 et
833 4772 1079 4845 germina
1136 4767 1430 4825 secundum
1487 4763 1832 4819 novissimam
1885 4776 2078 4818 conso-

504 4869 747 4929 nantiam
774 4865 990 4923 animae
1041 4863 1243 4919 habent
1280 4859 1482 4914 vivere.
1539 4855 1654 4924 Qua
1707 4855 1885 4910 ablata
1921 4854 2076 4925 juxta

503 4963 829 5035 eloquiuma
877 4959 1056 5017 deﬁcit
1097 4959 1205 5015 vita
1239 4957 1414 5013 omnis
1459 4955 1526 5012 ad
1567 4964 1765 5011 terram
1799 4974 1811 5010 :
1852 4962 1908 5009 ct
1946 4951 2079 5007 deﬁ-

504 5054 704 5113 cientia
747 5054 815 5113 ad
862 5052 1291 5125 participandum
1321 5065 1441 5106 eam
1495 5048 1828 5114 inﬁrmitate,
1885 5047 2087 5100 iterum'

503 5148 1016 5216 conversaLiterum
1039 5143 1295 5202 animalia
1319 5142 1476 5198 ﬁunt.
1508 5141 1576 5196 Et
1604 5141 1838 5196 donatur
1859 5137 2078 5207 quidem

504 5241 681 5315 primo
708 5259 805 5315 per
834 5241 1068 5313 seipsam
1099 5227 1262 5305 vitae,
1298 5250 1419 5292 esse
1444 5235 1629 5299 vitam,
1655 5240 1711 5289 et
1749 5229 1895 5287 omni
1932 5229 2078 5286 vitae

2193 1826 2292 1883 per
2338 1822 2607 1893 naturam.
2653 1815 2828 1884 Super
2868 1823 3119 1870 naturam
3164 1827 3346 1872 autem
3390 1819 3462 1883 ei,
3502 1834 3641 1890 quae
3680 1833 3769 1875 se-

2193 1902 2429 1957 cundum
2474 1918 2572 1958 nos
2615 1912 2721 1968 est,
2763 1904 2885 1959 dico
2924 1904 3212 1970 visibilem,
3264 1923 3370 1960 non
3415 1906 3765 1962 fortissimam

2193 1992 2406 2048 divinae
2450 1993 2617 2049 vitae.
2669 1994 2775 2064 Ipsi
2818 1996 2962 2050 enim
3014 1994 3162 2049 velut
3217 1996 3461 2051 omnium
3515 1998 3772 2054 existenti

2191 2085 2425 2141 vitarum
2457 2097 2687 2141 naturae
2710 2125 2726 2150 ,
2759 2093 2814 2139 et
2851 2086 3087 2140 maxime
3116 2086 3442 2153 divinorum,
3476 2087 3635 2141 nuiia‘
3658 2089 3770 2142 vita

2191 2183 2379 2230 contra
2424 2182 2674 2229 naturam
2716 2182 2811 2228 aut
2843 2190 3005 2244 super
3042 2175 3288 2230 naturam
3330 2174 3373 2228 ⁸.
3414 2175 3597 2245 Itaque
3634 2176 3765 2243 ipsa

2191 2263 2258 2320 de
2286 2265 2391 2321 hoc
2421 2266 2663 2320 insaniae
2702 2263 2943 2321 Simonis
2973 2265 3383 2321 contradictoria
3414 2265 3574 2320 verba
3603 2266 3765 2336 longe

2192 2356 2373 2411 divino
2405 2356 2544 2420 loco,
2578 2366 2633 2412 et
2664 2366 2754 2411 tua
2806 2372 2963 2413 sacra
2996 2358 3175 2413 anima
3211 2357 3511 2428 abigantur.
3533 2356 3769 2411 Latuere

2190 2450 2334 2506 enim
2380 2463 2525 2515 eum,
2556 2459 2615 2504 ut
2642 2450 2901 2515 arbitror,
2934 2450 3068 2505 haec
3096 2450 3396 2521 sapientem
3427 2448 3775 2503 aestimatum

2190 2554 2312 2596 esse
2339 2580 2354 2607 ,
2407 2555 2515 2596 non
2567 2547 2820 2610 oportere
2864 2541 3002 2595 bene
3041 2540 3339 2609 sapientem
3383 2536 3769 2608 praedicationi

2190 2646 2383 2688 sensus
2426 2631 2637 2686 ratione
2678 2628 2978 2686 auxiliante
3022 2630 3101 2686 uti
3160 2635 3348 2683 contra
3389 2628 3629 2683 omnium
3674 2641 3768 2681 oc-

2190 2724 2389 2780 cultam
2422 2738 2665 2778 causam.
2716 2722 2783 2776 Et
2818 2722 2923 2776 hoc
2971 2722 3144 2791 ipsum
3191 2729 3277 2776 est
3320 2719 3632 2785 dicendum,
3667 2720 3768 2774 hoc

2190 2824 2382 2872 contra
2418 2822 2668 2869 naturam
2699 2814 2902 2868 dicere.
2937 2812 3042 2883 Ipsi
3069 2811 3215 2867 enim
3244 2811 3380 2866 nihil
3408 2809 3763 2866 contrarium.

2032 2901 2037 2911 ’
2104 2904 2105 2907 “
2191 2906 2272 2962 Ex
2305 2906 2423 2976 ipsa
2454 2904 2803 2959 viviﬁcantur
2831 2913 2883 2958 et
2922 2904 3388 2960 circumfoventur
3419 2911 3474 2958 et
3517 2901 3770 2957 animalia

2193 3001 2376 3056 omnia
2407 3009 2460 3054 et
2507 2998 2771 3066 germina.
2805 2997 2874 3052 Et
2916 2997 3034 3052 sive
3066 2995 3491 3052 intellectualem
3539 2993 3769 3061 dixeris,

2114 3085 2159 3149 C
2191 3081 2320 3145 sive~
2358 3087 2701 3153 rationalem,
2757 3086 2870 3142 sive
2924 3086 3252 3151 sensualem,
3295 3085 3411 3141 sive
3456 3084 3769 3140 nutritivam

2188 3188 2245 3235 et
2288 3180 2556 3234 auctivam
2583 3220 2596 3244 ,
2644 3179 2757 3233 sive
2795 3177 3230 3247 qualemcunque
3274 3177 3467 3242 vitam,
3494 3185 3588 3231 aut
3627 3176 3773 3231 vitae

2187 3273 2532 3344 principium,
2565 3281 2661 3326 aut
2686 3271 2831 3326 vitae
2859 3270 3170 3335 essentiam,
3202 3284 3267 3324 ex
3299 3269 3413 3339 ipsa
3458 3279 3517 3325 et
3552 3270 3686 3324 vivit
3713 3277 3769 3324 et

2187 3366 2398 3430 vivunt,
2445 3378 2584 3433 quae
2627 3371 2713 3419 est
2758 3377 2922 3433 super
2966 3376 3183 3416 onmem
3228 3360 3510 3425 vitam,et
3554 3360 3607 3414 in
3652 3360 3764 3431 ipsa

2187 3456 2484 3512 secundum
2530 3470 2751 3511 causam
2808 3451 3155 3509 uniformiter
3212 3459 3339 3508 ante
3378 3451 3643 3508 substitit.
3704 3450 3764 3505 Si

2186 3551 2330 3606 enim
2360 3548 2644 3620 plusquam
2672 3547 2804 3615 Vita,
2833 3554 2888 3601 et
2930 3538 3162 3599 vitarum
3205 3544 3518 3615 principalis
3558 3544 3684 3608 vita,
3710 3549 3767 3598 et

2183 3642 2364 3698 omnis
2411 3642 2557 3694 vitae
2593 3648 2677 3694 est
2720 3652 2910 3703 causa,
2967 3645 3023 3692 et
3070 3636 3216 3691 vitae
3253 3636 3518 3706 geniti-ix,
3561 3643 3617 3689 et
3668 3649 3761 3688 re-

2182 3732 2383 3803 pletiva
2433 3738 2486 3785 et
2534 3727 2823 3785 discretiva
2861 3728 2972 3783 vita
2996 3767 3011 3792 ,
3055 3741 3121 3781 ex
3162 3723 3470 3781 omni~vita
3512 3724 3761 3778 laudatur

2184 3813 2479 3878 secundum
2502 3813 2872 3889 multiplicem
2916 3814 3320 3888 generationem
3347 3814 3582 3870 omnium
3619 3812 3764 3867 vita-

2183 3930 2323 3977 rum,
2356 3922 2415 3968 ut
2445 3911 2749 3983 largissima
2778 3919 2832 3965 et
2858 3909 3039 3965 omnis
3079 3908 3188 3962 vita
3236 3906 3675 3977 contemplativa,
3707 3915 3767 3961 et

2183 4005 2422 4071 laudata,
2446 4013 2503 4060 et
2523 4012 2584 4058 ut
2613 4018 2719 4058 non
2754 4001 3007 4072 indigens
3031 4018 3045 4053 :
3071 4000 3245 4070 magis
3269 4007 3449 4053 autem
3478 3998 3761 4068 plusquam

2180 4095 2340 4167 plena
2386 4096 2494 4150 vita
2541 4108 2638 4164 per
2682 4094 2917 4162 seipsam
2956 4092 3145 4146 vivens
3171 4130 3187 4157 ,
3227 4101 3283 4145 et
3332 4104 3496 4162 super
3546 4103 3760 4144 omnem

2182 4188 2350 4243 vitam
2406 4184 2724 4251 vivitidhns,
2781 4193 2835 4238 et
2897 4182 3183 4253 plusquam
3223 4183 3434 4249 vivens,
3480 4191 3575 4237 aut
3624 4197 3761 4252 quo-

2181 4295 2289 4351 quo
2337 4279 2497 4335 modo
2533 4272 2654 4349 quis
2692 4276 2859 4331 vitam
2907 4273 3233 4332 ineﬁ‘abilem
3280 4274 3597 4330 humanitus
3643 4274 3760 4329 lau-

2182 4370 2353 4428 dabit.
2916 4384 2921 4387 '

2228 4458 2231 4463 ’
2694 4457 3095 4515 CAPITULUM
3134 4457 3244 4513 VII.

2275 4563 2354 4618 De
2379 4564 2656 4632 sapientia,
2694 4558 2976 4624 intellectu,
3006 4558 3230 4623 ratione,
3257 4557 3494 4622 veritate,
3525 4556 3649 4625 fide.

2251 4666 2357 4723 Fer
2370 4666 2393 4698 '
2404 4672 2606 4729 autem,
2623 4664 2668 4718 si
2684 4662 2915 4726 videtur,
2931 4660 3190 4732 Optimam
3210 4668 3268 4716 et
3281 4669 3554 4716 aeternam
3568 4660 3667 4712 vita
3677 4674 3746 4723 ιη,

2179 4767 2237 4817 et
2271 4766 2330 4815 ut
2353 4758 2672 4829 sapientem,
2695 4761 2749 4809 et
2772 4763 2833 4809 ut
2858 4768 2956 4824 per
2975 4754 3205 4824 seipsam
3227 4754 3538 4824 sapientiam
3564 4749 3746 4804 laude-

2182 4870 2342 4911 mus:
2376 4853 2546 4923 magis
2586 4860 2767 4906 autem
2815 4849 3009 4903 iterum
3056 4848 3234 4904 omnis
3289 4844 3576 4917 sapientiae
3621 4839 3757 4894 sub-

2180 4944 2510 5008 stantialem,
2557 4950 2611 4998 et
2648 4954 2812 5012 super
2844 4954 3057 4995 omnem
3103 4939 3417 5009 sapientiam
3446 4941 3502 4988 et
3544 4930 3760 4987 intelle-

2180 5048 2327 5094 ctum
2357 5034 2858 5106 superexistentem.
2906 5031 3022 5086 Non
3062 5030 3208 5085 enim
3253 5025 3585 5106 solummodo
3613 5023 3762 5079 Deus

2181 5104 2461 5199 plusquam
2512 5124 2785 5197 plenitudo
2814 5130 2896 5177 est
2930 5104 3263 5194 Sapientiae,
3291 5129 3338 5173 et
3384 5115 3763 5185 intelligentiae

2179 5224 2293 5297 ejus
2324 5238 2426 5276 non
2446 5228 2521 5275 est
2547 5234 2788 5274 numerus
2813 5215 2987 5271 b:scd
3017 5223 3070 5271 et
3095 5214 3240 5269 omni
3268 5210 3491 5278 rationi,
3522 5218 3576 5266 et
3598 5205 3763 5264 intel-

1784 5320 2040 5377 vanus
2075 5310 2474 5376 LECTIONES.
2542 5378 2545 5381 _

578 5458 594 5490 ι
619 5446 779 5519 neque
832 5446 959 5519 quid
988 5442 1343 5519 eminentium
1388 5455 1498 5519 om.
1541 5439 1602 5494 E.
1681 5440 1701 5469 ¹
1731 5452 1891 5509 neque
1936 5435 2061 5507 quid
2106 5430 2438 5519 exis't‘eiittium
2466 5458 2527 5469 ——
2566 5425 2903 5519 aeterna!!!”
2931 5423 3291 5519 ¹Ιιιειιῐξὲεεέξιὶιιηξ
3320 5438 3432 5519 om;
3467 5421 3576 5477 BH.
3651 5420 3675 5453 ³
3712 5418 3765 5477 Δ

505 5518 842 5583 daemonum,

888 5492 1339 5572 Ediiiibiiii’if
1387 5492 1736 5581 rant—super
1779 5492 2022 5563 n’aturam
2057 5520 2167 5561 om.
2206 5500 2343 5567 BIL,
2392 5514 2555 5569 supra
2585 5498 2761 5552 adscr.
2792 5495 2836 5551 E
2889 5558 2896 5565 ,
2931 5497 2952 5529 ⁸
2991 5495 3079 5551 ΒΗ
3102 5492 3239 5551 Fere
3262 5494 3449 5571 (φέρι).

2000 5592 2253 5655 NOTAE.

577 5696 766 5756 'Psai.
808 5698 938 5756 CIII.
1036 5768 1045 5776 .
1112 5751 1150 5775 Ἰ,

1189 5742 1216 5775 ὗ
1256 5742 1343 5776 ίῖιᾷο
1388 5762 1408 5777 ,ι
1479 5744 1506 5793 ‘0
1542 5762 1575 5783 ,ι
1602 5767 1619 5783 ο
1688 5754 1753 5782 J5
1847 5755 1883 5787 σς
1903 5756 1947 5787 Η.

1762 5785 1772 5800 ι
1962 5782 1969 5788 .

2255 5684 2299 5752 ιι,
2323 5682 2487 5756 Psan
2509 5679 2729 5738 CXLVI.
