4142 6296
313 363 449 423 H55

950 360 1199 419 VERSlO
1235 360 1520 418 OPERUM
1559 358 1618 415 S.
1661 352 1972 413 DlONYSll.
2013 386 2081 394 —
2109 354 2194 410 DE
2234 351 2481 409 DlVlNlS
2518 351 2905 409 NOMINIBUS.

3422 350 3556 409 1154

311 476 498 541 lectui,
525 483 582 530 et
612 473 929 544 sapientiae,
959 472 1441 543 supercollocatur.
1483 471 1552 526 Et
1578 471 1680 525 boe
1709 469 1888 526 excel-
1918 473 1960 527 Α
1992 483 2089 536 per
2133 467 2366 522 divinam
2421 465 2761 534 sapientiam.
2797 464 2860 518 Et
2907 464 3120 519 animae
3165 463 3425 519 rationale
3466 465 3560 519 ba-

311 569 487 625 lenter
514 569 812 639 intelligens
842 562 1055 623 divinus
1081 582 1207 623 vere
1231 567 1334 630 vir,
1365 565 1667 621 communis
1706 574 1889 618 nostra

312 669 369 714 et
403 660 651 736 magistri
680 660 906 725 laetitia,
932 658 1152 713 stultum
1184 656 1283 711 Dei
1309 656 1594 726 sapientius
1623 662 1699 708 est
1725 653 1890 706 fronti-

314 747 487 814 nibus,
537 748 715 818 inquit
744 759 795 814 ι,
825 764 933 802 ηοιι
964 746 1136 802 solum
1172 746 1298 814 quia
1323 745 1500 800 omnis
1534 745 1770 798 humana
1799 742 1891 797 de-

309 837 562 893 liberatio
587 852 744 893 error
775 835 994 907 quidem
1031 844 1116 891 est
1161 834 1428 906 iudicata,
1474 833 1543 888 ad
1583 832 1792 903 pondus
1837 836 1894 883 et

311 931 643 988 manentiam
674 931 979 986 divinarum
1032 939 1085 984 et
1133 927 1645 1000 perfectissimarum
1694 918 1890 979 intelli-

311 1026 638 1098 gentiarum,
693 1025 786 1080 sed
839 1024 965 1093 quia
1001 1030 1056 1077 et
1106 1022 1439 1077 consuetudo
1486 1027 1570 1074 est
1613 1016 1892 1085 theologis,

310 1115 586 1168 contrario
614 1114 812 1168 mentis
850 1112 1044 1167 all‘ectu
1092 1112 1143 1165 in
1185 1112 1316 1174 Deo,
1345 1125 1483 1180 quae
1527 1114 1673 1172 sunt,
1719 1107 1897 1176 priva-

311 1206 464 1262 tione
494 1204 760 1274 depellere
810 1220 824 1257 :
867 1205 1007 1258 sicut
1038 1211 1093 1256 ct
1142 1201 1464 1257 invisibilem
1513 1199 1663 1254 aiunt
1688 1196 1898 1265 eloquia

317 1295 522 1349 claram
556 1293 759 1358 lucem,
789 1303 843 1347 et
890 1292 1115 1347 multum
1162 1289 1506 1355 laudabilem,
1557 1298 1613 1342 et
1651 1287 1899 1341 multivo-

315 1399 460 1446 cum,
484 1380 827 1446 inell'abilem,
845 1392 898 1435 et
912 1380 1373 1444 innominabilem,
1396 1387 1451 1433 et
1467 1377 1718 1432 omnibus
1738 1391 1897 1446 prae-

316 1462 551 1537 sentem,
581 1481 635 1527 et
674 1487 740 1527 ex
765 1464 1014 1526 omnibus
1046 1472 1345 1534 inventum,
1380 1465 1898 1538 incomprehensibi-

318 1560 423 1622 lem
454 1575 508 1622 et
532 1565 981 1637 investigabilem.
1018 1566 1219 1621 Eodem
1249 1566 1407 1619 modo
1440 1572 1495 1617 et
1525 1562 1665 1617 nunc
1689 1562 1901 1616 divinus

316 1655 656 1726 Apostolusb
676 1642 926 1710 laudasse
947 1655 1143 1710 dicitur
1172 1654 1450 1710 stultitiam
1483 1654 1597 1716 Dei,
1629 1652 1770 1721 quod
1804 1666 1899 1720 ap-

313 1755 472 1819 paret
526 1747 579 1800 in
626 1761 690 1801 ea
735 1755 924 1800 contra
982 1746 1244 1800 rationem
1297 1755 1353 1799 et
1400 1743 1812 1810 inconsequens,
1844 1742 1899 1794 in

1989 561 2136 622 bent,
2167 557 2457 611 artilieiose
2485 556 2698 626 quidem
2726 565 2780 611 et
2801 554 3137 609 circulariter
3157 554 3299 609 circa
3323 555 3560 611 existen-

1992 649 2122 705 linm
2151 635 2432 705 veritatem
2461 648 2885 713 deambulantes,
2917 656 2970 701 et
2997 648 3235 717 partibili
3271 657 3325 701 et
3344 634 3562 719 copioso

1993 740 2267 793 varietatis
2310 739 2532 794 relictae
2564 737 2922 794 uniformibus
2969 738 3200 792 animis:
3228 738 3563 794 multorum'

1992 839 2170 884 autem
2213 830 2269 884 in
2299 846 2463 883 unum
2502 828 2896 889 convolutione,
2942 839 2997 883 et
3029 828 3083 882 in
3130 829 3443 899 angelorum
3486 829 3567 884 in-

1996 920 2318 988 ti-llectibus,
2343 920 2396 975 in
2419 930 2676 990 quantum
2699 921 2982 975 animabus
3007 929 3190 990 aptum
3207 929 3261 974 et
3283 920 3563 991 possibile,

1994 1011 2186 1081 dignae
2227 1010 2419 1065 factae.
2469 1009 2575 1064 Sed
2626 1018 2680 1064 et
2730 1022 2921 1063 sensus
2966 1009 3111 1080 ipsos
3161 1026 3265 1064 non
3321 1010 3568 1067 fortassis

1993 1101 2116 1169 quis
2141 1100 2585 1171 peccat,visionis
2615 1099 2910 1168 sapientiae
2930 1100 3336 1155 consonantiam
3361 1102 3568 1157 dicens.

1994 1191 2064 1242 At
2090 1206 2219 1243 vero
2244 1199 2299 1243 et
2328 1189 2644 1243 daemonius
2687 1189 2918 1251 animus,
2962 1188 3006 1241 si
3056 1190 3288 1253 animus,
3339 1206 3405 1244 ex
3454 1192 3570 1257 ipsa

1995 1286 2116 1332 est:
2157 1286 2415 1346 quantum
2452 1286 2632 1332 autem
2659 1277 2872 1332 animus
2902 1285 3003 1340 est,
3041 1278 3085 1333 si
3116 1278 3327 1333 ratione
3353 1279 3572 1347 quidem

1998 1367 2076 1422 sic
2100 1367 2356 1439 consequi
2395 1382 2502 1423 non
2528 1367 2754 1436 appetit,
2785 1381 2890 1421 non
2918 1366 3126 1430 videns,
3159 1382 3335 1436 neque
3364 1367 3570 1430 volens.

1999 1475 2181 1514 casmn
2208 1460 2469 1528 sapientia
2498 1459 2840 1529 potius'eum
2871 1458 3243 1513 asse‘rendum.
3293 1458 3399 1513 Sed
3442 1459 3573 1529 quia

1999 1549 2214 1616 quidem
2243 1548 2539 1619 sapientiae
2570 1547 2737 1619 ipsius
2771 1556 2826 1602 et
2874 1548 3063 1613 totius,
3098 1557 3153 1602 et
3181 1549 3359 1603 omnis
3405 1549 3575 1604 animi

2001 1649 2057 1696 et
2096 1639 2344 1703 rationis,
2392 1647 2447 1693 et
2497 1653 2690 1693 sensus
2737 1638 2935 1704 omnis,
2992 1637 3175 1693 divina
3215 1640 3481 1709 sapientia
3524 1648 3580 1694 et

2001 1727 2321 1799 principium
2349 1738 2403 1783 et
2425 1743 2612 1795 causa,
2639 1736 2694 1783 et
2729 1729 3055 1794 substantia,
3086 1738 3141 1784 et
3159 1726 3575 1796 consummatio,

318 1834 642 1890 inell'abilem
668 1843 724 1889 et
769 1844 895 1891 ante
924 1849 1139 1889 omnem
1173 1833 1441 1887 rationem
1487 1831 1727 1886 referens
1755 1830 1898 1884 veri-

2001 1827 2056 1873 et
2085 1819 2350 1879 custodia.
2380 1825 2435 1873 et
2461 1817 2585 1873 linis
2627 1816 2825 1871 dicitur
2877 1835 2890 1872 :
2940 1820 3208 1891 quomodo
3251 1819 3366 1888 ipse
3412 1820 3575 1887 Deus,

318 1936 507 1993 tatem.
554 1925 660 1980 Sed
689 1927 830 1997 quod
857 1927 1072 1996 quidem
1122 1926 1178 1979 in
1229 1924 1352 1978 aliis
1395 1923 1650 1986 diximus,
1683 1918 1902 1992 proprie

318 2016 496 2081 nobis,
526 2031 665 2086 quae
686 2026 811 2070 sunt
836 2030 996 2086 super
1019 2029 1115 2070 nos
1139 2015 1180 2082 ⁸,
1213 1998 1559 2083 accipientes,
1582 2022 1637 2067 et
1656 2028 1779 2068 cum
1804 2028 1908 2069 nu-

321 2108 578 2162 trimento
619 2121 872 2162 sensuum
919 2106 1160 2169 adunati,
1212 2112 1265 2159 et
1312 2105 1416 2167 his,
1445 2117 1581 2171 quae
1608 2102 1902 2158 secundum

320 2214 419 2254 nos
446 2198 624 2252 divina
649 2195 992 2252 conferentes
1010 2236 1024 2261 ,
1050 2196 1361 2249 seducimur
1381 2194 1426 2259 ³,
1443 2192 1737 2248 secundum
1764 2189 1906 2264 quod

314 2288 559 2362 ’videtur,
587 2285 823 2340 divinam
850 2292 905 2339 et
935 2284 1262 2339 inell'abilem
1291 2282 1555 2336 rationem
1575 2294 1904 2351 persequen-

324 2384 424 2429 tes.
466 2373 687 2443 Oportet
728 2374 886 2437 scire,
911 2382 1156 2427 nostrum
1182 2372 1423 2426 animum
1457 2371 1662 2426 habere
1688 2370 1906 2439 quidem

326 2466 579 2516 virtutem
636 2463 702 2515 ad
753 2460 1190 2531 intelligendum,
1243 2475 1339 2530 per
1394 2474 1557 2529 quam
1619 2457 1907 2513 invisibilia

326 2553 494 2616 videt,
515 2551 880 2618 unitatemque
900 2549 1378 2620 superexaltatam,
1401 2558 1784 2617 naturamque,
1812 2561 1911 2616 per

326 2660 489 2714 quam
541 2643 880 2697 connectitur
916 2642 938 2674 ⁸
979 2643 1046 2696 ad
1093 2656 1301 2696 summa
1348 2639 1371 2671 ‘
1411 2640 1512 2695 sui.
1564 2638 1725 2694 Juxta
1771 2641 1911 2694 hanc

327 2735 493 2804 igitur
521 2731 702 2787 divina
731 2730 1152 2803 intelligendum,
1200 2746 1307 2785 non
1332 2729 1625 2785 secundum
1651 2742 1771 2793 nos,
1813 2727 1909 2783 sed

330 2832 473 2878 totos
498 2838 596 2877 nos
626 2823 751 2877 totis
785 2822 916 2893 ipsis
958 2822 1271 2886 existentes,
1300 2829 1356 2875 et
1399 2827 1540 2874 totos
1565 2818 1676 2873 Deo
1713 2817 1906 2874 factos.

330 2913 519 2969 Melius
546 2914 710 2977 enim,
746 2927 866 2967 esse
908 2910 1000 2966 Dei
1034 2924 1090 2966 et
1117 2913 1355 2965 tnernbra
1388 2923 1595 2963 eormn.
1641 2907 1733 2963 Sic
1762 2908 1908 2962 enim

332 3011 496 3057 erunt
524 3002 702 3055 divina
729 3002 853 3057 data
885 3016 1009 3056 cum
1042 3001 1151 3055 Deo
1196 3000 1409 3053 futuris.
1450 2997 1600 3052 Hanc
1629 2998 1792 3068 igitur
1833 2998 1907 3051 ir—

334 3094 678 3158 rationalem,
711 3102 765 3148 et
795 3102 977 3148 mente
1006 3101 1303 3157 carentem,
1339 3100 1395 3148 et
1431 3091 1649 3146 stultam
1692 3090 1908 3160 sapien-

331 3186 464 3240 tiam
493 3182 955 3254 supereminenter
982 3182 1287 3247 laudantes,
1314 3181 1563 3243 dicimus,
1592 3179 1716 3252 quia
1745 3178 1906 3260 totius

327 3285 412 3331 est
450 3274 614 3329 animi
645 3284 700 3329 et
731 3275 977 3339 rationis,
1003 3282 1061 3328 et
1087 3273 1250 3327 totius
1284 3272 1581 3341 sapientiae
1617 3280 1673 3326 et
1698 3269 1907 3325 intelle-

328 3377 450 3420 ctus
494 3375 675 3429 causa,
718 3374 774 3418 et
819 3363 930 3434 ipsa
965 3371 1044 3417 est
1068 3377 1227 3418 omne
1253 3361 1556 3426 consilium,
1582 3369 1637 3415 et
1679 3358 1747 3414 ab
1788 3360 1905 3431 ipsa

326 3454 504 3512 omnis
549 3455 777 3510 scientia
824 3461 879 3508 et
910 3452 1284 3522 intelligentia,
1332 3460 1386 3505 et
1441 3451 1495 3504 in
1542 3451 1656 3520 ipsa
1714 3462 1906 3504 onmes

330 3545 570 3604 thesauri
655 3544 951 3613 sapientiae
1019 3550 1074 3596 et
1149 3542 1409 3596 scientiae
1481 3548 1608 3594 sunt
1678 3541 1905 3596 abscon-

329 3639 427 3697 diti
459 3649 504 3691 °.
541 3636 752 3693 Etenim
781 3643 1174 3705 consequenter
1194 3636 1278 3689 bis
1298 3633 1409 3703 jam
1444 3636 1754 3706 praedictis,
1784 3635 1904 3706 plus

329 3744 493 3800 quam
522 3727 737 3798 sapiens
760 3736 816 3782 et
845 3727 1241 3797 sapicnlissima
1265 3735 1520 3791 causa,et
1546 3743 1642 3800 per
1669 3729 1904 3796 seipsam

331 3819 645 3893 sapientiae,
675 3826 730 3872 et
779 3817 956 3879 totius,
985 3825 1040 3870 et
1073 3815 1206 3883 ejus,
1243 3828 1383 3887 quae
1423 3830 1522 3887 per
1565 3818 1774 3887 singula
1799 3826 1901 3881 est,

328 3909 655 3967 substantia.
703 3907 783 3963 Ex
816 3908 926 3978 ipsa
954 3906 1249 3962 invisibiles
1278 3916 1332 3961 et
1369 3907 1759 3961 intellectuales
1802 3920 1903 3959 an-

328 4000 627 4071 gclicorum
689 3999 988 4075 animorum
1037 3998 1266 4054 virtutes
1313 3998 1534 4066 simplas
1590 4006 1647 4051 et
1714 3997 1905 4051 beatas

330 4093 535 4148 habent
563 4091 960 4162 intelligentias,
991 4106 1095 4146 non
1145 4090 1196 4145 in
1229 4089 1441 4161 partitis
1485 4096 1578 4141 aut
1627 4102 1658 4141 a
1693 4086 1906 4158 partitis

329 4191 433 4251 aut,
486 4182 732 4238 sensibus
768 4191 861 4237 aut
897 4181 1193 4237 ratianibus
1242 4178 1612 4233 artificialibus
1652 4178 1905 4248 colligen-

333 4282 415 4329 tes
484 4275 719 4329 divinam
783 4274 1084 4337 scicntiam,
1150 4287 1325 4341 neque
1368 4286 1399 4324 a
1462 4270 1692 4343 quadam
1764 4285 1883 4327 cont

322 4363 482 4427 muni
509 4363 575 4417 ad
606 4364 738 4418 haec
757 4362 1199 4435 comprehensae,
1229 4360 1372 4415 omni
1422 4370 1599 4413 autem
1642 4359 1904 4415 materiali

2005 1909 2096 1977 qui
2130 1916 2211 1962 est
2259 1908 2377 1978 plus
2417 1922 2577 1976 quam
2608 1907 2844 1977 sapiens,
2891 1908 3153 1978 sapientia
3190 1916 3253 1963 et
3278 1910 3490 1963 animus
3525 1920 3581 1963 et

2009 1997 2147 2050 ratio
2180 2005 2236 2050 et
2258 1995 2509 2065 cognitor
2533 1995 2814 2055 laudatur?
2843 1986 3288 2063 Quomodo’enim
3322 1998 3581 2067 intelliget

2006 2088 2133 2157 quid
2161 2071 2529 2152 invisibilium,
2580 2101 2686 2140 non
2739 2086 2946 2140 habens
2972 2086 3364 2142 intellectuales
3389 2104 3581 2157 opera-

2008 2176 2212 2232 tiones?
2265 2177 2374 2230 Aut
2416 2174 2686 2249 quomodo
2733 2186 3023 2249 cognoscet
3071 2178 3383 2245 sensibilia,
3433 2181 3583 2237 omni

2006 2268 2188 2323 sensui
2239 2256 2741 2339 stipercollocatus?
2801 2267 2965 2336 Atqui
3028 2269 3211 2324 omnia
3264 2284 3387 2325 eum
3442 2274 3587 2330 seire

2008 2363 2157 2433 aiunt
2181 2361 2392 2435 eloquia
2418 2361 2468 2428 τι,
2495 2370 2548 2416 et
2574 2361 2707 2417 nihil
2735 2360 2971 2438 eﬂ'ugere
2995 2363 3229 2419 divinam
3252 2354 3533 2421 scientiam
3565 2385 3581 2421 :

2008 2454 2101 2509 sed
2144 2453 2287 2521 quod
2320 2452 2535 2526 quidem
2586 2451 2819 2508 diximus
2864 2468 3059 2523 saepe,
3099 2455 3281 2510 divina
3326 2456 3586 2513 divinitus

2008 2544 2437 2613 intelligendum.
2484 2542 2599 2597 Non
2644 2543 3002 2599 intellectuale
3039 2546 3184 2600 enim
3223 2554 3279 2600 et
3320 2561 3428 2601 non
3456 2562 3585 2601 sen-

2007 2636 2181 2701 suale,
2210 2651 2306 2705 per
2330 2634 2726 2700 excellentiam,
2756 2650 2861 2689 non
2910 2651 3007 2705 per
3048 2635 3334 2700 defectum,
3368 2637 3421 2692 in
3471 2638 3583 2691 Deo

2006 2725 2364 2780 ordinandum
2397 2744 2409 2778 :
2442 2724 2589 2780 sicut
2607 2734 2664 2780 et
2694 2725 3004 2781 irrationale
3031 2727 3367 2800 reposuimus
3389 2726 3461 2793 ei,
3489 2728 3583 2798 qui

2006 2825 2090 2872 est
2120 2831 2282 2886 super
2311 2816 2595 2881 rationem,
2651 2825 2707 2871 et
2741 2816 3204 2886 imperfectionem
3261 2819 3382 2895 plus
3422 2836 3583 2893 quam

2007 2905 2250 2976 perfecto
2278 2913 2332 2961 et
2354 2915 2481 2960 ante
2507 2905 2769 2977 perlecto,
2797 2916 2852 2961 et
2878 2908 3133 2965 intactam
3160 2917 3216 2967 et
3255 2909 3578 2966 invisibilem

2007 2997 2292 3068 caliginem
2342 2997 2449 3052 luci
2488 2998 2844 3053 inaccessibili
2872 3014 2966 3073 per
3003 2999 3375 3055 excellentiam
3403 3001 3590 3056 invisi.

2008 3089 2131 3144 bilis
2156 3089 2391 3143 luminis.
2436 3089 2618 3161 Itaque
2639 3091 2852 3146 divinus
2882 3091 3093 3149 animus
3117 3094 3298 3148 omnia
3322 3095 3582 3158 continet,

1932 3152 1978 3216 ϐ
2008 3182 2261 3238 omnibus
2289 3189 2495 3242 remota
2526 3182 2775 3247 scientia,
2799 3181 2953 3251 juxta
2986 3184 3225 3238 omnium
3254 3200 3495 3248 causam,
3531 3185 3583 3243 in

2005 3274 2185 3344 seipse
2209 3272 2449 3327 omnium
2478 3272 2760 3328 scientiam
2792 3274 3192 3348 praeambieus,
3236 3277 3385 3346 prius
3421 3292 3582 3346 quam

2006 3364 2180 3439 angeli
2214 3362 2426 3428 tierent,
2460 3361 2637 3419 sciens
2659 3372 2714 3418 et
2736 3362 3008 3419 adducens
3038 3362 3284 3436 angelus,
3314 3375 3366 3419 et
3402 3365 3583 3423 omnia

2005 3455 2109 3510 alia
2139 3455 2207 3510 ab
2228 3453 2371 3509 intus
2398 3464 2455 3509 et
2481 3456 2548 3509 ab
2573 3470 2657 3521 eo,
2682 3464 2740 3509 ut
2767 3455 2846 3510 sie
2866 3455 3066 3522 dicam,
3093 3457 3360 3526 principio
3383 3459 3580 3521 sciens,

2004 3554 2059 3601 et
2080 3546 2133 3601 in
2149 3547 2440 3602 essentiam
2462 3547 2682 3602 ducens.
2714 3546 2780 3600 Et
2812 3547 2937 3613 hoc,
2957 3549 3212 3616 arbitror,
3234 3549 3444 3604 tradere
3473 3550 3587 3605 clov

2005 3638 2212 3708 quium,
2257 3654 2380 3693 cum
2402 3639 2476 3693 ait
2503 3657 2515 3692 :
2541 3618 2721 3693 sciens
2746 3640 2921 3697 omnia
2942 3648 3064 3694 ante
3086 3642 3471 3710 generationem
3499 3659 3587 3695 eo-

2005 3748 2122 3786 rum
2144 3743 2188 3784 θ.
2213 3730 2327 3786 Non
2342 3733 2485 3787 enim
2507 3747 2573 3787 ex
2586 3732 2941 3789 existentibus
2955 3732 3239 3790 existentia
3261 3734 3476 3792 discens
3491 3750 3586 3789 no-

2003 3821 2082 3878 vit
2102 3821 2313 3875 divinus
2336 3822 2569 3886 animus,
2601 3821 2694 3875 sed
2721 3837 2788 3876 ex
2812 3837 2891 3887 se,
2910 3822 3035 3876 etin
3060 3836 3138 3887 se,
3164 3818 3588 3879 secundumcau-

2004 3927 2119 3969 sam
2135 3913 2373 3969 omnium
2395 3912 2698 3973 scientiam,
2714 3922 2769 3965 et
2787 3913 3168 3983 cognitionem,
3184 3923 3238 3966 et
3262 3915 3548 3968 essentiam
3565 3918 3589 3949 ⁸

2005 4001 2242 4074 praefert
2271 4010 2327 4056 et
2359 4002 2813 4066 antecoambivit,
2853 4017 2960 4056 non
3020 4002 3312 4058 secundum
3353 4006 3585 4077 speciem

2006 4089 2215 4160 singula
2262 4090 2664 4159 contemplans,
2717 4091 2813 4146 sed
2852 4090 3145 4145 secundum
3181 4107 3342 4146 unam
3388 4108 3585 4149 causae

1996 4180 2471 4247 circumstantiam
2513 4180 2693 4234 omnia
2717 4180 2895 4235 sciens
2929 4189 2984 4235 et
3030 4181 3329 4246 continens,
3364 4184 3504 4237 sicut
3532 4196 3587 4238 et

2008 4272 2098 4331 lux
2140 4272 2432 4327 secundum
2477 4286 2695 4326 causam
2736 4272 2789 4326 in
2837 4272 3011 4340 seipsa
3048 4273 3409 4337 cognitionem
3441 4285 3589 4329 tene-

2007 4364 2228 4419 brarum
2272 4362 2646 4432 praeambivit,
2687 4379 2791 4418 non
2838 4362 3053 4417 aliunde
3089 4363 3278 4417 videns
3315 4367 3587 4429 tenebras,

333 4462 389 4508 et
417 4450 756 4509 multitudine
795 4456 1071 4525 purgatae;
1117 4468 1269 4524 pure,
1302 4451 1743 4515 immaterialitcr,
1781 4453 1899 4506 uni-
1932 4483 1979 4543 υ
2009 4469 2172 4526 quam
2202 4469 2233 4507 a
2259 4447 2501 4510 lumine.
2542 4450 2727 4506 Semet
2765 4452 2927 4521 igitur
2963 4451 3145 4509 divina
3186 4453 3449 4520 sapientia
3498 4472 3591 4510 eo.

332 4544 579 4600 formiter
606 4544 892 4601 invisibilia
918 4544 1222 4600 divinorum
1244 4542 1568 4613 intelligunt,
1607 4550 1662 4596 et
1695 4550 1780 4597 est
1819 4542 1901 4596 eis

333 4635 710 4694 intellectualis
734 4637 977 4711 operatio
1004 4630 1028 4668 "
1053 4636 1221 4701 clara,
1249 4642 1303 4689 et
1325 4634 1746 4690 incontaminata
1765 4635 1908 4707 puri-

332 4739 443 4786 tate
479 4730 776 4800 splendida,
806 4730 983 4784 sciens
1027 4736 1081 4783 et
1123 4727 1458 4799 conspiciens
1485 4720 1788 4782 divinarum
1820 4729 1903 4781 in-

334 4820 750 4889 telligentiarunt
816 4817 1172 4887 impartibiles
1236 4826 1292 4872 et
1361 4817 1780 4883 immaterialcs,
1853 4827 1906 4873 et

316 4908 682 4987 .eonl'ormiter
711 4916 732 4948 ⁶
761 4907 851 4961 uni
875 4907 942 4962 ad
968 4904 1327 4961 intellectuale
1352 4907 1814 4976 supersapientetn
1852 4918 1904 4964 et

334 4998 575 5056 auidum
605 5009 661 5054 et
685 5008 967 5066 rationem,
988 5009 1249 5070 quantum
1274 4992 1549 5068 possibile,
1578 4996 1905 5055 reformatae

2008 4558 2291 4616 gueseens,
2311 4542 2587 4613 cognoscit
2607 4543 2785 4597 omnia
2808 4544 3236 4601 innuaterialiter
3259 4547 3584 4613 materialia,

2014 4646 2069 4693 et
2098 4652 2202 4690 non
2233 4636 2429 4705 partite
2468 4634 2688 4719 partita,
2713 4643 2770 4690 et
2813 4635 2979 4692 tmtlta
3030 4636 3427 4709 universalitcr,
3473 4639 3589 4713 ipso

2013 4748 2119 4788 uno
2141 4734 2323 4790 'omnia
2353 4740 2408 4787 et
2472 4745 2804 4802 cognoscens
2841 4741 2897 4787 et
2938 4731 3229 4787 adducens.
3281 4731 3491 4787 Etenim
3539 4734 3586 4788 si

1994 4825 2303 4883 secundum
2355 4839 2515 4880 unam
2567 4838 2786 4878 causam
2838 4822 2980 4876 Deus
3018 4822 3267 4881 omnibus
3313 4823 3591 4882 existenti-

2009 4918 2109 4972 bus
2146 4929 2267 4970 esse
2304 4913 2487 4977 tradit,
2524 4913 2816 4968 secundum
2858 4914 3083 4965 eandem
3112 4912 3323 4966 unicam
3365 4928 3585 4969 causam

2010 5006 2170 5063 scivit
2204 5003 2385 5060 omnia
2431 5011 2490 5058 ut
2525 5018 2591 5059 es
2633 5004 2750 5076 ipso
2793 5000 3097 5063 existentia,
3126 5011 3181 5055 et
3211 5001 3265 5055 in
3306 5001 3424 5071 ipso
3462 5014 3587 5059 ante
3670 4991 3674 4995 ⁴

1631 5105 1882 5165 νΑιιιΑΕ
1918 5109 2315 5169 LECTIONES.

405 5202 426 5234 ί
465 5198 554 5253 Illi
590 5213 729 5269 quae
758 5209 881 5269 sunt
910 5200 1192 5252 secundant
1219 5212 1311 5269 nos
1336 5195 1719 5269 adjectisuper
1765 5214 1882 5269 nos.
1958 5204 1979 5233 ¹
2022 5202 2105 5255 Bll
2142 5201 2435 5259 secundum
2493 5214 2593 5253 nos
2662 5200 2853 5269 adjecti
2894 5198 3217 5269 seducimur.
3293 5198 3315 5230 ³
3354 5197 3430 5250 Α*
3458 5215 3588 5251 con.

333 5273 571 5327 vertitur.
609 5263 671 5341 '_"
709 5268 796 5322 Ell
828 5271 893 5322 ad
923 5284 1211 5341 summam.
1276 5266 1297 5297 ⁸
1336 5264 1427 5317 Sic
1463 5263 1642 5341 Edidit,
1677 5266 1722 5321 A
1765 5267 2137 5327 intellectualis
2168 5271 2326 5325 virtus
2360 5280 2416 5324 et
2442 5263 2740 5341 operatiof
2779 5269 2802 5300 ⁸
2840 5270 2929 5323 Sic.
2953 5267 3066 5332 ΑΕ,
3093 5267 3184 5322 ΒΗ
3224 5269 3582 5338 ιιηὶῙονυιίλεν.

334 5342 354 5375 '
394 5341 481 5394 BE
516 5338 825 5393 multarum.
898 5341 923 5373 ³
955 5347 1005 5392 et
1028 5337 1302 5393 essentiam
1326 5349 1437 5388 om.
1464 5332 1576 5391 ΒΗ.

1817 5455 2070 5515 NOTAE.

396 5572 421 5600 ι
465 5558 479 5611 I
507 5559 633 5613 Cor.
668 5558 708 5617 I.
734 5557 847 5623 ‘25;
881 5557 900 5612 l
931 5559 1070 5614 Tim.
1106 5560 1194 5615 Vl.

408 5630 433 5667 ι»
476 5629 490 5680 I
518 5629 643 5680 (lor.
677 5628 720 5681 l.

406 5715 429 5737 ι
476 5699 589 5753 Col.
630 5698 691 5753 ιι.

772 5792 1042 5853 Parcet.
1067 5792 1318 5867 CXXII.

2089 5565 2116 5606 (ι
2158 5566 2290 5622 lleb.
2321 5566 2409 5618 IV.
2438 5567 2457 5620 Ι
2482 5565 2636 5623 Joan.
2665 5565 2747 5620 lli.
2785 5565 2923 5620 Eccl.
2959 5563 3141 5617 XXlll.

2096 5649 2119 5677 ο
2156 5636 2290 5689 Dan.
2322 5636 2455 5703 xm,
2498 5638 2583 5689 ιιι.

3128 5800 3208 5863 37
