4142 6296
630 350 773 408 uss
858 304 867 307 ’

2003 339 2285 400 JOANNIS
2325 340 2521 398 SCO'I'I

3771 342 3930 399 1156

630 461 939 521 substituto,
965 464 1018 511 et
1042 469 1146 509 non
1189 454 1544 509 existentibus
1570 453 1799 526 accipiet
1825 466 2013 509 eorum
2035 452 2211 507 scien-
2242 454 2289 515 Α
2317 449 2547 520 plieatur
2572 450 2710 505 ratio
2731 490 2746 515 ,
2782 456 2836 505 et
2862 450 2931 504 ab
2957 449 3211 505 omnibus
3236 457 3319 505 est
3345 463 3511 519 super
3555 448 3747 503 omnia
3764 489 3782 513 ,
3822 466 3926 505 se-

627 555 784 614 tiam,
807 549 900 604 sed
939 555 993 600 et
1011 545 1149 616 ipsis
1176 545 1399 615 singulis
1424 560 1612 601 eorum
1636 544 1897 599 scientiae
1917 541 2025 597 erit
2051 540 2214 611 largi-

635 657 734 698 tor.
762 639 876 695 Non
912 638 1100 692 videns
1126 637 1267 691 Deus
1301 635 1575 706 propriam
1611 634 1776 689 habet
1800 633 1881 689 sui
1906 631 2211 697 scientiam,

631 737 853 788 alteram
885 740 1064 784 autem
1104 741 1467 790 communem,
1506 724 1797 780 existentia
1844 722 2025 777 omnia
2068 733 2215 774 com-

632 822 989 897 prehenderis.
1011 821 1128 891 Ipsa
1151 818 1294 875 enim
1327 817 1556 887 seipsam
1584 815 1821 869 omnium
1850 827 2013 869 causa
2026 824 2215 882 cogno-

634 931 816 981 scens,
860 913 1073 971 vacatio
1116 913 1205 967 ubi
1252 923 1463 971 eorum,
1516 921 1656 977 quae
1707 907 1774 960 ab
1815 904 1929 976 ipsa
1976 914 2119 966 sunt,
2161 908 2216 955 et

638 1021 868 1078 quorum
931 1013 1014 1060 est
1058 1017 1244 1067 causa,
1294 997 1647 1070 ignorantiae.
1709 994 1822 1050 liae
1870 994 2035 1066 igitur
2076 992 2217 1046 Deus

646 1097 933 1153 cxisteutia
961 1093 1260 1164 cognoscit,
1294 1104 1396 1146 non
1442 1087 1667 1149 scientia
1713 1083 2078 1146 existentium,
2120 1081 2215 1136 sed

644 1190 762 1257 ipsa
793 1201 908 1242 sua.
953 1183 1164 1240 Etenim
1208 1190 1265 1236 et
1308 1177 1527 1249 angelos
1555 1177 1694 1231 scire
1734 1174 1884 1228 aiunt
1929 1172 2139 1242 eloquia
2165 1182 2214 1235 ι,

642 1294 785 1350 quae
815 1285 940 1332 sunt
982 1289 1144 1344 super
1169 1281 1389 1335 terram,
1423 1284 1528 1323 non
1572 1264 1818 1323 sensibus
1860 1263 1997 1318 haec
2018 1250 2216 1332 cognov

642 1349 858 1425 scentes
900 1362 1176 1421 sensibilia
1229 1370 1463 1421 terrena,
1499 1371 1594 1426 per
1635 1352 1907 1424 propriam
1936 1366 2064 1405 vero
2099 1349 2216 1403 dci—

639 1459 826 1514 formis
874 1453 1036 1511 animi
1081 1438 1333 1506 virtutem
1379 1456 1433 1502 et
1483 1454 1749 1500 naturam.
1801 1441 1856 1496 In
1903 1441 1989 1495 his
2034 1447 2214 1492 autem

639 1536 900 1616 quaerere
926 1550 1163 1615 oportet,
1188 1538 1461 1612 quomodo
1490 1551 1589 1592 nos
1624 1535 1789 1589 Deum
1821 1531 2215 1602 cognoscimus,

638 1631 1246 1706 nequeintclligibilem,
1298 1642 1473 1698 neque
1502 1623 1833 1687 sensibilem,
1883 1635 2057 1690 neque
2091 1619 2218 1689 quid

638 1725 1012 1787 univcrsaliter
1042 1720 1389 1777 existentium
1434 1718 1774 1772 cvistentcm.
1811 1712 2081 1783 Numquid
2118 1711 2218 1764 ita-

2314 544 2550 599 eundum
2573 538 3025 612 superessentiale
3049 539 3312 595 absoluta.
3336 540 3451 610 Ipsa
3485 541 3627 595 ratio
3654 550 3741 595 est
3771 541 3926 596 sim-

2312 631 2398 701 pla
2427 640 2482 687 et
2505 646 2633 686 vere
2659 631 2904 685 existens
2933 631 3140 686 veritas
3164 670 3179 694 ,
3210 630 3355 684 circa
3384 644 3550 698 quam
3574 670 3589 693 ,
3618 639 3680 683 ut
3705 646 3923 700 puram

2314 736 2370 780 et
2414 738 2521 778 non
2564 731 2835 778 errantem
2878 722 3121 776 omnium
3162 721 3441 777 scientiam
3468 761 3484 786 ,
3533 721 3715 775 divina
3774 721 3923 775 fides

2319 822 2409 869 est
2449 813 2669 868 unicum
2711 812 3051 867 credentium
3103 810 3550 875 fundamentum,
3595 826 3690 865 eos
3727 811 3918 865 collo-

2318 916 2449 957 cans
2479 899 2715 966 veritati,
2740 906 2794 954 et
2821 900 2900 955 eis
2926 898 3232 963 veritatem,
3263 890 3564 953 incredibili
3596 897 3918 951 incommu-

2317 992 2582 1048 tabilitate
2626 991 2876 1062 simplam
2932 990 3183 1047 veritatis
3235 991 3521 1046 scientiam
3570 990 3916 1046 habentibus

2319 1083 2573 1139 credulis.
2616 1081 2735 1153 Ipsa
2779 1083 2923 1137 enim
2966 1089 3050 1136 est
3087 1082 3315 1136 scientia
3360 1081 3651 1136 adnnatrix
3699 1096 3913 1154 cogno-

2322 1173 2588 1228 scentinm
2618 1180 2670 1227 et
2711 1172 3050 1244 cognitorum
3081 1188 3095 1228 :
3122 1172 3424 1243 ignorantia
3454 1187 3586 1227 vero
3636 1182 3909 1227 transmu-

2318 1262 2501 1317 tabilis
2530 1277 2762 1331 semper,
2792 1270 2847 1316 et
2889 1276 2955 1317 ex
3002 1262 3179 1331 seipse
3226 1262 3495 1331 ignoranti
3542 1265 3906 1334 separationis

2316 1368 2498 1408 causa.
2528 1350 2585 1407 In
2609 1343 2836 1407 veritate
2861 1351 3168 1406 credentem
3188 1393 3201 1417 ,
3222 1360 3377 1420 Juxta
3399 1368 3613 1408 sacrum
3641 1354 3866 1408 verbum
3886 1395 3901 1417 ,

2318 1441 2451 1496 nihil
2477 1440 2773 1496 removebit
2796 1454 2880 1504 ea,
2907 1454 3046 1509 quae
3066 1447 3151 1495 est
3172 1440 3467 1493 secundum
3491 1455 3679 1494 veram
3706 1440 3863 1494 ﬁdem
3885 1482 3902 1505 ,

2318 1532 2541 1595 laetitia,
2574 1532 2626 1585 in
2651 1545 2755 1600 qua
2784 1530 3127 1585 mansionem"
3144 1528 3361 1584 habebit
3384 1529 3564 1583 stabili
3587 1514 3643 1585 et
3672 1530 3902 1584 intrans-

2317 1622 2560 1678 mntabili
2611 1617 2979 1674 uniformitate
3026 1630 3075 1672 ο.
3112 1618 3321 1675 Etenim
3366 1619 3470 1673 scit
3510 1618 3578 1672 ad
3618 1619 3903 1673 veritatem

2320 1717 2531 1783 unitus,
2571 1718 2659 1773 ubi
2691 1716 2886 1783 habet,
2935 1724 2989 1771 et
3014 1716 3058 1771 si
3089 1715 3240 1771 multi
3268 1715 3615 1785 corripiendo
3643 1730 3767 1769 eum
3795 1722 3904 1767 lau-

640 1834 749 1890 que
779 1826 856 1873 est
890 1830 1074 1869 verum
1100 1814 1301 1876 dicere,
1324 1810 1447 1879 quia
1490 1809 1655 1862 Ilenm
1709 1803 2082 1874 cognoscimus
2127 1814 2221 1853 non

2334 1828 2494 1883 quam
2525 1822 2705 1869 mente
2731 1814 3105 1869 excedentem.
3130 1812 3284 1867 Latet
3311 1812 3529 1882 quidem
3555 1811 3704 1866 velut
3732 1811 3905 1880 imago

648 1925 716 1967 ex
755 1923 850 1963 sua
882 1914 1157 1961 natura—
1179 1898 1593 1971 incognoscibile
1623 1896 1763 1951 enim
1794 1896 1983 1957 hoc,ct
2010 1906 2222 1947 onmem

656 2000 920 2054 rationem
954 2004 1007 2050 et
1042 1992 1370 2048 intellectum
1401 2002 1662 2058 superans
1685 2015 1751 2026 —-
1777 1985 1868 2041 sed
1893 1999 1958 2038 ex
1985 1981 2222 2038 omnium

648 2088 993 2145 existentium
1049 2081 1410 2145 ordinatione,
1439 2095 1505 2133 ex
1542 2079 1657 2149 ipso
1682 2064 1977 2146 praetenta,
2009 2082 2062 2129 et
2091 2073 2225 2127 ima-

638 2181 797 2253 gines
838 2175 1096 2248 quasdam
1140 2181 1195 2227 et
1231 2170 1608 2228 similitudines
1644 2166 1945 2222 divinorum
1974 2163 2091 2232 ejus
2127 2177 2222 2232 pa-

632 2271 1003 2339 _radigmatum
1053 2263 1306 2328 habente,
1351 2261 1406 2316 in
1440 2274 1709 2315 summum
1736 2258 1979 2311 omnium
2009 2253 2119 2308 vita
2170 2260 2226 2329 et

647 2338 838 2416 ordine
892 2356 1185 2413 secundum
1251 2338 1506 2409 virtutem
1576 2347 1906 2403 redeundum
1981 2342 2222 2399 onmium

646 2449 936 2512 ablatione,
980 2454 1035 2500 ct
1077 2442 1393 2507 eminentia,
1436 2438 1489 2494 in
1516 2440 1756 2494 omnium
1781 2450 1962 2491 causa.
1993 2432 2225 2488 Proinde

650 2540 780 2595 etin
821 2536 1072 2592 omnibus
1115 2533 1256 2588 Deus
1295 2530 1657 2605 cognoscitur,
1698 2535 1754 2584 et
1797 2527 1915 2582 sine
1952 2518 2222 2590 omnibus,

634 2636 699 2699 get
732 2640 827 2697 per
871 2621 1151 2680 scientiam
1186 2621 1327 2676 Deus
1364 2619 1731 2689 cognoscitur,
1762 2624 1824 2685 et
1865 2630 1960 2687 per
1998 2613 2225 2668 inscien-

649 2718 778 2773 tiam
793 2716 810 2749 ί
829 2734 842 2770 :
861 2723 915 2771 ct
938 2722 1018 2770 est
1039 2713 1156 2785 ejus
1178 2723 1232 2768 et
1255 2711 1628 2783 intelligentia,
1649 2719 1703 2764 et
1722 2708 1879 2772 ratio,
1900 2715 1954 2761 et
1975 2704 2222 2771 scientia,

646 2817 701 2865 et
757 2816 952 2873 tactus,
1006 2814 1062 2863 et
1107 2819 1317 2872 sensus,
1352 2814 1406 2858 et
1452 2801 1657 2872 opinio,
1717 2807 1774 2854 et
1823 2797 2130 2868 phantasia,
2169 2804 2225 2851 et

646 2904 939 2963 nomen,et
981 2896 1084 2951 alia
1109 2895 1311 2951 omnia.
1356 2892 1422 2948 Et
1457 2906 1629 2962 neque
1670 2886 2006 2958 intelligitur,
2050 2900 2226 2959 neque

652 2992 873 3056 dicitur,
897 3005 1073 3062 neque
1113 2988 1443 3052 nominatur,
1468 2994 1650 3040 etnon
1683 2988 1767 3037 est
1821 2980 1947 3051 quid
1983 2979 2223 3033 existen-

652 3074 813 3147 tium,
861 3094 1033 3151 neque
1078 3079 1408 3149 inequodam
1465 3073 1811 3132 existentium
1859 3068 2220 3141 cognoscitur,

646 3173 782 3227 etin
825 3171 1077 3227 omnibus
1109 3169 1291 3225 omnia
1333 3175 1436 3232 est,
1459 3175 1514 3222 et
1542 3165 1595 3219 in
1618 3164 1765 3220 nullo
1807 3161 2031 3223 ntdlum,
2071 3169 2124 3215 et
2155 3175 2221 3213 ex

647 3261 901 3318 omnibus
946 3259 997 3314 in
1039 3259 1289 3315 omnibus
1323 3254 1684 3327 cognoscitur,
1725 3260 1781 3308 et
1826 3252 1847 3282 '
1891 3266 1957 3306 ex
1981 3248 2127 3305 nullo
2168 3248 2221 3302 in

648 3355 816 3411 nullo.
848 3352 917 3408 Et
944 3354 1079 3407 haec
1106 3362 1253 3406 recte
1277 3349 1340 3404 de
1362 3348 1471 3404 Deo
1495 3343 1743 3410 dicimus,
1778 3353 1833 3400 et
1870 3342 2219 3399 existentibus

648 3443 900 3499 omnibus
950 3441 1201 3496 laudatur
1259 3437 1553 3495 secundum
1611 3435 1850 3491 onmium
1902 3432 2218 3503 analogiam,

649 3550 879 3609 quorum
915 3541 1000 3587 est
1035 3529 1283 3586 causalis.
1327 3527 1392 3583 Et
1418 3520 1737 3583 est‘iterum
1762 3522 2095 3578 divinissima
2129 3519 2223 3574 Dei

652 3624 896 3686 scientia,
922 3634 1018 3691 per
1058 3616 1475 3686 incognitionem
1500 3615 1520 3646 ³
1549 3626 1879 3683 cognoscens
1931 3610 2223 3666 secundum

652 3730 815 3787 super
844 3714 1080 3768 animum
1135 3710 1418 3772 unitatem,
1450 3720 1569 3762 cum
1615 3703 1827 3758 animus
1868 3698 2226 3756 existentibus

653 3807 901 3863 omnibus
948 3796 1221 3865 recedens,
1266 3797 1459 3853 deinde
1506 3806 1562 3854 et
1604 3796 1842 3864 seipsum
1894 3792 2222 3863 relinquens,

653 3902 839 3959 unitur
867 3891 1414 3970 superapparentibus
1437 3888 1624 3956 radiis,
1653 3886 1776 3942 inde
1804 3893 1859 3941 et
1885 3884 1977 3949 ibi,
2020 3884 2227 3937 inseru-

652 3991 835 4047 tabilis
856 3985 1122 4061 profundo
1148 3980 1446 4053 sapientiae
1471 3977 1822 4033 illuminatus.
1846 3974 1912 4029 Et
1934 3972 2149 4044 quidem
2174 3980 2229 4025 et

650 4100 722 4137 ex
755 4076 1027 4140 omnibus,
1059 4070 1201 4145 quod
1229 4069 1445 4142 quidem
1475 4067 1609 4133 dixi,
1632 4067 1744 4138 ipsa
1772 4062 2223 4136 cognoscendum.

651 4176 771 4245 Ipsa
800 4169 943 4227 enim
970 4175 1073 4233 est,
1105 4162 1399 4220 secundum
1425 4158 1723 4229 eloquium,
1754 4155 1992 4210 omnium
2009 4151 2225 4216 facti-ix,

645 4242 707 4322 et
770 4276 985 4332 semper
1059 4256 1239 4313 omnia
1307 4250 1730 4322 compaginans,
1798 4254 1852 4300 et
1929 4242 2229 4298 insolubilis

654 4330 903 4412 omnium
967 4345 1358 4418 congruentiae
1403 4332 1473 4397 et‘
1515 4330 1872 4395 ordinationis
1927 4348 2111 4399 causa,
2174 4341 2228 4388 et

652 4464 867 4517 semper
917 4444 1053 4509 lines
1119 4439 1357 4512 priorum
1419 4439 1744 4490 connectcns
1794 4426 2072 4497 principiis
2134 4436 2224 4479 'se-

652 4537 975 4599 cundorum,
1016 4540 1071 4586 et
1114 4543 1275 4583 unam
1303 4521 1674 4581 universitatis
1704 4517 2124 4588 conspirautiam
2171 4522 2227 4570 et

655 4623 993 4682 harmoniam
1048 4618 1327 4689 pulchram
1393 4612 1617 4668 faciens.
1674 4609 1834 4663 Ratio
1890 4623 2020 4664 vero
2085 4605 2228 4663 Deus

657 4714 906 4769 laudatur
972 4726 1002 4764 a
1056 4709 1226 4763 sacris
1282 4705 1539 4775 eloquiis,
1606 4716 1710 4757 non
1771 4702 1941 4757 solum
1994 4702 2118 4773 quia
2173 4706 2228 4754 et

659 4802 884 4857 rationis
914 4809 969 4854 et
996 4799 1309 4853 intellectus
1339 4806 1394 4851 et
1423 4794 1716 4865 sapientiae
1745 4804 1828 4849 est
1857 4794 2099 4865 largitor,
2132 4790 2226 4846 sed

661 4894 786 4964 quia
816 4902 871 4947 et
900 4891 1140 4946 omnium
1173 4904 1365 4945 causas
1392 4888 1444 4943 in
1471 4887 1647 4956 seipse
1691 4883 2034 4940 uniformiter
2073 4894 2227 4952 prae-

657 4984 915 5051 ambivit,
947 4994 1000 5038 et
1029 4982 1153 5054 quia
1178 4996 1280 5052 per
1307 4980 1485 5035 omnia
1534 4976 1719 5047 implet
1756 4974 2075 5044 perveniens
2097 5012 2112 5036 ,
2159 4980 2217 5025 ut

656 5074 867 5146 eloquia
911 5076 1061 5130 aiunt
1093 5074 1142 5137 b,
1174 5087 1345 5142 usque
1386 5070 1452 5125 ad
1479 5069 1718 5123 omnium
1768 5065 1947 5119 linem.
1992 5064 2057 5116 Et
2096 5070 2223 5117 ante

655 5171 869 5240 quidem
901 5170 1037 5245 haec
1066 5167 1119 5222 in
1161 5165 1307 5221 omni
1346 5160 1692 5232 simplicitate
1721 5158 1901 5212 divina
1930 5156 2223 5224 supersim-

2324 1921 2418 1960 eos
2443 1906 2649 1960 erroris
2675 1920 2705 1959 a
2733 1906 2963 1961 veritate
2991 1922 3087 1975 per
3116 1921 3296 1959 veram
3343 1903 3501 1958 ﬁdem
3532 1912 3715 1956 mente
3739 1916 3900 1955 exce-

2324 1999 2475 2053 dens.
2504 1997 2621 2069 Ipse
2646 2006 2825 2052 autem
2848 2013 2975 2053 vere
3001 1998 3105 2052 scit
3129 1997 3363 2066 seipsum
3382 2036 3396 2060 ,
3423 2010 3525 2049 non
3542 2032 3558 2057 ,
3583 2008 3692 2062 quo
3715 1993 3728 2044 l
3754 1992 3906 2046 aiunt

2325 2089 2401 2144 illi
2428 2088 2872 2163 ,‘insanientem,
2902 2087 2995 2141 sed
3038 2085 3394 2140 instabilitate
3434 2092 3485 2138 et
3530 2083 3905 2137 mutabilitate

2323 2179 2466 2234 circa
2512 2177 2873 2248 largissimum
2938 2175 3144 2230 erroris
3195 2174 3398 2229 varium
3447 2171 3746 2231 ambitum,
3803 2184 3914 2238 per

2325 2268 2649 2323 immobilem
2706 2273 2762 2322 et
2810 2281 3023 2335 semper
3067 2265 3354 2321 secundum
3404 2261 3586 2316 eadem
3626 2268 3683 2313 et
3732 2258 3915 2312 sicsic

2322 2361 2616 2417 habentem
2671 2358 2957 2413 veritatem
3019 2344 3327 2410 liberatum.
3375 2352 3464 2407 Sic
3504 2351 3669 2421 igitur
3711 2362 3910 2401 secun-

2331 2453 2457 2508 dum
2488 2464 2589 2506 nos
2619 2449 2835 2504 divinae
2879 2446 3173 2517 sapientiae
3217 2440 3545 2514 principales
3591 2439 3763 2497 duces
3812 2450 3907 2506 pro

2324 2543 2555 2599 veritate
2576 2542 2882 2596 moriuntur
2912 2538 3056 2594 omni
3084 2536 3193 2601 die,
3222 2531 3589 2590 testimonium
3618 2527 3904 2598 perhiben-

2327 2642 2439 2699 tes,
2477 2640 2537 2687 ut
2575 2639 2659 2687 est
2688 2618 3030 2697 consequens
3048 2668 3064 2692 ,
3101 2635 3154 2681 et
3181 2626 3344 2680 verbo
3373 2622 3594 2678 omnino
3621 2629 3679 2673 et
3707 2632 3869 2688 opere
3888 2658 3902 2680 ,

2312 2723 2517 2777 tunicae
2546 2728 2774 2792 propter
2803 2717 3138 2773 Christianos
3166 2729 3326 2769 verae
3350 2711 3635 2772 scientiae,
3664 2706 3763 2761 hoc
3789 2712 3903 2766 est,

2314 2811 2565 2893 omnium
2596 2811 2769 2881 ipsam
2796 2823 2915 2865 esse
2941 2815 2996 2861 et
3033 2804 3418 2874 simpliciorem
3443 2810 3499 2855 et
3537 2798 3857 2853 diviniorem
3886 2834 3902 2858 ,

2325 2906 2498 2977 magis
2520 2911 2701 2958 autem
2720 2942 2735 2967 ,
2764 2901 2934 2971 ipsam
2961 2914 3080 2954 esse
3105 2896 3125 2927 ‘
3151 2896 3318 2951 solam
3336 2934 3351 2959 ,
3378 2907 3567 2948 veram
3586 2930 3603 2956 ,
3631 2898 3687 2945 et
3712 2903 3869 2942 unam
3886 2926 3903 2952 ,

2326 3004 2382 3052 et
2407 2994 2653 3067 simplam
2681 2991 2914 3066 divinam
2942 2988 3246 3047 scientiam.

2816 3119 3214 3179 CAPITULUM
3276 3117 3406 3172 VIII.
3472 3152 3479 3159 -

2324 3241 2403 3298 De
2438 3237 2856 3309 virtutejustilia,
2893 3233 3080 3309 salute,
3122 3230 3495 3309 redemptione,
3538 3229 3591 3281 in
3636 3240 3738 3297 quo
3762 3233 3808 3277 et
3841 3223 3904 3276 de

2928 3303 3317 3373 inaequalitate.

2390 3444 2496 3501 Sed
2512 3441 2763 3513 quoniam
2778 3437 3012 3494 divinam
3029 3436 3327 3500 veritatem,
3342 3441 3396 3487 et
3409 3431 3686 3504 plusquam
3702 3426 3906 3497 sapien-

2327 3546 2432 3595 tem
2460 3531 2803 3605 sapientiam,
2826 3538 2881 3585 et
2902 3528 3225 3582 utvirtutem
3252 3523 3487 3586 laudant,
3504 3529 3626 3575 etut
3641 3518 3906 3590 justitiam

2328 3625 2580 3696 theologi,
2602 3632 2653 3678 et
2677 3621 2902 3678 salutem
2927 3619 3095 3689 ipsam
3119 3623 3378 3671 vocantet
3395 3614 3811 3681 redemptionem
3834 3608 3859 3639 '
3888 3623 3903 3661 :

2327 3731 2426 3787 age
2469 3724 2525 3771 et
2572 3715 2731 3779 haec,
2772 3719 3030 3783 quantum
3060 3705 3310 3778 possibile
3336 3700 3711 3764 nobis,'divina
3744 3711 3909 3753 voca-

2325 3808 2449 3865 bula
2476 3805 2811 3876 repliccmus.
2864 3801 2928 3855 Et
2974 3800 3100 3868 quia
3137 3798 3349 3871 quidem
3394 3791 3659 3848 thearehia
3685 3803 3913 3843 omnem

2316 3887 2541 3955 excellit
2565 3904 2619 3952 et
2646 3901 2864 3965 superat
2899 3898 3188 3957 utcumque
3214 3894 3269 3941 et
3296 3885 3615 3940 existentem
3655 3888 3711 3936 et
3747 3892 3907 3933 exco-

2326 3991 2546 4061 gitatam
2571 3988 2845 4050 virtutem,
2874 3997 2979 4037 non
3014 3979 3250 4034 arbitror
3274 3987 3599 4046 quemquam
3630 3972 3683 4025 in
3715 3968 3907 4025 divinis

2316 4057 2554 4150 eloquiis
2581 4073 2966 4147 possidentium
2992 4071 3257 4141 ignorare.
3314 4065 3524 4135 Ubique
3561 4061 3703 4116 enim
3750 4057 3905 4110 theo-

2328 4147 2465 4241 logia
2505 4176 2560 4222 et
2596 4163 2870 4220 dominam
2909 4160 3102 4231 ipsam,
3147 4166 3200 4211 et
3260 4153 3388 4224 ipsis
3426 4147 3906 4220 supercaelestibus

2330 4234 2617 4313 virtutibus
2653 4264 2940 4322 segregans
2984 4246 3162 4301 tradit.
3196 4242 3471 4310 Quomodo
3510 4254 3626 4294 eam
3679 4234 3905 4305 theologi

2330 4359 2385 4405 et
2426 4356 2485 4402 ut
2529 4344 2778 4399 virtutem
2811 4339 3048 4403 laudant,
3079 4336 3222 4390 omni
3258 4338 3519 4387 remotam
3541 4326 3903 4382 virtute?Aut

2330 4434 2598 4509 quomodo
2625 4432 2677 4487 in
2708 4431 2824 4502 ipsa
2847 4427 3062 4482 virtutis
3102 4416 3780 4489 vocabulum'uccipimus?
3814 4414 3897 4468 Dio

2330 4504 2516 4585 eamus
2545 4523 2727 4595 igitur,
2758 4519 2883 4590 quia
2907 4517 3079 4572 virtus
3109 4522 3191 4569 est
3219 4512 3379 4574 Deus,
3410 4520 3470 4563 nt
3495 4521 3708 4563 onmem
3736 4504 3905 4558 virtu~

2332 4626 2439 4673 tem
2482 4614 2539 4671 in
2568 4592 2777 4680 “seipse
2835 4606 3172 4678 praelt‘abens
3200 4644 3214 4669 ,
3267 4610 3321 4654 et
3366 4608 3425 4654 ut
3478 4597 3648 4652 omnis
3693 4592 3908 4647 virtutis

2328 4721 2513 4772 causa,
2562 4710 2619 4759 et
2661 4700 2843 4756 omnia
2884 4712 2981 4768 per
3011 4697 3263 4751 virtutem
3292 4688 3628 4745 inﬂexibilem
3655 4693 3709 4738 et
3738 4683 3910 4737 incir-

2329 4795 2661 4854 cum'ﬁnitam
2691 4792 3009 4864 producens,
3050 4796 3105 4843 et
3141 4794 3200 4841 ut
3230 4800 3259 4839 a
3286 4800 3345 4839 se
3370 4778 3574 4837 essendi
3616 4777 3909 4840 virtutem,

2331 4888 2445 4943 sive
2479 4893 2667 4949 totam,
2692 4862 2812 4938 sive
2850 4879 3089 4950 singulas
3133 4888 3370 4946 quasque
3410 4862 3652 4925 causalis'
3679 4881 3808 4931 ens,
3854 4876 3912 4921 et

2330 4977 2694 5047 multipotens,
2713 4964 2816 5028 non
2840 4971 3011 5026 solum
3033 4980 3247 5024 omnem
3269 4965 3513 5019 virtutem
3536 4957 3907 5029 producendo,

2331 5068 2425 5125 sed
2456 5078 2512 5124 et
2544 5083 2704 5138 super
2719 5079 2941 5121 “omnem
2971 5076 3068 5132 per
3108 5060 3338 5129 seipsam
3379 5054 3633 5109 virtutem
3678 5051 3911 5104 essendo

2331 5166 2385 5214 et
2424 5156 2724 5227 superando
2746 5195 2760 5220 ,
2802 5162 2861 5209 et
2899 5148 3268 5221 multipliciter
3303 5143 3504 5200 multas
3556 5138 3915 5197 existentibus

1958 5268 2206 5325 VABIAE
2242 5266 2642 5326 LECTIONES.

728 5397 742 5425 ¹
776 5394 816 5448 Β
850 5393 1112 5445 inscitiam
1191 5389 1212 5418 ¹
1251 5388 1307 5453 in
1347 5386 1491 5440 nullo
1512 5412 1581 5423 ——
1605 5383 1933 5453 cognoscitur
1984 5392 2031 5438 et
2060 5397 2166 5437 om.
2199 5382 2312 5437 BII.

650 5446 811 5518 BEII.
886 5468 907 5500 ³
947 5458 1032 5513 ΒΗ
1066 5446 1455 5527 νεάεηιρῖονεηι.

2387 5382 2409 5413 ³
2447 5380 2579 5435 BEll
2605 5379 2967 5449 cognitionem.
3041 5374 3068 5410 ι
3102 5383 3152 5429 et
3177 5368 3551 5440 simpliciorem
3571 5394 3645 5408 ——
3666 5378 3782 5422 esse
3807 5377 3917 5421 om.

2180 5539 2430 5597 NOTAE.

722 5696 1214 5784 «minuens.
1232 5708 1351 5765 Isai.
1372 5707 1484 5762 XL.
1499 5706 1653 5762 Joan.
1672 5706 1711 5765 t.
1730 5703 2034 5771 Jer.XXlll,
2053 5696 2313 5775 summ.

2425 5642 2447 5670 ο
2482 5629 2637 5685 Rom.
2673 5626 2798 5682 VIII.
