4142 6296
337 414 473 474 115⁷
567 422 577 433 '

956 406 1205 464 VERSIO
1243 408 1523 464 OPERUM
1565 410 1623 466 S.
1668 386 1984 467 DIONY'SII.
2026 438 2093 446 —
2123 405 2212 491 DE
2250 406 2498 463 DlVlNlS
2536 407 2926 464 NOMINIBUS.

3461 404 3595 468 “58

335 530 627 587 νίηυιειως
656 526 788 581 alias
812 526 1144 588 adducenda,
1176 534 1232 579 ct
1270 540 1374 579 non
1418 526 1582 580 etiam
1625 525 1911 596 aliquando
1942 530 1984 587 Α
2016 535 2118 575 non
2159 520 2359 591 posse?
2405 518 2448 574 Α
2491 535 2597 590 quo
2639 529 2823 576 nostro
2854 522 3104 592 theologo’
3152 523 3492 579 maledieitur
3518 528 3598 581 tli-

338 620 566 675 valendo
596 617 831 682 ’multas,
877 625 933 669 et
983 614 1037 668 in
1088 614 1312 668 multum
1359 615 1649 684 productas
1685 616 1915 671 virtutes

336 723 499 779 super
536 705 756 763 multam
802 717 929 758 suae
967 704 1253 772 pontiﬁeae
1296 701 1559 757 facturam
1597 711 1653 758 et
1679 702 1916 758 iueli'abi-

336 799 467 853 lium
511 806 567 852 et
611 794 1005 864 incognitorum
1051 802 1106 848 et
1144 792 1685 862 superiuvisibilium,
1734 793 1912 847 omnia

336 896 622 958 superante
663 884 779 954 ejus
805 885 1024 940 virtute.
1065 882 1276 939 Inﬁnita
1315 894 1496 938 autem
1540 882 1771 939 essentia
1821 900 1916 954 po-

336 978 519 1042 tentis,
546 983 603 1033 et
640 974 1011 1030 inﬁrmitatem
1050 973 1249 1028 virtute
1282 983 1341 1028 et
1383 973 1676 1028 novissima
1720 988 1912 1027 conso-

334 1067 576 1122 nantium
609 1066 713 1121 sibi
754 1063 1162 1135 comprehendit
1194 1072 1249 1118 et
1286 1072 1526 1133 superat,
1574 1065 1714 1119 sicut
1758 1072 1813 1119 et
1862 1064 1913 1117 in

334 1159 439 1223 bis,
473 1172 615 1228 quae
649 1155 942 1211 secundum
967 1167 1185 1209 sensum
1211 1155 1444 1224 potentia
1473 1164 1617 1221 sunt,
1653 1154 1911 1215 videmus,

332 1248 460 1316 quia
494 1242 889 1315 superlucentia
936 1241 1219 1296 luminaria
1258 1251 1312 1296 et
1354 1255 1525 1311 usque
1553 1241 1795 1296 infirmas
1838 1242 1918 1295 vi-

330 1337 519 1391 siones
549 1333 865 1404 anticipant,
902 1341 957 1387 et
994 1331 1387 1411 magnitudines
1415 1332 1599 1387 dicunt
1645 1332 1915 1387 sonituum

334 1425 393 1479 in
446 1438 552 1478 non
607 1421 762 1477 valde
811 1419 967 1476 facile
1018 1435 1273 1475 sonorum
1328 1420 1648 1490 recipientes
1703 1419 1916 1473 auditus

336 1515 538 1571 subire.
580 1511 812 1569 Omnino
850 1512 993 1567 enim
1032 1527 1137 1572 non
1170 1512 1413 1577 audiens,
1446 1526 1552 1566 non
1581 1511 1830 1565 auditus:
1862 1520 1918 1564 et

334 1604 716 1663 universaliter
773 1619 879 1659 non
921 1603 1106 1657 videns
1132 1642 1148 1669 ,
1190 1617 1364 1675 neque
1405 1601 1561 1657 visio.
1607 1602 1726 1671 ipsa
1754 1601 1918 1691 velare

334 1697 684 1766 multipotens
723 1694 818 1752 Dei
855 1695 1166 1751 distributio
1188 1696 1369 1750 omnia
1395 1694 1678 1750 existentia
1709 1693 1916 1764 implet,

330 1797 390 1843 et
414 1787 548 1842 nihil
573 1796 658 1841 est
684 1786 1063 1853 existentium,
1095 1786 1235 1857 quod
1264 1784 1483 1840 omnino
1511 1786 1787 1854 privetur,
1816 1784 1915 1838 ha-

2016 612 2142 665 vino
2181 611 2362 675 Paulo,
2395 611 2590 666 dicenti
2619 622 2666 672 ι.
2708 628 2810 666 non
2842 627 2998 682 posse
3023 615 3185 669 Deum
3225 614 3458 685 scipsum
3506 631 3598 672 ne-

2018 714 2163 769 gare.
2192 699 2408 755 Addens
2435 709 2612 754 autem
2643 701 2764 764 hoc,
2804 701 2959 756 valde
2987 715 3308 773 expavesco,
3341 707 3600 776 numquid

2017 802 2072 846 et
2111 791 2451 862 insipientiae
2494 792 2685 849 debeo.
2731 793 2915 854 Rideo,
2964 808 3255 864 puerorum
3300 797 3598 854 ludentium

2018 881 2260 938 aedilicia
2287 892 2340 938 et
2371 898 2532 953 super
2564 897 2781 939 arenam
2826 894 2879 940 et
2918 886 3193 942 infirmum
3234 887 3444 945 solvere
3480 899 3599 945 ten-

2019 984 2170 1039 tans,
2225 982 2280 1029 et
2331 975 2489 1030 veluti
2549 977 2779 1045 quadam
2823 976 3352 1048 incomprehensibili
3398 981 3603 1038 visione

2018 1064 2360 1139 considerare
2408 1067 2634 1123 festinus
2675 1069 2740 1123 de
2778 1068 2888 1123 hoc
2920 1070 3272 1141 theologicam
3321 1073 3598 1128 virtutem.

2020 1136 2228 1210 Suimet
2282 1157 2427 1212 enim
2478 1159 2690 1227 negatio
2735 1173 2893 1214 casus
2935 1160 3181 1216 veritatis
3225 1168 3345 1217 est.“
3390 1162 3601 1220 Veritas

2018 1256 2198 1304 autem
2216 1240 2283 1306 ’ὃν
2339 1258 2552 1306 estzet
2577 1252 2820 1307 veritatis
2860 1259 3040 1319 casus,
3092 1255 3159 1308 ab
3207 1257 3474 1312 existente
3526 1258 3604 1313 la-

2018 1354 2146 1406 psus
2184 1337 2227 1393 ⁸.
2270 1339 2326 1395 Si
2367 1341 2529 1411 igitur
2566 1343 2767 1398 veritas
2804 1343 2828 1375 "
2867 1342 2920 1400 ὃν
2953 1352 3069 1411 est,
3112 1348 3431 1418 negatioquc
3468 1353 3606 1405 veri-

2021 1436 2101 1483 tas
2138 1430 2282 1485 ontis
2311 1446 2501 1497 casus,
2533 1447 2600 1486 ex
2628 1441 2753 1488 onte
2777 1435 2972 1490 cadere
3012 1436 3154 1492 Deus
3181 1450 3287 1492 non
3321 1449 3520 1509 potest,
3552 1450 3607 1496 et

2019 1533 2124 1571 non
2155 1533 2276 1575 esse
2303 1536 2406 1575 non
2431 1531 2508 1576 est
2536 1535 2551 1575 :
2578 1531 2830 1594 tanquam
2861 1526 2904 1579 si
2929 1526 3051 1596 quis
3078 1529 3295 1596 dixerit,
3320 1540 3424 1586 non
3448 1546 3607 1604 posse

2020 1621 2124 1661 non
2153 1604 2350 1678 potest,
2386 1621 2441 1665 et
2465 1612 2675 1667 nescire
2707 1615 2997 1670 secundum
3024 1618 3381 1688 privationem
3410 1624 3602 1679 nescit.

2019 1694 2170 1762 Quod
2200 1699 2417 1767 quidem
2452 1696 2649 1772 sophos
2687 1719 2792 1760 non
2834 1705 3156 1779 intelligens,
3208 1712 3450 1768 imitatur
3492 1729 3606 1771 cer-

2021 1787 2247 1842 tantium
2307 1789 2583 1861 imperitos
2630 1793 2957 1866 luctatores,
3018 1802 3110 1871 qui
3158 1820 3320 1875 saepe
3363 1808 3605 1877 inﬁrmos

332 1878 464 1932 bere
489 1878 759 1946 quandam
796 1875 1089 1942 virtutem,
1114 1876 1208 1930 sed
1235 1884 1327 1929 aut
1355 1875 1793 1940 intellectualem,
1826 1885 1920 1928 aut
1954 1866 1995 1924 Β
2024 1890 2144 1931 esse
2185 1888 2649 1938 contracertantes
2689 1887 2978 1955 cpiuaudo,
3016 1884 3307 1949 secundum
3344 1898 3487 1967 quod
3523 1900 3605 1953 vi-

332 1967 680 2031 rationalem,
704 1974 798 2021 aut
822 1965 1154 2031 sensualem,
1178 1976 1270 2021 aut
1294 1965 1508 2022 vitalem
1540 1970 1581 2034 ¹,
1618 1976 1713 2021 aut
1733 1982 1919 2023 esseu-

335 2059 519 2113 tialem
549 2057 802 2111 virtutem
830 2057 993 2112 habet
1023 2074 1035 2109 :
1063 2066 1120 2111 et
1148 2056 1346 2125 ipsum,
1395 2057 1441 2111 si
1483 2055 1688 2126 justum
1721 2056 1921 2123 dicere,

331 2162 454 2203 esse
476 2148 747 2211 virtutem,
776 2145 829 2199 in
850 2160 971 2201 esse
992 2145 1156 2201 habet
1179 2162 1209 2200 a
1240 2145 1676 2215 supercssentiali
1700 2146 1917 2202 virtute.

332 2239 412 2299 Ex
429 2255 535 2309 qua
551 2237 979 2294 suntdeiformes
998 2238 1365 2310 angeliearum
1386 2240 1798 2307 dispositionum
1818 2240 1922 2295 vir-

334 2340 391 2382 tu
399 2338 494 2389 tes,
510 2342 576 2382 ex
590 2328 702 2398 ipsa
715 2336 769 2383 et
780 2343 898 2384 csse
913 2329 1257 2383 incasualiter
1270 2330 1291 2360 ²
1307 2330 1521 2393 habent,
1531 2338 1586 2383 et
1597 2344 1782 2386 omnes
1797 2346 1922 2387 suos

332 2402 724 2473 intellectuales
747 2426 802 2473 et
826 2419 1159 2474 immortales
1181 2434 1391 2490 semper
1412 2430 1614 2485 motus,
1636 2429 1689 2475 et
1710 2421 1920 2477 fortitu-

332 2506 517 2561 dinem
563 2506 756 2577 ipsam,
802 2514 857 2562 et
909 2508 1286 2562 indiminutum
1330 2510 1655 2570 desiderium
1690 2513 1813 2566 boni
1852 2528 1918 2567 ex

338 2596 569 2651 multum
600 2596 805 2668 Optima
832 2595 1031 2651 virtute
1057 2608 1399 2668 acceperunt,
1431 2600 1547 2671 ipsa
1572 2603 1921 2672 permittente

330 2688 416 2742 eis
458 2701 617 2758 posse
658 2696 714 2744 et
755 2702 874 2744 esse
903 2688 1039 2743 haec
1060 2729 1075 2754 ,
1104 2696 1159 2744 et
1183 2699 1435 2760 appetere
1464 2708 1677 2763 semper
1698 2709 1838 2762 esse,
1866 2705 1921 2750 et

335 2777 440 2833 hoc
486 2790 657 2846 posse,
681 2785 932 2846 appetere
975 2793 1133 2848 posse
1175 2795 1406 2850 semper.
1445 2780 1772 2838 Proveniunt
1819 2800 1916 2841 au-

332 2878 444 2922 tem
470 2869 601 2924 haec
630 2868 906 2923 inﬂexibili
948 2870 1143 2927 virtute
1164 2873 1295 2927 etin
1325 2875 1570 2930 homines
1590 2917 1605 2942 ,
1633 2886 1689 2931 et
1714 2879 1920 2933 anima-

336 2957 431 3022 lia,
469 2966 523 3013 et
558 2960 825 3029 germina,
859 2968 913 3015 et
955 2969 1120 3018 totam
1160 2965 1527 3022 universitatis
1557 2978 1827 3034 naturam,
1863 2980 1921 3026 et

335 3048 540 3103 virtute
577 3049 751 3104 unita-
764 3060 891 3106 sunt
922 3053 989 3106 ad
1022 3052 1164 3107 inter
1189 3068 1247 3109 se
1284 3055 1515 3112 invicem
1541 3060 1836 3115 amicitiam
1862 3070 1919 3117 et

334 3141 670 3207 societatem,
702 3150 759 3197 et
782 3142 1042 3209 discreta,
1068 3145 1134 3199 ad
1163 3161 1285 3202 esse
1321 3150 1616 3205 secundum
1646 3152 1916 3221 prepriam

2026 1969 2183 2024 detur
2219 1971 2345 2039 sibi,
2386 1978 2449 2028 et‘
2487 1976 2552 2029 ad
2597 1992 2784 2033 omnes
2821 1995 2913 2035 eos
2940 1982 3166 2038 viriliter
3192 1987 3480 2043 umbratim
3512 2007 3603 2061 puo

2023 2070 2268 2129 guantes,
2294 2064 2357 2116 et
2392 2064 2516 2119 aéra
2544 2067 2697 2122 vanis
2732 2068 2925 2125 ictibus
2955 2070 3275 2130 fiducialiter
3300 2080 3604 2145 percutien-

2027 2158 2128 2214 tes,
2185 2152 2475 2208 aestimant
2515 2157 3020 2216 contraiuctantium
3063 2179 3280 2220 suorum
3319 2169 3606 2237 dominari,

2020 2247 2077 2293 et
2102 2243 2307 2312 seipsos
2336 2245 2666 2319 praedicant,
2719 2252 3023 2309 nescientes
3068 2253 3283 2312 illorum
3329 2260 3606 2318 virtutem.

2023 2328 2130 2386 Nos
2180 2341 2359 2387 autem
2409 2336 2746 2408 theologum,
2802 2343 3095 2399 secundum
3141 2348 3282 2418 quod
3330 2348 3608 2421 possibiie,

2020 2420 2446 2492 considerantes,
2478 2426 2597 2496 plus
2622 2445 2783 2500 quam
2810 2424 3079 2502 potentem
3121 2438 3286 2495 Deum
3324 2420 3606 2501 laudamus

2021 2518 2079 2563 ut
2105 2512 2549 2583 omnipotentem,
2586 2526 2647 2572 ut
2671 2519 2907 2588 beatum,
2947 2533 3004 2578 ut
3033 2527 3205 2582 solum
3232 2520 3524 2601 potentem”,
3556 2547 3611 2591 et

2021 2601 2388 2660 dominantem
2425 2607 2477 2660 in
2516 2611 2751 2676 potentia
2801 2626 2898 2667 sua
2948 2616 3147 2677 seculi.
3200 2630 3260 2674 ut
3311 2626 3607 2682 secundum

2021 2691 2224 2746 nullum
2265 2694 2610 2752 existentium
2657 2692 2938 2759 cadentem
2970 2722 2982 2759 :
3015 2708 3187 2778 magis
3226 2719 3406 2766 autem
3435 2724 3489 2768 et
3518 2730 3610 2770 su-

2021 2792 2299 2851 perantem
2326 2789 2509 2844 omnia
2540 2792 2823 2849 existentia
2862 2811 2958 2865 per
2983 2800 3235 2857 virtutem
3263 2804 3609 2876 superessen-

2022 2875 2227 2941 tialem,
2265 2887 2319 2933 et
2352 2881 2603 2939 omnibus
2639 2887 2991 2946 existentibus
3017 2907 3174 2961 posse
3196 2875 3338 2961 esse,
3386 2908 3443 2955 et
3485 2916 3608 2957 esse

2020 2966 2311 3022 secundum
2343 2972 2766 3041 magnitudinem
2795 2980 3100 3047 superantis
3138 2983 3353 3042 virtutis
3392 2990 3607 3058 cepiosa

2019 3052 2282 3113 ell‘usione
2306 3059 2614 3118 donantem.
2655 3065 2869 3123 Justitia
2896 3082 3075 3128 autem
3107 3075 3297 3132 iterum
3322 3052 3482 3148 Deus,
3517 3099 3610 3139 ve-

2018 3143 2099 3201 lut
2124 3149 2377 3206 omnibus
2405 3168 2543 3222 quae
2576 3170 2720 3224 sunt,
2760 3164 3053 3220 secundum
3079 3167 3393 3243 dignitatem
3426 3143 3609 3255 distri-

333 3232 546 3301 singula
581 3248 825 3304 quaeque
852 3235 1116 3291 rationem
1153 3246 1208 3292 et
1238 3240 1524 3296 terminum
1554 3243 1834 3300 inconfusa
1861 3252 1915 3301 et

2018 3236 2190 3294 buens
2229 3240 2503 3314 laudatur,
2547 3257 2603 3303 et
2642 3256 3125 3327 mensurationem,
3156 3242 3210 3317 et
3254 3258 3505 3334 formam,

336 3320 725 3390 imperturbata
745 3367 759 3390 ,
788 3334 843 3379 et
868 3327 1238 3385 universitatis
1262 3332 1481 3389 ordines
1513 3342 1568 3388 et
1595 3337 1918 3392 cumulatio-

332 3424 431 3464 nes
474 3411 525 3465 itt
565 3414 841 3481 proprium
868 3417 1133 3486 optimum
1159 3420 1448 3488 persalvat,
1491 3432 1547 3477 et
1583 3424 1918 3483 immortales

330 3499 697 3569 angelicarum
738 3504 1004 3561 unitatum
1046 3507 1185 3565 vitas
1232 3508 1606 3568 immaculatas
1651 3518 1916 3585 custodit,

334 3600 389 3643 et
410 3588 695 3656 caelestes,
723 3602 779 3647 et
804 3593 1215 3654 illuminatrices
1234 3639 1249 3665 ,
1281 3609 1336 3655 et
1367 3600 1607 3658 sidereas
1626 3606 1915 3671 essentias,

333 3688 386 3733 et
413 3680 780 3753 ordinationes
808 3684 1194 3754 inmutabiles,
1220 3698 1275 3755 et
1297 3693 1591 3748 secundum
1615 3710 1773 3765 posse
1796 3711 1918 3751 esse

335 3768 466 3835 (acit
491 3787 503 3822 :
531 3779 587 3824 et
613 3774 866 3841 temporis
901 3770 1138 3845 ambitus
1172 3778 1432 3835 discernit
1459 3783 1675 3851 quidem
1707 3799 1922 3854 proces-

336 3857 598 3931 sionibus,
629 3862 827 3934 colligit
859 3881 985 3922 vero
1020 3871 1419 3927 reversionibus
1455 3881 1548 3926 :et
1578 3874 1716 3943 ignis
1750 3875 1919 3927 virtu-

338 3962 426 4008 tes
451 3952 879 4027 iuextinguibiles
914 3958 1061 4025 facit,
1104 3968 1157 4016 et
1186 3976 1358 4032 aquae
1401 3960 1600 4019 ﬂuenta
1641 3977 1746 4018 non
1790 3954 1921 4018 deli-

335 4044 556 4107 cientia,
602 4054 659 4101 et
689 4048 900 4103 aéream
947 4048 1261 4106 eﬂ‘usionem
1302 4051 1571 4116 terminat,
1619 4060 1675 4126 et
1719 4061 1917 4106 terram

338 4136 395 4190 in
420 4135 592 4192 nihilo
625 4138 871 4205 collocat,
894 4138 1154 4196 fecundos
1182 4139 1299 4210 ejus
1326 4149 1515 4212 partus
1543 4142 1921 4212 incorruptibi-

332 4225 416 4286 les
445 4230 705 4295 custodit,
730 4240 789 4286 et
816 4231 872 4287 in
902 4245 961 4286 se
1002 4231 1232 4288 invicem
1269 4231 1656 4287 elementorum
1708 4232 1919 4286 harmoc

333 4322 481 4378 niam
504 4330 560 4377 et
591 4322 999 4395 temperantiam
1023 4312 1357 4378 inconfusam
1401 4333 1456 4377 et
1504 4322 1917 4393 inseparabilem

333 4411 530 4477 salvat,
571 4421 627 4468 et
668 4414 835 4475 animi
884 4421 941 4470 et
972 4409 1221 4484 corporis
1265 4414 1509 4487 copulam
1554 4416 1814 4482 continet,
1867 4429 1922 4477 et

332 4500 640 4570 germinum
667 4503 953 4559 nutritivas
981 4512 1036 4559 et
1074 4504 1314 4561 auctivas
1352 4505 1576 4560 virtutes
1621 4515 1819 4573 movet,
1863 4519 1921 4564 et

334 4599 556 4660 superat
592 4593 907 4665 essentiales
942 4595 1180 4649 omnium
1205 4595 1451 4662 virtutes,
1479 4601 1533 4650 et
1557 4596 1920 4655 universitatis

333 4685 672 4747 insolubilem
697 4689 1030 4744 mansionem
1055 4691 1260 4757 munit,
1285 4699 1343 4745 et
1367 4690 1757 4759 deiftcationem
1800 4692 1914 4763 ipsa

333 4774 523 4843 donat,
553 4777 811 4833 virtutem
837 4779 892 4833 in
919 4778 1022 4833 hoc
1046 4780 1355 4835 deiﬁcandis
1380 4790 1678 4851 praestans.
1706 4780 1773 4834 Et
1799 4798 1912 4838 om-

334 4863 464 4919 nino
502 4865 703 4921 nullum
731 4875 815 4924 est
842 4867 1216 4923 universalitcr
1247 4869 1624 4936 existentium,
1671 4870 1912 4941 omnipo-

337 4953 467 5006 tenti
492 4955 787 5012 munimine
813 4965 868 5012 et
891 4958 1295 5015 circumstantia
1323 4959 1533 5013 divinae
1561 4961 1773 5027 virtutis
1800 4963 1910 5033 pri-

334 5047 545 5094 vatum.
591 5042 744 5108 Quod
794 5046 938 5101 enim
991 5047 1366 5102 universaliter
1415 5047 1611 5102 nullam
1656 5051 1909 5105 virtutem

2018 3327 2436 3402 ordinationem,
2462 3345 2517 3392 et
2540 3338 2968 3413 dispositionem,
3002 3359 3057 3402 et
3091 3366 3279 3410 omnes
3305 3327 3531 3415 virtutes
3551 3373 3607 3417 et

2018 3419 2238 3507 ordines
2263 3438 2551 3497 segregans
2577 3432 2867 3502 unicuique
2894 3432 3063 3505 juxta
3114 3456 3243 3500 vere
3282 3448 3606 3507 existentem

2013 3505 2373 3579 justissimum
2413 3518 2722 3587 terminum,
2761 3535 2816 3578 et
2860 3525 3111 3584 Omnibus
3152 3522 3339 3591 eorum
3374 3540 3608 3611 singulo-

2020 3613 2141 3655 rum
2171 3618 2269 3672 per
2301 3609 2533 3678 seipsam
2569 3614 2796 3670 actionis
2820 3620 3053 3676 causalis
3081 3638 3194 3679 ens.
3240 3624 3430 3685 Omnia
3461 3609 3604 3689 enim

2021 3694 2201 3751 divina
2221 3695 2430 3766 justitia
2457 3703 2693 3773 ordinat,
2726 3715 2779 3761 et
2802 3711 3073 3779 terminat,
3101 3724 3154 3769 et
3179 3720 3361 3775 omnia
3391 3720 3461 3778 ab
3482 3740 3602 3779 om-

2021 3785 2180 3841 nibus
2203 3787 2350 3845 clara
2381 3799 2432 3846 et
2470 3793 2749 3851 iuconfusa
2781 3800 3014 3866 salvans,
3061 3806 3350 3879 unicuique
3381 3827 3605 3885 cognata

2021 3876 2273 3932 omnibus
2321 3880 2676 3939 existentibus
2720 3889 2915 3956 donat,
2970 3876 3278 3953 secundum
3314 3876 3606 3977 unicuTque

2020 3967 2366 4027 existentium
2417 3973 2633 4029 insitam
2684 3979 3018 4047 dignitatem.
3073 3987 3139 4041 Et
3183 3992 3228 4045 si
3274 3994 3407 4050 haec
3460 3967 3606 4054 recte

2021 4054 2285 4124 dicimus,
2333 4061 2640 4134 quicunque
2677 4067 2872 4125 divinis
2904 4072 3252 4146 maledicunt,
3280 4083 3486 4151 justitia
3510 4103 3605 4145 eos

2020 4142 2190 4213 latet,
2236 4162 2388 4202 suam
2453 4150 2768 4219 injustitiam
2818 4157 2870 4212 in
2924 4172 3110 4230 aperto
3160 4142 3602 4232 condemnantes:

2019 4234 2185 4291 Aiunt
2230 4238 2396 4305 enim,
2430 4239 2630 4297 debere
2673 4243 2849 4302 inesse
2875 4252 3190 4309 mortalibus
3222 4257 3599 4321 immortalita-

2020 4334 2152 4394 tem,
2180 4341 2237 4384 et
2260 4328 2591 4402 imperfectis
2615 4335 2930 4406 perfectum,
2973 4352 3029 4396 et
3060 4359 3157 4414 per
3193 4349 3398 4419 seipsos
3444 4360 3603 4414 motis

2020 4422 2244 4479 alteram
2272 4437 2571 4511 moventem
2605 4435 3010 4505 necessitatem,
3041 4451 3097 4497 et
3131 4434 3477 4507 mutabilibus
3501 4452 3602 4510 im-

2011 4515 2453 4597 .mutabilitatem,
2495 4528 2550 4573 et
2586 4521 2823 4590 perfecte
2856 4531 3093 4594 potentia
3126 4522 3373 4605 infirmis,
3421 4549 3477 4597 et
3509 4557 3602 4605 ae-

2024 4614 2175 4659 terna
2212 4621 2333 4662 esse
2391 4611 2723 4679 temporalia,
2774 4624 2828 4670 et
2872 4618 3355 4684 intransmutabilia
3400 4640 3598 4689 natura

2019 4694 2262 4763 mobilia,
2293 4704 2348 4751 et
2376 4701 2698 4769 temporales
2726 4704 2944 4762 delicias
2978 4720 3241 4783 aeternas,
3288 4728 3345 4774 et
3377 4724 3599 4781 omnino

2020 4799 2158 4852 quae
2195 4795 2323 4841 sunt
2355 4788 2607 4863 aliorum,
2654 4794 2773 4849 aliis
2819 4799 3119 4871 porrigunt.
3168 4806 3391 4878 Oportet
3432 4816 3594 4883 scire,

2017 4873 2249 4929 divinam
2272 4876 2537 4945 justitiam
2567 4881 2617 4935 in
2646 4883 2749 4938 hoc
2788 4901 2911 4941 vere
2940 4873 3258 4951 existentein
3292 4915 3474 4956 verum
3505 4873 3595 4972 ju:

2017 4965 2240 5031 stitiam,
2279 4968 2404 5036 quia
2446 4970 2693 5026 omnibus
2749 4977 2995 5031 retribuit
3036 4986 3250 5053 propria
3295 4965 3590 5050 secundum

2015 5056 2434 5130 uniuscujusque
2460 5063 2800 5117 existentium
2846 5067 3181 5139 dignitatem,
3230 5087 3285 5130 et
3328 5066 3590 5138 uniuscu-

337 5126 521 5194 habet,
553 5145 725 5202 neque
751 5142 834 5189 est
864 5150 1038 5205 neque
1067 5137 1197 5207 quid
1221 5145 1324 5201 cst,
1350 5152 1521 5204 neque
1544 5136 1722 5206 aliqua
1747 5139 1768 5170 ³
1795 5137 1910 5207 ejus
2007 5143 2201 5216 jusque
2229 5126 2476 5203 naturam
2506 5151 2558 5204 in
2580 5153 2794 5222 propria
2826 5126 2997 5209 salvat
3023 5126 3360 5220 ordinatione
3388 5126 3590 5225 ervi:-

332 5218 646 5274 omnimodo
679 5223 890 5290 positio.
940 5225 1002 5283 Et
1042 5226 1255 5295 quidem
1307 5227 1381 5280 ait
1428 5224 1641 5296 Elymas
1683 5242 1905 5297 magus:

333 5304 407 5359 Sir
437 5308 779 5378 onmipotens
823 5323 911 5368 est
947 5315 1120 5379 Deus,
1166 5314 1433 5383 quomodo
1473 5316 1669 5373 dicitur
1706 5317 1907 5389 aliquid

1996 5232 2143 5292 'tute.
2199 5235 2304 5292 Sed
2347 5240 2469 5308 quis
2514 5240 2709 5296 dixerit
2749 5260 2761 5297 :
2802 5243 2915 5298 Non
2973 5258 3056 5301 est
3095 5247 3337 5317 iustitiae
3383 5257 3586 5326 forsan,

2012 5337 2229 5398 agentes
2256 5340 2471 5385 sanctos
2504 5332 2642 5386 inter
2681 5348 2786 5388 non
2814 5335 3124 5403 adjuvantes
3146 5358 3177 5393 ει
3211 5342 3589 5404 deludentiluu

1614 5431 1863 5489 VARIAE
1900 5426 2303 5495 LECTIONES.

404 5510 423 5546 ¹
460 5524 552 5567 aut
578 5516 783 5572 vitalem
812 5534 922 5574 om.
957 5520 1067 5575 BH.
1178 5529 1198 5560 ³
1238 5521 1371 5576 AEll
1399 5522 1752 5578 incausaliter.

328 5582 506 5651 lapsus
529 5601 638 5641 om.
668 5590 826 5644 codd.
903 5588 928 5622 ⁸
958 5590 1045 5647 ΒΕ
1070 5592 1296 5646 veritate.

1852 5525 1872 5557 ³
1912 5526 2043 5583 ΒΕΠ
2062 5545 2236 5600 neque
2259 5541 2360 5599 est,
2390 5550 2552 5603 neque
2571 5547 2644 5590 est
2670 5535 2870 5608 aliqua.

2977 5542 2999 5573 ⁸
3026 5542 3117 5601 Sic
3142 5547 3218 5613 A;
3248 5565 3313 5604 ea:
3335 5524 3584 5615 exim

1848 5689 2097 5746 NOTAE.

411 5754 436 5783 ι
470 5745 509 5799 ΙΙ
552 5744 691 5801 Tim.
733 5749 775 5805 ιι
