4142 6296
605 297 743 355 1159

1994 299 2277 358 JOANNlS
2316 300 2508 383 soon

3720 326 3865 385 “60

599 431 1013 501 extorquendos.
1074 428 1152 483 Ad
1191 442 1351 498 quem
1384 430 1670 487 dicendum
1714 427 1794 484 sic
1826 425 1925 482 :‘Si
1959 423 2173 497 quidem
2204 429 2251 488 Α
2280 427 2345 480 ad
2370 433 2485 482 tota
2511 423 2863 493 diﬁ'erentias,
2896 436 2951 482 et
2980 428 3118 498 ejus,
3147 443 3286 499 quae
3312 440 3395 487 est
3411 431 3646 504 justitia,
3678 454 3864 497 ειιειο-

596 521 844 591 diligunt,
870 536 1005 592 quos
1030 520 1162 575 dicis
1185 528 1419 586 sanctos,
1454 521 1505 575 in
1549 528 1694 576 terra
1734 534 1764 573 a
1800 515 2172 575 materialibus

598 610 841 673 notanda,
865 609 1045 665 divino
1072 611 1282 678 penitus
1309 610 1617 666 ceciderunt
1643 622 1825 664 amore
1853 616 1946 689 :‘et
1989 606 2172 661 nescio

596 698 864 765 quomodo
908 697 1080 753 sancti
1130 707 1387 753 vocentur
1435 697 1453 729 ¹
1510 698 1707 769 injuste
1740 705 1963 768 agentes
1989 735 2002 759 ,
2046 709 2170 748 vere

596 786 847 843 amabilia
882 796 937 845 et
963 786 1141 842 divina
1168 802 1272 843 non
1304 787 1619 851 zelantibus,
1655 796 1710 841 et
1736 803 1840 841 non
1868 786 2171 839 amantibus

596 874 666 929 ab
692 875 822 944 ipsis
845 890 951 929 non
980 883 1166 931 sancte
1207 876 1524 945 approbata.
1575 874 1631 930 Si
1667 885 1843 929 autem
1892 890 2017 930 vere
2056 874 2167 929 exi-

593 964 791 1018 stentia
826 973 1031 1029 amant,
1076 964 1262 1019 laetari
1304 972 1517 1035 oportet
1557 979 1785 1033 quorum
1818 965 2168 1034 appetitores,

593 1052 807 1123 quando
846 1053 1080 1122 appetita
1127 1062 1508 1125 assequuntur.
1560 1052 1654 1108 Vel
1698 1069 1803 1108 non
1850 1062 1973 1107 tunc
2001 1055 2170 1122 magis

589 1144 1019 1216 appropinquant
1055 1145 1079 1178 '
1126 1146 1380 1216 angelicis
1414 1144 1720 1209 virtutibus,
1751 1158 1896 1208 eum,
1948 1153 2007 1196 ut
2050 1160 2169 1213 pos-

589 1237 746 1307 sibile
773 1245 897 1302 est,
926 1235 1190 1293 desiderio
1221 1237 1520 1291 divinorum
1552 1236 1777 1290 redeunt
1811 1232 2165 1287 materiaiium

588 1327 937 1399 perpessione
979 1326 1282 1382 exercitati.
1330 1326 1410 1380 Ad
1454 1326 1557 1379 hoc
1603 1323 1754 1378 valde
1796 1322 2025 1413 viriliter
2071 1338 2168 1391 pro

586 1420 728 1475 bono
756 1418 975 1473 instant.
1012 1416 1195 1487 Itaque
1231 1430 1414 1468 verum
1455 1415 1653 1479 dicere,
1690 1411 1814 1483 quia
1859 1412 1960 1467 hoc
1998 1411 2168 1482 magis

586 1519 670 1566 est
697 1511 906 1566 divinae
928 1505 1172 1576 justitiae
1191 1507 1483 1577 proprium,
1510 1505 1649 1559 nolle
1672 1504 1896 1574 perdere
1925 1513 2169 1574 potenter

586 1599 858 1671 agentium
890 1597 1262 1652 fortitudinem
1306 1595 1663 1650 materialium
1703 1595 1946 1649 vinculis.
2006 1594 2167 1647 Num-

585 1689 713 1760 quid
752 1703 898 1752 vero,
929 1687 973 1742 si
1009 1686 1129 1756 quis
1154 1695 1379 1740 conatus
1425 1685 1587 1740 fuerit
1631 1687 1729 1740 hoc
1778 1684 1977 1750 facere,
2028 1684 2167 1737 inter

2271 511 2414 578 dem,
2446 527 2584 582 quae
2607 529 2712 568 non
2734 514 2980 570 concedit
3007 516 3294 574 conmixta
3331 529 3439 576 tota
3471 523 3524 577 in
3553 523 3682 581 totis
3716 529 3862 585 facta

2271 601 2600 669 perturbari,
2655 604 2966 659 custodiens
2994 618 3144 671 vero,
3183 622 3321 676 quae
3351 620 3476 683 sunt
3516 617 3721 680 omnia,
3763 635 3862 688 per

2270 690 2480 758 species
2520 689 2781 762 singulas,
2814 691 2867 746 in
2900 692 3093 762 quibus
3124 696 3540 769 unumquodque
3564 717 3688 761 esse
3735 711 3862 763 sub-

2270 786 2466 832 Stiluit.

2794 849 3192 907 CAPITULUM
3228 853 3321 908 Ix.

2270 952 2346 1010 De
2399 973 2609 1023 maano,
2660 976 2841 1044 parvo,
2884 961 3083 1026 eodem,
3123 963 3309 1044 altero,
3352 968 3533 1037 simili,
3584 972 3856 1044 dissimili,

2676 1040 2856 1095 statu,
2892 1042 3056 1097 motu,
3088 1035 3423 1103 aequatitale.

2340 1136 2603 1203 Quoniam
2640 1147 2818 1192 autem
2858 1150 2913 1193 et
2958 1156 3208 1210 magnum
3258 1152 3313 1198 et
3357 1158 3587 1213 parvum
3631 1154 3857 1219 ponitur

2269 1226 2322 1279 in
2354 1226 2593 1280 omnium
2616 1229 2843 1294 causali,
2860 1239 2915 1283 et
2938 1230 3191 1300 idipsum,
3221 1244 3277 1288 et
3304 1235 3556 1305 alterum,
3575 1251 3630 1295 et
3652 1244 3851 1309 simile,

2273 1323 2328 1370 et
2357 1315 2640 1383 dissimile,
2674 1327 2727 1372 et
2750 1327 2945 1386 status,
2981 1331 3035 1374 et
3065 1331 3248 1377 motus
3280 1342 3294 1377 :
3324 1326 3417 1390 da,
3458 1340 3513 1383 et
3544 1329 3651 1385 his
3686 1333 3856 1391 divini

2270 1404 2615 1463 nom’inativis
2632 1407 2652 1439 ³
2677 1409 2958 1479 agalmatis
2995 1426 3364 1483 quaecumque
3388 1414 3542 1471 nobis
3567 1423 3853 1477 manifesta

2267 1506 2406 1555 sunt.
2425 1498 2930 1569 contemplabimur.
2948 1500 3171 1571 Magnus
3188 1503 3352 1572 igitur
3378 1503 3520 1560 Deus
3546 1508 3601 1561 in
3624 1510 3855 1580 eloquiis

2266 1585 2532 1653 laudatur,
2558 1598 2611 1641 et
2633 1588 2694 1641 'in
2719 1591 3109 1657 magnitudine,
3138 1603 3188 1646 ct
3217 1594 3268 1647 in
3301 1610 3432 1649 aura
3465 1597 3569 1651 leni
3607 1599 3847 1655 divinam

2271 1676 2649 1731 manifestante
2679 1680 2998 1750 parvitatem
3035 1699 3047 1735 :
3083 1692 3131 1737 et
3182 1682 3322 1739 idem
3357 1687 3493 1755 ipse,
3524 1704 3647 1743 cum
3699 1693 3852 1747 aiunt

585 1795 690 1834 non
730 1777 1064 1848 adjuvantes,
1094 1776 1187 1831 sed
1213 1774 1536 1830 collocmttes
1559 1791 1651 1831 eos
1684 1776 1735 1829 in
1772 1775 1907 1829 bona
1947 1784 1999 1827 et
2032 1773 2158 1827 irre-
2189 1763 2233 1822 Β
2261 1762 2470 1833 Ciminia
2492 1784 2503 1818 ε
2524 1765 2602 1819 Tu
2631 1778 2804 1821 αατεηι
2835 1770 2968 1823 idem
2996 1772 3103 1840 ipse
3129 1787 3182 1826 es
3220 1783 3266 1836 ⁸,
3310 1785 3364 1828 et
3419 1777 3578 1840 alter,
3633 1784 3852 1849 quando

576 1868 929 1938 ,preltensibili
965 1867 1216 1933 statione,
1240 1875 1294 1921 et
1325 1866 1680 1921 retribueutes
1714 1866 1907 1920 talibus
1932 1865 2167 1919 existen~

586 1958 746 2023 tibus,
776 1970 913 2027 quae
943 1956 1234 2011 secundum
1268 1955 1582 2026 dignitatem
1615 1965 1757 2010 sunt.
1820 1954 1963 2010 Haec
2002 1955 2165 2026 igitur

582 2046 764 2099 divina
804 2043 1009 2114 justitia
1041 2054 1095 2098 et
1125 2045 1269 2099 salus
1315 2045 1553 2100 onmium
1584 2046 1863 2113 laudatur,
1894 2045 2162 2119 prppriam

574 2134 1001 2204 uniuscujusque
1027 2144 1080 2189 et
1102 2150 1302 2204 puram
1340 2135 1405 2189 ab
1432 2134 1550 2189 aliis
1588 2137 1878 2190 essentiam
1929 2146 1983 2191 ct
2021 2136 2163 2191 ordi-

589 2243 711 2283 nem
742 2226 955 2282 salvans
975 2236 1029 2280 ct
1050 2226 1375 2285 custodiens,
1403 2235 1457 2279 et
1483 2226 1678 2280 foetida
1707 2242 1942 2296 purgans
1968 2226 2019 2280 in
2050 2242 2167 2280 om-

572 2317 740 2371 ‘nibus
775 2302 1026 2388 propriae
1057 2315 1304 2370 actionis.
1348 2314 1404 2369 Si
1437 2326 1614 2369 autem
1643 2317 1763 2386 quis
1794 2316 2019 2372 salutem
2047 2317 2161 2371 lau-

582 2407 811 2473 daverit,
846 2417 900 2463 et
938 2408 1016 2462 sic
1048 2423 1114 2462 ex
1143 2406 1298 2461 malis
1325 2406 1573 2462 ciuilibus
1604 2422 1791 2462 omnes
1820 2408 1962 2463 velut
1988 2417 2165 2478 partu-

580 2496 819 2553 rientem
850 2497 1189 2567 eripientem,
1225 2495 1445 2551 omnino
1476 2495 1546 2550 ibi
1572 2506 1625 2550 et
1659 2497 1800 2552 hunc
1841 2497 2160 2555 laudabilem

568 2587 912 2644 ‘laudatorem
943 2588 1274 2660 largissimae
1304 2587 1494 2643 salutis
1523 2588 1860 2658 recipiemus.
1906 2591 1977 2645 Et
2025 2593 2161 2648 hanc

580 2689 759 2736 autem
782 2681 942 2735 etiam
973 2681 1201 2750 primam
1234 2680 1458 2734 salutem
1486 2681 1723 2735 omnium
1766 2681 1982 2751 dignum
2022 2683 2161 2754 judi-

567 2763 826 2828 cahimus
867 2787 989 2827 eum
1029 2772 1279 2827 deﬁnisse
1325 2773 1501 2827 omnia
1536 2774 1588 2828 in
1618 2774 1809 2844 seipsis
1839 2760 2161 2830 intransmu-

574 2854 784 2929 iahilia,
814 2873 867 2919 et
900 2864 1135 2930 stabilia,
1164 2876 1217 2919 et
1251 2863 1559 2919 inﬁexibilia
1586 2864 1650 2918 ad
1680 2863 1918 2932 subjecta
1943 2866 2157 2920 salvan-

580 2970 711 3024 tem,
755 2967 808 3013 et
852 2957 1031 3013 omnia
1076 2957 1461 3012 custodientem
1509 2973 1612 3011 non
1658 2959 1945 3028 pugnantia
1973 2971 2025 3015 et
2053 2975 2157 3014 non

578 3049 857 3114 bellantia,
883 3048 1102 3119 suisque
1139 3047 1347 3118 Singula
1373 3062 1617 3117 quaeque
1659 3046 1959 3104 rationibus
1983 3049 2161 3119 dispo-

579 3140 706 3208 sita,
734 3148 789 3195 et
812 3153 1027 3194 omnem
1068 3138 1401 3208 iniquitatem
1440 3129 1501 3192 et
1535 3148 1850 3195 extraneam
1893 3141 2157 3197 actionem

576 3238 671 3284 ex‘
708 3230 959 3285 omnibus
1020 3228 1466 3283 exterminantem
1510 3269 1523 3291 ,
1589 3238 1643 3283 et
1696 3231 2160 3286 corrationalitate

577 3318 1000 3388 uniusmijusque
1045 3319 1463 3373 constituentem
1514 3319 1957 3376 irrationalitates
2004 3329 2158 3382 extra

576 3411 833 3465 cadentes
857 3411 908 3464 in
932 3409 1224 3473 contraria,
1246 3417 1303 3463 et
1326 3423 1430 3463 non
1454 3404 1932 3480 transgredientes.
1957 3411 2159 3467 Deinde

560 3496 632 3555 Act
669 3502 808 3555 hanc
835 3501 1061 3556 salutem
1112 3514 1217 3553 non
1263 3507 1508 3567 respectu
1549 3500 1671 3568 quis
1697 3500 1927 3554 laudarit
1971 3516 2158 3556 sacrae

576 3591 903 3662 theologiae,
935 3582 1079 3645 velut
1107 3590 1287 3644 omnia
1315 3590 1600 3644 existentia
1645 3591 1871 3646 salutari
1914 3586 2155 3646 omnium

572 3683 815 3739 bonitate
850 3681 1191 3753 propriorum
1235 3681 1558 3750 Optimorum
1606 3698 1734 3737 casu
1783 3684 2153 3751 redimentem,

574 3780 836 3842 quantum
863 3767 1279 3839 uniuscujusque
1309 3768 1684 3825 salvandorum
1722 3772 1915 3843 recipit
1942 3783 2151 3828 natura.

568 3861 807 3920 Proinde
837 3871 895 3918 et
928 3861 1353 3930 redemptionem
1382 3859 1552 3930 ipsam
1591 3863 1872 3919 nominant
1900 3864 2153 3936 theologi,

561 3964 834 4027 quantum
877 3966 983 4009 non
1027 3952 1156 4007 sinit
1200 3965 1326 4005 vere
1356 3951 1640 4006 existentia
1675 3953 1739 4007 ad
1775 3968 1880 4008 non
1917 3970 2036 4009 esse
2064 3971 2157 4010 ca-

549 4047 724 4111 dere,
752 4053 808 4099 et
837 4051 1095 4114 quantum
1129 4051 1184 4096 et
1212 4041 1255 4096 si
1284 4041 1409 4111 quid
1441 4040 1507 4095 ad
1537 4040 1787 4097 delictum
1827 4048 1922 4098 aut
1955 4045 2155 4100 inordi-

554 4144 760 4191 natum
787 4136 1069 4204 deceptum
1097 4132 1187 4198 sit,
1221 4141 1275 4187 et
1299 4131 1706 4207 diminutionem
1752 4135 2019 4202 quandam
2061 4150 2155 4204 pa-

554 4222 741 4282 tiatur
791 4225 1129 4295 propriorum
1182 4222 1446 4277 bonorum
1503 4222 1890 4290 perfectionis,
1943 4232 1999 4277 et
2052 4224 2155 4280 hoc

568 4320 823 4391 passione
860 4326 924 4372 et
970 4314 1162 4370 inertia
1195 4322 1249 4367 et
1291 4313 1588 4383 privatione
1626 4312 1881 4378 redimit,
1927 4313 2152 4384 impleas

572 4408 919 4482 indigentiam
949 4445 966 4472 ,
1015 4412 1071 4461 et
1122 4411 1344 4474 paterae
1397 4401 1762 4457 inﬁrmitatem
1813 4404 2147 4474 despiciens,

572 4509 626 4555 et
652 4502 944 4557 restituens
972 4512 1005 4551 a
1040 4494 1201 4559 ma'lo,
1231 4494 1399 4564 magis
1427 4502 1605 4548 autem
1633 4502 1874 4548 statuens
1907 4494 1958 4548 in
1988 4496 2146 4561 bono,

572 4588 986 4661 supertimidum
1020 4585 1234 4639 bonum
1272 4583 1504 4652 replens,
1551 4592 1606 4638 et
1649 4583 1927 4652 ordinans,
1970 4595 2027 4642 et
2063 4602 2153 4643 or-

573 4694 712 4733 nans
740 4676 1103 4731 inordinatum
1132 4671 1249 4739 ejus
1270 4681 1323 4725 et
1349 4672 1674 4737 inornatum,
1702 4682 1759 4728 et
1789 4675 2151 4748 integritatem

573 4765 881 4839 perliciens,
911 4773 966 4820 et
993 4762 1232 4818 oumium
1270 4762 1482 4817 solvens
1524 4764 1780 4820 maculas.

643 4856 751 4913 Sed
785 4855 853 4910 de
889 4853 972 4908 his
999 4852 1215 4925 quidem
1252 4863 1305 4907 et
1340 4853 1406 4907 de
1437 4851 1646 4921 justitia
1677 4855 1877 4913 dictum
1920 4868 2024 4925 est,
2063 4874 2150 4916 se-

561 4948 805 5003 cundum
858 4959 1018 5014 quam
1073 4944 1310 4998 euntium
1387 4945 1631 5013 aequitas
1702 4958 2047 5003 mensuratur
2082 4954 2154 5005 'et

574 5037 915 5100 terminatur,
955 5045 1008 5092 et
1045 5035 1221 5090 onmis
1259 5033 1536 5104 iniquitas,
1571 5050 1709 5106 quae
1732 5046 1816 5092 est
1842 5052 1941 5106 per
1974 5039 2151 5108 priva-

574 5133 805 5198 tionem,
861 5132 913 5186 in
962 5129 1092 5200 ipsis
1139 5127 1363 5200 singulis
1407 5129 1694 5197 aequitatis
1738 5131 2146 5188 exterminatur.

563 5225 911 5297 Acquitatem
946 5221 1089 5276 enim
1128 5219 1172 5274 si
1210 5219 1330 5288 quis
1360 5219 1600 5274 auferret
1638 5218 1691 5272 in
1734 5227 1866 5284 toto,
1914 5222 2147 5278 telorum

2267 1862 2325 1907 ut
2360 1855 2584 1909 multum
2609 1858 2869 1927 ﬁguratus
2901 1869 2955 1914 et
2977 1861 3320 1918 multiformis
3364 1867 3431 1920 ab
3458 1867 3590 1936 ipsis
3618 1870 3849 1940 eloquiis

2263 1943 2580 2014 plasmatur,
2607 1957 2664 2002 et
2707 1948 2922 2014 similis,
2977 1960 3034 2004 ut
3069 1951 3348 2009 similium.
3374 1964 3429 2009 et
3475 1958 3848 2015 similitudinis

2263 2037 2604 2104 substitutor,
2638 2047 2695 2092 et
2721 2039 2997 2095 dissimilis
3022 2042 3293 2107 erunibus,
3325 2054 3384 2097 ut
3411 2060 3512 2099 non
3538 2056 3663 2102 enlc
3682 2050 3734 2103 ei
3767 2050 3845 2105 si-

2266 2127 2375 2181 mili
2407 2125 2448 2191 ⁸,
2467 2136 2521 2182 et
2547 2139 2715 2194 stans,
2738 2141 2793 2185 et
2817 2146 3058 2198 movens,
3081 2141 3136 2187 et
3158 2146 3215 2188 ut
3240 2134 3427 2190 sedens
3448 2137 3501 2190 in
3528 2147 3844 2206 aeternum,

2261 2228 2315 2275 ct
2346 2224 2541 2286 motus,
2572 2228 2629 2274 ut
2661 2222 2711 2275 iu
2754 2223 2933 2277 omnia
2958 2226 3165 2279 vadens
3197 2243 3211 2279 :
3243 2235 3292 2281 et
3315 2243 3659 2298 quaecunque
3691 2231 3843 2286 aliae

2263 2308 2468 2363 eisdem
2502 2310 2907 2381 aequipotentcs
2945 2313 3157 2373 divinae
3200 2315 3584 2371 nominationes
3626 2320 3694 2372 ab
3722 2320 3847 2374 el.»-

2261 2401 2402 2469 quiis
2424 2400 2730 2455 laudantur.
2755 2401 2989 2472 Magnus
3025 2404 3188 2474 igitur
3228 2406 3369 2461 Deus
3400 2407 3731 2473 nominatur,
3760 2424 3784 2461 s
3806 2428 3848 2449 ’-

2261 2492 2493 2546 cundum
2523 2492 2665 2560 quod
2698 2493 2800 2547 scit
2850 2508 3005 2548 suum
3041 2510 3293 2566 magnum
3346 2498 3596 2552 omnibus
3637 2500 3845 2569 magnis

2261 2584 2375 2638 suis
2425 2586 2662 2650 tradens,
2691 2592 2745 2639 et
2778 2599 2995 2640 omnem
3038 2586 3463 2654 magnitudinem
3504 2590 3842 2645 extrinsecus

2260 2673 2711 2742 supercxcellens,
2747 2684 2801 2730 et
2832 2686 3274 2746 superextentum
3313 2679 3839 2734 universalissimum

2259 2764 2434 2819 locum
2456 2767 2759 2831 continens,
2789 2782 3002 2822 omnem
3020 2782 3280 2838 superans
3299 2784 3607 2835 numerum,
3625 2787 3837 2825 onmem

2264 2857 2663 2911 multitudinem
2698 2861 3122 2929 transgrediens,
3154 2869 3209 2914 et
3236 2863 3531 2915 secundum
3564 2864 3839 2931 supcrplc-

2261 2947 2555 3002 nitudinem
2579 2960 2806 3003 suamet
2836 2964 3083 3019 magnam
3107 2951 3500 3021 Operationem,
3532 2961 3585 3005 et
3613 2970 3663 3006 Ill
3686 2970 3835 3007 man-

2265 3042 2346 3091 tcs
2391 3051 2518 3092 suas
2570 3038 2909 3103 donationes,
2954 3048 3008 3094 et
3035 3048 3293 3109 quantum
3324 3034 3471 3110 ipsae
3498 3042 3567 3095 ab
3592 3042 3842 3099 omnibus

2260 3128 2612 3197 participatae
2642 3130 2937 3183 secundum
2966 3133 3185 3184 multam
3210 3141 3265 3185 et
3288 3130 3492 3202 largam
3525 3134 3837 3189 eﬂ‘usionem

2259 3218 2613 3274 indiminutae
2638 3221 2857 3275 omnino
2887 3220 3031 3286 sunt,
3061 3230 3115 3275 et
3163 3223 3389 3277 eandem
3436 3224 3639 3278 habent
3677 3239 3836 3295 super

2257 3308 2665 3379 plenitudinem,
2696 3317 2751 3364 et
2796 3326 2902 3365 non
2944 3312 3260 3365 minuuntur
3299 3314 3827 3383 partieipationibus,

2257 3400 2351 3454 sed
2389 3409 2444 3454 et
2468 3401 2638 3471 magis
2660 3411 3065 3471 supernianant.
3095 3400 3405 3472 Magnitudo
3428 3403 3561 3457 haec
3586 3416 3641 3458 et
3668 3404 3830 3458 multa

2250 3499 2357 3553 est,
2389 3500 2443 3544 et
2489 3490 2872 3557 informabilis,
2903 3501 2957 3546 et
2986 3491 3392 3548 innumerabilis
3426 3511 3440 3547 :
3466 3502 3540 3548 ct‘
3564 3493 3701 3549 haec
3746 3505 3832 3549 est

2248 3580 2758 3650 supercxcellentia,
2793 3582 3412 3637 secundumabsolutam
3444 3592 3498 3639 et
3522 3587 3834 3654 superordi-

2255 3680 2436 3726 natam
2479 3672 2870 3742 inacceptibilis
2908 3673 3294 3743 magnitudinis
3322 3674 3651 3729 effusionem.
3689 3674 3829 3729 Par-

2254 3779 2381 3818 vum
2424 3771 2603 3817 autem
2643 3764 2759 3819 sive
2789 3765 3053 3818 minutum
3094 3766 3146 3819 in
3190 3765 3307 3820 ioso
3347 3767 3542 3821 dicitur
3567 3768 3713 3821 omni
3769 3766 3834 3822 ti-

2254 3842 2369 3910 nito
2390 3856 2566 3926 spatio
2585 3856 2856 3911 emunitus
2866 3864 2916 3923 τ,
2934 3866 2987 3911 et
3011 3872 3107 3926 per
3128 3859 3308 3912 omnia
3332 3868 3723 3928 consequenter
3748 3860 3826 3915 lo.

2254 3957 2427 4004 catus.
2458 3949 2520 4004 Et
2548 3951 2764 4018 quidem
2793 3951 3032 4005 omnium
3061 3951 3279 4007 causale
3303 3961 3389 4007 est
3404 3966 3656 4022 parvum.
3688 3953 3825 4011 Nus-

2252 4040 2412 4112 quam
2452 4043 2596 4097 enim
2626 4042 2867 4097 invenies
2906 4042 3054 4111 parvi
3081 4041 3308 4097 formam
3341 4058 3445 4098 non
3472 4045 3827 4116 participans.

2254 4128 2347 4185 Sic
2377 4130 2539 4201 igitur
2576 4132 2630 4186 in
2660 4131 2770 4186 Deo
2798 4146 3021 4202 parvum
3045 4132 3416 4201 accipiendum
3458 4144 3562 4199 est,
3601 4136 3749 4190 velut
3771 4138 3824 4191 in

2253 4221 2432 4275 omnia
2460 4230 2513 4275 et
2536 4235 2637 4291 per
2663 4221 2845 4275 omnia
2866 4221 3377 4289 lirmiter‘locatum,
3404 4230 3463 4279 et
3490 4238 3741 4294 operans,
3775 4237 3831 4281 et

2250 4311 2620 4382 pervestigans
2650 4324 2819 4383 usque
2859 4312 2925 4366 ad
2965 4311 3283 4368 divisionem
3308 4314 3521 4369 animae
3556 4324 3611 4370 et
3642 4331 3833 4386 corpo-

2254 4402 2350 4467 ris,
2374 4401 2857 4471 compaginumque
2873 4409 2927 4454 et
2950 4400 3301 4455 medullarum
3321 4411 3376 4456 et
3398 4405 3677 4459 uotionum
3707 4419 3828 4460 coro

2253 4490 2356 4555 dis,
2389 4491 2559 4560 magis
2584 4499 2764 4543 autem
2789 4489 3137 4546 existentium
3156 4491 3421 4546 omnium.
3446 4492 3568 4547 Non
3590 4496 3726 4549 enim
3751 4506 3828 4549 est

2252 4588 2493 4633 creatura
2530 4594 2632 4632 non
2660 4594 2916 4648 apparens
2955 4580 3013 4633 in
3041 4591 3316 4650 conspectu
3348 4583 3464 4651 ejus
3504 4583 3552 4635 δ.
3591 4582 3826 4638 Parvum

2253 4679 2460 4725 tantum
2487 4678 2591 4734 est,
2608 4678 2662 4724 et
2684 4681 2946 4740 quantum
2978 4671 3535 4743 incomprehensibilia,
3566 4674 3819 4740 multum,

2251 4757 2544 4826 inﬁnitum,
2581 4760 3042 4831 comprehendens
3066 4762 3288 4818 omnia:
3321 4764 3490 4834 ipsum
3522 4773 3696 4817 autem
3732 4765 3823 4819 in-

2253 4853 2759 4922 comprehensibile.
2815 4853 3048 4921 Idipsum
3106 4868 3235 4909 vero
3299 4854 3826 4924 superessentialiter

2253 4952 2553 5009 aeternum,
2581 4944 3012 5005 iuconversibila,
3043 4945 3094 4998 in
3142 4945 3322 5015 seipso
3361 4960 3579 4999 manens
3604 4961 3828 5016 semper

2254 5034 2546 5090 secundum
2572 5032 2761 5088 eadem
2785 5041 2842 5087 et
2867 5031 3119 5087 similiter
3146 5034 3375 5100 habens,
3395 5034 3645 5090 onmibus
3668 5037 3825 5089 simi-

2252 5128 2380 5184 liter
2426 5143 2706 5200 praesens,
2738 5137 2796 5183 et
2843 5126 3076 5198 idipsum
3112 5144 3212 5199 per
3262 5130 3498 5199 seipsum
3545 5144 3581 5184 a‘
3625 5131 3827 5200 seipso,

2254 5218 2481 5273 ﬁrmiter
2501 5227 2557 5273 et
2593 5218 3013 5273 incontaminate
3057 5217 3109 5272 in
3141 5217 3549 5276 formosissimis
3578 5223 3827 5286 summis,

1972 5331 2229 5393 VAIllAE
2263 5330 2664 5392 LECTIONES.

640 5427 671 5497 ‘q
700 5423 791 5477 AB
820 5431 1139 5478 vocarentur.
1216 5421 1235 5452 ⁸
1272 5417 1363 5473 γει
1394 5436 1494 5475 non
1513 5447 1573 5458 —
1611 5419 2024 5493 appropinquant
2057 5439 2167 5497 om.
2195 5424 2348 5482 codd.
2426 5424 2447 5454 ³
2471 5423 2562 5477 ΔΕ
2593 5422 2780 5478 divinis
2809 5422 3158 5480 nominativis.
3232 5422 3257 5456 ‘
3282 5422 3378 5478 All
3406 5423 3612 5479 similis.
3690 5422 3836 5497 'qul

571 5495 851 5549 eminutus.

2085 5586 2335 5645 NOTAE.

648 5673 773 5729 ³111.
800 5676 932 5745 Reg.
970 5671 1107 5727 XIX.
1140 5672 1278 5727 Psal.
1304 5672 1384 5728 Cl.

2336 5678 2365 5717 ιι
2393 5675 2555 5731 Hebr.
2592 5676 2677 5730 IV.
