4142 6296
1721 363 1750 400 ‘1

354 433 481 492 1161

996 445 1240 510 YERSIO
1277 455 1562 516 OPERUM
1605 462 1660 519 S.
1703 461 2018 523 DIONYSII.
2048 497 2116 510 —
2149 469 2238 528 DE
2275 475 2521 535 DlVlNlS
2557 481 2948 546 NOMINIBUS.

3461 499 3589 554 “61

2219 527 2232 528 γ
2281 527 2338 529 κ-
2364 527 2518 535 ---ν-.-
2557 527 2948 546 -ενι-ιιιηυυιυο
3461 527 3589 554 1103

349 527 1076 603 magnaimmutabilitate,et
1091 546 1652 606 naturalicollocatum
1665 555 1920 614 societate
1947 558 1997 617 Α
2023 556 2128 612 lem
2162 578 2174 614 :
2211 561 2382 629 ipsum
2409 565 2430 596 ⁸
2461 582 2588 624 vero
2611 573 3012 632 similitudinem
3039 581 3364 638 venatricem
3392 585 3590 643 donare
3633 651 3640 664 ι

352 613 821 664 inlransmntnliiln
884 627 1156 664 ίιιρςιρηηιι.
1201 633 1489 664 πιθα-ιωμ
1547 642 1797 664 :_-u-__.
1858 663 1863 664 γ
2031 662 2042 664 -
2075 647 2088 664 ι
2443 657 2454 664 ·

352 613 842 690 intransmutabile,
884 627 1176 696 iucasualc,
1201 633 1508 702 inﬂexibile,
1545 642 1916 714 inalienatum,

349 717 540 770 purum
561 747 576 770 ,
607 709 957 772 immateriale
978 719 1018 784 ί,
1035 720 1514 796 simplicissimum,
1531 747 1636 787 non
1651 735 1918 806 indigens,

347 812 454 852 non
482 814 756 870 crescens,
781 823 886 862 non
915 811 1258 880 diminutum,
1292 837 1398 878 non
1421 827 1679 896 genitum,
1697 848 1802 888 non
1815 836 1916 901 sic,

347 903 451 943 non
495 897 764 960 quomodo
804 910 898 956 aut
945 903 1146 962 factum
1185 921 1278 966 aut
1307 913 1702 985 imperfectum,
1730 935 1824 981 aut
1846 897 1915 985 ab

341 976 444 1032 hoc
497 990 594 1036 aut
647 983 750 1040 hoc
799 1004 905 1046 non
953 992 1180 1060 factum,
1245 976 1399 1058 nullo
1439 1009 1598 1064 modo
1639 1027 1912 1084 nunquam

339 1081 601 1136 nusquam
645 1072 720 1140 ὅν,
763 1079 856 1132 sed
901 1084 1042 1138 sicut
1066 1101 1228 1144 omne
1265 1093 1562 1163 ingenitum
1588 1111 1644 1156 et
1671 1106 1914 1166 absolute

337 1155 660 1226 ingenitum,
695 1175 748 1220 et
775 1181 988 1240 semper
1025 1171 1108 1240 ὅν,
1131 1187 1186 1232 et
1217 1155 1390 1249 ipsuvm
1414 1187 1710 1255 perfectum
1739 1195 1794 1250 ὄν
1813 1237 1828 1262 ,
1857 1207 1913 1254 et

1237 1241 1250 1249 _
1414 1241 1913 1262 --μη

335 1241 566 1312 idipsum
610 1247 666 1304 ὅν
703 1267 800 1320 per
825 1257 1082 1328 seipsum,
1117 1273 1172 1318 et
1207 1272 1448 1340 aseipso
1481 1279 1822 1339 unilbrmiter
1857 1297 1914 1342 et

334 1332 747 1400 aequil'ormiter
773 1356 1140 1416 segregatum,
1163 1364 1220 1408 et
1249 1332 1478 1428 idipsnm
1501 1381 1567 1420 ex
1590 1370 1768 1440 seipso
1795 1388 1909 1428 om-

333 1420 494 1478 nibus
523 1429 834 1499 participari
861 1444 1178 1506 opportunis
1223 1420 1634 1524 superillucens,
1657 1420 1711 1517 et
1741 1466 1908 1523 altera

333 1510 518 1568 alteris
531 1530 876 1586 componens,
891 1530 1198 1598 magnitudo
1210 1545 1264 1592 et
1277 1553 1436 1598 causa
1449 1549 1708 1606 naturalis
1721 1551 1910 1610 immu-

333 1601 862 1666 tabilissocietatisin
883 1617 1084 1686 seipso,
1100 1631 1155 1676 et
1168 1632 1444 1686 contraria
1457 1633 1706 1694 similiter
1717 1656 1905 1712 super-

328 1691 572 1748 eminens
595 1700 886 1754 seeundum
915 1720 1074 1762 unam
1097 1713 1496 1784 etsingulat'em
1507 1725 1672 1782 totius
1685 1691 1904 1788 natura-.-

327 1778 390 1832 lis
406 1781 750 1844 immutabilis
765 1793 1046 1852 societatis
1061 1778 1546 1870 supereininentem
1559 1831 1798 1876 causam.
1815 1823 1902 1879 Al-

326 1878 498 1924 terum
515 1883 714 1942 autem,
730 1884 984 1948 quoniam
999 1893 1250 1950 oniiiibus
1260 1903 1480 1967 provide
1495 1906 1826 1980 Deus-adest,
1841 1925 1898 1972 et
1925 1887 1973 1948 Β

1260 1960 1276 1967 -
1547 1960 1564 1962 -
1579 1960 1592 1962 -
1609 1960 1634 1966 -
1653 1960 1826 1980 --"'v
1843 1960 1898 1972 ν’

323 1960 500 2016 omnia
523 1963 574 2016 in
583 1968 850 2028 omnibus.
859 1985 1080 2044 propter
1089 1985 1330 2040 onmium
1345 1991 1572 2050 salutem
1587 1999 1658 2054 sit
1679 2003 1898 2070 quidem

321 2044 393 2106 ἵν,
435 2064 508 2104 ex
537 2054 714 2124 seipso
747 2067 800 2112 et
844 2067 1064 2132 propria
1091 2075 1322 2128 naturali
1353 2044 1790 2148 immutabilit'ate
1815 2094 1898 2148 in-

318 2140 748 2198 conversibiliter
766 2161 862 2212 per
875 2157 1240 2218 operationem
1261 2179 1420 2220 unam
1441 2178 1498 2223 et
1517 2172 1896 2240 incessabilem

315 2235 487 2292 stans,
514 2239 568 2284 et
595 2235 827 2304 seipsum
853 2245 1136 2315 porrigens
1157 2250 1432 2312 inﬂexibili
1460 2263 1660 2323 virtute
1687 2235 1892 2329 ad

319 2317 622 2377 licationem
671 2343 1092 2404 conversorum,
1133 2351 1192 2398 et
1245 2347 1572 2412 alteritatem
1621 2364 1892 2422 variarum

321 2407 412 2462 Dei
441 2427 538 2479 per
562 2418 914 2480 multiformes
937 2428 1174 2488 visiones
1201 2436 1514 2510 ﬁgurarum,
1539 2449 1708 2508 altera
1731 2471 1894 2525 quae-

321 2499 441 2525 ,1.ι...
481 2503 691 2525 -.2-!I_!I-I
915 2515 925 2525 .
1158 2523 1168 2525 _

318 2499 442 2552 dam
481 2503 778 2566 visibilibus
813 2515 1094 2581 perlucens
1127 2523 1433 2594 signiﬁcem
1471 2499 1886 2602 aestimandum.

317 2587 595 2652 Quomodo
639 2598 820 2664 enim,
863 2603 907 2656 si
965 2609 1200 2666 animam
1245 2615 1414 2684 ipsam
1459 2631 1721 2696 corporali
1765 2651 1888 2704 spe.

317 2678 399 2704 n:.\
429 2680 561 2704 ...αξη
593 2683 765 2704 ,Μκνκ
844 2699 854 2704 -

315 2678 400 2730 cie
429 2680 564 2734 ratio
589 2683 878 2757 efﬁngeret,
927 2705 982 2750 et
1009 2710 1190 2767 partes
1223 2713 1534 2777 corporales
1557 2678 1888 2791 rimpartiliilli

313 2765 836 2844 circumplasmaret,
873 2782 1036 2840 aliter
1077 2791 1494 2865 intelligeremus
1533 2808 1585 2862 in
1629 2765 1744 2882 ipsa
1780 2819 1884 2873 cir-

312 2862 641 2928 cumpositas
661 2878 842 2936 partes
867 2874 1136 2946 impartibi
1145 2883 1178 2938 li
1187 2862 1455 2960 tati,quac
1475 2907 1558 2952 est
1586 2862 1882 2965 secundum

310 2947 546 3018 animam
569 2959 802 3025 proprie.
834 2963 896 3017 Et
917 2980 1077 3036 caput
1097 2976 1312 3043 quidem
1341 2984 1598 3056 animum,
1617 2997 1880 3056 cervicem

309 3044 493 3091 autem
539 3045 877 3128 opinionem,
925 3065 981 3109 ut
1013 3063 1186 3120 medio
1236 3067 1255 3096 ³
1305 3074 1530 3133 rationis
1563 3091 1618 3136 et
1661 3085 1880 3146 irratio-

308 3127 568 3197 nalitatis,
624 3127 812 3204 pectus
847 3160 974 3202 vero
1012 3149 1272 3224 furorem,
1301 3172 1540 3224 ventrem
1567 3182 1652 3230 ast
1683 3192 1880 3238 concu-

1258 3215 1271 3224 ,
1342 3215 1539 3224 ﬂ"
1567 3215 1652 3230 η,
1683 3215 1880 3238 νυηω-

306 3215 662 3288 piscentiam,
714 3244 874 3288 crura
915 3252 1130 3310 quoque
1163 3255 1218 3300 et
1257 3253 1420 3317 pedes
1448 3269 1696 3320 naturam
1736 3269 1880 3327 dice-

303 3323 510 3378 remus,
549 3319 782 3382 partium
815 3329 1120 3390 nominibus
1145 3338 1404 3398 virtutum
1439 3351 1696 3419 symbolis
1722 3371 1878 3417 uten-

303 3398 438 3419 nfl_._—
511 3403 557 3419 ¹¹
601 3407 632 3419 ¹-
847 3417 856 3419 “

1441 3398 1490 3419 -J
1507 3398 1696 3411 --—wvuu
1723 3398 1870 3417 ulhll'

299 3398 461 3456 tibus.
507 3403 673 3462 Multo
715 3417 888 3484 magis
925 3420 979 3474 in
1007 3428 1248 3484 omnium
1295 3449 1504 3494 summa
1545 3445 1870 3508 alteritatem

299 3485 458 3508 ,μω
705 3499 728 3508 -

297 3485 590 3548 formarum
619 3509 674 3553 et
697 3499 994 3570 ﬁgurarum
1021 3517 1196 3572 sacris
1218 3529 1273 3572 et
1317 3524 1481 3572 divini

294 3581 730 3648 replieationibus
764 3597 974 3656 solvere
1021 3617 1251 3674 oportet.
1295 3615 1362 3670 Et
1395 3581 1700 3682 consiliumJ
1725 3633 1866 3692 trina

291 3682 577 3740 corporum
609 3681 884 3741 schemata
917 3689 1120 3750 intacto
1147 3708 1202 3752 et
1233 3717 1340 3757 non
1369 3706 1599 3778 figurato
1623 3681 1734 3774 Deo
1757 3681 1864 3777 cir:

292 3763 602 3834 cutnligavit
646 3785 659 3822 :
709 3774 1044 3838 latitudinem
1085 3789 1298 3854 quidem
1350 3763 1586 3856 ait"...
1637 3807 1868 3872 dicendo

1103 3851 1114 3854 _
1638 3851 1866 3872 ...-.......,

290 3851 774 3918 superlatissimam
825 3868 876 3920 in
906 3875 1084 3928 omnia
1119 3877 1210 3934 Dei
1263 3892 1690 3959 processionem,
1745 3900 1866 3956 lon-

291 3937 488 3959 ...ξι--.19η

1263 3937 1276 3951 _
1337 3937 1690 3959 c_-,___--.-...,
1745 3937 1856 3956 ω..-

288 3937 586 4006 gitudinem
611 3963 740 4004 vero
774 3969 1208 4025 super-extentam
1247 3971 1300 4024 in
1351 3978 1532 4032 omnia
1559 3983 1814 4042 virtutem
1841 4009 1856 4043 :

285 4025 612 4093 Pr0fllndttm
664 4049 788 4106 ast,
841 4049 1090 4108 omnibus
1135 4058 1490 4122 existentibus
1553 4069 1858 4142 incompre-

286 4116 598 4142 I.-...-:I.:I-c_
704 4129 714 4142 ι
869 4136 879 4142 .

285 4116 603 4177 hensihilem
665 4129 1052 4195 obscuritatem
1110 4154 1164 4200 et
1221 4147 1597 4214 ignorantiam.
1639 4116 1766 4216 Sedr
1795 4174 1856 4218 ut

281 4208 416 4262 nihil
449 4211 612 4270 lateat
658 4224 903 4304 nosipsos
937 4245 1004 4286 ex
1033 4208 1323 4293 alter-arum
1367 4243 1658 4313 ﬁgurarum
1688 4262 1742 4307 et
1773 4256 1854 4310 in-

280 4297 532 4360 feralium
563 4295 934 4388 replicatione,
963 4337 1058 4378 eas
1079 4327 1296 4395 quidem
1325 4332 1689 4406 incorporales
1715 4345 1850 4399 divi-

277 4397 790 4460 msnominationes
817 4407 922 4476 his,
953 4427 1092 4482 quae
1116 4427 1240 4478 sunt
1265 4435 1361 4489 per
1396 4397 1638 4495 symbola
1675 4437 1849 4490 sensi-

2022 647 2088 702 ad
2123 665 2182 706 se
2207 657 2506 722 conversis,
2551 677 2617 716 ea
2657 669 2952 723 secundum
2997 671 3250 727 virtutem
3303 678 3596 734 medietate
3628 671 3646 762 ἰ

2017 749 2224 805 eorum,
2257 756 2395 810 quae
2425 757 2552 802 sunt
2587 763 2749 822 super
2769 771 2980 812 omnem
3017 770 3074 814 et
3111 763 3368 818 visionem
3405 775 3459 819 et
3505 781 3588 822 ra-'
3639 749 3652 840 ί

2017 824 2242 890 tionem.
2283 830 2352 886 Et
2395 848 2478 890 est
2527 839 2740 897 divinae
2767 845 3134 902 similitudinis
3181 851 3375 918 virtus,
3417 855 3586 910 adve-
3647 849 3654 874 ⁷

2017 912 2218 998 nientia
2249 923 2431 978 omnia
2475 928 2541 982 ad
2576 933 2794 988 eausale
2837 947 3181 996 convertens.
3235 942 3382 1000 llaec
3427 945 3590 1012 igitur

2015 995 2298 1062 dicendum
2335 1011 2536 1072 similia
2585 1018 2712 1085 Deo,
2758 1031 2812 1076 et
2841 1029 3135 1082 secundum
3165 995 3400 1088 divinam
3427 995 3588 1092 ima-

2013 1091 2190 1159 ginem
2229 1105 2284 1152 et
2309 1099 2736 1164 similitudinem.
2771 1111 2884 1166 Non
2915 1117 3060 1170 enim
3085 1119 3214 1187 ipsis
3243 1123 3408 1177 Deum
3437 1126 3590 1182 simi-

2011 1181 2136 1248 lem,
2167 1187 2294 1254 quia
2329 1205 2506 1262 neque
2537 1197 2698 1255 homo
2723 1205 2972 1272 propriae
3021 1208 3239 1278 imagini
3279 1215 3487 1270 similis.
3527 1215 3588 1273 In

2011 1285 2196 1342 aeque.
2210 1283 2522 1346 potentibus
2545 1287 2688 1342 enim
2714 1294 2970 1358 possibile
2989 1312 3128 1362 esse,
3153 1302 3584 1363 et’similiaehaec

2009 1361 2151 1426 inter
2183 1381 2401 1438 scesse,
2444 1383 2500 1430 et
2540 1382 2780 1435 converti
2827 1384 2881 1438 in
2915 1387 3228 1444 alterutram
3277 1394 3584 1452 similitudi~

2009 1466 2130 1516 nem
2166 1454 2206 1519 ⁸,
2235 1465 2291 1512 et
2319 1473 2438 1516 esse
2467 1467 2626 1522 ambo
2655 1469 2756 1524 sibi
2785 1472 3012 1532 invicem
3039 1479 3259 1547 similia,
3287 1487 3582 1542 secundum

2006 1546 2414 1608 praecedentem
2441 1553 2638 1612 similis
2681 1563 2916 1630 speciem
2953 1569 3048 1622 :in
3085 1573 3288 1627 causali
3321 1584 3500 1632 autem
3528 1589 3584 1634 et

2006 1635 2294 1694 causativis
2323 1653 2430 1695 non
2460 1645 2748 1714 recipimus
2769 1654 3267 1724 reciprocationem.
3289 1665 3406 1719 Non
3434 1669 3578 1722 enim

2004 1721 2176 1777 solum
2223 1726 2308 1784 his
2357 1740 2449 1785 ant
2491 1735 2574 1790 his
2607 1737 2782 1796 simile
2828 1721 2948 1801 esse
3003 1749 3284 1806 donatur:
3329 1757 3582 1814 omnibus
3655 1746 3661 1758 ’

2002 1820 2186 1872 autem
2211 1817 2616 1880 similitudinem
2643 1828 2664 1858 ‘
2677 1833 3124 1903 participantibus
3139 1846 3358 1898 essendi
3385 1847 3580 1902 simili-

2001 1901 2098 1958 bus
2119 1903 2262 1962 Deus
2285 1922 2450 1966 causa
2479 1912 2557 1980 lit,
2591 1925 2646 1972 et
2671 1930 2754 1974 est
2781 1931 2838 1976 et
2869 1901 2982 1994 ipsa
3007 1945 3102 1998 per
3129 1934 3362 2002 seipsam
3391 1937 3578 1992 simili-

2005 1991 2201 2047 tudinis
2239 1998 2598 2070 substitutrix,
2645 2018 2701 2062 et
2741 2009 2792 2064 in
2839 1991 3086 2074 omnibus
3133 1991 3306 2079 simile
3350 2028 3586 2097 vestigio

1998 2085 2232 2150 quodam
2261 2087 2475 2148 divinae
2500 2095 2870 2157 similitudinis
2893 2106 3070 2163 simile
3097 2119 3200 2176 est,
3234 2123 3288 2168 et
3313 2085 3574 2172 thatem

1995 2187 2180 2230 eorum
2225 2173 2475 2250 complet.
2531 2186 2596 2240 Et
2649 2191 2777 2258 quid
2831 2207 3048 2264 oportet
3089 2201 3158 2256 de
3187 2173 3306 2259 hoc
3353 2205 3576 2264 dicere?

1995 2266 2110 2338 Ipsa
2131 2271 2274 2326 enim
2301 2275 2562 2348 theologia
2585 2281 2900 2342 dissimilem
2923 2305 3046 2346 eum
3067 2308 3188 2350 esse
3208 2299 3492 2369 praecipit,
3515 2311 3574 2357 et

1992 2360 2242 2418 omnibus
2277 2363 2706 2438 incompactum,
2759 2385 2815 2430 ut
2862 2379 2882 2411 "
2923 2382 3172 2440 omnibus
3205 2386 3436 2443 alterum
3471 2408 3486 2448 :
3515 2401 3574 2448 et

1993 2453 2133 2518 quod
2169 2463 2252 2510 est
2275 2457 2597 2528 mirabilius,
2641 2467 2766 2536 quia
2797 2469 2928 2524 nihil
2971 2489 3090 2530 esse
3129 2478 3303 2535 simile
3332 2481 3380 2536 ei
3416 2482 3567 2538 dicit.

1993 2539 2058 2592 Et
2091 2541 2307 2609 quidem
2347 2561 2454 2602 non
2483 2560 2566 2604 est
2593 2559 2865 2613 contraria
2897 2565 3035 2616 ratio
3061 2565 3128 2619 ad
3175 2567 3346 2637 ipsum
3377 2573 3570 2628 simili-

1995 2631 2182 2686 tudini.
2223 2633 2418 2690 Eadem
2463 2642 2606 2696 enim
2643 2653 2698 2698 et
2739 2647 2934 2703 similia
2961 2652 3091 2720 Deo,
3133 2631 3504 2716 et-dissimilla
3549 2683 3561 2718 :

1989 2723 2116 2782 illud
2165 2729 2384 2798 quidem
2413 2737 2708 2792 secundum
2733 2752 3010 2812 acceptam
3038 2747 3206 2816 ipsius
3231 2751 3564 2810 inimitabili's

1989 2819 2379 2890 imitationem,
2433 2829 2535 2885 hoc
2571 2847 2704 2890 vero
2733 2839 3022 2895 secundum
3063 2843 3372 2900 distantiam
3429 2864 3558 2904 cau-

1987 2911 2278 2968 sativorum
2301 2931 2331 2968 a
2355 2920 2580 2985 causali,
2609 2931 2678 2977 et'
2695 2929 2962 2984 mensuris
2985 2933 3176 2988 multis
3197 2939 3558 3008 et-incompa-i

1986 3000 2266 3057 rabilibus.
2301 3003 2584 3076 Reliquum
2629 3024 2832 3082 autem,
2861 3028 2914 3072 et
2943 3019 3010 3074 de
3049 3022 3232 3078 divino
3263 3033 3407 3081 statu
3444 3000 3558 3083 sive

1983 3089 2111 3143 sede
2137 3089 2397 3146 dicamus.
2453 3096 2592 3162 Quid
2641 3111 2818 3158 autem
2864 3105 3028 3174 aliud,
3075 3121 3294 3179 praeter
3337 3131 3556 3172 manere

1908 3229 1951 3290 C
1983 3179 2156 3247 ipsum
2189 3183 2242 3236 in
2269 3184 2444 3254 seipso
2473 3187 2662 3254 Deum,
2701 3202 2754 3246 et
2779 3195 3037 3253 immobili
3079 3204 3310 3258 naturali
3359 3207 3552 3262 immn-

1985 3271 2244 3329 tabilitate
2319 3277 2574 3334 unimode
2633 3273 2797 3338 ﬁxum
2845 3303 2986 3354 esse,
3037 3301 3092 3345 et
3137 3297 3554 3362 supercollocari

1979 3363 2276 3418 secundum
2306 3368 2516 3435 eadem,
2545 3383 2598 3425 et
2625 3375 2770 3430 circa
2795 3378 3024 3449 idipsnm
3053 3392 3108 3438 et
3137 3387 3386 3442 similiter
3415 3405 3548 3460 opeo'

1976 3453 2106 3516 rari,
2153 3464 2202 3509 et
2241 3462 2536 3516 secundum
2587 3467 2992 3527 stabilissimum
3047 3475 3218 3543 ipsum
3273 3493 3338 3535 ex
3371 3481 3550 3552 seipso

1971 3544 2282 3600 omnimodo
2347 3552 2682 3620 subsistere,
2731 3566 2786 3612 et
2833 3565 3128 3618 secundum
3185 3566 3414 3636 idipsum
3453 3544 3544 3624 in-

1971 3639 2456 3705 transmutabilem,
2503 3651 2558 3698 et
2605 3646 2982 3706 universaliter
3033 3654 3439 3724 immutabilem,
3492 3671 3548 3716 et

1967 3718 2103 3776 haec
2157 3731 2702 3794 superessentialiter.
2743 3735 2954 3794 Etenim
3011 3741 3126 3812 ipse
3173 3753 3258 3800 est
3299 3749 3546 3804 omnium

1966 3811 2216 3870 stationis
2257 3827 2314 3872 et
2354 3821 2748 3881 aediﬁcationis
2786 3811 3041 3896 causalis,
3111 3837 3201 3902 qui
3248 3847 3332 3892 est
3377 3855 3542 3910 super

1963 3910 2176 3954 omnem
2225 3905 2656 3965 aedificationem
2697 3923 2756 3966 et
2805 3919 3136 3986 stationem,
3187 3933 3240 3978 ct
3277 3927 3329 3981 in
3365 3931 3542 3999 seipso

1963 3987 2141 4039 omnia
2171 3994 2452 4050 constituit
2501 4015 2564 4054 ex
2623 4007 2962 4072 propriorum
3015 4011 3278 4068 honorum
3307 4019 3538 4072 sta-tione

1961 4073 2252 4132 immobilia
2285 4089 2340 4134 et
2372 4088 2658 4143 custodita.
2689 4091 2826 4156 Quid
2864 4105 3044 4150 autem
3085 4109 3141 4152 et
3175 4116 3298 4156 cum
3339 4103 3538 4158 iterum

1959 4163 2190 4236 theologi
2224 4177 2282 4224 et
2319 4172 2370 4226 in
2405 4177 2588 4232 omnia
2627 4185 3028 4250 provenientem
3053 4229 3067 4252 ,
3121 4199 3174 4244 et
3216 4195 3538 4250 mutabilem

1957 4252 2142 4309 dicunt
2169 4257 2598 4320 immutabilem?
2627 4267 2816 4326 Nonne
2855 4274 3116 4332 divinitus
3145 4287 3198 4334 et
3240 4280 3544 4338 hoc-inte]:

1953 4342 2266 4413 ligendum?
2320 4351 2520 4409 Moveri
2575 4359 2720 4414 cnim
2771 4363 2944 4432 ipsum
2995 4368 3084 4436 pie
3131 4371 3524 4440 arbitrandum,

1952 4451 2056 4490 non
2088 4443 2380 4499 secundum
2405 4446 2748 4518 delationem,
2783 4463 2873 4509 aut
2893 4457 3293 4528 alienationem,
3325 4474 3418 4519 aut
3445 4467 3522 4520 al-

275 4478 443 4546 bilia.
492 4491 1250 4577 commiscentes:propterea
1297 4513 1363 4568 de
1414 4517 1498 4574 his
1529 4522 1744 4588 quidem
1793 4529 1846 4586 in

275 4572 566 4632 symbolice
597 4580 875 4632 1118010σῖΩῄ
911 4589 1063 4632 Νηηιι
1091 4613 1222 4632 νει-ιη
1259 4603 1358 4632 Ιηυ.
1390 4606 1618 4632 ,ηυξ--.μ
1667 4615 1734 4632 ,1.
1808 4621 1819 4632 .
1876 4609 1879 4616 ·

1979 4478 2056 4490 .ν..
2088 4478 2380 4499 gum-mum
2405 4478 2748 4518 ucmuuucm,
2783 4478 2873 4509 aut
2893 4478 3293 4528 alienationem,
3325 4478 3418 4519 aut
3445 4478 3522 4520 at-

1979 4531 2336 4599 ernationem,
2364 4545 2454 4590 aut
2475 4543 2906 4612 conversionem,
2935 4549 3266 4606 autlocalem
3297 4565 3521 4622 motum,
3579 4623 3592 4632 η

273 4572 566 4637 symbolica
597 4580 877 4657 theologia.
911 4589 1065 4651 Nunc
1091 4613 1222 4656 vero
1257 4603 1358 4658 hoc
1387 4606 1622 4666 divinam
1645 4615 1842 4673 alteri-

272 4665 461 4728 tatem,
491 4681 602 4721 non.
623 4671 1002 4737 alienationem
1047 4691 1316 4755 quandam
1346 4699 1844 4765 superinconversi-

265 4747 390 4805 bilis
435 4755 898 4837 immntabilisque
943 4780 1208 4835 naturalis
1269 4789 1545 4846 societatis
1591 4798 1838 4866 suspica-

265 4837 448 4866 I.:....-..
501 4851 590 4866 --ι
659 4854 670 4864 ·
789 4857 802 4866 “
932 4862 943 4866 ·

265 4837 467 4939 bimur,
497 4851 590 4904 sed
625 4854 902 4926 singulare
930 4862 1100 4931 ipsius
1131 4837 1840 4944 multiple-nterunil'olrmes

265 4927 319 4980 in
348 4936 526 4990 omnia
557 4943 758 5000 multae
787 4947 1133 5012 fecunditatis
1155 4964 1546 5028 processiones.
1592 4971 1848 5034 Similem!

263 5027 444 5121 autem
485 5027 677 5098 Deum,
733 5039 1000 5110 siquidem
1049 5027 1214 5105 unum
1265 5063 1322 5109 et
1365 5055 1598 5128 idip8um
1639 5066 1840 5124 dixerit

260 5109 404 5176 quis,
433 5114 574 5172 sicut
599 5131 769 5180 totum
794 5109 891 5198 per
922 5145 1094 5192 totum
1124 5141 1176 5195 in
1201 5145 1380 5215 seipso
1402 5109 1753 5220 singulariter
1783 5169 1834 5214 et

1283 5198 1370 5215 Γ,
1403 5198 1740 5220 ----ο-..-..-.,.
1783 5198 1832 5214 ...

257 5198 534 5266 impartite
597 5215 920 5276 existentem
983 5228 1256 5298 similem,
1311 5249 1416 5290 non
1476 5247 1832 5308 spernendum

257 5291 420 5347 nobis
467 5299 662 5358 similis
697 5307 940 5368 divinum
973 5321 1312 5377 vocabulum.
1359 5325 1608 5400 Thcologi
1655 5347 1836 5393 autem

251 5395 414 5451 super
431 5393 608 5446 omnia
641 5397 827 5466 Deum,
850 5415 940 5460 aut
965 5408 1136 5477 ipsum
1165 5411 1186 5443 ³
1209 5414 1336 5468 nulli
1362 5418 1510 5475 aiunt
1533 5435 1652 5477 esse
1673 5429 1822 5482 simi-

1951 4631 2057 4670 non
2087 4629 2312 4688 rectum,
2341 4639 2450 4680 non
2481 4629 2822 4688 circulariter
2855 4635 3137 4705 ferentem,
3177 4657 3288 4698 non
3313 4659 3380 4700 ex
3408 4663 3522 4700 amo

1949 4706 2142 4770 bobus,
2163 4723 2270 4765 non
2297 4711 2706 4785 intelligibilem,
2741 4737 2846 4777 non
2888 4727 3198 4795 animalem,
3231 4747 3336 4788 non
3367 4745 3526 4790 natu-

1950 4789 2268 4864 ralem,'scd
2291 4803 2344 4858 in
2380 4809 2670 4864 essentiam
2707 4813 2904 4871 ducere
2935 4818 3122 4888 Deum,
3161 4832 3216 4876 et
3244 4828 3530 4884 continere

1943 4887 2146 4953 omnia,
2199 4897 2253 4944 et
2299 4895 2678 4954 universaliter
2723 4907 2972 4962 omnibus
3011 4912 3313 4979 providere,
3341 4923 3396 4970 et
3425 4922 3520 4973 ad-

1943 4991 2064 5032 esse
2114 4981 2364 5037 omnibus
2422 4984 2442 5015 ⁸
2507 4991 2753 5050 omnium
2803 4995 3250 5056 immensumbiliv
3285 5005 3535 5060 circum;

1941 5067 2155 5130 stantia,
2184 5077 2239 5122 et
2261 5069 2312 5122 in
2346 5073 2635 5132 existentia
2659 5082 2838 5134 omnia
2883 5087 3128 5150 providis
3151 5087 3512 5156 processioni-

1937 5159 2038 5214 bus
2061 5171 2116 5214 et
2145 5167 2568 5232 Operationibus.
2603 5171 2708 5228 Sed
2737 5184 2810 5228 et.
2837 5187 3018 5233 motus
3054 5179 3220 5235 ’θυιξὶ
3257 5183 3512 5239 innnula-

1939 5251 2060 5308 bilis
2089 5253 2131 5284 '°
2155 5255 2418 5313 divinitus
2461 5264 2669 5317 ratione
2697 5270 3124 5326 -conceilendum
3166 5271 3406 5329 laudare.
3449 5277 3524 5332 Et

1936 5351 2118 5398 rectus
2131 5346 2702 5414 .quidem‘inﬂexibilis
2729 5355 3130 5428 intelligendus,
3161 5371 3214 5418 ct
3245 5364 3513 5421 irrevoca-

1932 5433 2054 5490 bilis
2112 5440 2388 5505 processio
2433 5444 2826 5512 operationum,
2880 5459 2933 5502 et
2989 5466 3055 5506 ex
3105 5453 3218 5522 ipso
3271 5457 3510 5512 omnium
3569 5485 3580 5530 ς

1532 5535 1612 5591 νει
1621 5537 1780 5596 lllAE
1815 5541 2208 5600 LECTIONES.

322 5610 334 5639 ¹
369 5613 653 5694 inﬂexibile
681 5653 749 5662 —-—
783 5628 1125 5688 immateriale
1151 5651 1256 5690 om.
1283 5639 1387 5694 Bll.

244 5677 494 5746 lii'mliiic;
606 5692 940 5764 inﬁniterutm
975 5704 1328 5764 similitudine.

243 5761 454 5805 motum.
535 5759 577 5788 ¹⁰
609 5763 694 5816 li"
724 5766 1042 5826 immutabili.

1493 5647 1510 5673 ’
1549 5647 1638 5700 ΛΕ
1667 5655 1726 5701 ιιι
1748 5649 1799 5702 in
1833 5653 2025 5708 medio.

1417 5713 1436 5742 "
1463 5715 1557 5768 ’ΛΕ
1591 5719 1946 5778 similitudine.

2105 5653 2126 5725 ἓ
2161 5656 2250 5708 ΑΒ
2279 5660 2404 5725 ipse.

2487 5661 2504 5691 ⁸
2543 5663 2833 5730 Εηίρεαηι-
2924 5669 2944 5703 ⁸
2979 5673 3024 5728 Α
3065 5674 3114 5729 in
3141 5675 3330 5731 altiora
3359 5683 3506 5734 simi-

2037 5723 2240 5777 'Ert.

2330 5732 2351 5762 ⁸
2383 5734 2650 5798 providere
2675 5767 2742 5777 --
2767 5741 3002 5796 omnibus
3029 5760 3136 5800 om.
3169 5746 3276 5800 Bll.
3354 5732 3500 5806 ’ΒΗ
