4142 6296
600 413 739 477 1165
1942 410 2199 468 ῘΟΑΝΝΙΕ

2295 406 2453 463 COTI
3709 400 3874 456 “6!

597 525 871 597 generatio
893 523 1215 579 :elicoeidcs
1241 539 1388 589 vero,
1420 526 1470 580 id
1496 533 1579 581 est
1605 525 1874 596 obliquus,
1905 525 2174 581 stateralis
2204 528 2248 584 Α
2278 524 2398 577 nire
2443 523 2708 576 docente:
2746 527 2859 583 aut,
2897 517 3215 572 utdivinus
3248 524 3431 570 noster
3473 528 3632 570 sacer
3671 516 3875 584 perfe—

599 613 873 684 processio
907 622 962 668 et
989 611 1183 669 fertilis
1226 622 1417 671 status.
1449 614 1603 681 Quod
1639 624 1819 670 autem
1873 617 2168 673 secundum
2272 624 2392 669 ctor
2443 613 2539 676 ait,
2570 620 2798 680 utroque
2840 608 3215 676 antiquitatem
3246 606 3481 661 divinam
3511 605 3869 672 declamante,

600 703 832 772 cyclum,
865 701 1094 771 idipsum
1126 712 1182 756 et
1208 704 1383 758 media
1424 712 1478 758 et
1509 712 1750 759 extrema
1803 705 2088 760 continens
2114 713 2170 759 et
2270 705 2489 762 seniore
2523 703 2762 774 quidem,
2806 700 2948 769 quod
2978 698 3210 770 primum
3238 697 3291 751 in
3316 705 3580 766 tempore,
3631 695 3875 763 iuniori:

600 792 922 847 continenda
963 794 1260 857 continere,
1297 795 1439 849 etin
1490 795 1662 864 ipsum
1702 795 1769 849 ab
1817 796 1934 865 ipso
1981 809 2170 866 perve-
2273 809 2434 859 vero,
2491 791 2635 862 quod
2690 789 2984 845 secundum
3051 798 3340 841 numerum
3401 794 3489 838 est
3548 785 3868 853 antiquius,

600 882 860 941 nieutium
876 884 1175 938 conversio.
1198 882 1256 937 Si
1271 891 1449 937 autem
1471 885 1593 952 quis
1612 884 1923 939 similiterin
1945 885 2173 955 eloquiis
2273 885 2532 948 habente,
2576 878 2833 950 quoniam
2872 876 3075 941 unitas,
3114 883 3171 930 et
3203 889 3344 943 quae
3384 882 3510 927 sunt
3548 873 3697 927 circa
3735 877 3872 927 uui—

599 975 772 1044 ipsam
792 972 1037 1041 justitiae
1058 972 1725 1029 divimm'nominationem
1754 975 1806 1028 in
1827 989 2000 1047 aequo
2033 977 2175 1032 acci-

602 1064 735 1131 piat,
753 1063 1060 1128 dicendum,
1082 1078 1310 1132 aequum
1324 1065 1513 1130 Deum,
1534 1080 1639 1119 non
1654 1064 1824 1120 solum
1846 1066 1898 1120 in
1922 1080 2026 1121 non
2047 1083 2173 1138 par-

604 1156 757 1210 titam
770 1154 1382 1225 etimprebensibilem,
1396 1158 1671 1213 sed-etiam
1683 1167 1740 1212 ut
1751 1160 1802 1212 in
1816 1160 1999 1214 omnia”
2011 1170 2064 1215 et
2081 1174 2177 1230 per

603 1249 782 1307 omnia
806 1262 872 1303 ex
902 1250 1175 1319 aequitate
1198 1252 1619 1318 pervenientem,
1650 1260 1704 1306 et
1728 1260 1785 1305 ut
1824 1264 1919 1320 per
1946 1251 2177 1321 seipsam

602 1336 943 1404 aequalitatis
979 1337 1405 1403 substitutos-em,
1448 1339 1605 1409 juxta
1635 1356 1796 1409 quam
1828 1354 2002 1411 aeque
2045 1356 2177 1411 ope—

605 1433 757 1485 ratur
783 1441 881 1495 per
913 1440 975 1483 se
1010 1428 1240 1484 invicem
1268 1430 1507 1484 omnium
1536 1429 1766 1485 similem
1802 1431 2179 1500 capacitatem,

604 1524 660 1571 et
687 1516 1069 1585 accipientium
1090 1531 1156 1572 ex
1181 1520 1452 1587 aequitate
1474 1520 1967 1590 participationem,
1990 1534 2181 1575 secun-

605 1608 730 1661 dum
800 1606 1133 1675 singulorum
1193 1610 1644 1679 opportunitatem
1671 1651 1685 1675 ,
1743 1620 1800 1664 et
1855 1611 2180 1681 aequitatem

603 1699 909 1755 secundum
922 1700 1263 1770 dignitatem,
1276 1702 1394 1756 etin
1408 1703 1588 1757 omnia
1613 1702 1955 1757 distributum
1975 1702 2181 1769 datum,

602 1797 661 1843 et
693 1804 793 1858 per
824 1792 1004 1847 omnia
1048 1794 1428 1864 aequalitatem
1470 1794 1814 1859 invisibilem,
1843 1793 2180 1849 intellectua-

2276 981 2467 1039 tatem,
2500 973 2556 1026 in
2598 969 2829 1025 multum
2869 965 3331 1038 progredientiqu
3369 976 3721 1020 numerorum
3762 979 3870 1020 an—

2234 1063 2498 1134 ~tiquior.
2537 1061 2761 1133 Oportet
2795 1066 2995 1122 autem,
3046 1063 3105 1110 ut
3156 1055 3413 1119 arbitror,
3467 1054 3758 1124 temporis,
3803 1063 3865 1109 et

2277 1153 2486 1209 aeterni
2515 1159 2765 1207 neutram
2792 1162 2858 1204 ex
2883 1146 3112 1215 eloquiis
3136 1143 3297 1200 scire.
3336 1142 3550 1198 Etenim
3579 1159 3689 1198 non
3717 1157 3864 1211 quae

2278 1253 2408 1299 sunt
2449 1241 2671 1298 omnino
2707 1247 2762 1294 et
2807 1236 3054 1293 absolute
3088 1234 3329 1303 ingenita
3355 1242 3414 1289 et
3451 1247 3583 1289 vere
3612 1241 3861 1294 aeterna,

2279 1336 2482 1404 ubique
2549 1333 2701 1388 aiunt
2756 1338 2996 1393 aeterna,
3062 1335 3120 1382 et
3158 1325 3628 1395 incorruptibilia,
3668 1335 3724 1380 et
3760 1325 3863 1379 im-

2281 1422 2551 1486 mortalia,
2609 1428 2664 1475 et
2725 1417 3022 1474 immobilia
3052 1457 3067 1482 ,
3120 1425 3176 1472 et
3233 1414 3522 1469 existentia
3581 1414 3863 1480 similiter,

2282 1515 2553 1587 quomodo
2594 1510 2880 1567 existentia
2927 1508 3071 1563 dicta
3109 1513 3237 1563 sum
3277 1522 3292 1560 :
3338 1503 3631 1559 Elevamim'
3680 1514 3867 1573 portae

2284 1601 2570 1660 «uernale:
2607 1614 2656 1666 ο,
2694 1609 2753 1655 et
2786 1597 3007 1655 similia.
3056 1596 3231 1666 Saepe
3262 1604 3442 1651 autem
3488 1605 3545 1650 et
3596 1596 3867 1666 antiquis-

2283 1696 2421 1751 sima
2491 1693 2698 1748 aeterni
2756 1688 3226 1761 cognominatione
3295 1686 3750 1752 characterizaut,
3810 1696 3869 1741 et

2286 1792 2458 1839 totum
2492 1795 2684 1836 verum
2711 1788 2820 1844 est,
2860 1777 3077 1849 quando
3127 1775 3422 1832 secundum
3461 1790 3563 1829 nos
3603 1774 3868 1844 temporis

604 1882 739 1946 lem,
762 1882 1097 1949 rationalem,
1122 1858 1449 1949 sensualem,
1469 1858 1830 1950 essentialem,
1856 1884 2179 1947 naturalem,
2211 1858 2257 1918 Β
2283 1881 2486 1930 statum
2537 1878 2819 1926 aeternum
2871 1866 3144 1938 appellant
3169 1904 3185 1930 ,
3246 1871 3507 1933 quantum
3559 1863 3872 1932 proprietas

604 1971 966 2028 voluntariam
1006 1976 1025 2007 ⁸
1061 1975 1386 2031 excellenter
1427 1983 1483 2030 et
1514 1976 1891 2031 universaliter
1922 1976 1973 2030 in
2005 1976 2183 2044 seipse

607 2059 974 2128 anticipando.
1011 2063 1304 2118 secundm
1337 2078 1500 2133 super
1528 2065 1710 2119 omnia
1758 2064 1921 2119 totius
1946 2063 2185 2134 aequali-

610 2149 741 2206 tatis
770 2148 1047 2207 fautricem
1081 2152 1361 2209 virtutem.

1141 2280 1538 2341 CAPITULUM
1575 2283 1645 2340 Χ.

681 2390 760 2447 De
795 2393 1155 2464 omnipotente,
1198 2395 1410 2465 antiquo
1438 2397 1685 2465 dierum,
1733 2397 1788 2449 in
1825 2412 1925 2467 quo
1959 2405 2008 2450 et
2054 2396 2119 2449 de

1103 2473 1396 2541 aeterno‘et
1458 2475 1703 2534 tempore.
1746 2536 1749 2537 ν

682 2596 830 2663 Hera
858 2606 1041 2655 autem
1068 2604 1184 2661 est,
1226 2611 1474 2652 sermone
1519 2597 1869 2653 multivocum
1921 2596 2087 2652 Deum
2134 2606 2192 2652 ut

613 2688 1069 2759 omnipotentem,
1095 2694 1152 2741 et
1182 2693 1242 2743 nt
1270 2688 1548 2755 antiquum
1577 2687 1785 2743 dierum
1814 2686 2055 2740 laudare.
2082 2686 2194 2741 Hoc

502 2770 511 2773 ’
615 2778 836 2850 quidem
879 2777 1029 2833 enim
1070 2777 1298 2843 dicitur,
1338 2786 1565 2847 propter
1600 2779 1750 2847 quod
1802 2778 2040 2834 enmiqu
2082 2778 2197 2847 ipse

619 2869 697 2931 sit
734 2869 1078 2940 omnipotens
1106 2866 1410 2924 aediﬁcatio
1434 2906 1453 2934 ,
1511 2867 1795 2929 continens
1837 2875 1892 2923 et
1952 2868 2198 2923 ambiens

2284 1960 2494 2018 aeterni
2525 1967 2609 2015 est
2660 1957 2940 2026 antiquum
2986 1962 3042 2011 et
3083 1951 3417 2009 immutabile
3453 1960 3511 2006 et
3555 1949 3874 2005 universale

2284 2067 2406 2109 esse
2446 2050 2719 2107 metiendo
2740 2049 2783 2101 ι.
2824 2047 3061 2116 Tempus
3101 2053 3280 2099 autem
3316 2051 3507 2099 vocant
3542 2041 3598 2096 in
3626 2055 3867 2110 genera-

2285 2142 2430 2197 tione
2466 2150 2523 2195 et
2551 2138 2903 2209 corruptione
2930 2144 2985 2190 et
3026 2129 3404 2196 mutabilitate,
3434 2138 3486 2186 et
3518 2130 3663 2184 aliud
3692 2129 3877 2184 aliter

2285 2232 2515 2289 habens.
2558 2228 2794 2285 Proinle
2815 2234 2872 2283 et
2916 2238 3015 2281 nos
3054 2223 3146 2280 hic
3184 2220 3463 2278 secundum
3503 2226 3711 2287 tempus
3747 2225 3869 2270 ter-

2288 2321 2572 2379 minandes
2611 2317 2822 2374 aeterni
2882 2313 3354 2386 participationem
3397 2308 3662 2378 theologia
3700 2307 3867 2369 dicit,

2290 2429 2413 2469 cum
2440 2408 2850 2479 incorruptibile
2879 2415 2934 2463 et
2960 2419 3176 2475 semper
3229 2403 3390 2458 sicsic
3430 2401 3657 2465 habens,
3684 2408 3867 2453 aeter-

2291 2520 2421 2561 num
2468 2500 2840 2571 intelligimus.
2871 2496 3114 2568 Elequiis
3159 2509 3288 2549 vero
3315 2500 3418 2557 est,
3461 2489 3679 2561 quando
3709 2495 3765 2541 et
3810 2486 3864 2539 in

2293 2594 2626 2665 temporibus
2694 2598 2975 2646 aeternum
3040 2584 3409 2658 gloriﬁcatur,
3469 2590 3525 2636 et
3584 2587 3865 2634 aeternum

2294 2694 2525 2755 tempus,
2567 2690 2624 2738 et
2654 2681 2701 2736 si
2748 2678 2921 2750 magis
2966 2679 3017 2732 in
3057 2677 3188 2747 ipsis
3220 2672 3438 2744 quidem
3491 2678 3548 2725 et
3596 2666 3863 2739 potentius

2294 2773 2581 2830 existentia
2620 2780 2842 2826 aeterna
2868 2808 2884 2834 ,
2939 2776 2994 2824 et
3030 2781 3170 2837 quae
3211 2768 3263 2819 in
3303 2761 3649 2836 generatione
3693 2763 3817 2813 sunt
3844 2796 3863 2819 ,

2299 2874 2541 2934 tempore
2577 2863 2719 2918 dicta
2761 2870 2817 2917 et
2876 2853 3146 2915 declarata
3194 2864 3339 2913 sunt.
3397 2854 3624 2922 Oportet
3683 2849 3868 2917 itaque

620 2966 762 3026 tota,
802 2967 859 3015 et
898 2959 1194 3024 collocans,
1238 2967 1295 3015 et
1335 2957 1589 3023 mndans,
1631 2966 1686 3014 et
1721 2957 2117 3029 constringens.
2146 2966 2201 3011 et
2276 2969 2410 3009 .non
2447 2952 2767 3023 simpliciter
2793 2957 3076 3006 coaeterna
3110 2947 3237 3011 Dee,
3265 2944 3357 3015 qui
3395 2950 3478 2999 est
3521 2948 3648 2995 ante
3686 2946 3862 2993 aeter-

621 3047 901 3109 inﬁrmum
960 3049 1017 3115 in
1069 3063 1128 3104 se
1175 3063 1338 3105 omne
1389 3047 1720 3118 perﬁciens,
1776 3056 1833 3103 et
1893 3063 1961 3101 ex
2021 3048 2201 3117 seipse
2301 3061 2450 3108 num,
2493 3043 2791 3107 aestimari,
2821 3055 2961 3112 quae
2984 3049 3202 3095 aeterna
3230 3037 3374 3092 dicta
3410 3041 3555 3090 sunt.
3583 3030 3868 3090 Pretiosis-

621 3141 825 3208 omnia,
852 3140 988 3197 sicut
1017 3155 1096 3203 ex,
1125 3139 1306 3195 radice
1331 3140 1512 3198 omnia
1541 3140 1766 3205 tenenti,
1805 3140 2028 3205 ducens,
2059 3150 2115 3194 et
2147 3141 2200 3193 in
2304 3136 2442 3191 sima
2496 3141 2676 3190 autem
2741 3131 2954 3201 eloquia
3028 3126 3463 3185 inconversibilia
3492 3127 3497 3131 ’
3528 3131 3812 3193 sequentes
3847 3159 3863 3179 .

624 3231 860 3302 seipsam
898 3230 1080 3313 omnia
1111 3228 1259 3289 velut
1291 3228 1345 3285 in
1386 3229 1692 3289 consultum
1735 3228 2198 3297 omnipotentissi-
2228 3210 2272 3271 (ἶ
2304 3234 2524 3281 aeterna
2564 3224 2781 3293 quidem
2813 3231 2868 3277 et
2911 3219 3256 3292 temporalia,
3300 3215 3592 3273 secundum
3624 3211 3867 3281 cognitos

625 3336 775 3379 Illum
814 3306 1134 3377 θουνέτιθιισ
1157 3357 1184 3385 ο.
1225 3327 1278 3374 et
1320 3319 1613 3375 continens
1660 3326 1719 3377 ut
1763 3318 2006 3373 omnium
2055 3315 2204 3372 aedi‘
2304 3318 2452 3388 ipsos
2479 3316 2547 3372 ad
2571 3315 2966 3371 obaudiendum
2996 3312 3205 3377 modos,
3254 3310 3429 3364 media
3463 3321 3596 3362 vero
3632 3304 3864 3358 existen-

626 3409 853 3475 ﬁcatio,
891 3410 1234 3479 omnipotens
1258 3447 1274 3474 ,
1319 3408 1707 3479 comprehensa
1768 3408 1951 3463 omnia
2011 3421 2199 3461 secun-

2307 3411 2439 3466 tium
2479 3417 2535 3464 et
2574 3407 2841 3463 factorum
2883 3416 3270 3475 quaecunque,
3299 3399 3424 3456 alibi
3446 3397 3664 3469 quidem
3690 3402 3862 3448 aeter-

625 3501 755 3557 dum
777 3514 935 3555 unam
956 3508 1299 3569 superantem
1319 3499 1500 3554 omnia
1525 3499 1915 3555 continentiam
1934 3496 2202 3562 muniens,
2305 3515 2465 3565 num,
2506 3498 2635 3553 alibi
2668 3510 2798 3553 vero
2833 3504 3044 3565 tempus
3083 3492 3429 3563 participant.
3476 3487 3644 3541 Deum
3684 3490 3766 3537 ast
3808 3488 3867 3535 et

629 3597 685 3645 et
711 3603 815 3643 non
845 3588 1029 3645 sinens
1053 3601 1118 3643 ea
1144 3587 1391 3643 cadentia
1414 3587 1612 3655 seipsa,
1633 3594 1694 3643 ut
1719 3601 1789 3643 ex
1816 3585 2203 3656 perfectissima

632 3676 926 3741 refeci-i008
973 3684 1200 3742 mutata.
1230 3676 1432 3746 Perire.
1481 3675 1690 3732 Dicitur
1739 3684 1923 3732 autem
1959 3676 2206 3745 omnipo-

636 3783 757 3829 tens
796 3769 1099 3836 thearcliia,
1123 3776 1180 3824 et
1220 3776 1282 3824 ut
1320 3768 1563 3825 omnium
1604 3775 1815 3839 potens,
1842 3776 1898 3823 et
1935 3783 2070 3839 pure
2097 3768 2201 3823 mi-

633 3859 988 3933 nistrantibus
1023 3874 1086 3914 ea
1109 3867 1414 3929 praestans,
1439 3868 1602 3926 et,..ut
1632 3859 1881 3916 omnibus
1909 3858 2204 3929 praecepit,

638 3947 890 4006 amabilis
917 3957 1023 4015 est,
1056 3949 1355 4007 imminens
1388 3949 1640 4023 omnibus
1684 3948 2013 4004 voluntarias
2044 3961 2209 4018 copu-

635 4042 865 4102 lationes
889 4079 906 4105 ,
947 4046 1004 4099 et
1070 4039 1258 4099 dulces
1293 4048 1481 4110 partus
1518 4039 1683 4098 divini
1728 4048 1785 4094 et
1827 4037 2209 4107 omnipotentis

634 4142 693 4193 et
740 4132 1117 4191 immaterialis
1171 4132 1439 4189 bonitatis.
1487 4131 1656 4200 ipsius
1711 4129 1934 4184 amoris.
1988 4128 2208 4183 Dierum

641 4235 825 4281 autem
875 4224 1129 4295 antiquus
1170 4223 1313 4279 Deus
1352 4221 1625 4286 laudatur,
1654 4228 1877 4291 propter
1917 4218 2060 4289 quod
2090 4232 2210 4274 em-

642 4316 792 4383 nium
825 4314 845 4346 ’
886 4313 1001 4384 ipse
1047 4312 1121 4368 sit
1151 4320 1207 4368 et
1247 4320 1558 4375 aeternum,
1598 4317 1655 4365 et
1703 4316 1937 4378 tempus,
1983 4314 2040 4362 et
2082 4314 2211 4362 ante

638 4404 778 4469 dies,
815 4410 869 4458 et
912 4410 1039 4457 ante
1079 4409 1391 4465 aeternum,
1434 4406 1490 4452 et
1540 4406 1750 4467 tempus
1779 4395 1821 4453 ³.
1875 4395 1943 4450 Ει
1992 4394 2210 4465 quidem

641 4505 874 4564 tempus,
904 4501 960 4548 et
985 4484 1152 4555 diem,
1178 4499 1235 4547 et
1259 4490 1493 4560 spatium
1525 4485 1800 4556 temporis.
1840 4493 1896 4541 et
1929 4493 2207 4541 aeternum

582 4576 599 4590 ’
642 4585 903 4639 divinitus
942 4595 1066 4636 eum
1100 4594 1221 4634 esse
1249 4578 1565 4643 dicendum,
1589 4585 1649 4632 ut
1675 4578 1998 4631 existentem
2025 4590 2214 4630 secun-

646 4675 774 4730 dum
801 4684 1018 4725 omnem
1056 4675 1261 4725 metum
1298 4662 1822 4725 intransmutabilem
1863 4671 1919 4719 et
1960 4662 2211 4718 immobi-

646 4765 782 4826 lem,
815 4768 870 4815 et
903 4758 956 4813 in
995 4770 1208 4826 semper
1254 4755 1524 4811 movendo.
1562 4762 1863 4810 manentem
1897 4769 1967 4810 ex
2010 4754 2212 4822 seipse,
2242 4790 2247 4799 .

648 4863 704 4909 et
743 4863 804 4907 ut
840 4848 1070 4915 aeterni,
1116 4856 1173 4904 et
1206 4846 1504 4917 temporis,
1555 4853 1611 4905 et
1657 4845 1868 4901 dierum
1919 4844 2210 4901 causalem.

646 4942 882 5000 Proinde
924 4948 979 4997 et
1026 4940 1079 4995 in
1114 4939 1304 4996 sacris
1362 4937 1714 5009 mystiearum
1755 4935 2022 4992 visionum
2067 4934 2215 4987 theo-

649 5031 863 5104 pbaniis
905 5040 960 5086 et
1005 5038 1160 5086 vetus
1204 5037 1259 5083 et
1288 5040 1461 5085 novus
1506 5026 1789 5090 formatur,
1841 5022 2054 5079 seniore
2098 5021 2217 5090 qui-

653 5125 774 5181 dem
819 5123 1102 5193 antiquum
1144 5128 1200 5176 et
1230 5120 1553 5175 existentem
1600 5134 1633 5174 a
1675 5114 1969 5188 principio,
2004 5112 2219 5183 iuniore

652 5227 780 5270 vero
836 5228 942 5268 non
992 5220 1361 5266 senescentem
1416 5206 1768 5279 signiﬁcante,
1819 5201 2119 5259 clarissime
2185 5216 2216 5254 a

650 5299 916 5372 principio
957 5312 1052 5368 per
1109 5298 1289 5353 omnia
1336 5311 1507 5367 usque
1558 5294 1625 5351 ad
1658 5294 1824 5350 tinem
1864 5306 1987 5347 eum
2029 5305 2219 5361 prove-

2306 3597 2364 3645 ιιι
2407 3598 2721 3653 aeternum,
2764 3595 2820 3641 et
2862 3595 2922 3640 ut
2963 3595 3174 3654 tempus
3214 3582 3466 3643 laudare,
3509 3587 3569 3632 ut
3610 3573 3872 3644 temporis

2306 3682 2470 3736 totius
2518 3690 2574 3735 et
2630 3676 2835 3732 aeterni
2865 3674 3157 3739 consulem,
3187 3678 3243 3726 et
3291 3669 3566 3739 antiquum
3609 3665 3817 3719 dierum
3848 3702 3865 3727 ,

2304 3782 2364 3829 ut
2391 3781 2518 3826 ante
2547 3779 2777 3838 tempus,
2806 3777 2863 3821 et
2900 3766 3181 3835 plusquam
3218 3771 3448 3829 tempus,
3478 3766 3534 3811 et
3563 3759 3869 3809 moventem

2305 3862 2480 3934 spatia
2502 3870 2801 3930 temporum
2821 3865 2876 3912 et
2903 3864 3165 3925 tempera,
3188 3859 3244 3906 et
3271 3851 3465 3906 iterum
3495 3853 3620 3901 ante
3649 3850 3868 3897 aeterna

2306 3953 2717 4015 subsistentem,
2759 3954 3020 4019 quantum
3066 3950 3122 3998 et
3154 3950 3281 3998 ante
3328 3947 3607 3994 aeternum
3655 3940 3771 3998 est,
3814 3939 3872 3984 et

2304 4046 2587 4116 plusquam
2609 4049 2906 4103 aeternum,
2929 4044 2985 4091 et
3011 4047 3233 4105 regnum
3254 4030 3371 4103 ejus
3390 4040 3614 4099 regnum
3635 4020 3871 4080 omnium

2306 4136 2609 4190 seculorum
2630 4132 2681 4185 ιι.

2827 4190 3218 4253 αΑΡιΤυιυιι
3257 4188 3344 4245 ιι.

2304 4311 2386 4367 De
2417 4326 2574 4381 pace,
2603 4316 2652 4362 et
2685 4305 2815 4381 quid
2843 4301 2952 4358 uult
2981 4301 3081 4356 sibi
3105 4301 3203 4357 hoc
3225 4295 3723 4381 perseipautuesseZ
3745 4304 3874 4381 quae

2375 4372 2467 4463 per
2484 4372 2718 4502 seipsan't
2741 4376 2869 4440 uita,
2903 4387 3037 4443 quae
3072 4386 3164 4442 per
3199 4372 3423 4423 scierant
3451 4372 3638 4428 uirtus,
3675 4372 3723 4416 et
3747 4373 3877 4431 quae

2379 4467 2454 4505 sic
2522 4458 2647 4502 tcta.

2380 4563 2493 4634 Age
2517 4575 2660 4616 nunc
2684 4557 2919 4613 divinam
2951 4563 3006 4610 et
3031 4551 3511 4621 arcbisynagogam
3532 4557 3722 4617 pacem
3762 4540 3883 4634 lau-

2314 4629 2471 4710 dibus
2496 4648 2738 4721 paciﬁcis
2763 4642 3147 4701 favorabimus.
3184 4640 3305 4710 Ipsa
3335 4646 3423 4695 est
3448 4635 3594 4692 enim
3632 4629 3887 4721 omnium

2315 4715 2635 4803 adunatrix,
2672 4746 2729 4793 et
2764 4735 3003 4792 omnium
3045 4743 3371 4796 consensus,
3418 4736 3474 4780 et
3509 4715 3877 4779 connatnrali-

2317 4834 2444 4889 tatis
2476 4829 2709 4903 genitrix
2734 4821 3103 4894 etoperatrix.
3132 4817 3366 4875 Proinde
3397 4822 3450 4870 et
3484 4808 3661 4866 omnia
3698 4806 3887 4874 ipsam

2316 4901 2600 4995 appetunt,
2639 4914 2944 4988 partibilem
2988 4924 3178 4967 eorum
3216 4901 3609 4995 multitudinem
3648 4908 3887 4951 conver-

2323 4991 2523 5075 tentem
2566 5014 2641 5069 in.
2666 5020 2832 5067 totam
2872 5007 3130 5063 unitatem
3153 5044 3169 5069 ,
3217 5011 3274 5058 et
3317 4997 3473 5057 civile
3514 4991 3891 5049 universitatis

2322 5105 2519 5162 bellum
2543 5103 2862 5158 adunantem
2891 5099 2946 5153 iu
2980 5094 3368 5165 aequiformem
3409 5084 3887 5145 cebabitatienem.

2324 5195 2736 5266 Participationo
2754 5190 2966 5249 divinae
2984 5187 3132 5258 pacis
3165 5187 3429 5256 primores
3447 5179 3897 5247 congregatarum

2325 5291 2582 5346 virtutum
2628 5287 2806 5356 ipsae,
2856 5290 2912 5339 et
2963 5280 3032 5336 ad
3072 5278 3311 5347 seipsas,
3354 5280 3413 5329 et
3465 5270 3534 5326 ad
3576 5284 3636 5325 se
3663 5266 3893 5322 invicem

1859 5425 2114 5482 VABIAE
2149 5421 2548 5479 LECTKWES.

731 5537 747 5566 ¹
786 5534 874 5589 ΒΗ
909 5531 1219 5587 oolunlaria.
1295 5529 1315 5558 ²
1349 5527 1413 5579 Α⁴
1445 5528 1588 5577 οηιηί
1620 5531 1845 5589 tempore
1862 5520 1971 5589 sit.»
2028 5518 2050 5550 ³
2077 5517 2120 5570 A
2150 5525 2205 5589 ct
2233 5523 2352 5569 ante
2393 5522 2630 5581 tempus;
2665 5510 2704 5564 E
2729 5516 2782 5563 et
2818 5517 2936 5562 ante
2961 5507 3070 5560 dies
3099 5512 3146 5557 et
3178 5509 3449 5554 ueternum
3484 5503 3531 5549 et
3563 5502 3801 5561 tempus;
3844 5494 3895 5541 et

661 5587 1063 5658 auteruelemum
1088 5629 1156 5640 -——
1178 5609 1375 5668 tempus
1408 5610 1516 5649 om.
1548 5592 1659 5653 Βῌ.
1725 5587 1753 5621 ⁷⁸
1784 5588 1873 5646 Eli
1907 5587 2217 5644 "retinendo.

2134 5681 2382 5737 NOTAE.

739 5797 762 5824 -
803 5783 938 5836 Psal.
984 5781 1167 5845 χχιιι,
1194 5784 1243 5845 7,
1278 5781 1331 5834 9.

2396 5770 2422 5809 ι)
2459 5769 2592 5823 Dan.
2638 5761 2743 5816 V'll.
2823 5755 2963 5812 Psal.
3007 5750 3230 5809 CXLIV.
