  <div class='ocr_page' id='page_1' title='image "/cluster/home/n/w/nwhite01/storage/ocr_20150623/122/pst.000018028355/620.png"; bbox 0 0 4142 6296; ppageno 0'>
   <div class='ocr_carea' id='block_1_1' title="bbox 343 373 479 433">
    <p class='ocr_par' dir='ltr' id='par_1_1' title="bbox 343 373 479 433">
     <span class='ocr_line' id='line_1_1' title="bbox 343 373 479 433; baseline -0.007 0"><span class='ocrx_word' id='word_1_1' title='bbox 343 373 479 433; x_wconf 75' lang='lat'><strong>“65</strong></span> 
     </span>
    </p>
   </div>
   <div class='ocr_carea' id='block_1_2' title="bbox 982 358 2975 424">
    <p class='ocr_par' dir='ltr' id='par_1_2' title="bbox 982 358 2975 424">
     <span class='ocr_line' id='line_1_2' title="bbox 982 358 2975 424; baseline -0.002 -4"><span class='ocrx_word' id='word_1_2' title='bbox 982 363 1231 424; x_wconf 75' lang='lat' dir='ltr'><strong>VERSIO</strong></span> <span class='ocrx_word' id='word_1_3' title='bbox 1271 364 1558 422; x_wconf 77' lang='lat' dir='ltr'><strong>OPERUM</strong></span> <span class='ocrx_word' id='word_1_4' title='bbox 1595 364 1654 420; x_wconf 89' lang='lat' dir='ltr'><strong>S.</strong></span> <span class='ocrx_word' id='word_1_5' title='bbox 1697 358 2018 420; x_wconf 82' lang='lat' dir='ltr'><strong>DIONYSII.</strong></span> <span class='ocrx_word' id='word_1_6' title='bbox 2059 391 2131 402; x_wconf 93' lang='lat'><strong>-—</strong></span> <span class='ocrx_word' id='word_1_7' title='bbox 2174 360 2261 416; x_wconf 86' lang='lat' dir='ltr'><strong>DE</strong></span> <span class='ocrx_word' id='word_1_8' title='bbox 2301 359 2548 418; x_wconf 81' lang='lat' dir='ltr'><strong>BlVlNlS</strong></span> <span class='ocrx_word' id='word_1_9' title='bbox 2583 361 2975 420; x_wconf 79' lang='lat' dir='ltr'><strong>NOMINIBUS.</strong></span> 
     </span>
    </p>
   </div>
   <div class='ocr_carea' id='block_1_3' title="bbox 3487 363 3624 421">
    <p class='ocr_par' dir='ltr' id='par_1_3' title="bbox 3487 363 3624 421">
     <span class='ocr_line' id='line_1_3' title="bbox 3487 363 3624 421; baseline 0.015 -2"><span class='ocrx_word' id='word_1_10' title='bbox 3487 363 3624 421; x_wconf 52' lang='lat'><strong>“66&#39;</strong></span> 
     </span>
    </p>
   </div>
   <div class='ocr_carea' id='block_1_4' title="bbox 343 475 3624 550">
    <p class='ocr_par' dir='ltr' id='par_1_4' title="bbox 343 475 3624 550">
     <span class='ocr_line' id='line_1_4' title="bbox 343 475 3624 550; baseline -0.002 -8"><span class='ocrx_word' id='word_1_11' title='bbox 343 487 636 550; x_wconf 90' lang='lat' dir='ltr'><strong>uniuntur,</strong></span> <span class='ocrx_word' id='word_1_12' title='bbox 667 491 723 538; x_wconf 91' lang='lat' dir='ltr'><strong>et</strong></span> <span class='ocrx_word' id='word_1_13' title='bbox 763 481 828 536; x_wconf 91' lang='lat' dir='ltr'><strong>ad</strong></span> <span class='ocrx_word' id='word_1_14' title='bbox 857 493 1017 536; x_wconf 91' lang='lat' dir='ltr'><strong>uuam</strong></span> <span class='ocrx_word' id='word_1_15' title='bbox 1045 480 1286 533; x_wconf 89' lang='lat' dir='ltr'><strong>omnium</strong></span> <span class='ocrx_word' id='word_1_16' title='bbox 1315 493 1503 548; x_wconf 90' lang='lat' dir='ltr'><strong>pacem</strong></span> <span class='ocrx_word' id='word_1_17' title='bbox 1534 478 1842 548; x_wconf 73' lang='lat' dir='ltr'><strong>pristinam,</strong></span> <span class='ocrx_word' id='word_1_18' title='bbox 1875 483 1930 530; x_wconf 90' lang='lat' dir='ltr'><strong>et</strong></span> <span class='ocrx_word' id='word_1_19' title='bbox 1961 479 2007 534; x_wconf 87' lang='lat' dir='ltr'><strong>A</strong></span> <span class='ocrx_word' id='word_1_20' title='bbox 2034 489 2143 529; x_wconf 88' lang='lat' dir='ltr'><strong>uno</strong></span> <span class='ocrx_word' id='word_1_21' title='bbox 2176 475 2359 530; x_wconf 82' lang='lat' dir='ltr'><strong>omnia</strong></span> <span class='ocrx_word' id='word_1_22' title='bbox 2408 477 2730 531; x_wconf 77' lang='lat' dir='ltr'><strong>ostendente</strong></span> <span class='ocrx_word' id='word_1_23' title='bbox 2753 517 2767 539; x_wconf 92' lang='lat'><strong>,</strong></span> <span class='ocrx_word' id='word_1_24' title='bbox 2805 484 2858 532; x_wconf 90' lang='lat' dir='ltr'><strong>et</strong></span> <span class='ocrx_word' id='word_1_25' title='bbox 2889 493 2984 546; x_wconf 84' lang='lat' dir='ltr'><strong>per</strong></span> <span class='ocrx_word' id='word_1_26' title='bbox 3030 477 3209 531; x_wconf 89' lang='lat' dir='ltr'><strong>omnia</strong></span> <span class='ocrx_word' id='word_1_27' title='bbox 3258 478 3482 533; x_wconf 87' lang='lat' dir='ltr'><strong>veniens</strong></span> <span class='ocrx_word' id='word_1_28' title='bbox 3505 521 3518 544; x_wconf 95' lang='lat'><strong>,</strong></span> <span class='ocrx_word' id='word_1_29' title='bbox 3566 489 3624 536; x_wconf 87' lang='lat' dir='ltr'><strong>et</strong></span> 
     </span>
    </p>
   </div>
   <div class='ocr_carea' id='block_1_5' title="bbox 344 568 1929 647">
    <p class='ocr_par' dir='ltr' id='par_1_5' title="bbox 344 568 1929 647">
     <span class='ocr_line' id='line_1_5' title="bbox 344 568 1929 647; baseline -0.007 -16"><span class='ocrx_word' id='word_1_30' title='bbox 344 592 485 647; x_wconf 89' lang='lat' dir='ltr'><strong>quac</strong></span> <span class='ocrx_word' id='word_1_31' title='bbox 514 577 617 630; x_wconf 84' lang='lat' dir='ltr'><strong>sibi</strong></span> <span class='ocrx_word' id='word_1_32' title='bbox 647 573 887 641; x_wconf 80' lang='lat' dir='ltr'><strong>subjecta</strong></span> <span class='ocrx_word' id='word_1_33' title='bbox 937 571 1152 634; x_wconf 89' lang='lat' dir='ltr'><strong>uniunt,</strong></span> <span class='ocrx_word' id='word_1_34' title='bbox 1195 570 1415 639; x_wconf 90' lang='lat' dir='ltr'><strong>ipsaque</strong></span> <span class='ocrx_word' id='word_1_35' title='bbox 1446 568 1513 623; x_wconf 90' lang='lat' dir='ltr'><strong>ad</strong></span> <span class='ocrx_word' id='word_1_36' title='bbox 1539 569 1714 638; x_wconf 89' lang='lat' dir='ltr'><strong>seipsa</strong></span> <span class='ocrx_word' id='word_1_37' title='bbox 1738 609 1752 634; x_wconf 93' lang='lat'><strong>,</strong></span> <span class='ocrx_word' id='word_1_38' title='bbox 1785 577 1841 623; x_wconf 89' lang='lat' dir='ltr'><strong>et</strong></span> <span class='ocrx_word' id='word_1_39' title='bbox 1864 569 1929 621; x_wconf 89' lang='lat' dir='ltr'><strong>ad</strong></span> 
     </span>
    </p>
   </div>
   <div class='ocr_carea' id='block_1_6' title="bbox 345 658 1932 730">
    <p class='ocr_par' dir='ltr' id='par_1_6' title="bbox 345 658 1932 730">
     <span class='ocr_line' id='line_1_6' title="bbox 345 658 1932 730; baseline -0.007 -6"><span class='ocrx_word' id='word_1_40' title='bbox 345 684 404 724; x_wconf 83' lang='lat' dir='ltr'><strong>se</strong></span> <span class='ocrx_word' id='word_1_41' title='bbox 433 668 684 729; x_wconf 79' lang='lat' dir='ltr'><strong>invicem,</strong></span> <span class='ocrx_word' id='word_1_42' title='bbox 713 675 768 718; x_wconf 92' lang='lat' dir='ltr'><strong>et</strong></span> <span class='ocrx_word' id='word_1_43' title='bbox 798 663 864 717; x_wconf 89' lang='lat' dir='ltr'><strong>ad</strong></span> <span class='ocrx_word' id='word_1_44' title='bbox 897 676 1062 716; x_wconf 90' lang='lat' dir='ltr'><strong>unum</strong></span> <span class='ocrx_word' id='word_1_45' title='bbox 1091 667 1146 715; x_wconf 84' lang='lat' dir='ltr'><strong>et</strong></span> <span class='ocrx_word' id='word_1_46' title='bbox 1175 659 1469 730; x_wconf 79' lang='lat' dir='ltr'><strong>perfectura</strong></span> <span class='ocrx_word' id='word_1_47' title='bbox 1502 660 1742 712; x_wconf 92' lang='lat' dir='ltr'><strong>omnium</strong></span> <span class='ocrx_word' id='word_1_48' title='bbox 1783 658 1932 728; x_wconf 91' lang='lat' dir='ltr'><strong>pacis</strong></span> 
     </span>
    </p>
   </div>
   <div class='ocr_carea' id='block_1_7' title="bbox 346 747 1931 825">
    <p class='ocr_par' dir='ltr' id='par_1_7' title="bbox 346 747 1931 825">
     <span class='ocr_line' id='line_1_7' title="bbox 346 747 1931 825; baseline -0.006 -15"><span class='ocrx_word' id='word_1_49' title='bbox 346 756 666 825; x_wconf 82' lang='lat' dir='ltr'><strong>principium</strong></span> <span class='ocrx_word' id='word_1_50' title='bbox 707 761 764 808; x_wconf 90' lang='lat' dir='ltr'><strong>et</strong></span> <span class='ocrx_word' id='word_1_51' title='bbox 798 765 1018 806; x_wconf 87' lang='lat' dir='ltr'><strong>causam</strong></span> <span class='ocrx_word' id='word_1_52' title='bbox 1061 767 1074 802; x_wconf 93' lang='lat'>:</span> <span class='ocrx_word' id='word_1_53' title='bbox 1121 763 1262 818; x_wconf 89' lang='lat' dir='ltr'><strong>quae</strong></span> <span class='ocrx_word' id='word_1_54' title='bbox 1310 747 1710 818; x_wconf 80' lang='lat' dir='ltr'><strong>impartibiliter</strong></span> <span class='ocrx_word' id='word_1_55' title='bbox 1739 761 1931 816; x_wconf 87' lang='lat' dir='ltr'><strong>super-</strong></span> 
     </span>
    </p>
   </div>
   <div class='ocr_carea' id='block_1_8' title="bbox 347 835 1930 908">
    <p class='ocr_par' dir='ltr' id='par_1_8' title="bbox 347 835 1930 908">
     <span class='ocr_line' id='line_1_8' title="bbox 347 835 1930 908; baseline -0.008 -9"><span class='ocrx_word' id='word_1_56' title='bbox 347 847 564 900; x_wconf 88' lang='lat' dir='ltr'><strong>tlrmata</strong></span> <span class='ocrx_word' id='word_1_57' title='bbox 610 843 758 906; x_wconf 91' lang='lat' dir='ltr'><strong>totis,</strong></span> <span class='ocrx_word' id='word_1_58' title='bbox 807 839 955 896; x_wconf 92' lang='lat' dir='ltr'><strong>velut</strong></span> <span class='ocrx_word' id='word_1_59' title='bbox 1001 838 1320 908; x_wconf 79' lang='lat' dir='ltr'><strong>quibusdam</strong></span> <span class='ocrx_word' id='word_1_60' title='bbox 1359 835 1611 890; x_wconf 77' lang='lat' dir='ltr'><strong>claustris</strong></span> <span class='ocrx_word' id='word_1_61' title='bbox 1637 835 1930 890; x_wconf 76' lang='lat' dir='ltr'><strong>divisorem</strong></span> 
     </span>
    </p>
   </div>
   <div class='ocr_carea' id='block_1_9' title="bbox 343 929 1938 992">
    <p class='ocr_par' dir='ltr' id='par_1_9' title="bbox 343 929 1938 992">
     <span class='ocr_line' id='line_1_9' title="bbox 343 929 1938 992; baseline -0.008 -2"><span class='ocrx_word' id='word_1_62' title='bbox 343 933 777 990; x_wconf 87' lang='lat' dir='ltr'><strong>convenientium</strong></span> <span class='ocrx_word' id='word_1_63' title='bbox 821 930 1003 986; x_wconf 91' lang='lat' dir='ltr'><strong>omnia</strong></span> <span class='ocrx_word' id='word_1_64' title='bbox 1033 929 1315 992; x_wconf 89' lang='lat' dir='ltr'><strong>terminat,</strong></span> <span class='ocrx_word' id='word_1_65' title='bbox 1364 937 1419 982; x_wconf 92' lang='lat' dir='ltr'><strong>et</strong></span> <span class='ocrx_word' id='word_1_66' title='bbox 1463 933 1832 988; x_wconf 84' lang='lat' dir='ltr'><strong>consummat,</strong></span> <span class='ocrx_word' id='word_1_67' title='bbox 1883 934 1938 978; x_wconf 91' lang='lat' dir='ltr'><strong>et</strong></span> 
     </span>
    </p>
   </div>
   <div class='ocr_carea' id='block_1_10' title="bbox 347 1015 1934 1091">
    <p class='ocr_par' dir='ltr' id='par_1_10' title="bbox 347 1015 1934 1091">
     <span class='ocr_line' id='line_1_10' title="bbox 347 1015 1934 1091; baseline -0.007 -12"><span class='ocrx_word' id='word_1_68' title='bbox 347 1025 606 1091; x_wconf 89' lang='lat' dir='ltr'><strong>tutillcat,</strong></span> <span class='ocrx_word' id='word_1_69' title='bbox 631 1032 684 1078; x_wconf 88' lang='lat' dir='ltr'><strong>et</strong></span> <span class='ocrx_word' id='word_1_70' title='bbox 705 1039 810 1078; x_wconf 93' lang='lat' dir='ltr'><strong>non</strong></span> <span class='ocrx_word' id='word_1_71' title='bbox 839 1021 970 1076; x_wconf 90' lang='lat' dir='ltr'><strong>sinit</strong></span> <span class='ocrx_word' id='word_1_72' title='bbox 1001 1029 1251 1090; x_wconf 86' lang='lat' dir='ltr'><strong>separata</strong></span> <span class='ocrx_word' id='word_1_73' title='bbox 1275 1017 1505 1072; x_wconf 83' lang='lat' dir='ltr'><strong>l‘undiad</strong></span> <span class='ocrx_word' id='word_1_74' title='bbox 1527 1017 1750 1070; x_wconf 91' lang='lat' dir='ltr'><strong>multum</strong></span> <span class='ocrx_word' id='word_1_75' title='bbox 1775 1024 1830 1069; x_wconf 87' lang='lat' dir='ltr'><strong>et</strong></span> <span class='ocrx_word' id='word_1_76' title='bbox 1849 1015 1934 1068; x_wconf 91' lang='lat' dir='ltr'><strong>in-</strong></span> 
     </span>
    </p>
   </div>
   <div class='ocr_carea' id='block_1_11' title="bbox 343 1103 1949 1179">
    <p class='ocr_par' dir='ltr' id='par_1_11' title="bbox 343 1103 1949 1179">
     <span class='ocr_line' id='line_1_11' title="bbox 343 1103 1949 1179; baseline -0.008 -11"><span class='ocrx_word' id='word_1_77' title='bbox 343 1114 576 1179; x_wconf 80' lang='lat' dir='ltr'><strong>ﬁnitum,</strong></span> <span class='ocrx_word' id='word_1_78' title='bbox 595 1112 924 1174; x_wconf 81' lang='lat' dir='ltr'><strong>inordinata,</strong></span> <span class='ocrx_word' id='word_1_79' title='bbox 947 1118 1004 1163; x_wconf 89' lang='lat' dir='ltr'><strong>et</strong></span> <span class='ocrx_word' id='word_1_80' title='bbox 1026 1107 1370 1171; x_wconf 88' lang='lat' dir='ltr'><strong>incollocata,</strong></span> <span class='ocrx_word' id='word_1_81' title='bbox 1392 1105 1608 1161; x_wconf 88' lang='lat' dir='ltr'><strong>deserta</strong></span> <span class='ocrx_word' id='word_1_82' title='bbox 1635 1107 1744 1159; x_wconf 88' lang='lat' dir='ltr'><strong>Deo</strong></span> <span class='ocrx_word' id='word_1_83' title='bbox 1771 1103 1949 1168; x_wconf 80' lang='lat' dir='ltr'><strong>facta,.</strong></span> 
     </span>
    </p>
   </div>
   <div class='ocr_carea' id='block_1_12' title="bbox 343 1198 1939 1266">
    <p class='ocr_par' dir='ltr' id='par_1_12' title="bbox 343 1198 1939 1266">
     <span class='ocr_line' id='line_1_12' title="bbox 343 1198 1939 1266; baseline -0.009 -3"><span class='ocrx_word' id='word_1_84' title='bbox 343 1218 396 1263; x_wconf 89' lang='lat' dir='ltr'><strong>et</strong></span> <span class='ocrx_word' id='word_1_85' title='bbox 426 1222 523 1263; x_wconf 92' lang='lat' dir='ltr'><strong>sua</strong></span> <span class='ocrx_word' id='word_1_86' title='bbox 554 1207 762 1262; x_wconf 84' lang='lat' dir='ltr'><strong>unitate</strong></span> <span class='ocrx_word' id='word_1_87' title='bbox 798 1202 1052 1258; x_wconf 80' lang='lat' dir='ltr'><strong>exeuntia</strong></span> <span class='ocrx_word' id='word_1_88' title='bbox 1076 1243 1088 1266; x_wconf 92' lang='lat'><strong>,</strong></span> <span class='ocrx_word' id='word_1_89' title='bbox 1117 1209 1172 1256; x_wconf 91' lang='lat' dir='ltr'><strong>et</strong></span> <span class='ocrx_word' id='word_1_90' title='bbox 1213 1201 1355 1254; x_wconf 90' lang='lat' dir='ltr'><strong>inter</strong></span> <span class='ocrx_word' id='word_1_91' title='bbox 1388 1213 1448 1254; x_wconf 90' lang='lat' dir='ltr'><strong>se</strong></span> <span class='ocrx_word' id='word_1_92' title='bbox 1480 1199 1712 1252; x_wconf 75' lang='lat' dir='ltr'><strong>invicem</strong></span> <span class='ocrx_word' id='word_1_93' title='bbox 1750 1198 1939 1251; x_wconf 92' lang='lat' dir='ltr'><strong>turbu-</strong></span> 
     </span>
    </p>
   </div>
   <div class='ocr_carea' id='block_1_13' title="bbox 347 1287 1935 1362">
    <p class='ocr_par' dir='ltr' id='par_1_13' title="bbox 347 1287 1935 1362">
     <span class='ocr_line' id='line_1_13' title="bbox 347 1287 1935 1362; baseline -0.008 -10"><span class='ocrx_word' id='word_1_94' title='bbox 347 1299 648 1354; x_wconf 89' lang='lat' dir='ltr'><strong>lentissime</strong></span> <span class='ocrx_word' id='word_1_95' title='bbox 693 1295 937 1353; x_wconf 75' lang='lat' dir='ltr'><strong>confusa.</strong></span> <span class='ocrx_word' id='word_1_96' title='bbox 977 1292 1054 1348; x_wconf 91' lang='lat' dir='ltr'><strong>De</strong></span> <span class='ocrx_word' id='word_1_97' title='bbox 1109 1293 1212 1347; x_wconf 90' lang='lat' dir='ltr'><strong>hac</strong></span> <span class='ocrx_word' id='word_1_98' title='bbox 1253 1290 1419 1362; x_wconf 82' lang='lat' dir='ltr'><strong>igitur</strong></span> <span class='ocrx_word' id='word_1_99' title='bbox 1462 1289 1587 1358; x_wconf 90' lang='lat' dir='ltr'><strong>quia</strong></span> <span class='ocrx_word' id='word_1_100' title='bbox 1632 1297 1717 1344; x_wconf 89' lang='lat' dir='ltr'><strong>est</strong></span> <span class='ocrx_word' id='word_1_101' title='bbox 1756 1287 1935 1342; x_wconf 87' lang='lat' dir='ltr'><strong>divina</strong></span> 
     </span>
    </p>
   </div>
   <div class='ocr_carea' id='block_1_14' title="bbox 347 1380 1936 1457">
    <p class='ocr_par' dir='ltr' id='par_1_14' title="bbox 347 1380 1936 1457">
     <span class='ocr_line' id='line_1_14' title="bbox 347 1380 1936 1457; baseline -0.006 -17"><span class='ocrx_word' id='word_1_102' title='bbox 347 1404 481 1457; x_wconf 87' lang='lat' dir='ltr'><strong>pace</strong></span> <span class='ocrx_word' id='word_1_103' title='bbox 508 1395 565 1442; x_wconf 91' lang='lat' dir='ltr'><strong>et</strong></span> <span class='ocrx_word' id='word_1_104' title='bbox 595 1385 814 1442; x_wconf 91' lang='lat' dir='ltr'><strong>silentio</strong></span> <span class='ocrx_word' id='word_1_105' title='bbox 833 1425 847 1447; x_wconf 86' lang='lat'><strong>,</strong></span> <span class='ocrx_word' id='word_1_106' title='bbox 878 1383 1021 1452; x_wconf 90' lang='lat' dir='ltr'><strong>quod</strong></span> <span class='ocrx_word' id='word_1_107' title='bbox 1060 1396 1214 1436; x_wconf 85' lang='lat' dir='ltr'><strong>sacer</strong></span> <span class='ocrx_word' id='word_1_108' title='bbox 1238 1380 1426 1436; x_wconf 77' lang='lat' dir='ltr'><strong>Justus</strong></span> <span class='ocrx_word' id='word_1_109' title='bbox 1463 1381 1727 1452; x_wconf 74' lang='grc' dir='ltr'><strong>ἀφθιγξίαν</strong></span> <span class='ocrx_word' id='word_1_110' title='bbox 1757 1384 1936 1441; x_wconf 88' lang='lat' dir='ltr'><strong>vocat,</strong></span> 
     </span>
    </p>
   </div>
   <div class='ocr_carea' id='block_1_15' title="bbox 347 1467 1934 1542">
    <p class='ocr_par' dir='ltr' id='par_1_15' title="bbox 347 1467 1934 1542">
     <span class='ocr_line' id='line_1_15' title="bbox 347 1467 1934 1542; baseline -0.008 -11"><span class='ocrx_word' id='word_1_111' title='bbox 347 1485 401 1533; x_wconf 89' lang='lat' dir='ltr'><strong>et</strong></span> <span class='ocrx_word' id='word_1_112' title='bbox 424 1478 477 1530; x_wconf 92' lang='lat' dir='ltr'><strong>iu</strong></span> <span class='ocrx_word' id='word_1_113' title='bbox 501 1472 1006 1542; x_wconf 61' lang='lat' dir='ltr'><strong>omnem;cognitam</strong></span> <span class='ocrx_word' id='word_1_114' title='bbox 1035 1469 1454 1539; x_wconf 87' lang='lat' dir='ltr'><strong>processionem,</strong></span> <span class='ocrx_word' id='word_1_115' title='bbox 1483 1467 1934 1530; x_wconf 87' lang='lat' dir='ltr'><strong>immobilitatem,</strong></span> 
     </span>
    </p>
   </div>
   <div class='ocr_carea' id='block_1_16' title="bbox 349 1557 1940 1628">
    <p class='ocr_par' dir='ltr' id='par_1_16' title="bbox 349 1557 1940 1628">
     <span class='ocr_line' id='line_1_16' title="bbox 349 1557 1940 1628; baseline -0.008 -7"><span class='ocrx_word' id='word_1_116' title='bbox 349 1576 409 1621; x_wconf 91' lang='lat' dir='ltr'><strong>ut</strong></span> <span class='ocrx_word' id='word_1_117' title='bbox 440 1577 496 1621; x_wconf 92' lang='lat' dir='ltr'><strong>et</strong></span> <span class='ocrx_word' id='word_1_118' title='bbox 529 1565 688 1628; x_wconf 89' lang='lat' dir='ltr'><strong>silet,</strong></span> <span class='ocrx_word' id='word_1_119' title='bbox 726 1572 780 1619; x_wconf 87' lang='lat' dir='ltr'><strong>et</strong></span> <span class='ocrx_word' id='word_1_120' title='bbox 809 1561 1085 1618; x_wconf 89' lang='lat' dir='ltr'><strong>silentium</strong></span> <span class='ocrx_word' id='word_1_121' title='bbox 1115 1559 1306 1625; x_wconf 90' lang='lat' dir='ltr'><strong>ducit,</strong></span> <span class='ocrx_word' id='word_1_122' title='bbox 1350 1567 1406 1614; x_wconf 90' lang='lat' dir='ltr'><strong>et</strong></span> <span class='ocrx_word' id='word_1_123' title='bbox 1435 1557 1587 1611; x_wconf 78' lang='lat' dir='ltr'><strong>utin</strong></span> <span class='ocrx_word' id='word_1_124' title='bbox 1632 1557 1842 1625; x_wconf 89' lang='lat' dir='ltr'><strong>seipsa,</strong></span> <span class='ocrx_word' id='word_1_125' title='bbox 1885 1563 1940 1609; x_wconf 92' lang='lat' dir='ltr'><strong>et</strong></span> 
     </span>
    </p>
   </div>
   <div class='ocr_carea' id='block_1_17' title="bbox 348 1649 1939 1722">
    <p class='ocr_par' dir='ltr' id='par_1_17' title="bbox 348 1649 1939 1722">
     <span class='ocr_line' id='line_1_17' title="bbox 348 1649 1939 1722; baseline -0.007 -11"><span class='ocrx_word' id='word_1_126' title='bbox 348 1658 494 1712; x_wconf 90' lang='lat' dir='ltr'><strong>intra</strong></span> <span class='ocrx_word' id='word_1_127' title='bbox 519 1654 753 1722; x_wconf 83' lang='lat' dir='ltr'><strong>seipsam</strong></span> <span class='ocrx_word' id='word_1_128' title='bbox 781 1661 899 1714; x_wconf 91' lang='lat' dir='ltr'><strong>est,</strong></span> <span class='ocrx_word' id='word_1_129' title='bbox 927 1658 980 1706; x_wconf 91' lang='lat' dir='ltr'><strong>et</strong></span> <span class='ocrx_word' id='word_1_130' title='bbox 1025 1650 1094 1704; x_wconf 90' lang='lat' dir='ltr'><strong>ad</strong></span> <span class='ocrx_word' id='word_1_131' title='bbox 1128 1649 1362 1718; x_wconf 86' lang='lat' dir='ltr'><strong>seipsam</strong></span> <span class='ocrx_word' id='word_1_132' title='bbox 1402 1655 1566 1702; x_wconf 91' lang='lat' dir='ltr'><strong>totam</strong></span> <span class='ocrx_word' id='word_1_133' title='bbox 1599 1655 1708 1702; x_wconf 90' lang='lat' dir='ltr'><strong>tota</strong></span> <span class='ocrx_word' id='word_1_134' title='bbox 1752 1660 1939 1715; x_wconf 90' lang='lat' dir='ltr'><strong>super-</strong></span> 
     </span>
    </p>
   </div>
   <div class='ocr_carea' id='block_1_18' title="bbox 349 1734 1939 1808">
    <p class='ocr_par' dir='ltr' id='par_1_18' title="bbox 349 1734 1939 1808">
     <span class='ocr_line' id='line_1_18' title="bbox 349 1734 1939 1808; baseline -0.007 -9"><span class='ocrx_word' id='word_1_135' title='bbox 349 1744 560 1808; x_wconf 90' lang='lat' dir='ltr'><strong>unitnr,</strong></span> <span class='ocrx_word' id='word_1_136' title='bbox 587 1749 644 1796; x_wconf 93' lang='lat' dir='ltr'><strong>et</strong></span> <span class='ocrx_word' id='word_1_137' title='bbox 671 1754 845 1808; x_wconf 89' lang='lat' dir='ltr'><strong>neque</strong></span> <span class='ocrx_word' id='word_1_138' title='bbox 872 1739 925 1793; x_wconf 94' lang='lat' dir='ltr'><strong>in</strong></span> <span class='ocrx_word' id='word_1_139' title='bbox 958 1738 1191 1807; x_wconf 88' lang='lat' dir='ltr'><strong>seipsam</strong></span> <span class='ocrx_word' id='word_1_140' title='bbox 1223 1737 1465 1801; x_wconf 83' lang='lat' dir='ltr'><strong>intrans,</strong></span> <span class='ocrx_word' id='word_1_141' title='bbox 1492 1744 1547 1792; x_wconf 89' lang='lat' dir='ltr'><strong>et</strong></span> <span class='ocrx_word' id='word_1_142' title='bbox 1574 1734 1939 1805; x_wconf 84' lang='lat' dir='ltr'><strong>multiplicans</strong></span> 
     </span>
    </p>
   </div>
   <div class='ocr_carea' id='block_1_19' title="bbox 2034 553 3616 639">
    <p class='ocr_par' dir='ltr' id='par_1_19' title="bbox 2034 553 3616 639">
     <span class='ocr_line' id='line_1_19' title="bbox 2034 553 3616 639; baseline 0.004 -19"><span class='ocrx_word' id='word_1_143' title='bbox 2034 569 2250 639; x_wconf 85' lang='lat' dir='ltr'><strong>propria</strong></span> <span class='ocrx_word' id='word_1_144' title='bbox 2297 569 2533 624; x_wconf 87' lang='lat' dir='ltr'><strong>naturali</strong></span> <span class='ocrx_word' id='word_1_145' title='bbox 2585 580 2639 624; x_wconf 87' lang='lat' dir='ltr'><strong>et</strong></span> <span class='ocrx_word' id='word_1_146' title='bbox 2692 553 3014 625; x_wconf 77' lang='lat' dir='ltr'><strong>immutabili</strong></span> <span class='ocrx_word' id='word_1_147' title='bbox 3069 572 3328 626; x_wconf 88' lang='lat' dir='ltr'><strong>societate</strong></span> <span class='ocrx_word' id='word_1_148' title='bbox 3375 573 3616 628; x_wconf 90' lang='lat' dir='ltr'><strong>veniens.</strong></span> 
     </span>
    </p>
   </div>
   <div class='ocr_carea' id='block_1_20' title="bbox 2033 657 3625 730">
    <p class='ocr_par' dir='ltr' id='par_1_20' title="bbox 2033 657 3625 730">
     <span class='ocr_line' id='line_1_20' title="bbox 2033 657 3625 730; baseline 0.003 -18"><span class='ocrx_word' id='word_1_149' title='bbox 2033 657 2291 712; x_wconf 84' lang='lat' dir='ltr'><strong>Provenit</strong></span> <span class='ocrx_word' id='word_1_150' title='bbox 2329 659 2474 712; x_wconf 89' lang='lat' dir='ltr'><strong>enim</strong></span> <span class='ocrx_word' id='word_1_151' title='bbox 2517 659 2570 713; x_wconf 90' lang='lat' dir='ltr'><strong>in</strong></span> <span class='ocrx_word' id='word_1_152' title='bbox 2605 660 2784 715; x_wconf 90' lang='lat' dir='ltr'><strong>omnia</strong></span> <span class='ocrx_word' id='word_1_153' title='bbox 2805 701 2818 724; x_wconf 97' lang='lat'><strong>,</strong></span> <span class='ocrx_word' id='word_1_154' title='bbox 2851 669 2906 714; x_wconf 89' lang='lat' dir='ltr'><strong>et</strong></span> <span class='ocrx_word' id='word_1_155' title='bbox 2937 662 3102 714; x_wconf 84' lang='lat' dir='ltr'><strong>tradit</strong></span> <span class='ocrx_word' id='word_1_156' title='bbox 3129 663 3380 717; x_wconf 86' lang='lat' dir='ltr'><strong>munibus</strong></span> <span class='ocrx_word' id='word_1_157' title='bbox 3408 663 3625 730; x_wconf 86' lang='lat' dir='ltr'><strong>proprie</strong></span> 
     </span>
    </p>
   </div>
   <div class='ocr_carea' id='block_1_21' title="bbox 2037 741 3624 814">
    <p class='ocr_par' dir='ltr' id='par_1_21' title="bbox 2037 741 3624 814">
     <span class='ocr_line' id='line_1_21' title="bbox 2037 741 3624 814; baseline 0.003 -20"><span class='ocrx_word' id='word_1_158' title='bbox 2037 741 2166 810; x_wconf 90' lang='lat' dir='ltr'><strong>ipsis</strong></span> <span class='ocrx_word' id='word_1_159' title='bbox 2211 756 2278 796; x_wconf 83' lang='lat' dir='ltr'><strong>ex</strong></span> <span class='ocrx_word' id='word_1_160' title='bbox 2328 741 2502 810; x_wconf 89' lang='lat' dir='ltr'><strong>seipsa</strong></span> <span class='ocrx_word' id='word_1_161' title='bbox 2553 757 2946 811; x_wconf 83' lang='lat' dir='ltr'><strong>supermanans</strong></span> <span class='ocrx_word' id='word_1_162' title='bbox 3000 745 3309 814; x_wconf 87' lang='lat' dir='ltr'><strong>magnitudo</strong></span> <span class='ocrx_word' id='word_1_163' title='bbox 3367 747 3624 814; x_wconf 85' lang='lat' dir='ltr'><strong>paeillcae</strong></span> 
     </span>
    </p>
   </div>
   <div class='ocr_carea' id='block_1_22' title="bbox 2035 833 3626 903">
    <p class='ocr_par' dir='ltr' id='par_1_22' title="bbox 2035 833 3626 903">
     <span class='ocr_line' id='line_1_22' title="bbox 2035 833 3626 903; baseline 0.003 -18"><span class='ocrx_word' id='word_1_164' title='bbox 2035 833 2433 902; x_wconf 76' lang='lat' dir='ltr'><strong>generationis,</strong></span> <span class='ocrx_word' id='word_1_165' title='bbox 2471 844 2526 888; x_wconf 89' lang='lat' dir='ltr'><strong>ct</strong></span> <span class='ocrx_word' id='word_1_166' title='bbox 2575 842 2757 888; x_wconf 90' lang='lat' dir='ltr'><strong>manet</strong></span> <span class='ocrx_word' id='word_1_167' title='bbox 2831 849 2929 903; x_wconf 90' lang='lat' dir='ltr'><strong>per</strong></span> <span class='ocrx_word' id='word_1_168' title='bbox 2977 835 3347 890; x_wconf 79' lang='lat' dir='ltr'><strong>excellentiam</strong></span> <span class='ocrx_word' id='word_1_169' title='bbox 3402 838 3626 891; x_wconf 89' lang='lat' dir='ltr'><strong>unitatis</strong></span> 
     </span>
    </p>
   </div>
   <div class='ocr_carea' id='block_1_23' title="bbox 2038 923 3619 995">
    <p class='ocr_par' dir='ltr' id='par_1_23' title="bbox 2038 923 3619 995">
     <span class='ocr_line' id='line_1_23' title="bbox 2038 923 3619 995; baseline 0.003 -21"><span class='ocrx_word' id='word_1_170' title='bbox 2038 929 2149 974; x_wconf 87' lang='lat' dir='ltr'><strong>tota</strong></span> <span class='ocrx_word' id='word_1_171' title='bbox 2179 923 2246 976; x_wconf 74' lang='lat' dir='ltr'><strong>ad</strong></span> <span class='ocrx_word' id='word_1_172' title='bbox 2274 930 2462 988; x_wconf 81' lang='lat' dir='ltr'><strong>totam,</strong></span> <span class='ocrx_word' id='word_1_173' title='bbox 2509 935 2564 977; x_wconf 90' lang='lat' dir='ltr'><strong>et</strong></span> <span class='ocrx_word' id='word_1_174' title='bbox 2611 939 2707 992; x_wconf 89' lang='lat' dir='ltr'><strong>per</strong></span> <span class='ocrx_word' id='word_1_175' title='bbox 2754 932 2919 978; x_wconf 88' lang='lat' dir='ltr'><strong>totam</strong></span> <span class='ocrx_word' id='word_1_176' title='bbox 2950 925 3181 994; x_wconf 86' lang='lat' dir='ltr'><strong>scipsam</strong></span> <span class='ocrx_word' id='word_1_177' title='bbox 3229 927 3619 995; x_wconf 86' lang='lat' dir='ltr'><strong>superunitam.</strong></span> 
     </span>
    </p>
   </div>
   <div class='ocr_carea' id='block_1_24' title="bbox 2037 1012 3626 1086">
    <p class='ocr_par' dir='ltr' id='par_1_24' title="bbox 2037 1012 3626 1086">
     <span class='ocr_line' id='line_1_24' title="bbox 2037 1012 3626 1086; baseline 0.004 -22"><span class='ocrx_word' id='word_1_178' title='bbox 2037 1012 2317 1080; x_wconf 85' lang='lat' dir='ltr'><strong>Quomodo</strong></span> <span class='ocrx_word' id='word_1_179' title='bbox 2347 1021 2548 1078; x_wconf 88' lang='lat' dir='ltr'><strong>autem,</strong></span> <span class='ocrx_word' id='word_1_180' title='bbox 2579 1014 2776 1068; x_wconf 84' lang='lat' dir='ltr'><strong>dixerit</strong></span> <span class='ocrx_word' id='word_1_181' title='bbox 2819 1014 2961 1083; x_wconf 85' lang='lat' dir='ltr'><strong>quis,</strong></span> <span class='ocrx_word' id='word_1_182' title='bbox 3012 1025 3268 1084; x_wconf 88' lang='lat' dir='ltr'><strong>appetunt</strong></span> <span class='ocrx_word' id='word_1_183' title='bbox 3315 1019 3496 1070; x_wconf 88' lang='lat' dir='ltr'><strong>omnia</strong></span> <span class='ocrx_word' id='word_1_184' title='bbox 3528 1034 3626 1086; x_wconf 36' lang='lat' dir='ltr'><strong>pas</strong></span> 
     </span>
    </p>
   </div>
   <div class='ocr_carea' id='block_1_25' title="bbox 2038 1103 3624 1174">
    <p class='ocr_par' dir='ltr' id='par_1_25' title="bbox 2038 1103 3624 1174">
     <span class='ocr_line' id='line_1_25' title="bbox 2038 1103 3624 1174; baseline 0.006 -16"><span class='ocrx_word' id='word_1_185' title='bbox 2038 1103 2191 1158; x_wconf 88' lang='lat' dir='ltr'><strong>cem?</strong></span> <span class='ocrx_word' id='word_1_186' title='bbox 2239 1103 2400 1157; x_wconf 79' lang='lat' dir='ltr'><strong>Multa</strong></span> <span class='ocrx_word' id='word_1_187' title='bbox 2444 1105 2588 1159; x_wconf 92' lang='lat' dir='ltr'><strong>enim</strong></span> <span class='ocrx_word' id='word_1_188' title='bbox 2629 1104 2903 1159; x_wconf 88' lang='lat' dir='ltr'><strong>alteritate</strong></span> <span class='ocrx_word' id='word_1_189' title='bbox 2929 1112 2982 1158; x_wconf 90' lang='lat' dir='ltr'><strong>et</strong></span> <span class='ocrx_word' id='word_1_190' title='bbox 3010 1106 3338 1161; x_wconf 85' lang='lat' dir='ltr'><strong>discretione</strong></span> <span class='ocrx_word' id='word_1_191' title='bbox 3365 1107 3624 1174; x_wconf 74' lang='lat' dir='ltr'><strong>gaudent.</strong></span> 
     </span>
    </p>
   </div>
   <div class='ocr_carea' id='block_1_26' title="bbox 2038 1197 3627 1266">
    <p class='ocr_par' dir='ltr' id='par_1_26' title="bbox 2038 1197 3627 1266">
     <span class='ocr_line' id='line_1_26' title="bbox 2038 1197 3627 1266; baseline 0.005 -18"><span class='ocrx_word' id='word_1_192' title='bbox 2038 1204 2093 1248; x_wconf 90' lang='lat' dir='ltr'><strong>et</strong></span> <span class='ocrx_word' id='word_1_193' title='bbox 2123 1211 2393 1265; x_wconf 86' lang='lat' dir='ltr'><strong>nunquam</strong></span> <span class='ocrx_word' id='word_1_194' title='bbox 2419 1197 2707 1266; x_wconf 88' lang='lat' dir='ltr'><strong>aliquando</strong></span> <span class='ocrx_word' id='word_1_195' title='bbox 2735 1197 3027 1251; x_wconf 85' lang='lat' dir='ltr'><strong>habentem.</strong></span> <span class='ocrx_word' id='word_1_196' title='bbox 3054 1198 3215 1253; x_wconf 88' lang='lat' dir='ltr'><strong>silere</strong></span> <span class='ocrx_word' id='word_1_197' title='bbox 3243 1199 3530 1254; x_wconf 88' lang='lat' dir='ltr'><strong>voluerint.</strong></span> <span class='ocrx_word' id='word_1_198' title='bbox 3564 1203 3627 1256; x_wconf 77' lang='lat' dir='ltr'><strong>Et</strong></span> 
     </span>
    </p>
   </div>
   <div class='ocr_carea' id='block_1_27' title="bbox 2039 1286 3625 1359">
    <p class='ocr_par' dir='ltr' id='par_1_27' title="bbox 2039 1286 3625 1359">
     <span class='ocr_line' id='line_1_27' title="bbox 2039 1286 3625 1359; baseline 0.004 -19"><span class='ocrx_word' id='word_1_199' title='bbox 2039 1286 2082 1340; x_wconf 89' lang='lat' dir='ltr'><strong>si</strong></span> <span class='ocrx_word' id='word_1_200' title='bbox 2135 1288 2352 1356; x_wconf 88' lang='lat' dir='ltr'><strong>quidem</strong></span> <span class='ocrx_word' id='word_1_201' title='bbox 2395 1288 2718 1343; x_wconf 85' lang='lat' dir='ltr'><strong>alteritatem</strong></span> <span class='ocrx_word' id='word_1_202' title='bbox 2773 1295 2828 1342; x_wconf 92' lang='lat' dir='ltr'><strong>et</strong></span> <span class='ocrx_word' id='word_1_203' title='bbox 2870 1288 3295 1352; x_wconf 85' lang='lat' dir='ltr'><strong>discretionem,</strong></span> <span class='ocrx_word' id='word_1_204' title='bbox 3349 1291 3437 1359; x_wconf 91' lang='lat' dir='ltr'><strong>qui</strong></span> <span class='ocrx_word' id='word_1_205' title='bbox 3493 1293 3625 1347; x_wconf 81' lang='lat' dir='ltr'><strong>bace</strong></span> 
     </span>
    </p>
   </div>
   <div class='ocr_carea' id='block_1_28' title="bbox 2039 1379 3625 1451">
    <p class='ocr_par' dir='ltr' id='par_1_28' title="bbox 2039 1379 3625 1451">
     <span class='ocr_line' id='line_1_28' title="bbox 2039 1379 3625 1451; baseline 0.001 -19"><span class='ocrx_word' id='word_1_206' title='bbox 2039 1379 2192 1444; x_wconf 91' lang='lat' dir='ltr'><strong>dicit,</strong></span> <span class='ocrx_word' id='word_1_207' title='bbox 2223 1380 2296 1434; x_wconf 88' lang='lat' dir='ltr'><strong>ait</strong></span> <span class='ocrx_word' id='word_1_208' title='bbox 2341 1379 2763 1450; x_wconf 80' lang='lat' dir='ltr'><strong>uniuscujusque</strong></span> <span class='ocrx_word' id='word_1_209' title='bbox 2810 1381 3156 1436; x_wconf 78' lang='lat' dir='ltr'><strong>existentium</strong></span> <span class='ocrx_word' id='word_1_210' title='bbox 3210 1383 3625 1451; x_wconf 82' lang='lat' dir='ltr'><strong>proprietatem,</strong></span> 
     </span>
    </p>
   </div>
   <div class='ocr_carea' id='block_1_29' title="bbox 2037 1469 3627 1542">
    <p class='ocr_par' dir='ltr' id='par_1_29' title="bbox 2037 1469 3627 1542">
     <span class='ocr_line' id='line_1_29' title="bbox 2037 1469 3627 1542; baseline 0.004 -20"><span class='ocrx_word' id='word_1_211' title='bbox 2037 1477 2092 1522; x_wconf 92' lang='lat' dir='ltr'><strong>et</strong></span> <span class='ocrx_word' id='word_1_212' title='bbox 2116 1469 2242 1538; x_wconf 93' lang='lat' dir='ltr'><strong>quia</strong></span> <span class='ocrx_word' id='word_1_213' title='bbox 2272 1470 2412 1525; x_wconf 87' lang='lat' dir='ltr'><strong>hanc</strong></span> <span class='ocrx_word' id='word_1_214' title='bbox 2452 1471 2798 1525; x_wconf 71' lang='lat' dir='ltr'><strong>existentium</strong></span> <span class='ocrx_word' id='word_1_215' title='bbox 2843 1471 3044 1524; x_wconf 91' lang='lat' dir='ltr'><strong>nullum</strong></span> <span class='ocrx_word' id='word_1_216' title='bbox 3089 1469 3142 1526; x_wconf 81' lang='grc' dir='ltr'><strong>ὅν</strong></span> <span class='ocrx_word' id='word_1_217' title='bbox 3168 1513 3182 1534; x_wconf 94' lang='lat'><strong>,</strong></span> <span class='ocrx_word' id='word_1_218' title='bbox 3229 1473 3370 1540; x_wconf 86' lang='lat' dir='ltr'><strong>quod</strong></span> <span class='ocrx_word' id='word_1_219' title='bbox 3410 1472 3627 1542; x_wconf 90' lang='lat' dir='ltr'><strong>quidem</strong></span> 
     </span>
    </p>
   </div>
   <div class='ocr_carea' id='block_1_30' title="bbox 2037 1558 3630 1632">
    <p class='ocr_par' dir='ltr' id='par_1_30' title="bbox 2037 1558 3630 1632">
     <span class='ocr_line' id='line_1_30' title="bbox 2037 1558 3630 1632; baseline 0.002 -19"><span class='ocrx_word' id='word_1_220' title='bbox 2037 1567 2139 1618; x_wconf 83' lang='lat' dir='ltr'><strong>est,</strong></span> <span class='ocrx_word' id='word_1_221' title='bbox 2174 1558 2300 1612; x_wconf 87' lang='lat' dir='ltr'><strong>velit</strong></span> <span class='ocrx_word' id='word_1_222' title='bbox 2329 1559 2614 1628; x_wconf 88' lang='lat' dir='ltr'><strong>aliquando</strong></span> <span class='ocrx_word' id='word_1_223' title='bbox 2642 1560 2890 1629; x_wconf 87' lang='lat' dir='ltr'><strong>perdere,</strong></span> <span class='ocrx_word' id='word_1_224' title='bbox 2923 1576 3026 1614; x_wconf 92' lang='lat' dir='ltr'><strong>non</strong></span> <span class='ocrx_word' id='word_1_225' title='bbox 3054 1561 3299 1617; x_wconf 81' lang='lat' dir='ltr'><strong>fortassis</strong></span> <span class='ocrx_word' id='word_1_226' title='bbox 3329 1578 3503 1632; x_wconf 83' lang='lat' dir='ltr'><strong>neque</strong></span> <span class='ocrx_word' id='word_1_227' title='bbox 3532 1579 3630 1617; x_wconf 83' lang='lat' dir='ltr'><strong>nos</strong></span> 
     </span>
    </p>
   </div>
   <div class='ocr_carea' id='block_1_31' title="bbox 2038 1648 3629 1725">
    <p class='ocr_par' dir='ltr' id='par_1_31' title="bbox 2038 1648 3629 1725">
     <span class='ocr_line' id='line_1_31' title="bbox 2038 1648 3629 1725; baseline 0.004 -23"><span class='ocrx_word' id='word_1_228' title='bbox 2038 1648 2105 1703; x_wconf 90' lang='lat' dir='ltr'><strong>ad</strong></span> <span class='ocrx_word' id='word_1_229' title='bbox 2137 1649 2238 1704; x_wconf 88' lang='lat' dir='ltr'><strong>hoc</strong></span> <span class='ocrx_word' id='word_1_230' title='bbox 2284 1650 2756 1715; x_wconf 89' lang='lat' dir='ltr'><strong>contradieemus,</strong></span> <span class='ocrx_word' id='word_1_231' title='bbox 2807 1652 2900 1706; x_wconf 90' lang='lat' dir='ltr'><strong>sed</strong></span> <span class='ocrx_word' id='word_1_232' title='bbox 2951 1654 3094 1708; x_wconf 91' lang='lat' dir='ltr'><strong>hunc</strong></span> <span class='ocrx_word' id='word_1_233' title='bbox 3136 1656 3288 1722; x_wconf 89' lang='lat' dir='ltr'><strong>pacis</strong></span> <span class='ocrx_word' id='word_1_234' title='bbox 3331 1656 3629 1725; x_wconf 88' lang='lat' dir='ltr'><strong>appetitmn</strong></span> 
     </span>
    </p>
   </div>
   <div class='ocr_carea' id='block_1_32' title="bbox 2042 1740 3631 1816">
    <p class='ocr_par' dir='ltr' id='par_1_32' title="bbox 2042 1740 3631 1816">
     <span class='ocr_line' id='line_1_32' title="bbox 2042 1740 3631 1816; baseline 0.004 -22"><span class='ocrx_word' id='word_1_235' title='bbox 2042 1740 2524 1797; x_wconf 80' lang='lat' dir='ltr'><strong>manifestabimus.</strong></span> <span class='ocrx_word' id='word_1_236' title='bbox 2566 1741 2758 1798; x_wconf 90' lang='lat' dir='ltr'><strong>Omnia</strong></span> <span class='ocrx_word' id='word_1_237' title='bbox 2787 1743 2931 1798; x_wconf 88' lang='lat' dir='ltr'><strong>enim</strong></span> <span class='ocrx_word' id='word_1_238' title='bbox 2977 1744 3150 1814; x_wconf 82' lang='lat' dir='ltr'><strong>diligit</strong></span> <span class='ocrx_word' id='word_1_239' title='bbox 3178 1747 3244 1800; x_wconf 91' lang='lat' dir='ltr'><strong>ad</strong></span> <span class='ocrx_word' id='word_1_240' title='bbox 3274 1747 3448 1816; x_wconf 88' lang='lat' dir='ltr'><strong>seipsa</strong></span> <span class='ocrx_word' id='word_1_241' title='bbox 3480 1747 3631 1815; x_wconf 88' lang='lat' dir='ltr'><strong>paci-</strong></span> 
     </span>
    </p>
   </div>
   <div class='ocr_carea' id='block_1_33' title="bbox 347 1805 3630 1905">
    <p class='ocr_par' dir='ltr' id='par_1_33' title="bbox 347 1805 3630 1905">
     <span class='ocr_line' id='line_1_33' title="bbox 347 1805 3630 1905; baseline -0.001 -15"><span class='ocrx_word' id='word_1_242' title='bbox 347 1835 614 1905; x_wconf 85' lang='lat' dir='ltr'><strong>seipsam,</strong></span> <span class='ocrx_word' id='word_1_243' title='bbox 644 1831 846 1888; x_wconf 86' lang='lat' dir='ltr'><strong>deserit</strong></span> <span class='ocrx_word' id='word_1_244' title='bbox 883 1815 1037 1886; x_wconf 83' lang='lat' dir='ltr'><strong>suam</strong></span> <span class='ocrx_word' id='word_1_245' title='bbox 1067 1830 1350 1891; x_wconf 89' lang='lat' dir='ltr'><strong>unitatem,</strong></span> <span class='ocrx_word' id='word_1_246' title='bbox 1382 1829 1478 1884; x_wconf 85' lang='lat' dir='ltr'><strong>sed</strong></span> <span class='ocrx_word' id='word_1_247' title='bbox 1517 1838 1572 1884; x_wconf 92' lang='lat' dir='ltr'><strong>et</strong></span> <span class='ocrx_word' id='word_1_248' title='bbox 1603 1828 1848 1898; x_wconf 86' lang='lat' dir='ltr'><strong>provenit</strong></span> <span class='ocrx_word' id='word_1_249' title='bbox 1881 1828 1934 1881; x_wconf 93' lang='lat' dir='ltr'><strong>in</strong></span> <span class='ocrx_word' id='word_1_250' title='bbox 1971 1805 2012 1863; x_wconf 72' lang='grc' dir='ltr'><strong>Β</strong></span> <span class='ocrx_word' id='word_1_251' title='bbox 2043 1828 2208 1884; x_wconf 82' lang='lat' dir='ltr'><strong>licam</strong></span> <span class='ocrx_word' id='word_1_252' title='bbox 2235 1837 2290 1884; x_wconf 90' lang='lat' dir='ltr'><strong>et</strong></span> <span class='ocrx_word' id='word_1_253' title='bbox 2317 1830 2482 1894; x_wconf 90' lang='lat' dir='ltr'><strong>uniri,</strong></span> <span class='ocrx_word' id='word_1_254' title='bbox 2513 1841 2568 1886; x_wconf 85' lang='lat' dir='ltr'><strong>et</strong></span> <span class='ocrx_word' id='word_1_255' title='bbox 2597 1847 2625 1885; x_wconf 92' lang='lat' dir='ltr'><strong>a</strong></span> <span class='ocrx_word' id='word_1_256' title='bbox 2657 1831 2771 1888; x_wconf 90' lang='lat' dir='ltr'><strong>suis</strong></span> <span class='ocrx_word' id='word_1_257' title='bbox 2798 1840 2853 1887; x_wconf 92' lang='lat' dir='ltr'><strong>et</strong></span> <span class='ocrx_word' id='word_1_258' title='bbox 2895 1847 2926 1886; x_wconf 90' lang='lat' dir='ltr'><strong>a</strong></span> <span class='ocrx_word' id='word_1_259' title='bbox 2967 1833 3160 1904; x_wconf 86' lang='lat' dir='ltr'><strong>seipsis</strong></span> <span class='ocrx_word' id='word_1_260' title='bbox 3189 1805 3543 1888; x_wconf 70' lang='lat' dir='ltr'><strong>immnlabilia</strong></span> <span class='ocrx_word' id='word_1_261' title='bbox 3575 1844 3630 1889; x_wconf 88' lang='lat' dir='ltr'><strong>et</strong></span> 
     </span>
    </p>
   </div>
   <div class='ocr_carea' id='block_1_34' title="bbox 357 1919 1938 1991">
    <p class='ocr_par' dir='ltr' id='par_1_34' title="bbox 357 1919 1938 1991">
     <span class='ocr_line' id='line_1_34' title="bbox 357 1919 1938 1991; baseline -0.007 -9"><span class='ocrx_word' id='word_1_262' title='bbox 357 1927 562 1991; x_wconf 88' lang='lat' dir='ltr'><strong>omnia,</strong></span> <span class='ocrx_word' id='word_1_263' title='bbox 599 1926 745 1980; x_wconf 90' lang='lat' dir='ltr'><strong>intus</strong></span> <span class='ocrx_word' id='word_1_264' title='bbox 794 1923 868 1979; x_wconf 85' lang='lat' dir='ltr'><strong>ibi</strong></span> <span class='ocrx_word' id='word_1_265' title='bbox 917 1936 1142 1977; x_wconf 87' lang='lat' dir='ltr'><strong>manens</strong></span> <span class='ocrx_word' id='word_1_266' title='bbox 1185 1937 1283 1991; x_wconf 90' lang='lat' dir='ltr'><strong>per</strong></span> <span class='ocrx_word' id='word_1_267' title='bbox 1333 1920 1710 1976; x_wconf 81' lang='lat' dir='ltr'><strong>excellentiam</strong></span> <span class='ocrx_word' id='word_1_268' title='bbox 1756 1919 1938 1973; x_wconf 89' lang='lat' dir='ltr'><strong>omnia</strong></span> 
     </span>
    </p>
   </div>
   <div class='ocr_carea' id='block_1_35' title="bbox 349 2009 1941 2086">
    <p class='ocr_par' dir='ltr' id='par_1_35' title="bbox 349 2009 1941 2086">
     <span class='ocr_line' id='line_1_35' title="bbox 349 2009 1941 2086; baseline -0.007 -13"><span class='ocrx_word' id='word_1_269' title='bbox 349 2016 660 2086; x_wconf 85' lang='lat' dir='ltr'><strong>superantis</strong></span> <span class='ocrx_word' id='word_1_270' title='bbox 704 2013 948 2070; x_wconf 86' lang='lat' dir='ltr'><strong>unitatis.</strong></span> <span class='ocrx_word' id='word_1_271' title='bbox 996 2011 1181 2082; x_wconf 87' lang='lat' dir='ltr'><strong>Neque</strong></span> <span class='ocrx_word' id='word_1_272' title='bbox 1231 2012 1451 2077; x_wconf 89' lang='lat' dir='ltr'><strong>dicere,</strong></span> <span class='ocrx_word' id='word_1_273' title='bbox 1506 2027 1681 2080; x_wconf 86' lang='lat' dir='ltr'><strong>neque</strong></span> <span class='ocrx_word' id='word_1_274' title='bbox 1745 2009 1941 2064; x_wconf 89' lang='lat' dir='ltr'><strong>intelli-</strong></span> 
     </span>
    </p>
   </div>
   <div class='ocr_carea' id='block_1_36' title="bbox 348 2103 1932 2179">
    <p class='ocr_par' dir='ltr' id='par_1_36' title="bbox 348 2103 1932 2179">
     <span class='ocr_line' id='line_1_36' title="bbox 348 2103 1932 2179; baseline -0.004 -15"><span class='ocrx_word' id='word_1_275' title='bbox 348 2123 476 2179; x_wconf 91' lang='lat' dir='ltr'><strong>gere</strong></span> <span class='ocrx_word' id='word_1_276' title='bbox 507 2108 720 2163; x_wconf 87' lang='lat' dir='ltr'><strong>cuidam</strong></span> <span class='ocrx_word' id='word_1_277' title='bbox 765 2105 1112 2161; x_wconf 80' lang='lat' dir='ltr'><strong>existentium</strong></span> <span class='ocrx_word' id='word_1_278' title='bbox 1159 2114 1245 2159; x_wconf 90' lang='lat' dir='ltr'><strong>est</strong></span> <span class='ocrx_word' id='word_1_279' title='bbox 1287 2105 1402 2168; x_wconf 84' lang='lat' dir='ltr'><strong>l&#39;as,</strong></span> <span class='ocrx_word' id='word_1_280' title='bbox 1431 2119 1607 2172; x_wconf 87' lang='lat' dir='ltr'><strong>neque</strong></span> <span class='ocrx_word' id='word_1_281' title='bbox 1641 2103 1932 2174; x_wconf 87' lang='lat' dir='ltr'><strong>possibile,</strong></span> 
     </span>
    </p>
   </div>
   <div class='ocr_carea' id='block_1_37' title="bbox 349 2195 1935 2266">
    <p class='ocr_par' dir='ltr' id='par_1_37' title="bbox 349 2195 1935 2266">
     <span class='ocr_line' id='line_1_37' title="bbox 349 2195 1935 2266; baseline -0.004 -11"><span class='ocrx_word' id='word_1_282' title='bbox 349 2201 478 2266; x_wconf 86' lang='lat' dir='ltr'><strong>sed,</strong></span> <span class='ocrx_word' id='word_1_283' title='bbox 528 2205 588 2254; x_wconf 87' lang='lat' dir='ltr'><strong>ttt</strong></span> <span class='ocrx_word' id='word_1_284' title='bbox 639 2197 910 2253; x_wconf 84' lang='lat' dir='ltr'><strong>inell&#39;abile</strong></span> <span class='ocrx_word' id='word_1_285' title='bbox 956 2205 1011 2252; x_wconf 92' lang='lat' dir='ltr'><strong>et</strong></span> <span class='ocrx_word' id='word_1_286' title='bbox 1057 2197 1288 2266; x_wconf 89' lang='lat' dir='ltr'><strong>idipsum</strong></span> <span class='ocrx_word' id='word_1_287' title='bbox 1335 2206 1391 2252; x_wconf 91' lang='lat' dir='ltr'><strong>et</strong></span> <span class='ocrx_word' id='word_1_288' title='bbox 1430 2195 1853 2266; x_wconf 87' lang='lat' dir='ltr'><strong>incognoscibile</strong></span> <span class='ocrx_word' id='word_1_289' title='bbox 1883 2196 1935 2249; x_wconf 92' lang='lat' dir='ltr'><strong>in</strong></span> 
     </span>
    </p>
   </div>
   <div class='ocr_carea' id='block_1_38' title="bbox 349 2289 1936 2360">
    <p class='ocr_par' dir='ltr' id='par_1_38' title="bbox 349 2289 1936 2360">
     <span class='ocr_line' id='line_1_38' title="bbox 349 2289 1936 2360; baseline -0.002 -16"><span class='ocrx_word' id='word_1_290' title='bbox 349 2291 521 2360; x_wconf 87' lang='lat' dir='ltr'><strong>ipsam</strong></span> <span class='ocrx_word' id='word_1_291' title='bbox 581 2296 940 2359; x_wconf 90' lang='lat' dir='ltr'><strong>reponentes,</strong></span> <span class='ocrx_word' id='word_1_292' title='bbox 998 2296 1257 2357; x_wconf 90' lang='lat' dir='ltr'><strong>tanquam</strong></span> <span class='ocrx_word' id='word_1_293' title='bbox 1313 2290 1554 2342; x_wconf 92' lang='lat' dir='ltr'><strong>omnium</strong></span> <span class='ocrx_word' id='word_1_294' title='bbox 1608 2289 1936 2343; x_wconf 81' lang='lat' dir='ltr'><strong>existentem</strong></span> 
     </span>
    </p>
   </div>
   <div class='ocr_carea' id='block_1_39' title="bbox 351 2382 1935 2451">
    <p class='ocr_par' dir='ltr' id='par_1_39' title="bbox 351 2382 1935 2451">
     <span class='ocr_line' id='line_1_39' title="bbox 351 2382 1935 2451; baseline -0.003 -12"><span class='ocrx_word' id='word_1_295' title='bbox 351 2386 715 2440; x_wconf 85' lang='lat' dir='ltr'><strong>summitatem</strong></span> <span class='ocrx_word' id='word_1_296' title='bbox 741 2424 756 2448; x_wconf 93' lang='lat'><strong>,</strong></span> <span class='ocrx_word' id='word_1_297' title='bbox 809 2383 1113 2438; x_wconf 88' lang='lat' dir='ltr'><strong>intellectas</strong></span> <span class='ocrx_word' id='word_1_298' title='bbox 1157 2383 1275 2451; x_wconf 77' lang='lat' dir='ltr'><strong>eius</strong></span> <span class='ocrx_word' id='word_1_299' title='bbox 1322 2390 1376 2436; x_wconf 90' lang='lat' dir='ltr'><strong>ct</strong></span> <span class='ocrx_word' id='word_1_300' title='bbox 1419 2382 1596 2436; x_wconf 89' lang='lat' dir='ltr'><strong>dictas</strong></span> <span class='ocrx_word' id='word_1_301' title='bbox 1640 2382 1935 2451; x_wconf 90' lang='lat' dir='ltr'><strong>participa-</strong></span> 
     </span>
    </p>
   </div>
   <div class='ocr_carea' id='block_1_40' title="bbox 353 2472 1939 2544">
    <p class='ocr_par' dir='ltr' id='par_1_40' title="bbox 353 2472 1939 2544">
     <span class='ocr_line' id='line_1_40' title="bbox 353 2472 1939 2544; baseline -0.001 -15"><span class='ocrx_word' id='word_1_302' title='bbox 353 2475 552 2536; x_wconf 88' lang='lat' dir='ltr'><strong>tioncs,</strong></span> <span class='ocrx_word' id='word_1_303' title='bbox 579 2482 632 2528; x_wconf 91' lang='lat' dir='ltr'><strong>et</strong></span> <span class='ocrx_word' id='word_1_304' title='bbox 669 2474 794 2539; x_wconf 90' lang='lat' dir='ltr'><strong>hoc,</strong></span> <span class='ocrx_word' id='word_1_305' title='bbox 847 2481 906 2528; x_wconf 89' lang='lat' dir='ltr'><strong>ut</strong></span> <span class='ocrx_word' id='word_1_306' title='bbox 950 2472 1206 2544; x_wconf 83' lang='lat' dir='ltr'><strong>possibile</strong></span> <span class='ocrx_word' id='word_1_307' title='bbox 1243 2473 1374 2526; x_wconf 89' lang='lat' dir='ltr'><strong>viris</strong></span> <span class='ocrx_word' id='word_1_308' title='bbox 1419 2481 1475 2528; x_wconf 89' lang='lat' dir='ltr'><strong>et</strong></span> <span class='ocrx_word' id='word_1_309' title='bbox 1521 2473 1729 2529; x_wconf 87' lang='lat' dir='ltr'><strong>nobisa</strong></span> <span class='ocrx_word' id='word_1_310' title='bbox 1754 2473 1939 2528; x_wconf 90' lang='lat' dir='ltr'><strong>multis</strong></span> 
     </span>
    </p>
   </div>
   <div class='ocr_carea' id='block_1_41' title="bbox 352 2563 1936 2635">
    <p class='ocr_par' dir='ltr' id='par_1_41' title="bbox 352 2563 1936 2635">
     <span class='ocr_line' id='line_1_41' title="bbox 352 2563 1936 2635; baseline -0.002 -15"><span class='ocrx_word' id='word_1_311' title='bbox 352 2565 570 2635; x_wconf 88' lang='lat' dir='ltr'><strong>optimis</strong></span> <span class='ocrx_word' id='word_1_312' title='bbox 627 2565 832 2620; x_wconf 86' lang='lat' dir='ltr'><strong>relictis</strong></span> <span class='ocrx_word' id='word_1_313' title='bbox 873 2563 1438 2634; x_wconf 80' lang='lat' dir='ltr'><strong>superspeculabimur</strong></span> <span class='ocrx_word' id='word_1_314' title='bbox 1494 2565 1532 2616; x_wconf 77' lang='grc' dir='ltr'><strong>ί.</strong></span> <span class='ocrx_word' id='word_1_315' title='bbox 1586 2564 1653 2619; x_wconf 89' lang='lat' dir='ltr'><strong>Et</strong></span> <span class='ocrx_word' id='word_1_316' title='bbox 1703 2563 1936 2634; x_wconf 88' lang='lat' dir='ltr'><strong>primum</strong></span> 
     </span>
    </p>
   </div>
   <div class='ocr_carea' id='block_1_42' title="bbox 353 2654 1940 2725">
    <p class='ocr_par' dir='ltr' id='par_1_42' title="bbox 353 2654 1940 2725">
     <span class='ocr_line' id='line_1_42' title="bbox 353 2654 1940 2725; baseline 0.004 -21"><span class='ocrx_word' id='word_1_317' title='bbox 353 2654 571 2724; x_wconf 81' lang='lat' dir='ltr'><strong>quidem</strong></span> <span class='ocrx_word' id='word_1_318' title='bbox 610 2655 713 2710; x_wconf 88' lang='lat' dir='ltr'><strong>hoc</strong></span> <span class='ocrx_word' id='word_1_319' title='bbox 745 2655 1027 2710; x_wconf 91' lang='lat' dir='ltr'><strong>dicendum</strong></span> <span class='ocrx_word' id='word_1_320' title='bbox 1047 2695 1061 2715; x_wconf 89' lang='lat'><strong>,</strong></span> <span class='ocrx_word' id='word_1_321' title='bbox 1091 2654 1219 2724; x_wconf 88' lang='lat' dir='ltr'><strong>quia</strong></span> <span class='ocrx_word' id='word_1_322' title='bbox 1262 2669 1359 2724; x_wconf 90' lang='lat' dir='ltr'><strong>per</strong></span> <span class='ocrx_word' id='word_1_323' title='bbox 1407 2654 1642 2725; x_wconf 87' lang='lat' dir='ltr'><strong>scipsam</strong></span> <span class='ocrx_word' id='word_1_324' title='bbox 1671 2655 1820 2724; x_wconf 89' lang='lat' dir='ltr'><strong>pacis</strong></span> <span class='ocrx_word' id='word_1_325' title='bbox 1841 2696 1854 2720; x_wconf 97' lang='lat'><strong>,</strong></span> <span class='ocrx_word' id='word_1_326' title='bbox 1885 2666 1940 2710; x_wconf 88' lang='lat' dir='ltr'><strong>et</strong></span> 
     </span>
    </p>
   </div>
   <div class='ocr_carea' id='block_1_43' title="bbox 358 2745 1935 2815">
    <p class='ocr_par' dir='ltr' id='par_1_43' title="bbox 358 2745 1935 2815">
     <span class='ocr_line' id='line_1_43' title="bbox 358 2745 1935 2815; baseline -0.001 -16"><span class='ocrx_word' id='word_1_327' title='bbox 358 2747 540 2807; x_wconf 88' lang='lat' dir='ltr'><strong>totius,</strong></span> <span class='ocrx_word' id='word_1_328' title='bbox 576 2757 629 2801; x_wconf 90' lang='lat' dir='ltr'><strong>et</strong></span> <span class='ocrx_word' id='word_1_329' title='bbox 661 2760 757 2814; x_wconf 90' lang='lat' dir='ltr'><strong>per</strong></span> <span class='ocrx_word' id='word_1_330' title='bbox 801 2746 1242 2815; x_wconf 87' lang='lat' dir='ltr'><strong>unumquodque,</strong></span> <span class='ocrx_word' id='word_1_331' title='bbox 1275 2753 1360 2799; x_wconf 89' lang='lat' dir='ltr'><strong>est</strong></span> <span class='ocrx_word' id='word_1_332' title='bbox 1383 2745 1707 2811; x_wconf 90' lang='lat' dir='ltr'><strong>substantia,</strong></span> <span class='ocrx_word' id='word_1_333' title='bbox 1731 2753 1784 2800; x_wconf 94' lang='lat' dir='ltr'><strong>et</strong></span> <span class='ocrx_word' id='word_1_334' title='bbox 1810 2745 1935 2815; x_wconf 90' lang='lat' dir='ltr'><strong>quia</strong></span> 
     </span>
    </p>
   </div>
   <div class='ocr_carea' id='block_1_44' title="bbox 353 2837 1933 2907">
    <p class='ocr_par' dir='ltr' id='par_1_44' title="bbox 353 2837 1933 2907">
     <span class='ocr_line' id='line_1_44' title="bbox 353 2837 1933 2907; baseline 0.001 -16"><span class='ocrx_word' id='word_1_335' title='bbox 353 2837 533 2891; x_wconf 75' lang='lat' dir='ltr'><strong>omnia</strong></span> <span class='ocrx_word' id='word_1_336' title='bbox 565 2839 631 2892; x_wconf 91' lang='lat' dir='ltr'><strong>ad</strong></span> <span class='ocrx_word' id='word_1_337' title='bbox 678 2853 738 2892; x_wconf 92' lang='lat' dir='ltr'><strong>se</strong></span> <span class='ocrx_word' id='word_1_338' title='bbox 770 2837 996 2892; x_wconf 85' lang='lat' dir='ltr'><strong>invicem</strong></span> <span class='ocrx_word' id='word_1_339' title='bbox 1029 2845 1400 2906; x_wconf 85' lang='lat' dir='ltr'><strong>contemperat</strong></span> <span class='ocrx_word' id='word_1_340' title='bbox 1452 2851 1549 2907; x_wconf 90' lang='lat' dir='ltr'><strong>per</strong></span> <span class='ocrx_word' id='word_1_341' title='bbox 1597 2837 1933 2893; x_wconf 74' lang='lat' dir='ltr'><strong>inconfusam</strong></span> 
     </span>
    </p>
   </div>
   <div class='ocr_carea' id='block_1_45' title="bbox 354 2925 1938 2995">
    <p class='ocr_par' dir='ltr' id='par_1_45' title="bbox 354 2925 1938 2995">
     <span class='ocr_line' id='line_1_45' title="bbox 354 2925 1938 2995; baseline 0.001 -15"><span class='ocrx_word' id='word_1_342' title='bbox 354 2939 542 2980; x_wconf 86' lang='lat' dir='ltr'><strong>eorum</strong></span> <span class='ocrx_word' id='word_1_343' title='bbox 571 2927 853 2991; x_wconf 88' lang='lat' dir='ltr'><strong>unitatem,</strong></span> <span class='ocrx_word' id='word_1_344' title='bbox 891 2941 990 2995; x_wconf 88' lang='lat' dir='ltr'><strong>per</strong></span> <span class='ocrx_word' id='word_1_345' title='bbox 1013 2941 1173 2994; x_wconf 89' lang='lat' dir='ltr'><strong>qttam</strong></span> <span class='ocrx_word' id='word_1_346' title='bbox 1213 2925 1644 2994; x_wconf 82' lang='lat' dir='ltr'><strong>inseparabiliter</strong></span> <span class='ocrx_word' id='word_1_347' title='bbox 1669 2928 1816 2981; x_wconf 90' lang='lat' dir='ltr'><strong>unita</strong></span> <span class='ocrx_word' id='word_1_348' title='bbox 1844 2968 1858 2992; x_wconf 93' lang='lat'><strong>,</strong></span> <span class='ocrx_word' id='word_1_349' title='bbox 1882 2935 1938 2982; x_wconf 91' lang='lat' dir='ltr'><strong>et</strong></span> 
     </span>
    </p>
   </div>
   <div class='ocr_carea' id='block_1_46' title="bbox 357 3016 1936 3088">
    <p class='ocr_par' dir='ltr' id='par_1_46' title="bbox 357 3016 1936 3088">
     <span class='ocr_line' id='line_1_46' title="bbox 357 3016 1936 3088; baseline -0.001 -17"><span class='ocrx_word' id='word_1_350' title='bbox 357 3017 680 3071; x_wconf 89' lang='lat' dir='ltr'><strong>indistanter</strong></span> <span class='ocrx_word' id='word_1_351' title='bbox 709 3032 879 3088; x_wconf 88' lang='lat' dir='ltr'><strong>aeque</strong></span> <span class='ocrx_word' id='word_1_352' title='bbox 907 3016 1166 3087; x_wconf 81' lang='lat' dir='ltr'><strong>perfecta,</strong></span> <span class='ocrx_word' id='word_1_353' title='bbox 1199 3017 1492 3072; x_wconf 90' lang='lat' dir='ltr'><strong>secundum</strong></span> <span class='ocrx_word' id='word_1_354' title='bbox 1521 3019 1796 3087; x_wconf 89' lang='lat' dir='ltr'><strong>propriam</strong></span> <span class='ocrx_word' id='word_1_355' title='bbox 1826 3018 1936 3072; x_wconf 87' lang='lat' dir='ltr'><strong>siu-</strong></span> 
     </span>
    </p>
   </div>
   <div class='ocr_carea' id='block_1_47' title="bbox 354 3105 1938 3177">
    <p class='ocr_par' dir='ltr' id='par_1_47' title="bbox 354 3105 1938 3177">
     <span class='ocr_line' id='line_1_47' title="bbox 354 3105 1938 3177; baseline 0.003 -19"><span class='ocrx_word' id='word_1_356' title='bbox 354 3105 476 3175; x_wconf 88' lang='lat' dir='ltr'><strong>gula</strong></span> <span class='ocrx_word' id='word_1_357' title='bbox 557 3105 790 3176; x_wconf 88' lang='lat' dir='ltr'><strong>speciem</strong></span> <span class='ocrx_word' id='word_1_358' title='bbox 859 3107 1087 3170; x_wconf 88' lang='lat' dir='ltr'><strong>statuit,</strong></span> <span class='ocrx_word' id='word_1_359' title='bbox 1145 3121 1253 3160; x_wconf 89' lang='lat' dir='ltr'><strong>non</strong></span> <span class='ocrx_word' id='word_1_360' title='bbox 1334 3105 1784 3175; x_wconf 88' lang='lat' dir='ltr'><strong>superobscurata</strong></span> <span class='ocrx_word' id='word_1_361' title='bbox 1843 3123 1938 3177; x_wconf 90' lang='lat' dir='ltr'><strong>per</strong></span> 
     </span>
    </p>
   </div>
   <div class='ocr_carea' id='block_1_48' title="bbox 355 3195 1939 3267">
    <p class='ocr_par' dir='ltr' id='par_1_48' title="bbox 355 3195 1939 3267">
     <span class='ocr_line' id='line_1_48' title="bbox 355 3195 1939 3267; baseline 0.002 -19"><span class='ocrx_word' id='word_1_362' title='bbox 355 3195 648 3250; x_wconf 79' lang='lat' dir='ltr'><strong>mixturam</strong></span> <span class='ocrx_word' id='word_1_363' title='bbox 696 3195 764 3251; x_wconf 91' lang='lat' dir='ltr'><strong>ad</strong></span> <span class='ocrx_word' id='word_1_364' title='bbox 827 3196 1073 3267; x_wconf 88' lang='lat' dir='ltr'><strong>opposita</strong></span> <span class='ocrx_word' id='word_1_365' title='bbox 1123 3196 1417 3266; x_wconf 87' lang='lat' dir='ltr'><strong>quidquam</strong></span> <span class='ocrx_word' id='word_1_366' title='bbox 1476 3195 1773 3252; x_wconf 88' lang='lat' dir='ltr'><strong>obcaecant</strong></span> <span class='ocrx_word' id='word_1_367' title='bbox 1819 3198 1939 3251; x_wconf 94' lang='lat' dir='ltr'><strong>uni-</strong></span> 
     </span>
    </p>
   </div>
   <div class='ocr_carea' id='block_1_49' title="bbox 354 3285 1935 3357">
    <p class='ocr_par' dir='ltr' id='par_1_49' title="bbox 354 3285 1935 3357">
     <span class='ocr_line' id='line_1_49' title="bbox 354 3285 1935 3357; baseline 0.002 -19"><span class='ocrx_word' id='word_1_368' title='bbox 354 3286 507 3341; x_wconf 91' lang='lat' dir='ltr'><strong>tricis</strong></span> <span class='ocrx_word' id='word_1_369' title='bbox 551 3285 860 3355; x_wconf 84' lang='lat' dir='ltr'><strong>diligentiae</strong></span> <span class='ocrx_word' id='word_1_370' title='bbox 903 3295 958 3341; x_wconf 93' lang='lat' dir='ltr'><strong>et</strong></span> <span class='ocrx_word' id='word_1_371' title='bbox 997 3287 1272 3356; x_wconf 90' lang='lat' dir='ltr'><strong>puritatis.</strong></span> <span class='ocrx_word' id='word_1_372' title='bbox 1324 3286 1495 3342; x_wconf 89' lang='lat' dir='ltr'><strong>Unam</strong></span> <span class='ocrx_word' id='word_1_373' title='bbox 1549 3287 1714 3357; x_wconf 79' lang='lat' dir='ltr'><strong>igitur</strong></span> <span class='ocrx_word' id='word_1_374' title='bbox 1763 3302 1935 3355; x_wconf 89' lang='lat' dir='ltr'><strong>quan-</strong></span> 
     </span>
    </p>
   </div>
   <div class='ocr_carea' id='block_1_50' title="bbox 351 3375 1937 3445">
    <p class='ocr_par' dir='ltr' id='par_1_50' title="bbox 351 3375 1937 3445">
     <span class='ocr_line' id='line_1_50' title="bbox 351 3375 1937 3445; baseline 0 -15"><span class='ocrx_word' id='word_1_375' title='bbox 351 3375 473 3430; x_wconf 90' lang='lat' dir='ltr'><strong>dam</strong></span> <span class='ocrx_word' id='word_1_376' title='bbox 505 3383 572 3430; x_wconf 91' lang='lat' dir='ltr'><strong>et.</strong></span> <span class='ocrx_word' id='word_1_377' title='bbox 598 3375 845 3444; x_wconf 87' lang='lat' dir='ltr'><strong>simplam</strong></span> <span class='ocrx_word' id='word_1_378' title='bbox 885 3375 1144 3444; x_wconf 81' lang='lat' dir='ltr'><strong>paciﬁcae</strong></span> <span class='ocrx_word' id='word_1_379' title='bbox 1189 3375 1412 3430; x_wconf 88' lang='lat' dir='ltr'><strong>unitatis</strong></span> <span class='ocrx_word' id='word_1_380' title='bbox 1453 3375 1937 3445; x_wconf 90' lang='lat' dir='ltr'><strong>contemplabimur</strong></span> 
     </span>
    </p>
   </div>
   <div class='ocr_carea' id='block_1_51' title="bbox 350 3465 1929 3536">
    <p class='ocr_par' dir='ltr' id='par_1_51' title="bbox 350 3465 1929 3536">
     <span class='ocr_line' id='line_1_51' title="bbox 350 3465 1929 3536; baseline 0.001 -16"><span class='ocrx_word' id='word_1_381' title='bbox 350 3474 622 3530; x_wconf 88' lang='lat' dir='ltr'><strong>naturam,</strong></span> <span class='ocrx_word' id='word_1_382' title='bbox 675 3466 1011 3536; x_wconf 89' lang='lat' dir='ltr'><strong>eopulantem</strong></span> <span class='ocrx_word' id='word_1_383' title='bbox 1065 3480 1257 3520; x_wconf 86' lang='lat' dir='ltr'><strong>omnes</strong></span> <span class='ocrx_word' id='word_1_384' title='bbox 1299 3467 1423 3530; x_wconf 88' lang='lat' dir='ltr'><strong>sibi,</strong></span> <span class='ocrx_word' id='word_1_385' title='bbox 1451 3475 1506 3521; x_wconf 90' lang='lat' dir='ltr'><strong>et</strong></span> <span class='ocrx_word' id='word_1_386' title='bbox 1547 3465 1929 3536; x_wconf 89' lang='lat' dir='ltr'><strong>sibimetipsis,</strong></span> 
     </span>
    </p>
   </div>
   <div class='ocr_carea' id='block_1_52' title="bbox 350 3558 1933 3627">
    <p class='ocr_par' dir='ltr' id='par_1_52' title="bbox 350 3558 1933 3627">
     <span class='ocr_line' id='line_1_52' title="bbox 350 3558 1933 3627; baseline -0.003 -9"><span class='ocrx_word' id='word_1_387' title='bbox 350 3569 406 3618; x_wconf 90' lang='lat' dir='ltr'><strong>et</strong></span> <span class='ocrx_word' id='word_1_388' title='bbox 433 3561 686 3627; x_wconf 90' lang='lat' dir='ltr'><strong>invicem,</strong></span> <span class='ocrx_word' id='word_1_389' title='bbox 718 3570 772 3618; x_wconf 92' lang='lat' dir='ltr'><strong>et</strong></span> <span class='ocrx_word' id='word_1_390' title='bbox 794 3561 1088 3616; x_wconf 88' lang='lat' dir='ltr'><strong>salvantem</strong></span> <span class='ocrx_word' id='word_1_391' title='bbox 1111 3561 1290 3614; x_wconf 90' lang='lat' dir='ltr'><strong>omnia</strong></span> <span class='ocrx_word' id='word_1_392' title='bbox 1315 3561 1366 3615; x_wconf 92' lang='lat' dir='ltr'><strong>in</strong></span> <span class='ocrx_word' id='word_1_393' title='bbox 1392 3558 1673 3617; x_wconf 84' lang='lat' dir='ltr'><strong>inconfnsa</strong></span> <span class='ocrx_word' id='word_1_394' title='bbox 1693 3560 1933 3616; x_wconf 89' lang='lat' dir='ltr'><strong>omnium</strong></span> 
     </span>
    </p>
   </div>
   <div class='ocr_carea' id='block_1_53' title="bbox 352 3651 1936 3722">
    <p class='ocr_par' dir='ltr' id='par_1_53' title="bbox 352 3651 1936 3722">
     <span class='ocr_line' id='line_1_53' title="bbox 352 3651 1936 3722; baseline 0 -15"><span class='ocrx_word' id='word_1_395' title='bbox 352 3652 712 3716; x_wconf 87' lang='lat' dir='ltr'><strong>continentia,</strong></span> <span class='ocrx_word' id='word_1_396' title='bbox 765 3661 820 3706; x_wconf 90' lang='lat' dir='ltr'><strong>et</strong></span> <span class='ocrx_word' id='word_1_397' title='bbox 860 3653 1186 3721; x_wconf 88' lang='lat' dir='ltr'><strong>conspicua,</strong></span> <span class='ocrx_word' id='word_1_398' title='bbox 1240 3661 1294 3706; x_wconf 89' lang='lat' dir='ltr'><strong>et</strong></span> <span class='ocrx_word' id='word_1_399' title='bbox 1353 3661 1775 3722; x_wconf 84' lang='lat' dir='ltr'><strong>contemperata.</strong></span> <span class='ocrx_word' id='word_1_400' title='bbox 1830 3651 1936 3707; x_wconf 88' lang='lat' dir='ltr'><strong>Per</strong></span> 
     </span>
    </p>
   </div>
   <div class='ocr_carea' id='block_1_54' title="bbox 351 3742 1934 3810">
    <p class='ocr_par' dir='ltr' id='par_1_54' title="bbox 351 3742 1934 3810">
     <span class='ocr_line' id='line_1_54' title="bbox 351 3742 1934 3810; baseline 0.001 -15"><span class='ocrx_word' id='word_1_401' title='bbox 351 3758 512 3810; x_wconf 83' lang='lat' dir='ltr'><strong>quant</strong></span> <span class='ocrx_word' id='word_1_402' title='bbox 578 3742 742 3796; x_wconf 88' lang='lat' dir='ltr'><strong>divini</strong></span> <span class='ocrx_word' id='word_1_403' title='bbox 805 3743 969 3796; x_wconf 89' lang='lat' dir='ltr'><strong>animi</strong></span> <span class='ocrx_word' id='word_1_404' title='bbox 1055 3742 1312 3797; x_wconf 87' lang='lat' dir='ltr'><strong>intellecti</strong></span> <span class='ocrx_word' id='word_1_405' title='bbox 1393 3742 1755 3798; x_wconf 90' lang='lat' dir='ltr'><strong>intellectibus</strong></span> <span class='ocrx_word' id='word_1_406' title='bbox 1819 3743 1934 3797; x_wconf 89' lang='lat' dir='ltr'><strong>suis</strong></span> 
     </span>
    </p>
   </div>
   <div class='ocr_carea' id='block_1_55' title="bbox 353 3829 1932 3900">
    <p class='ocr_par' dir='ltr' id='par_1_55' title="bbox 353 3829 1932 3900">
     <span class='ocr_line' id='line_1_55' title="bbox 353 3829 1932 3900; baseline 0.002 -17"><span class='ocrx_word' id='word_1_407' title='bbox 353 3829 614 3885; x_wconf 72' lang='lat' dir='ltr'><strong>Iliuntur</strong></span> <span class='ocrx_word' id='word_1_408' title='bbox 641 3869 656 3894; x_wconf 93' lang='lat'><strong>,</strong></span> <span class='ocrx_word' id='word_1_409' title='bbox 681 3839 736 3884; x_wconf 91' lang='lat' dir='ltr'><strong>et</strong></span> <span class='ocrx_word' id='word_1_410' title='bbox 764 3831 1184 3900; x_wconf 63' lang='lat' dir='ltr'><strong>intelligentibus</strong></span> <span class='ocrx_word' id='word_1_411' title='bbox 1207 3871 1224 3897; x_wconf 90' lang='lat'><strong>,</strong></span> <span class='ocrx_word' id='word_1_412' title='bbox 1269 3841 1325 3887; x_wconf 90' lang='lat' dir='ltr'><strong>et</strong></span> <span class='ocrx_word' id='word_1_413' title='bbox 1354 3832 1549 3886; x_wconf 90' lang='lat' dir='ltr'><strong>iterum</strong></span> <span class='ocrx_word' id='word_1_414' title='bbox 1593 3833 1645 3886; x_wconf 92' lang='lat' dir='ltr'><strong>in</strong></span> <span class='ocrx_word' id='word_1_415' title='bbox 1689 3833 1932 3899; x_wconf 83' lang='lat' dir='ltr'><strong>incogni-</strong></span> 
     </span>
    </p>
   </div>
   <div class='ocr_carea' id='block_1_56' title="bbox 357 3924 1932 3994">
    <p class='ocr_par' dir='ltr' id='par_1_56' title="bbox 357 3924 1932 3994">
     <span class='ocr_line' id='line_1_56' title="bbox 357 3924 1932 3994; baseline 0.004 -20"><span class='ocrx_word' id='word_1_416' title='bbox 357 3931 469 3975; x_wconf 90' lang='lat' dir='ltr'><strong>tum</strong></span> <span class='ocrx_word' id='word_1_417' title='bbox 533 3924 830 3979; x_wconf 90' lang='lat' dir='ltr'><strong>ascendunt</strong></span> <span class='ocrx_word' id='word_1_418' title='bbox 875 3940 1038 3994; x_wconf 90' lang='lat' dir='ltr'><strong>super</strong></span> <span class='ocrx_word' id='word_1_419' title='bbox 1078 3925 1318 3980; x_wconf 85' lang='lat' dir='ltr'><strong>animum</strong></span> <span class='ocrx_word' id='word_1_420' title='bbox 1363 3925 1744 3980; x_wconf 88' lang='lat' dir='ltr'><strong>collocatorum</strong></span> <span class='ocrx_word' id='word_1_421' title='bbox 1800 3940 1932 3980; x_wconf 91' lang='lat' dir='ltr'><strong>con-</strong></span> 
     </span>
    </p>
   </div>
   <div class='ocr_carea' id='block_1_57' title="bbox 359 4011 1934 4084">
    <p class='ocr_par' dir='ltr' id='par_1_57' title="bbox 359 4011 1934 4084">
     <span class='ocr_line' id='line_1_57' title="bbox 359 4011 1934 4084; baseline 0.003 -18"><span class='ocrx_word' id='word_1_422' title='bbox 359 4020 582 4067; x_wconf 89' lang='lat' dir='ltr'><strong>tactum.</strong></span> <span class='ocrx_word' id='word_1_423' title='bbox 619 4011 720 4067; x_wconf 81' lang='lat' dir='ltr'><strong>Pcr</strong></span> <span class='ocrx_word' id='word_1_424' title='bbox 750 4030 909 4083; x_wconf 88' lang='lat' dir='ltr'><strong>quam</strong></span> <span class='ocrx_word' id='word_1_425' title='bbox 938 4017 1150 4072; x_wconf 90' lang='lat' dir='ltr'><strong>animae</strong></span> <span class='ocrx_word' id='word_1_426' title='bbox 1185 4015 1518 4084; x_wconf 79' lang='lat' dir='ltr'><strong>largissimas</strong></span> <span class='ocrx_word' id='word_1_427' title='bbox 1547 4031 1672 4071; x_wconf 89' lang='lat' dir='ltr'><strong>suas</strong></span> <span class='ocrx_word' id='word_1_428' title='bbox 1699 4017 1934 4072; x_wconf 90' lang='lat' dir='ltr'><strong>rationes</strong></span> 
     </span>
    </p>
   </div>
   <div class='ocr_carea' id='block_1_58' title="bbox 354 4103 1934 4178">
    <p class='ocr_par' dir='ltr' id='par_1_58' title="bbox 354 4103 1934 4178">
     <span class='ocr_line' id='line_1_58' title="bbox 354 4103 1934 4178; baseline 0.003 -20"><span class='ocrx_word' id='word_1_429' title='bbox 354 4103 736 4177; x_wconf 88' lang='lat' dir='ltr'><strong>intelligentes,</strong></span> <span class='ocrx_word' id='word_1_430' title='bbox 764 4115 819 4161; x_wconf 91' lang='lat' dir='ltr'><strong>et</strong></span> <span class='ocrx_word' id='word_1_431' title='bbox 846 4107 910 4161; x_wconf 91' lang='lat' dir='ltr'><strong>ad</strong></span> <span class='ocrx_word' id='word_1_432' title='bbox 941 4123 1101 4161; x_wconf 89' lang='lat' dir='ltr'><strong>unam</strong></span> <span class='ocrx_word' id='word_1_433' title='bbox 1141 4106 1552 4162; x_wconf 89' lang='lat' dir='ltr'><strong>intellectualem</strong></span> <span class='ocrx_word' id='word_1_434' title='bbox 1577 4117 1934 4178; x_wconf 85' lang='lat' dir='ltr'><strong>congregatae</strong></span> 
     </span>
    </p>
   </div>
   <div class='ocr_carea' id='block_1_59' title="bbox 353 4193 1934 4268">
    <p class='ocr_par' dir='ltr' id='par_1_59' title="bbox 353 4193 1934 4268">
     <span class='ocr_line' id='line_1_59' title="bbox 353 4193 1934 4268; baseline 0.002 -19"><span class='ocrx_word' id='word_1_435' title='bbox 353 4196 676 4265; x_wconf 86' lang='lat' dir='ltr'><strong>puritatem,</strong></span> <span class='ocrx_word' id='word_1_436' title='bbox 720 4193 1134 4268; x_wconf 88' lang='lat' dir='ltr'><strong>progrediuntur</strong></span> <span class='ocrx_word' id='word_1_437' title='bbox 1163 4197 1380 4267; x_wconf 85' lang='lat' dir='ltr'><strong>proprie</strong></span> <span class='ocrx_word' id='word_1_438' title='bbox 1404 4198 1622 4251; x_wconf 89' lang='lat' dir='ltr'><strong>sibimet</strong></span> <span class='ocrx_word' id='word_1_439' title='bbox 1653 4198 1736 4251; x_wconf 90' lang='lat' dir='ltr'><strong>via</strong></span> <span class='ocrx_word' id='word_1_440' title='bbox 1767 4206 1822 4252; x_wconf 89' lang='lat' dir='ltr'><strong>et</strong></span> <span class='ocrx_word' id='word_1_441' title='bbox 1845 4213 1934 4252; x_wconf 92' lang='lat' dir='ltr'><strong>or-</strong></span> 
     </span>
    </p>
   </div>
   <div class='ocr_carea' id='block_1_60' title="bbox 351 4287 1932 4359">
    <p class='ocr_par' dir='ltr' id='par_1_60' title="bbox 351 4287 1932 4359">
     <span class='ocr_line' id='line_1_60' title="bbox 351 4287 1932 4359; baseline 0.001 -17"><span class='ocrx_word' id='word_1_442' title='bbox 351 4287 474 4342; x_wconf 88' lang='lat' dir='ltr'><strong>dine</strong></span> <span class='ocrx_word' id='word_1_443' title='bbox 493 4302 590 4357; x_wconf 91' lang='lat' dir='ltr'><strong>per</strong></span> <span class='ocrx_word' id='word_1_444' title='bbox 613 4288 1018 4343; x_wconf 88' lang='lat' dir='ltr'><strong>immaterialem</strong></span> <span class='ocrx_word' id='word_1_445' title='bbox 1042 4298 1098 4343; x_wconf 92' lang='lat' dir='ltr'><strong>ct</strong></span> <span class='ocrx_word' id='word_1_446' title='bbox 1124 4289 1498 4359; x_wconf 88' lang='lat' dir='ltr'><strong>impartibilem</strong></span> <span class='ocrx_word' id='word_1_447' title='bbox 1527 4289 1932 4359; x_wconf 85' lang='lat' dir='ltr'><strong>intelligentiam</strong></span> 
     </span>
    </p>
   </div>
   <div class='ocr_carea' id='block_1_61' title="bbox 352 4377 1931 4450">
    <p class='ocr_par' dir='ltr' id='par_1_61' title="bbox 352 4377 1931 4450">
     <span class='ocr_line' id='line_1_61' title="bbox 352 4377 1931 4450; baseline 0.001 -18"><span class='ocrx_word' id='word_1_448' title='bbox 352 4377 408 4432; x_wconf 90' lang='lat' dir='ltr'><strong>in</strong></span> <span class='ocrx_word' id='word_1_449' title='bbox 447 4379 708 4434; x_wconf 90' lang='lat' dir='ltr'><strong>unitatem</strong></span> <span class='ocrx_word' id='word_1_450' title='bbox 737 4394 897 4450; x_wconf 89' lang='lat' dir='ltr'><strong>super</strong></span> <span class='ocrx_word' id='word_1_451' title='bbox 925 4379 1274 4434; x_wconf 88' lang='lat' dir='ltr'><strong>intellectam.</strong></span> <span class='ocrx_word' id='word_1_452' title='bbox 1305 4379 1408 4434; x_wconf 84' lang='lat' dir='ltr'><strong>Per</strong></span> <span class='ocrx_word' id='word_1_453' title='bbox 1431 4395 1592 4448; x_wconf 89' lang='lat' dir='ltr'><strong>quam</strong></span> <span class='ocrx_word' id='word_1_454' title='bbox 1625 4396 1729 4433; x_wconf 90' lang='lat' dir='ltr'><strong>una</strong></span> <span class='ocrx_word' id='word_1_455' title='bbox 1759 4389 1814 4434; x_wconf 90' lang='lat' dir='ltr'><strong>et</strong></span> <span class='ocrx_word' id='word_1_456' title='bbox 1847 4381 1931 4434; x_wconf 89' lang='lat' dir='ltr'><strong>in-</strong></span> 
     </span>
    </p>
   </div>
   <div class='ocr_carea' id='block_1_62' title="bbox 2040 1918 3627 1995">
    <p class='ocr_par' dir='ltr' id='par_1_62' title="bbox 2040 1918 3627 1995">
     <span class='ocr_line' id='line_1_62' title="bbox 2040 1918 3627 1995; baseline 0.005 -23"><span class='ocrx_word' id='word_1_457' title='bbox 2040 1918 2334 1974; x_wconf 87' lang='lat' dir='ltr'><strong>incasnalia</strong></span> <span class='ocrx_word' id='word_1_458' title='bbox 2365 1935 2486 1976; x_wconf 90' lang='lat' dir='ltr'><strong>esse</strong></span> <span class='ocrx_word' id='word_1_459' title='bbox 2519 1939 2531 1974; x_wconf 94' lang='lat'>:</span> <span class='ocrx_word' id='word_1_460' title='bbox 2563 1930 2619 1976; x_wconf 90' lang='lat' dir='ltr'><strong>et</strong></span> <span class='ocrx_word' id='word_1_461' title='bbox 2647 1933 2731 1976; x_wconf 90' lang='lat' dir='ltr'><strong>est</strong></span> <span class='ocrx_word' id='word_1_462' title='bbox 2762 1938 2859 1991; x_wconf 89' lang='lat' dir='ltr'><strong>per</strong></span> <span class='ocrx_word' id='word_1_463' title='bbox 2883 1925 3303 1995; x_wconf 80' lang='lat' dir='ltr'><strong>unumquodque</strong></span> <span class='ocrx_word' id='word_1_464' title='bbox 3331 1928 3627 1981; x_wconf 79' lang='lat' dir='ltr'><strong>commixta</strong></span> 
     </span>
    </p>
   </div>
   <div class='ocr_carea' id='block_1_63' title="bbox 2040 2008 3626 2082">
    <p class='ocr_par' dir='ltr' id='par_1_63' title="bbox 2040 2008 3626 2082">
     <span class='ocr_line' id='line_1_63' title="bbox 2040 2008 3626 2082; baseline 0.004 -21"><span class='ocrx_word' id='word_1_465' title='bbox 2040 2008 2373 2077; x_wconf 91' lang='lat' dir='ltr'><strong>proprietate</strong></span> <span class='ocrx_word' id='word_1_466' title='bbox 2422 2009 2814 2078; x_wconf 81' lang='lat' dir='ltr'><strong>perfectissima</strong></span> <span class='ocrx_word' id='word_1_467' title='bbox 2864 2027 2967 2080; x_wconf 80' lang='lat' dir='ltr'><strong>pax</strong></span> <span class='ocrx_word' id='word_1_468' title='bbox 3018 2014 3338 2066; x_wconf 83' lang='lat' dir='ltr'><strong>custoditiva</strong></span> <span class='ocrx_word' id='word_1_469' title='bbox 3371 2055 3386 2079; x_wconf 96' lang='lat'><strong>,</strong></span> <span class='ocrx_word' id='word_1_470' title='bbox 3438 2030 3626 2082; x_wconf 81' lang='lat' dir='ltr'><strong>pacem</strong></span> 
     </span>
    </p>
   </div>
   <div class='ocr_carea' id='block_1_64' title="bbox 2040 2098 3630 2170">
    <p class='ocr_par' dir='ltr' id='par_1_64' title="bbox 2040 2098 3630 2170">
     <span class='ocr_line' id='line_1_64' title="bbox 2040 2098 3630 2170; baseline 0.003 -18"><span class='ocrx_word' id='word_1_471' title='bbox 2040 2098 2367 2154; x_wconf 91' lang='lat' dir='ltr'><strong>donantibus</strong></span> <span class='ocrx_word' id='word_1_472' title='bbox 2397 2099 2509 2153; x_wconf 84' lang='lat' dir='ltr'><strong>suis</strong></span> <span class='ocrx_word' id='word_1_473' title='bbox 2537 2101 2911 2168; x_wconf 82' lang='lat' dir='ltr'><strong>providentiis,</strong></span> <span class='ocrx_word' id='word_1_474' title='bbox 2943 2103 3123 2155; x_wconf 88' lang='lat' dir='ltr'><strong>omnia</strong></span> <span class='ocrx_word' id='word_1_475' title='bbox 3156 2104 3546 2170; x_wconf 86' lang='lat' dir='ltr'><strong>imperturbata</strong></span> <span class='ocrx_word' id='word_1_476' title='bbox 3573 2114 3630 2157; x_wconf 87' lang='lat' dir='ltr'><strong>ct</strong></span> 
     </span>
    </p>
   </div>
   <div class='ocr_carea' id='block_1_65' title="bbox 2042 2186 3628 2258">
    <p class='ocr_par' dir='ltr' id='par_1_65' title="bbox 2042 2186 3628 2258">
     <span class='ocr_line' id='line_1_65' title="bbox 2042 2186 3628 2258; baseline 0.004 -18"><span class='ocrx_word' id='word_1_477' title='bbox 2042 2186 2319 2242; x_wconf 82' lang='lat' dir='ltr'><strong>inconfusa</strong></span> <span class='ocrx_word' id='word_1_478' title='bbox 2372 2188 2440 2241; x_wconf 90' lang='lat' dir='ltr'><strong>ad</strong></span> <span class='ocrx_word' id='word_1_479' title='bbox 2500 2197 2645 2242; x_wconf 91' lang='lat' dir='ltr'><strong>tanta</strong></span> <span class='ocrx_word' id='word_1_480' title='bbox 2696 2198 2748 2244; x_wconf 91' lang='lat' dir='ltr'><strong>et</strong></span> <span class='ocrx_word' id='word_1_481' title='bbox 2795 2190 2864 2243; x_wconf 87' lang='lat' dir='ltr'><strong>ad</strong></span> <span class='ocrx_word' id='word_1_482' title='bbox 2914 2205 2972 2247; x_wconf 89' lang='lat' dir='ltr'><strong>se</strong></span> <span class='ocrx_word' id='word_1_483' title='bbox 3020 2191 3248 2246; x_wconf 89' lang='lat' dir='ltr'><strong>invicem</strong></span> <span class='ocrx_word' id='word_1_484' title='bbox 3301 2193 3538 2258; x_wconf 87' lang='lat' dir='ltr'><strong>salvans,</strong></span> <span class='ocrx_word' id='word_1_485' title='bbox 3572 2203 3628 2247; x_wconf 91' lang='lat' dir='ltr'><strong>et</strong></span> 
     </span>
    </p>
   </div>
   <div class='ocr_carea' id='block_1_66' title="bbox 2039 2276 3622 2340">
    <p class='ocr_par' dir='ltr' id='par_1_66' title="bbox 2039 2276 3622 2340">
     <span class='ocr_line' id='line_1_66' title="bbox 2039 2276 3622 2340; baseline 0.004 -9"><span class='ocrx_word' id='word_1_486' title='bbox 2039 2277 2305 2332; x_wconf 86' lang='lat' dir='ltr'><strong>omniain</strong></span> <span class='ocrx_word' id='word_1_487' title='bbox 2339 2276 2653 2333; x_wconf 80' lang='lat' dir='ltr'><strong>fortitudine</strong></span> <span class='ocrx_word' id='word_1_488' title='bbox 2696 2287 2750 2333; x_wconf 91' lang='lat' dir='ltr'><strong>ct</strong></span> <span class='ocrx_word' id='word_1_489' title='bbox 2799 2279 3071 2336; x_wconf 83' lang='lat' dir='ltr'><strong>inﬂexibili</strong></span> <span class='ocrx_word' id='word_1_490' title='bbox 3122 2282 3318 2338; x_wconf 90' lang='lat' dir='ltr'><strong>virtute</strong></span> <span class='ocrx_word' id='word_1_491' title='bbox 3368 2284 3434 2338; x_wconf 88' lang='lat' dir='ltr'><strong>ad</strong></span> <span class='ocrx_word' id='word_1_492' title='bbox 3469 2301 3622 2340; x_wconf 90' lang='lat' dir='ltr'><strong>suam</strong></span> 
     </span>
    </p>
   </div>
   <div class='ocr_carea' id='block_1_67' title="bbox 2040 2370 3625 2439">
    <p class='ocr_par' dir='ltr' id='par_1_67' title="bbox 2040 2370 3625 2439">
     <span class='ocr_line' id='line_1_67' title="bbox 2040 2370 3625 2439; baseline 0.004 -16"><span class='ocrx_word' id='word_1_493' title='bbox 2040 2383 2228 2436; x_wconf 84' lang='lat' dir='ltr'><strong>pacem</strong></span> <span class='ocrx_word' id='word_1_494' title='bbox 2273 2377 2328 2423; x_wconf 90' lang='lat' dir='ltr'><strong>et</strong></span> <span class='ocrx_word' id='word_1_495' title='bbox 2377 2370 2817 2439; x_wconf 87' lang='lat' dir='ltr'><strong>tranquillitatem</strong></span> <span class='ocrx_word' id='word_1_496' title='bbox 2875 2382 3142 2427; x_wconf 69' lang='lat' dir='ltr'><strong>statuens;</strong></span> <span class='ocrx_word' id='word_1_497' title='bbox 3208 2374 3410 2430; x_wconf 89' lang='lat' dir='ltr'><strong>Deinde</strong></span> <span class='ocrx_word' id='word_1_498' title='bbox 3479 2384 3625 2430; x_wconf 92' lang='lat' dir='ltr'><strong>mota</strong></span> 
     </span>
    </p>
   </div>
   <div class='ocr_carea' id='block_1_68' title="bbox 2040 2462 3624 2536">
    <p class='ocr_par' dir='ltr' id='par_1_68' title="bbox 2040 2462 3624 2536">
     <span class='ocr_line' id='line_1_68' title="bbox 2040 2462 3624 2536; baseline 0.003 -19"><span class='ocrx_word' id='word_1_499' title='bbox 2040 2463 2220 2518; x_wconf 91' lang='lat' dir='ltr'><strong>omnia</strong></span> <span class='ocrx_word' id='word_1_500' title='bbox 2251 2477 2356 2517; x_wconf 90' lang='lat' dir='ltr'><strong>non</strong></span> <span class='ocrx_word' id='word_1_501' title='bbox 2383 2462 2565 2530; x_wconf 90' lang='lat' dir='ltr'><strong>silere,</strong></span> <span class='ocrx_word' id='word_1_502' title='bbox 2597 2464 2691 2518; x_wconf 93' lang='lat' dir='ltr'><strong>sed</strong></span> <span class='ocrx_word' id='word_1_503' title='bbox 2719 2467 2922 2520; x_wconf 90' lang='lat' dir='ltr'><strong>moveri</strong></span> <span class='ocrx_word' id='word_1_504' title='bbox 2954 2481 3174 2536; x_wconf 87' lang='lat' dir='ltr'><strong>semper</strong></span> <span class='ocrx_word' id='word_1_505' title='bbox 3199 2482 3386 2522; x_wconf 88' lang='lat' dir='ltr'><strong>eorum</strong></span> <span class='ocrx_word' id='word_1_506' title='bbox 3419 2477 3624 2522; x_wconf 90' lang='lat' dir='ltr'><strong>motum</strong></span> 
     </span>
    </p>
   </div>
   <div class='ocr_carea' id='block_1_69' title="bbox 2040 2554 3624 2628">
    <p class='ocr_par' dir='ltr' id='par_1_69' title="bbox 2040 2554 3624 2628">
     <span class='ocr_line' id='line_1_69' title="bbox 2040 2554 3624 2628; baseline 0.003 -20"><span class='ocrx_word' id='word_1_507' title='bbox 2040 2554 2172 2608; x_wconf 91' lang='lat' dir='ltr'><strong>vult.</strong></span> <span class='ocrx_word' id='word_1_508' title='bbox 2223 2554 2291 2608; x_wconf 90' lang='lat' dir='ltr'><strong>Et</strong></span> <span class='ocrx_word' id='word_1_509' title='bbox 2337 2554 2442 2608; x_wconf 88' lang='lat' dir='ltr'><strong>hoc</strong></span> <span class='ocrx_word' id='word_1_510' title='bbox 2487 2556 2756 2624; x_wconf 88' lang='lat' dir='ltr'><strong>appetitus</strong></span> <span class='ocrx_word' id='word_1_511' title='bbox 2804 2566 2889 2611; x_wconf 91' lang='lat' dir='ltr'><strong>cst</strong></span> <span class='ocrx_word' id='word_1_512' title='bbox 2937 2556 3152 2612; x_wconf 88' lang='lat' dir='ltr'><strong>divinae</strong></span> <span class='ocrx_word' id='word_1_513' title='bbox 3181 2559 3420 2612; x_wconf 89' lang='lat' dir='ltr'><strong>omnium</strong></span> <span class='ocrx_word' id='word_1_514' title='bbox 3451 2560 3624 2628; x_wconf 85' lang='lat' dir='ltr'><strong>pacis,</strong></span> 
     </span>
    </p>
   </div>
   <div class='ocr_carea' id='block_1_70' title="bbox 2039 2646 3626 2717">
    <p class='ocr_par' dir='ltr' id='par_1_70' title="bbox 2039 2646 3626 2717">
     <span class='ocr_line' id='line_1_70' title="bbox 2039 2646 3626 2717; baseline -0.001 -13"><span class='ocrx_word' id='word_1_515' title='bbox 2039 2647 2221 2704; x_wconf 86' lang='lat' dir='ltr'><strong>omnia</strong></span> <span class='ocrx_word' id='word_1_516' title='bbox 2273 2647 2327 2701; x_wconf 93' lang='lat' dir='ltr'><strong>in</strong></span> <span class='ocrx_word' id='word_1_517' title='bbox 2372 2646 2564 2717; x_wconf 91' lang='lat' dir='ltr'><strong>seipsis</strong></span> <span class='ocrx_word' id='word_1_518' title='bbox 2615 2648 2907 2702; x_wconf 90' lang='lat' dir='ltr'><strong>incasualia</strong></span> <span class='ocrx_word' id='word_1_519' title='bbox 2959 2649 3251 2712; x_wconf 85' lang='lat' dir='ltr'><strong>salvantis,</strong></span> <span class='ocrx_word' id='word_1_520' title='bbox 3301 2660 3357 2705; x_wconf 91' lang='lat' dir='ltr'><strong>et</strong></span> <span class='ocrx_word' id='word_1_521' title='bbox 3385 2652 3626 2703; x_wconf 88' lang='lat' dir='ltr'><strong>omnimn</strong></span> 
     </span>
    </p>
   </div>
   <div class='ocr_carea' id='block_1_71' title="bbox 2039 2740 3624 2811">
    <p class='ocr_par' dir='ltr' id='par_1_71' title="bbox 2039 2740 3624 2811">
     <span class='ocr_line' id='line_1_71' title="bbox 2039 2740 3624 2811; baseline 0.001 -17"><span class='ocrx_word' id='word_1_522' title='bbox 2039 2750 2310 2796; x_wconf 86' lang='lat' dir='ltr'><strong>motorum</strong></span> <span class='ocrx_word' id='word_1_523' title='bbox 2341 2740 2722 2811; x_wconf 82' lang='lat' dir='ltr'><strong>preprietatem</strong></span> <span class='ocrx_word' id='word_1_524' title='bbox 2752 2750 2808 2794; x_wconf 93' lang='lat' dir='ltr'><strong>ct</strong></span> <span class='ocrx_word' id='word_1_525' title='bbox 2835 2740 3092 2796; x_wconf 87' lang='lat' dir='ltr'><strong>motivam</strong></span> <span class='ocrx_word' id='word_1_526' title='bbox 3131 2742 3327 2804; x_wconf 77' lang='lat' dir='ltr'><strong>vitam,</strong></span> <span class='ocrx_word' id='word_1_527' title='bbox 3369 2741 3624 2795; x_wconf 90' lang='lat' dir='ltr'><strong>immuta-</strong></span> 
     </span>
    </p>
   </div>
   <div class='ocr_carea' id='block_1_72' title="bbox 2039 2832 3626 2901">
    <p class='ocr_par' dir='ltr' id='par_1_72' title="bbox 2039 2832 3626 2901">
     <span class='ocr_line' id='line_1_72' title="bbox 2039 2832 3626 2901; baseline -0.002 -13"><span class='ocrx_word' id='word_1_528' title='bbox 2039 2834 2198 2888; x_wconf 88' lang='lat' dir='ltr'><strong>bilem</strong></span> <span class='ocrx_word' id='word_1_529' title='bbox 2228 2841 2284 2888; x_wconf 91' lang='lat' dir='ltr'><strong>et</strong></span> <span class='ocrx_word' id='word_1_530' title='bbox 2319 2832 2643 2888; x_wconf 87' lang='lat' dir='ltr'><strong>incasualem</strong></span> <span class='ocrx_word' id='word_1_531' title='bbox 2675 2833 3049 2897; x_wconf 87' lang='lat' dir='ltr'><strong>custodientis,</strong></span> <span class='ocrx_word' id='word_1_532' title='bbox 3083 2833 3137 2887; x_wconf 91' lang='lat' dir='ltr'><strong>in</strong></span> <span class='ocrx_word' id='word_1_533' title='bbox 3168 2841 3310 2886; x_wconf 83' lang='lat' dir='ltr'><strong>meta</strong></span> <span class='ocrx_word' id='word_1_534' title='bbox 3343 2832 3410 2886; x_wconf 90' lang='lat' dir='ltr'><strong>ad</strong></span> <span class='ocrx_word' id='word_1_535' title='bbox 3441 2847 3501 2887; x_wconf 92' lang='lat' dir='ltr'><strong>se</strong></span> <span class='ocrx_word' id='word_1_536' title='bbox 3531 2847 3626 2901; x_wconf 82' lang='lat' dir='ltr'><strong>pa-</strong></span> 
     </span>
    </p>
   </div>
   <div class='ocr_carea' id='block_1_73' title="bbox 2039 2922 3623 2995">
    <p class='ocr_par' dir='ltr' id='par_1_73' title="bbox 2039 2922 3623 2995">
     <span class='ocr_line' id='line_1_73' title="bbox 2039 2922 3623 2995; baseline -0.001 -19"><span class='ocrx_word' id='word_1_537' title='bbox 2039 2922 2334 2989; x_wconf 82' lang='lat' dir='ltr'><strong>ciﬁcantia,</strong></span> <span class='ocrx_word' id='word_1_538' title='bbox 2357 2933 2411 2980; x_wconf 92' lang='lat' dir='ltr'><strong>et</strong></span> <span class='ocrx_word' id='word_1_539' title='bbox 2438 2924 2601 2979; x_wconf 87' lang='lat' dir='ltr'><strong>sicsic</strong></span> <span class='ocrx_word' id='word_1_540' title='bbox 2650 2923 2924 2989; x_wconf 85' lang='lat' dir='ltr'><strong>habentia,</strong></span> <span class='ocrx_word' id='word_1_541' title='bbox 2955 2923 3160 2995; x_wconf 86' lang='lat' dir='ltr'><strong>agendo</strong></span> <span class='ocrx_word' id='word_1_542' title='bbox 3188 2939 3326 2992; x_wconf 88' lang='lat' dir='ltr'><strong>quae</strong></span> <span class='ocrx_word' id='word_1_543' title='bbox 3354 2939 3451 2978; x_wconf 89' lang='lat' dir='ltr'><strong>sua</strong></span> <span class='ocrx_word' id='word_1_544' title='bbox 3476 2935 3623 2978; x_wconf 90' lang='lat' dir='ltr'><strong>sunt.</strong></span> 
     </span>
    </p>
   </div>
   <div class='ocr_carea' id='block_1_74' title="bbox 2042 3014 3622 3086">
    <p class='ocr_par' dir='ltr' id='par_1_74' title="bbox 2042 3014 3622 3086">
     <span class='ocr_line' id='line_1_74' title="bbox 2042 3014 3622 3086; baseline 0.001 -18"><span class='ocrx_word' id='word_1_545' title='bbox 2042 3014 2100 3068; x_wconf 91' lang='lat' dir='ltr'><strong>Si</strong></span> <span class='ocrx_word' id='word_1_546' title='bbox 2125 3023 2306 3070; x_wconf 86' lang='lat' dir='ltr'><strong>autem</strong></span> <span class='ocrx_word' id='word_1_547' title='bbox 2341 3018 2636 3072; x_wconf 87' lang='lat' dir='ltr'><strong>secundum</strong></span> <span class='ocrx_word' id='word_1_548' title='bbox 2664 3030 2847 3072; x_wconf 86' lang='lat' dir='ltr'><strong>casum</strong></span> <span class='ocrx_word' id='word_1_549' title='bbox 2879 3017 3027 3086; x_wconf 89' lang='lat' dir='ltr'><strong>pacis</strong></span> <span class='ocrx_word' id='word_1_550' title='bbox 3055 3017 3381 3071; x_wconf 88' lang='lat' dir='ltr'><strong>alteritatem</strong></span> <span class='ocrx_word' id='word_1_551' title='bbox 3415 3016 3622 3077; x_wconf 87' lang='lat' dir='ltr'><strong>dicens.</strong></span> 
     </span>
    </p>
   </div>
   <div class='ocr_carea' id='block_1_75' title="bbox 2043 3106 3626 3178">
    <p class='ocr_par' dir='ltr' id='par_1_75' title="bbox 2043 3106 3626 3178">
     <span class='ocr_line' id='line_1_75' title="bbox 2043 3106 3626 3178; baseline 0.001 -19"><span class='ocrx_word' id='word_1_552' title='bbox 2043 3106 2327 3161; x_wconf 85' lang='lat' dir='ltr'><strong>conﬁrmat</strong></span> <span class='ocrx_word' id='word_1_553' title='bbox 2349 3122 2453 3162; x_wconf 92' lang='lat' dir='ltr'><strong>non</strong></span> <span class='ocrx_word' id='word_1_554' title='bbox 2485 3123 2606 3163; x_wconf 90' lang='lat' dir='ltr'><strong>esse</strong></span> <span class='ocrx_word' id='word_1_555' title='bbox 2632 3108 2882 3163; x_wconf 90' lang='lat' dir='ltr'><strong>omnibus</strong></span> <span class='ocrx_word' id='word_1_556' title='bbox 2907 3107 3192 3161; x_wconf 87' lang='lat' dir='ltr'><strong>amabilem</strong></span> <span class='ocrx_word' id='word_1_557' title='bbox 3218 3121 3428 3178; x_wconf 89' lang='lat' dir='ltr'><strong>pacem,</strong></span> <span class='ocrx_word' id='word_1_558' title='bbox 3453 3109 3626 3177; x_wconf 82' lang='lat' dir='ltr'><strong>magis</strong></span> 
     </span>
    </p>
   </div>
   <div class='ocr_carea' id='block_1_76' title="bbox 2041 3197 3626 3268">
    <p class='ocr_par' dir='ltr' id='par_1_76' title="bbox 2041 3197 3626 3268">
     <span class='ocr_line' id='line_1_76' title="bbox 2041 3197 3626 3268; baseline -0.001 -18"><span class='ocrx_word' id='word_1_559' title='bbox 2041 3197 2258 3266; x_wconf 87' lang='lat' dir='ltr'><strong>quidem</strong></span> <span class='ocrx_word' id='word_1_560' title='bbox 2290 3197 2423 3252; x_wconf 90' lang='lat' dir='ltr'><strong>nihil</strong></span> <span class='ocrx_word' id='word_1_561' title='bbox 2444 3199 2792 3254; x_wconf 81' lang='lat' dir='ltr'><strong>existentium</strong></span> <span class='ocrx_word' id='word_1_562' title='bbox 2819 3213 2956 3262; x_wconf 91' lang='lat' dir='ltr'><strong>esse,</strong></span> <span class='ocrx_word' id='word_1_563' title='bbox 2977 3197 3120 3268; x_wconf 89' lang='lat' dir='ltr'><strong>quod</strong></span> <span class='ocrx_word' id='word_1_564' title='bbox 3148 3199 3216 3252; x_wconf 89' lang='lat' dir='ltr'><strong>ab</strong></span> <span class='ocrx_word' id='word_1_565' title='bbox 3236 3199 3384 3252; x_wconf 90' lang='lat' dir='ltr'><strong>omni</strong></span> <span class='ocrx_word' id='word_1_566' title='bbox 3405 3199 3626 3266; x_wconf 80' lang='lat' dir='ltr'><strong>penitus</strong></span> 
     </span>
    </p>
   </div>
   <div class='ocr_carea' id='block_1_77' title="bbox 2040 3287 3627 3356">
    <p class='ocr_par' dir='ltr' id='par_1_77' title="bbox 2040 3287 3627 3356">
     <span class='ocr_line' id='line_1_77' title="bbox 2040 3287 3627 3356; baseline 0.001 -16"><span class='ocrx_word' id='word_1_567' title='bbox 2040 3287 2248 3344; x_wconf 89' lang='lat' dir='ltr'><strong>unitate</strong></span> <span class='ocrx_word' id='word_1_568' title='bbox 2298 3289 2512 3344; x_wconf 88' lang='lat' dir='ltr'><strong>cecidit.</strong></span> <span class='ocrx_word' id='word_1_569' title='bbox 2585 3288 2737 3356; x_wconf 87' lang='lat' dir='ltr'><strong>Quod</strong></span> <span class='ocrx_word' id='word_1_570' title='bbox 2793 3289 2938 3344; x_wconf 91' lang='lat' dir='ltr'><strong>enim</strong></span> <span class='ocrx_word' id='word_1_571' title='bbox 2991 3289 3213 3343; x_wconf 91' lang='lat' dir='ltr'><strong>omnino</strong></span> <span class='ocrx_word' id='word_1_572' title='bbox 3270 3287 3518 3344; x_wconf 82' lang='lat' dir='ltr'><strong>instabile</strong></span> <span class='ocrx_word' id='word_1_573' title='bbox 3572 3299 3627 3342; x_wconf 83' lang='lat' dir='ltr'><strong>et</strong></span> 
     </span>
    </p>
   </div>
   <div class='ocr_carea' id='block_1_78' title="bbox 2041 3378 3616 3449">
    <p class='ocr_par' dir='ltr' id='par_1_78' title="bbox 2041 3378 3616 3449">
     <span class='ocr_line' id='line_1_78' title="bbox 2041 3378 3616 3449; baseline 0.001 -18"><span class='ocrx_word' id='word_1_574' title='bbox 2041 3379 2291 3444; x_wconf 82' lang='lat' dir='ltr'><strong>multant,</strong></span> <span class='ocrx_word' id='word_1_575' title='bbox 2317 3388 2372 3434; x_wconf 93' lang='lat' dir='ltr'><strong>et</strong></span> <span class='ocrx_word' id='word_1_576' title='bbox 2392 3379 2790 3447; x_wconf 86' lang='lat' dir='ltr'><strong>incollocatum,</strong></span> <span class='ocrx_word' id='word_1_577' title='bbox 2821 3389 2878 3434; x_wconf 86' lang='lat' dir='ltr'><strong>et</strong></span> <span class='ocrx_word' id='word_1_578' title='bbox 2908 3379 3198 3443; x_wconf 75' lang='lat' dir='ltr'><strong>infinitum,</strong></span> <span class='ocrx_word' id='word_1_579' title='bbox 3227 3382 3412 3449; x_wconf 79' lang='lat' dir='ltr'><strong>neque</strong></span> <span class='ocrx_word' id='word_1_580' title='bbox 3431 3378 3486 3435; x_wconf 75' lang='grc' dir='ltr'><strong>ὅν</strong></span> <span class='ocrx_word' id='word_1_581' title='bbox 3513 3389 3616 3441; x_wconf 89' lang='lat' dir='ltr'><strong>est,</strong></span> 
     </span>
    </p>
   </div>
   <div class='ocr_carea' id='block_1_79' title="bbox 2037 3467 3624 3538">
    <p class='ocr_par' dir='ltr' id='par_1_79' title="bbox 2037 3467 3624 3538">
     <span class='ocr_line' id='line_1_79' title="bbox 2037 3467 3624 3538; baseline 0 -17"><span class='ocrx_word' id='word_1_582' title='bbox 2037 3483 2212 3537; x_wconf 87' lang='lat' dir='ltr'><strong>neque</strong></span> <span class='ocrx_word' id='word_1_583' title='bbox 2256 3469 2310 3522; x_wconf 91' lang='lat' dir='ltr'><strong>in</strong></span> <span class='ocrx_word' id='word_1_584' title='bbox 2361 3469 2740 3525; x_wconf 85' lang='lat' dir='ltr'><strong>existentibus.</strong></span> <span class='ocrx_word' id='word_1_585' title='bbox 2788 3467 2846 3523; x_wconf 90' lang='lat' dir='ltr'><strong>Si</strong></span> <span class='ocrx_word' id='word_1_586' title='bbox 2897 3477 3076 3523; x_wconf 86' lang='lat' dir='ltr'><strong>autem</strong></span> <span class='ocrx_word' id='word_1_587' title='bbox 3124 3468 3258 3522; x_wconf 87' lang='lat' dir='ltr'><strong>tales</strong></span> <span class='ocrx_word' id='word_1_588' title='bbox 3306 3470 3384 3522; x_wconf 88' lang='lat' dir='ltr'><strong>ait</strong></span> <span class='ocrx_word' id='word_1_589' title='bbox 3418 3469 3536 3538; x_wconf 88' lang='lat' dir='ltr'><strong>paci</strong></span> <span class='ocrx_word' id='word_1_590' title='bbox 3567 3478 3624 3522; x_wconf 89' lang='lat' dir='ltr'><strong>et</strong></span> 
     </span>
    </p>
   </div>
   <div class='ocr_carea' id='block_1_80' title="bbox 2035 3559 3626 3628">
    <p class='ocr_par' dir='ltr' id='par_1_80' title="bbox 2035 3559 3626 3628">
     <span class='ocr_line' id='line_1_80' title="bbox 2035 3559 3626 3628; baseline 0.002 -16"><span class='ocrx_word' id='word_1_591' title='bbox 2035 3560 2186 3628; x_wconf 89' lang='lat' dir='ltr'><strong>pacis</strong></span> <span class='ocrx_word' id='word_1_592' title='bbox 2209 3559 2363 3615; x_wconf 92' lang='lat' dir='ltr'><strong>bonis</strong></span> <span class='ocrx_word' id='word_1_593' title='bbox 2384 3559 2608 3617; x_wconf 81' lang='lat' dir='ltr'><strong>infestos</strong></span> <span class='ocrx_word' id='word_1_594' title='bbox 2636 3575 2780 3627; x_wconf 84' lang='lat' dir='ltr'><strong>csse,</strong></span> <span class='ocrx_word' id='word_1_595' title='bbox 2811 3560 3248 3616; x_wconf 84' lang='lat' dir='ltr'><strong>contentionibus</strong></span> <span class='ocrx_word' id='word_1_596' title='bbox 3271 3569 3327 3615; x_wconf 92' lang='lat' dir='ltr'><strong>et</strong></span> <span class='ocrx_word' id='word_1_597' title='bbox 3353 3559 3626 3615; x_wconf 80' lang='lat' dir='ltr'><strong>furoribus</strong></span> 
     </span>
    </p>
   </div>
   <div class='ocr_carea' id='block_1_81' title="bbox 2035 3650 3626 3721">
    <p class='ocr_par' dir='ltr' id='par_1_81' title="bbox 2035 3650 3626 3721">
     <span class='ocr_line' id='line_1_81' title="bbox 2035 3650 3626 3721; baseline 0.001 -18"><span class='ocrx_word' id='word_1_598' title='bbox 2035 3658 2090 3704; x_wconf 90' lang='lat' dir='ltr'><strong>et</strong></span> <span class='ocrx_word' id='word_1_599' title='bbox 2139 3650 2553 3707; x_wconf 89' lang='lat' dir='ltr'><strong>alienationibus</strong></span> <span class='ocrx_word' id='word_1_600' title='bbox 2604 3658 2659 3706; x_wconf 87' lang='lat' dir='ltr'><strong>et</strong></span> <span class='ocrx_word' id='word_1_601' title='bbox 2709 3651 3149 3706; x_wconf 87' lang='lat' dir='ltr'><strong>instabilitatibus</strong></span> <span class='ocrx_word' id='word_1_602' title='bbox 3191 3651 3524 3721; x_wconf 82' lang='lat' dir='ltr'><strong>gaudentes,</strong></span> <span class='ocrx_word' id='word_1_603' title='bbox 3570 3660 3626 3705; x_wconf 90' lang='lat' dir='ltr'><strong>et</strong></span> 
     </span>
    </p>
   </div>
   <div class='ocr_carea' id='block_1_82' title="bbox 2037 3741 3623 3814">
    <p class='ocr_par' dir='ltr' id='par_1_82' title="bbox 2037 3741 3623 3814">
     <span class='ocr_line' id='line_1_82' title="bbox 2037 3741 3623 3814; baseline 0.003 -20"><span class='ocrx_word' id='word_1_604' title='bbox 2037 3741 2138 3811; x_wconf 89' lang='lat' dir='ltr'><strong>ipsi</strong></span> <span class='ocrx_word' id='word_1_605' title='bbox 2169 3743 2573 3798; x_wconf 89' lang='lat' dir='ltr'><strong>obscurissimis</strong></span> <span class='ocrx_word' id='word_1_606' title='bbox 2615 3744 2823 3799; x_wconf 89' lang='lat' dir='ltr'><strong>umbris</strong></span> <span class='ocrx_word' id='word_1_607' title='bbox 2861 3744 3011 3813; x_wconf 88' lang='lat' dir='ltr'><strong>pacis</strong></span> <span class='ocrx_word' id='word_1_608' title='bbox 3039 3745 3506 3814; x_wconf 88' lang='lat' dir='ltr'><strong>concupiscentiae</strong></span> <span class='ocrx_word' id='word_1_609' title='bbox 3529 3745 3623 3798; x_wconf 86' lang='lat' dir='ltr'><strong>de-</strong></span> 
     </span>
    </p>
   </div>
   <div class='ocr_carea' id='block_1_83' title="bbox 2037 3833 3618 3906">
    <p class='ocr_par' dir='ltr' id='par_1_83' title="bbox 2037 3833 3618 3906">
     <span class='ocr_line' id='line_1_83' title="bbox 2037 3833 3618 3906; baseline 0.003 -20"><span class='ocrx_word' id='word_1_610' title='bbox 2037 3833 2296 3898; x_wconf 88' lang='lat' dir='ltr'><strong>tinentur,</strong></span> <span class='ocrx_word' id='word_1_611' title='bbox 2329 3835 2396 3888; x_wconf 89' lang='lat' dir='ltr'><strong>ad</strong></span> <span class='ocrx_word' id='word_1_612' title='bbox 2425 3851 2560 3905; x_wconf 89' lang='lat' dir='ltr'><strong>quas</strong></span> <span class='ocrx_word' id='word_1_613' title='bbox 2583 3836 2928 3906; x_wconf 89' lang='lat' dir='ltr'><strong>passionibus</strong></span> <span class='ocrx_word' id='word_1_614' title='bbox 2961 3835 3159 3890; x_wconf 86' lang='lat' dir='ltr'><strong>turbati</strong></span> <span class='ocrx_word' id='word_1_615' title='bbox 3191 3837 3414 3890; x_wconf 90' lang='lat' dir='ltr'><strong>multum</strong></span> <span class='ocrx_word' id='word_1_616' title='bbox 3444 3836 3618 3891; x_wconf 85' lang='lat' dir='ltr'><strong>mobi-</strong></span> 
     </span>
    </p>
   </div>
   <div class='ocr_carea' id='block_1_84' title="bbox 2035 3923 3623 3995">
    <p class='ocr_par' dir='ltr' id='par_1_84' title="bbox 2035 3923 3623 3995">
     <span class='ocr_line' id='line_1_84' title="bbox 2035 3923 3623 3995; baseline 0.003 -20"><span class='ocrx_word' id='word_1_617' title='bbox 2035 3923 2175 3977; x_wconf 89' lang='lat' dir='ltr'><strong>libus</strong></span> <span class='ocrx_word' id='word_1_618' title='bbox 2199 3963 2214 3988; x_wconf 94' lang='lat'><strong>,</strong></span> <span class='ocrx_word' id='word_1_619' title='bbox 2259 3933 2314 3978; x_wconf 89' lang='lat' dir='ltr'><strong>et</strong></span> <span class='ocrx_word' id='word_1_620' title='bbox 2358 3938 2453 3980; x_wconf 88' lang='lat' dir='ltr'><strong>eas</strong></span> <span class='ocrx_word' id='word_1_621' title='bbox 2498 3926 2691 3980; x_wconf 89' lang='lat' dir='ltr'><strong>sistere</strong></span> <span class='ocrx_word' id='word_1_622' title='bbox 2730 3925 3130 3994; x_wconf 87' lang='lat' dir='ltr'><strong>indisciplinate</strong></span> <span class='ocrx_word' id='word_1_623' title='bbox 3166 3935 3480 3995; x_wconf 82' lang='lat' dir='ltr'><strong>appetentes</strong></span> <span class='ocrx_word' id='word_1_624' title='bbox 3507 3966 3522 3990; x_wconf 90' lang='lat'><strong>,</strong></span> <span class='ocrx_word' id='word_1_625' title='bbox 3567 3935 3623 3979; x_wconf 90' lang='lat' dir='ltr'><strong>et</strong></span> 
     </span>
    </p>
   </div>
   <div class='ocr_carea' id='block_1_85' title="bbox 2035 4013 3620 4086">
    <p class='ocr_par' dir='ltr' id='par_1_85' title="bbox 2035 4013 3620 4086">
     <span class='ocr_line' id='line_1_85' title="bbox 2035 4013 3620 4086; baseline 0.001 -18"><span class='ocrx_word' id='word_1_626' title='bbox 2035 4013 2386 4071; x_wconf 86' lang='lat' dir='ltr'><strong>aestimantes</strong></span> <span class='ocrx_word' id='word_1_627' title='bbox 2439 4017 2769 4086; x_wconf 84' lang='lat' dir='ltr'><strong>plenitudine</strong></span> <span class='ocrx_word' id='word_1_628' title='bbox 2804 4030 3020 4083; x_wconf 88' lang='lat' dir='ltr'><strong>semper</strong></span> <span class='ocrx_word' id='word_1_629' title='bbox 3054 4015 3392 4070; x_wconf 84' lang='lat' dir='ltr'><strong>rellueutium</strong></span> <span class='ocrx_word' id='word_1_630' title='bbox 3431 4017 3620 4086; x_wconf 87' lang='lat' dir='ltr'><strong>pacili-</strong></span> 
     </span>
    </p>
   </div>
   <div class='ocr_carea' id='block_1_86' title="bbox 2035 4107 3635 4177">
    <p class='ocr_par' dir='ltr' id='par_1_86' title="bbox 2035 4107 3635 4177">
     <span class='ocr_line' id='line_1_86' title="bbox 2035 4107 3635 4177; baseline 0.001 -15"><span class='ocrx_word' id='word_1_631' title='bbox 2035 4122 2162 4162; x_wconf 89' lang='lat' dir='ltr'><strong>carc</strong></span> <span class='ocrx_word' id='word_1_632' title='bbox 2217 4109 2425 4177; x_wconf 87' lang='lat' dir='ltr'><strong>seipsos</strong></span> <span class='ocrx_word' id='word_1_633' title='bbox 2497 4107 2853 4161; x_wconf 89' lang='lat' dir='ltr'><strong>iustrnctione</strong></span> <span class='ocrx_word' id='word_1_634' title='bbox 2929 4109 3225 4161; x_wconf 88' lang='lat' dir='ltr'><strong>tenentium</strong></span> <span class='ocrx_word' id='word_1_635' title='bbox 3282 4107 3635 4177; x_wconf 71' lang='lat' dir='ltr'><strong>voluptatum.</strong></span> 
     </span>
    </p>
   </div>
   <div class='ocr_carea' id='block_1_87' title="bbox 2035 4198 3616 4270">
    <p class='ocr_par' dir='ltr' id='par_1_87' title="bbox 2035 4198 3616 4270">
     <span class='ocr_line' id='line_1_87' title="bbox 2035 4198 3616 4270; baseline -0.001 -18"><span class='ocrx_word' id='word_1_636' title='bbox 2035 4199 2399 4270; x_wconf 87' lang='lat' dir='ltr'><strong>perturbatos.</strong></span> <span class='ocrx_word' id='word_1_637' title='bbox 2452 4199 2588 4266; x_wconf 90' lang='lat' dir='ltr'><strong>Quid</strong></span> <span class='ocrx_word' id='word_1_638' title='bbox 2621 4199 2665 4254; x_wconf 90' lang='lat' dir='ltr'><strong>si</strong></span> <span class='ocrx_word' id='word_1_639' title='bbox 2697 4199 2818 4268; x_wconf 86' lang='lat' dir='ltr'><strong>quis</strong></span> <span class='ocrx_word' id='word_1_640' title='bbox 2846 4198 3044 4252; x_wconf 77' lang='lat' dir='ltr'><strong>dixerit</strong></span> <span class='ocrx_word' id='word_1_641' title='bbox 3074 4198 3140 4252; x_wconf 90' lang='lat' dir='ltr'><strong>de</strong></span> <span class='ocrx_word' id='word_1_642' title='bbox 3178 4198 3291 4266; x_wconf 90' lang='lat' dir='ltr'><strong>ipsa</strong></span> <span class='ocrx_word' id='word_1_643' title='bbox 3321 4199 3616 4252; x_wconf 84' lang='lat' dir='ltr'><strong>secundum</strong></span> 
     </span>
    </p>
   </div>
   <div class='ocr_carea' id='block_1_88' title="bbox 2035 4288 3636 4362">
    <p class='ocr_par' dir='ltr' id='par_1_88' title="bbox 2035 4288 3636 4362">
     <span class='ocr_line' id='line_1_88' title="bbox 2035 4288 3636 4362; baseline -0.006 -14"><span class='ocrx_word' id='word_1_644' title='bbox 2035 4290 2311 4348; x_wconf 87' lang='lat' dir='ltr'><strong>Christum</strong></span> <span class='ocrx_word' id='word_1_645' title='bbox 2339 4288 2562 4362; x_wconf 81' lang='lat' dir='ltr'><strong>paciﬂtta</strong></span> <span class='ocrx_word' id='word_1_646' title='bbox 2594 4290 2958 4353; x_wconf 90' lang='lat' dir='ltr'><strong>humanitate,</strong></span> <span class='ocrx_word' id='word_1_647' title='bbox 2991 4289 3284 4344; x_wconf 86' lang='lat' dir='ltr'><strong>secundum</strong></span> <span class='ocrx_word' id='word_1_648' title='bbox 3317 4303 3477 4358; x_wconf 87' lang='lat' dir='ltr'><strong>quam</strong></span> <span class='ocrx_word' id='word_1_649' title='bbox 3511 4303 3636 4342; x_wconf 84' lang='lat' dir='ltr'><strong>nou-</strong></span> 
     </span>
    </p>
   </div>
   <div class='ocr_carea' id='block_1_89' title="bbox 2034 4377 3621 4449">
    <p class='ocr_par' dir='ltr' id='par_1_89' title="bbox 2034 4377 3621 4449">
     <span class='ocr_line' id='line_1_89' title="bbox 2034 4377 3621 4449; baseline -0.003 -15"><span class='ocrx_word' id='word_1_650' title='bbox 2034 4381 2294 4435; x_wconf 88' lang='lat' dir='ltr'><strong>discimus</strong></span> <span class='ocrx_word' id='word_1_651' title='bbox 2337 4380 2514 4434; x_wconf 91' lang='lat' dir='ltr'><strong>adhuc</strong></span> <span class='ocrx_word' id='word_1_652' title='bbox 2561 4393 2814 4449; x_wconf 88' lang='lat' dir='ltr'><strong>pugnare,</strong></span> <span class='ocrx_word' id='word_1_653' title='bbox 2853 4392 3024 4447; x_wconf 90' lang='lat' dir='ltr'><strong>neque</strong></span> <span class='ocrx_word' id='word_1_654' title='bbox 3073 4378 3224 4432; x_wconf 89' lang='lat' dir='ltr'><strong>nobis</strong></span> <span class='ocrx_word' id='word_1_655' title='bbox 3259 4377 3409 4447; x_wconf 84' lang='lat' dir='ltr'><strong>ipsis,</strong></span> <span class='ocrx_word' id='word_1_656' title='bbox 3446 4392 3621 4446; x_wconf 88' lang='lat' dir='ltr'><strong>neque</strong></span> 
     </span>
    </p>
   </div>
   <div class='ocr_carea' id='block_1_90' title="bbox 349 4467 3622 4544">
    <p class='ocr_par' dir='ltr' id='par_1_90' title="bbox 349 4467 3622 4544">
     <span class='ocr_line' id='line_1_90' title="bbox 349 4467 3622 4544; baseline -0.001 -22"><span class='ocrx_word' id='word_1_657' title='bbox 349 4467 594 4522; x_wconf 72' lang='lat' dir='ltr'><strong>solubilis</strong></span> <span class='ocrx_word' id='word_1_658' title='bbox 617 4469 855 4524; x_wconf 88' lang='lat' dir='ltr'><strong>omnium</strong></span> <span class='ocrx_word' id='word_1_659' title='bbox 874 4469 1214 4540; x_wconf 88' lang='lat' dir='ltr'><strong>complicatio</strong></span> <span class='ocrx_word' id='word_1_660' title='bbox 1240 4471 1529 4524; x_wconf 89' lang='lat' dir='ltr'><strong>secundum</strong></span> <span class='ocrx_word' id='word_1_661' title='bbox 1557 4470 1793 4524; x_wconf 86' lang='lat' dir='ltr'><strong>divinam</strong></span> <span class='ocrx_word' id='word_1_662' title='bbox 1815 4471 1932 4542; x_wconf 86' lang='lat' dir='ltr'><strong>ejus</strong></span> <span class='ocrx_word' id='word_1_663' title='bbox 1963 4483 2012 4544; x_wconf 83' lang='lat' dir='ltr'><strong>D</strong></span> <span class='ocrx_word' id='word_1_664' title='bbox 2037 4469 2290 4533; x_wconf 87' lang='lat' dir='ltr'><strong>invicem,</strong></span> <span class='ocrx_word' id='word_1_665' title='bbox 2315 4484 2488 4538; x_wconf 90' lang='lat' dir='ltr'><strong>neque</strong></span> <span class='ocrx_word' id='word_1_666' title='bbox 2515 4468 2739 4540; x_wconf 88' lang='lat' dir='ltr'><strong>angelis,</strong></span> <span class='ocrx_word' id='word_1_667' title='bbox 2763 4467 2856 4522; x_wconf 88' lang='lat' dir='ltr'><strong>sed</strong></span> <span class='ocrx_word' id='word_1_668' title='bbox 2887 4477 2941 4521; x_wconf 88' lang='lat' dir='ltr'><strong>et</strong></span> <span class='ocrx_word' id='word_1_669' title='bbox 2967 4467 3096 4538; x_wconf 85' lang='lat' dir='ltr'><strong>ipsis</strong></span> <span class='ocrx_word' id='word_1_670' title='bbox 3123 4467 3302 4522; x_wconf 89' lang='lat' dir='ltr'><strong>divina</strong></span> <span class='ocrx_word' id='word_1_671' title='bbox 3327 4482 3426 4536; x_wconf 81' lang='lat' dir='ltr'><strong>per</strong></span> <span class='ocrx_word' id='word_1_672' title='bbox 3451 4469 3622 4521; x_wconf 83' lang='lat' dir='ltr'><strong>virtu-</strong></span> 
     </span>
    </p>
   </div>
   <div class='ocr_carea' id='block_1_91' title="bbox 353 4557 1932 4632">
    <p class='ocr_par' dir='ltr' id='par_1_91' title="bbox 353 4557 1932 4632">
     <span class='ocr_line' id='line_1_91' title="bbox 353 4557 1932 4632; baseline 0.005 -22"><span class='ocrx_word' id='word_1_673' title='bbox 353 4557 686 4613; x_wconf 88' lang='lat' dir='ltr'><strong>harmoniam</strong></span> <span class='ocrx_word' id='word_1_674' title='bbox 733 4562 1077 4616; x_wconf 89' lang='lat' dir='ltr'><strong>constituitur</strong></span> <span class='ocrx_word' id='word_1_675' title='bbox 1105 4562 1147 4626; x_wconf 76' lang='lat'><strong>&#39;,</strong></span> <span class='ocrx_word' id='word_1_676' title='bbox 1183 4570 1238 4616; x_wconf 93' lang='lat' dir='ltr'><strong>et</strong></span> <span class='ocrx_word' id='word_1_677' title='bbox 1286 4561 1694 4632; x_wconf 87' lang='lat' dir='ltr'><strong>compaginatur</strong></span> <span class='ocrx_word' id='word_1_678' title='bbox 1737 4578 1932 4618; x_wconf 63' lang='lat' dir='ltr'><strong>consoo</strong></span> 
     </span>
    </p>
   </div>
   <div class='ocr_carea' id='block_1_92' title="bbox 353 4649 1930 4723">
    <p class='ocr_par' dir='ltr' id='par_1_92' title="bbox 353 4649 1930 4723">
     <span class='ocr_line' id='line_1_92' title="bbox 353 4649 1930 4723; baseline 0.004 -22"><span class='ocrx_word' id='word_1_679' title='bbox 353 4649 531 4702; x_wconf 86' lang='lat' dir='ltr'><strong>nantia</strong></span> <span class='ocrx_word' id='word_1_680' title='bbox 561 4649 817 4720; x_wconf 79' lang='lat' dir='ltr'><strong>perfecta,</strong></span> <span class='ocrx_word' id='word_1_681' title='bbox 845 4660 899 4705; x_wconf 90' lang='lat' dir='ltr'><strong>ct</strong></span> <span class='ocrx_word' id='word_1_682' title='bbox 926 4666 1243 4718; x_wconf 87' lang='lat' dir='ltr'><strong>consensus,</strong></span> <span class='ocrx_word' id='word_1_683' title='bbox 1267 4661 1321 4707; x_wconf 93' lang='lat' dir='ltr'><strong>ct</strong></span> <span class='ocrx_word' id='word_1_684' title='bbox 1350 4652 1776 4723; x_wconf 89' lang='lat' dir='ltr'><strong>congerminatio</strong></span> <span class='ocrx_word' id='word_1_685' title='bbox 1801 4668 1930 4708; x_wconf 88' lang='lat' dir='ltr'><strong>con-</strong></span> 
     </span>
    </p>
   </div>
   <div class='ocr_carea' id='block_1_93' title="bbox 349 4731 1932 4816">
    <p class='ocr_par' dir='ltr' id='par_1_93' title="bbox 349 4731 1932 4816">
     <span class='ocr_line' id='line_1_93' title="bbox 349 4731 1932 4816; baseline 0.003 -21"><span class='ocrx_word' id='word_1_686' title='bbox 349 4756 579 4813; x_wconf 88' lang='lat' dir='ltr'><strong>gregans</strong></span> <span class='ocrx_word' id='word_1_687' title='bbox 619 4745 920 4809; x_wconf 79' lang='lat' dir='ltr'><strong>inconfuse,</strong></span> <span class='ocrx_word' id='word_1_688' title='bbox 951 4731 1486 4816; x_wconf 77' lang='lat' dir='ltr'><strong>inseparabiliterque</strong></span> <span class='ocrx_word' id='word_1_689' title='bbox 1527 4745 1770 4801; x_wconf 83' lang='lat' dir='ltr'><strong>confusa.</strong></span> <span class='ocrx_word' id='word_1_690' title='bbox 1801 4745 1932 4800; x_wconf 80' lang='lat' dir='ltr'><strong>Per-</strong></span> 
     </span>
    </p>
   </div>
   <div class='ocr_carea' id='block_1_94' title="bbox 351 4836 1928 4906">
    <p class='ocr_par' dir='ltr' id='par_1_94' title="bbox 351 4836 1928 4906">
     <span class='ocr_line' id='line_1_94' title="bbox 351 4836 1928 4906; baseline 0.004 -21"><span class='ocrx_word' id='word_1_691' title='bbox 351 4836 495 4888; x_wconf 84' lang='lat' dir='ltr'><strong>venit</strong></span> <span class='ocrx_word' id='word_1_692' title='bbox 519 4837 662 4890; x_wconf 91' lang='lat' dir='ltr'><strong>enim</strong></span> <span class='ocrx_word' id='word_1_693' title='bbox 687 4836 1116 4906; x_wconf 77' lang='lat' dir='ltr'><strong>perfectissimae</strong></span> <span class='ocrx_word' id='word_1_694' title='bbox 1143 4837 1291 4904; x_wconf 90' lang='lat' dir='ltr'><strong>pacis</strong></span> <span class='ocrx_word' id='word_1_695' title='bbox 1318 4838 1640 4892; x_wconf 89' lang='lat' dir='ltr'><strong>universitas</strong></span> <span class='ocrx_word' id='word_1_696' title='bbox 1665 4836 1718 4890; x_wconf 92' lang='lat' dir='ltr'><strong>in</strong></span> <span class='ocrx_word' id='word_1_697' title='bbox 1746 4837 1928 4891; x_wconf 89' lang='lat' dir='ltr'><strong>omnia</strong></span> 
     </span>
    </p>
   </div>
   <div class='ocr_carea' id='block_1_95' title="bbox 352 4924 1928 4996">
    <p class='ocr_par' dir='ltr' id='par_1_95' title="bbox 352 4924 1928 4996">
     <span class='ocr_line' id='line_1_95' title="bbox 352 4924 1928 4996; baseline 0.004 -22"><span class='ocrx_word' id='word_1_698' title='bbox 352 4924 661 4990; x_wconf 85' lang='lat' dir='ltr'><strong>existentia,</strong></span> <span class='ocrx_word' id='word_1_699' title='bbox 688 4926 980 4980; x_wconf 87' lang='lat' dir='ltr'><strong>secundum</strong></span> <span class='ocrx_word' id='word_1_700' title='bbox 1017 4927 1473 4996; x_wconf 88' lang='lat' dir='ltr'><strong>simplicissimum</strong></span> <span class='ocrx_word' id='word_1_701' title='bbox 1503 4926 1619 4995; x_wconf 87' lang='lat' dir='ltr'><strong>ejus</strong></span> <span class='ocrx_word' id='word_1_702' title='bbox 1641 4934 1698 4981; x_wconf 88' lang='lat' dir='ltr'><strong>et</strong></span> <span class='ocrx_word' id='word_1_703' title='bbox 1723 4926 1928 4982; x_wconf 88' lang='lat' dir='ltr'><strong>clarum</strong></span> 
     </span>
    </p>
   </div>
   <div class='ocr_carea' id='block_1_96' title="bbox 354 5012 1937 5083">
    <p class='ocr_par' dir='ltr' id='par_1_96' title="bbox 354 5012 1937 5083">
     <span class='ocr_line' id='line_1_96' title="bbox 354 5012 1937 5083; baseline 0.008 -22"><span class='ocrx_word' id='word_1_704' title='bbox 354 5012 583 5068; x_wconf 77' lang='lat' dir='ltr'><strong>nnilicae</strong></span> <span class='ocrx_word' id='word_1_705' title='bbox 609 5016 824 5071; x_wconf 82' lang='lat' dir='ltr'><strong>virtutis</strong></span> <span class='ocrx_word' id='word_1_706' title='bbox 859 5017 1170 5081; x_wconf 84' lang='lat' dir='ltr'><strong>adventum,</strong></span> <span class='ocrx_word' id='word_1_707' title='bbox 1203 5016 1466 5072; x_wconf 83' lang='lat' dir='ltr'><strong>unilicans</strong></span> <span class='ocrx_word' id='word_1_708' title='bbox 1490 5018 1692 5083; x_wconf 91' lang='lat' dir='ltr'><strong>omnia,</strong></span> <span class='ocrx_word' id='word_1_709' title='bbox 1721 5027 1775 5072; x_wconf 77' lang='lat' dir='ltr'><strong>et</strong></span> <span class='ocrx_word' id='word_1_710' title='bbox 1807 5035 1937 5073; x_wconf 88' lang='lat' dir='ltr'><strong>con-</strong></span> 
     </span>
    </p>
   </div>
   <div class='ocr_carea' id='block_1_97' title="bbox 352 5099 1933 5176">
    <p class='ocr_par' dir='ltr' id='par_1_97' title="bbox 352 5099 1933 5176">
     <span class='ocr_line' id='line_1_97' title="bbox 352 5099 1933 5176; baseline 0.007 -25"><span class='ocrx_word' id='word_1_711' title='bbox 352 5099 580 5170; x_wconf 85' lang='lat' dir='ltr'><strong>iungens</strong></span> <span class='ocrx_word' id='word_1_712' title='bbox 609 5119 818 5159; x_wconf 90' lang='lat' dir='ltr'><strong>summa</strong></span> <span class='ocrx_word' id='word_1_713' title='bbox 849 5123 946 5176; x_wconf 87' lang='lat' dir='ltr'><strong>per</strong></span> <span class='ocrx_word' id='word_1_714' title='bbox 977 5105 1153 5161; x_wconf 89' lang='lat' dir='ltr'><strong>media</strong></span> <span class='ocrx_word' id='word_1_715' title='bbox 1182 5108 1409 5162; x_wconf 85' lang='lat' dir='ltr'><strong>summis</strong></span> <span class='ocrx_word' id='word_1_716' title='bbox 1434 5146 1448 5170; x_wconf 91' lang='lat'><strong>,</strong></span> <span class='ocrx_word' id='word_1_717' title='bbox 1497 5121 1594 5174; x_wconf 90' lang='lat' dir='ltr'><strong>per</strong></span> <span class='ocrx_word' id='word_1_718' title='bbox 1621 5123 1779 5162; x_wconf 87' lang='lat' dir='ltr'><strong>unam</strong></span> <span class='ocrx_word' id='word_1_719' title='bbox 1807 5124 1933 5162; x_wconf 83' lang='lat' dir='ltr'><strong>con-</strong></span> 
     </span>
    </p>
   </div>
   <div class='ocr_carea' id='block_1_98' title="bbox 355 5193 1936 5267">
    <p class='ocr_par' dir='ltr' id='par_1_98' title="bbox 355 5193 1936 5267">
     <span class='ocr_line' id='line_1_98' title="bbox 355 5193 1936 5267; baseline 0.005 -23"><span class='ocrx_word' id='word_1_720' title='bbox 355 5193 652 5246; x_wconf 83' lang='lat' dir='ltr'><strong>naturalem</strong></span> <span class='ocrx_word' id='word_1_721' title='bbox 684 5198 962 5267; x_wconf 67' lang='lat' dir='ltr'><strong>coniugata</strong></span> <span class='ocrx_word' id='word_1_722' title='bbox 1000 5197 1315 5262; x_wconf 84' lang='lat' dir='ltr'><strong>amicitiam,</strong></span> <span class='ocrx_word' id='word_1_723' title='bbox 1341 5207 1394 5252; x_wconf 88' lang='lat' dir='ltr'><strong>et</strong></span> <span class='ocrx_word' id='word_1_724' title='bbox 1416 5196 1616 5266; x_wconf 78' lang='lat' dir='ltr'><strong>perfrui</strong></span> <span class='ocrx_word' id='word_1_725' title='bbox 1647 5213 1705 5252; x_wconf 88' lang='lat' dir='ltr'><strong>se</strong></span> <span class='ocrx_word' id='word_1_726' title='bbox 1731 5197 1936 5252; x_wconf 88' lang='lat' dir='ltr'><strong>donans</strong></span> 
     </span>
    </p>
   </div>
   <div class='ocr_carea' id='block_1_99' title="bbox 353 5283 1935 5353">
    <p class='ocr_par' dir='ltr' id='par_1_99' title="bbox 353 5283 1935 5353">
     <span class='ocr_line' id='line_1_99' title="bbox 353 5283 1935 5353; baseline 0.004 -16"><span class='ocrx_word' id='word_1_727' title='bbox 353 5283 520 5337; x_wconf 88' lang='lat' dir='ltr'><strong>etiam</strong></span> <span class='ocrx_word' id='word_1_728' title='bbox 570 5284 876 5340; x_wconf 90' lang='lat' dir='ltr'><strong>novissimis</strong></span> <span class='ocrx_word' id='word_1_729' title='bbox 925 5287 1294 5342; x_wconf 80' lang='lat' dir='ltr'><strong>universitatis</strong></span> <span class='ocrx_word' id='word_1_730' title='bbox 1352 5286 1822 5353; x_wconf 84' lang='lat' dir='ltr'><strong>extremitatibus,</strong></span> <span class='ocrx_word' id='word_1_731' title='bbox 1882 5298 1935 5344; x_wconf 88' lang='lat' dir='ltr'><strong>ct</strong></span> 
     </span>
    </p>
   </div>
   <div class='ocr_carea' id='block_1_100' title="bbox 352 5377 1930 5448">
    <p class='ocr_par' dir='ltr' id='par_1_100' title="bbox 352 5377 1930 5448">
     <span class='ocr_line' id='line_1_100' title="bbox 352 5377 1930 5448; baseline 0.003 -18"><span class='ocrx_word' id='word_1_732' title='bbox 352 5377 531 5430; x_wconf 87' lang='lat' dir='ltr'><strong>omnia</strong></span> <span class='ocrx_word' id='word_1_733' title='bbox 553 5387 780 5448; x_wconf 86' lang='lat' dir='ltr'><strong>cognata</strong></span> <span class='ocrx_word' id='word_1_734' title='bbox 811 5378 1012 5434; x_wconf 81' lang='lat' dir='ltr'><strong>faciens</strong></span> <span class='ocrx_word' id='word_1_735' title='bbox 1041 5379 1333 5434; x_wconf 87' lang='lat' dir='ltr'><strong>unitatibus</strong></span> <span class='ocrx_word' id='word_1_736' title='bbox 1359 5379 1712 5443; x_wconf 85' lang='lat' dir='ltr'><strong>naturalibus,</strong></span> <span class='ocrx_word' id='word_1_737' title='bbox 1739 5381 1930 5434; x_wconf 85' lang='lat' dir='ltr'><strong>immu-</strong></span> 
     </span>
    </p>
   </div>
   <div class='ocr_carea' id='block_1_101' title="bbox 355 5468 1927 5540">
    <p class='ocr_par' dir='ltr' id='par_1_101' title="bbox 355 5468 1927 5540">
     <span class='ocr_line' id='line_1_101' title="bbox 355 5468 1927 5540; baseline 0.003 -20"><span class='ocrx_word' id='word_1_738' title='bbox 355 5468 607 5523; x_wconf 90' lang='lat' dir='ltr'><strong>tabilibus</strong></span> <span class='ocrx_word' id='word_1_739' title='bbox 636 5469 1006 5534; x_wconf 88' lang='lat' dir='ltr'><strong>societatibus,</strong></span> <span class='ocrx_word' id='word_1_740' title='bbox 1036 5469 1468 5534; x_wconf 87' lang='lat' dir='ltr'><strong>adunationibus,</strong></span> <span class='ocrx_word' id='word_1_741' title='bbox 1497 5470 1927 5540; x_wconf 84' lang='lat' dir='ltr'><strong>congregationi-</strong></span> 
     </span>
    </p>
   </div>
   <div class='ocr_carea' id='block_1_102' title="bbox 354 5558 1928 5631">
    <p class='ocr_par' dir='ltr' id='par_1_102' title="bbox 354 5558 1928 5631">
     <span class='ocr_line' id='line_1_102' title="bbox 354 5558 1928 5631; baseline 0.002 -19"><span class='ocrx_word' id='word_1_742' title='bbox 354 5561 473 5620; x_wconf 89' lang='lat' dir='ltr'><strong>bus,</strong></span> <span class='ocrx_word' id='word_1_743' title='bbox 506 5558 938 5628; x_wconf 85' lang='lat' dir='ltr'><strong>inseparabiliter</strong></span> <span class='ocrx_word' id='word_1_744' title='bbox 958 5559 1162 5614; x_wconf 88' lang='lat' dir='ltr'><strong>scilicet</strong></span> <span class='ocrx_word' id='word_1_745' title='bbox 1193 5559 1367 5614; x_wconf 88' lang='lat' dir='ltr'><strong>divina</strong></span> <span class='ocrx_word' id='word_1_746' title='bbox 1401 5574 1530 5631; x_wconf 89' lang='lat' dir='ltr'><strong>pace</strong></span> <span class='ocrx_word' id='word_1_747' title='bbox 1560 5569 1756 5626; x_wconf 90' lang='lat' dir='ltr'><strong>stante,</strong></span> <span class='ocrx_word' id='word_1_748' title='bbox 1787 5570 1841 5616; x_wconf 92' lang='lat' dir='ltr'><strong>et</strong></span> <span class='ocrx_word' id='word_1_749' title='bbox 1861 5563 1928 5615; x_wconf 89' lang='lat' dir='ltr'><strong>ab</strong></span> 
     </span>
    </p>
   </div>
   <div class='ocr_carea' id='block_1_103' title="bbox 2037 4557 3638 4628">
    <p class='ocr_par' dir='ltr' id='par_1_103' title="bbox 2037 4557 3638 4628">
     <span class='ocr_line' id='line_1_103' title="bbox 2037 4557 3638 4628; baseline -0.002 -14"><span class='ocrx_word' id='word_1_750' title='bbox 2037 4567 2144 4615; x_wconf 81' lang='lat' dir='ltr'><strong>tem</strong></span> <span class='ocrx_word' id='word_1_751' title='bbox 2205 4559 2632 4628; x_wconf 86' lang='lat' dir='ltr'><strong>eoopcrabimur,</strong></span> <span class='ocrx_word' id='word_1_752' title='bbox 2681 4559 2987 4614; x_wconf 84' lang='lat' dir='ltr'><strong>secundum</strong></span> <span class='ocrx_word' id='word_1_753' title='bbox 3046 4559 3438 4628; x_wconf 83' lang='lat' dir='ltr'><strong>providentiam</strong></span> <span class='ocrx_word' id='word_1_754' title='bbox 3490 4557 3638 4614; x_wconf 63' lang='lat' dir='ltr'><strong>Iesu&quot;</strong></span> 
     </span>
    </p>
   </div>
   <div class='ocr_carea' id='block_1_104' title="bbox 2035 4651 3616 4723">
    <p class='ocr_par' dir='ltr' id='par_1_104' title="bbox 2035 4651 3616 4723">
     <span class='ocr_line' id='line_1_104' title="bbox 2035 4651 3616 4723; baseline 0 -18"><span class='ocrx_word' id='word_1_755' title='bbox 2035 4651 2215 4705; x_wconf 89' lang='lat' dir='ltr'><strong>omnia</strong></span> <span class='ocrx_word' id='word_1_756' title='bbox 2252 4651 2306 4704; x_wconf 93' lang='lat' dir='ltr'><strong>in</strong></span> <span class='ocrx_word' id='word_1_757' title='bbox 2333 4651 2582 4707; x_wconf 91' lang='lat' dir='ltr'><strong>omnibus</strong></span> <span class='ocrx_word' id='word_1_758' title='bbox 2610 4651 2915 4720; x_wconf 89' lang='lat' dir='ltr'><strong>operantis,</strong></span> <span class='ocrx_word' id='word_1_759' title='bbox 2951 4659 3006 4705; x_wconf 88' lang='lat' dir='ltr'><strong>ct</strong></span> <span class='ocrx_word' id='word_1_760' title='bbox 3035 4651 3284 4707; x_wconf 79' lang='lat' dir='ltr'><strong>facientis</strong></span> <span class='ocrx_word' id='word_1_761' title='bbox 3313 4653 3616 4723; x_wconf 86' lang='lat' dir='ltr'><strong>pacem.in.-</strong></span> 
     </span>
    </p>
   </div>
   <div class='ocr_carea' id='block_1_105' title="bbox 2033 4739 3620 4811">
    <p class='ocr_par' dir='ltr' id='par_1_105' title="bbox 2033 4739 3620 4811">
     <span class='ocr_line' id='line_1_105' title="bbox 2033 4739 3620 4811; baseline 0.004 -15"><span class='ocrx_word' id='word_1_762' title='bbox 2033 4739 2320 4807; x_wconf 78' lang='lat' dir='ltr'><strong>eﬂ&#39;abilem,</strong></span> <span class='ocrx_word' id='word_1_763' title='bbox 2360 4751 2416 4796; x_wconf 91' lang='lat' dir='ltr'><strong>et</strong></span> <span class='ocrx_word' id='word_1_764' title='bbox 2453 4757 2520 4797; x_wconf 82' lang='lat' dir='ltr'><strong>ex</strong></span> <span class='ocrx_word' id='word_1_765' title='bbox 2570 4742 2750 4797; x_wconf 91' lang='lat' dir='ltr'><strong>seculo</strong></span> <span class='ocrx_word' id='word_1_766' title='bbox 2779 4743 3343 4811; x_wconf 44' lang='lat' dir='ltr'><strong>praedestinatam,.ct</strong></span> <span class='ocrx_word' id='word_1_767' title='bbox 3375 4748 3620 4802; x_wconf 82' lang='lat' dir='ltr'><strong>reconci-</strong></span> 
     </span>
    </p>
   </div>
   <div class='ocr_carea' id='block_1_106' title="bbox 2037 4833 3615 4906">
    <p class='ocr_par' dir='ltr' id='par_1_106' title="bbox 2037 4833 3615 4906">
     <span class='ocr_line' id='line_1_106' title="bbox 2037 4833 3615 4906; baseline 0.003 -20"><span class='ocrx_word' id='word_1_768' title='bbox 2037 4833 2220 4888; x_wconf 89' lang='lat' dir='ltr'><strong>liantis</strong></span> <span class='ocrx_word' id='word_1_769' title='bbox 2251 4849 2348 4889; x_wconf 89' lang='lat' dir='ltr'><strong>nos</strong></span> <span class='ocrx_word' id='word_1_770' title='bbox 2373 4833 2472 4888; x_wconf 87' lang='lat' dir='ltr'><strong>sibi</strong></span> <span class='ocrx_word' id='word_1_771' title='bbox 2506 4834 2604 4904; x_wconf 92' lang='lat' dir='ltr'><strong>ipsi</strong></span> <span class='ocrx_word' id='word_1_772' title='bbox 2655 4834 2716 4887; x_wconf 92' lang='lat' dir='ltr'><strong>in.</strong></span> <span class='ocrx_word' id='word_1_773' title='bbox 2735 4833 2947 4904; x_wconf 84' lang='lat' dir='ltr'><strong>spiritu,</strong></span> <span class='ocrx_word' id='word_1_774' title='bbox 2979 4845 3034 4888; x_wconf 90' lang='lat' dir='ltr'><strong>et</strong></span> <span class='ocrx_word' id='word_1_775' title='bbox 3077 4849 3175 4904; x_wconf 83' lang='lat' dir='ltr'><strong>per</strong></span> <span class='ocrx_word' id='word_1_776' title='bbox 3203 4834 3438 4906; x_wconf 89' lang='lat' dir='ltr'><strong>scipsum</strong></span> <span class='ocrx_word' id='word_1_777' title='bbox 3474 4846 3526 4892; x_wconf 91' lang='lat' dir='ltr'><strong>et</strong></span> <span class='ocrx_word' id='word_1_778' title='bbox 3563 4838 3615 4891; x_wconf 92' lang='lat' dir='ltr'><strong>in</strong></span> 
     </span>
    </p>
   </div>
   <div class='ocr_carea' id='block_1_107' title="bbox 2037 4925 3612 4996">
    <p class='ocr_par' dir='ltr' id='par_1_107' title="bbox 2037 4925 3612 4996">
     <span class='ocr_line' id='line_1_107' title="bbox 2037 4925 3612 4996; baseline 0 -16"><span class='ocrx_word' id='word_1_779' title='bbox 2037 4927 2153 4995; x_wconf 91' lang='lat' dir='ltr'><strong>ipso</strong></span> <span class='ocrx_word' id='word_1_780' title='bbox 2200 4926 2358 4996; x_wconf 90' lang='lat' dir='ltr'><strong>patri.</strong></span> <span class='ocrx_word' id='word_1_781' title='bbox 2414 4927 2487 4980; x_wconf 91' lang='lat' dir='ltr'><strong>De</strong></span> <span class='ocrx_word' id='word_1_782' title='bbox 2541 4925 2736 4996; x_wconf 87' lang='lat' dir='ltr'><strong>quibus</strong></span> <span class='ocrx_word' id='word_1_783' title='bbox 2788 4926 3314 4995; x_wconf 88' lang='lat' dir='ltr'><strong>supereminentibus</strong></span> <span class='ocrx_word' id='word_1_784' title='bbox 3357 4928 3512 4982; x_wconf 89' lang='lat' dir='ltr'><strong>donis</strong></span> <span class='ocrx_word' id='word_1_785' title='bbox 3561 4929 3612 4980; x_wconf 92' lang='lat' dir='ltr'><strong>in</strong></span> 
     </span>
    </p>
   </div>
   <div class='ocr_carea' id='block_1_108' title="bbox 2037 5014 3616 5087">
    <p class='ocr_par' dir='ltr' id='par_1_108' title="bbox 2037 5014 3616 5087">
     <span class='ocr_line' id='line_1_108' title="bbox 2037 5014 3616 5087; baseline -0.001 -15"><span class='ocrx_word' id='word_1_786' title='bbox 2037 5016 2350 5087; x_wconf 81' lang='lat' dir='ltr'><strong>theologicis</strong></span> <span class='ocrx_word' id='word_1_787' title='bbox 2375 5015 2782 5072; x_wconf 83' lang='lat' dir='ltr'><strong>characteribtts</strong></span> <span class='ocrx_word' id='word_1_788' title='bbox 2811 5014 3136 5070; x_wconf 73' lang='lat' dir='ltr'><strong>sufﬁcienter</strong></span> <span class='ocrx_word' id='word_1_789' title='bbox 3163 5017 3366 5071; x_wconf 88' lang='lat' dir='ltr'><strong>dictmn</strong></span> <span class='ocrx_word' id='word_1_790' title='bbox 3394 5025 3499 5082; x_wconf 89' lang='lat' dir='ltr'><strong>est,</strong></span> <span class='ocrx_word' id='word_1_791' title='bbox 3531 5028 3616 5072; x_wconf 84' lang='lat' dir='ltr'><strong>at-</strong></span> 
     </span>
    </p>
   </div>
   <div class='ocr_carea' id='block_1_109' title="bbox 2037 5104 3614 5175">
    <p class='ocr_par' dir='ltr' id='par_1_109' title="bbox 2037 5104 3614 5175">
     <span class='ocr_line' id='line_1_109' title="bbox 2037 5104 3614 5175; baseline 0.001 -15"><span class='ocrx_word' id='word_1_792' title='bbox 2037 5107 2350 5162; x_wconf 89' lang='lat' dir='ltr'><strong>testantium</strong></span> <span class='ocrx_word' id='word_1_793' title='bbox 2402 5108 2557 5161; x_wconf 88' lang='lat' dir='ltr'><strong>nobis</strong></span> <span class='ocrx_word' id='word_1_794' title='bbox 2620 5121 2772 5162; x_wconf 89' lang='lat' dir='ltr'><strong>sacra</strong></span> <span class='ocrx_word' id='word_1_795' title='bbox 2833 5104 3170 5174; x_wconf 88' lang='lat' dir='ltr'><strong>cloquiorum</strong></span> <span class='ocrx_word' id='word_1_796' title='bbox 3238 5105 3614 5175; x_wconf 82' lang='lat' dir='ltr'><strong>intelligentia.</strong></span> 
     </span>
    </p>
   </div>
   <div class='ocr_carea' id='block_1_110' title="bbox 2037 5195 3612 5267">
    <p class='ocr_par' dir='ltr' id='par_1_110' title="bbox 2037 5195 3612 5267">
     <span class='ocr_line' id='line_1_110' title="bbox 2037 5195 3612 5267; baseline 0.001 -15"><span class='ocrx_word' id='word_1_797' title='bbox 2037 5199 2299 5266; x_wconf 83' lang='lat' dir='ltr'><strong>Quoniam</strong></span> <span class='ocrx_word' id='word_1_798' title='bbox 2329 5209 2380 5252; x_wconf 92' lang='lat' dir='ltr'><strong>ct</strong></span> <span class='ocrx_word' id='word_1_799' title='bbox 2429 5199 2572 5253; x_wconf 88' lang='lat' dir='ltr'><strong>aliud</strong></span> <span class='ocrx_word' id='word_1_800' title='bbox 2622 5213 2707 5251; x_wconf 90' lang='lat' dir='ltr'><strong>me</strong></span> <span class='ocrx_word' id='word_1_801' title='bbox 2755 5212 2850 5267; x_wconf 90' lang='lat' dir='ltr'><strong>per</strong></span> <span class='ocrx_word' id='word_1_802' title='bbox 2891 5195 3170 5265; x_wconf 86' lang='lat' dir='ltr'><strong>epistolam</strong></span> <span class='ocrx_word' id='word_1_803' title='bbox 3222 5195 3612 5266; x_wconf 74' lang='lat' dir='ltr'><strong>interregibus,</strong></span> 
     </span>
    </p>
   </div>
   <div class='ocr_carea' id='block_1_111' title="bbox 2037 5287 3616 5358">
    <p class='ocr_par' dir='ltr' id='par_1_111' title="bbox 2037 5287 3616 5358">
     <span class='ocr_line' id='line_1_111' title="bbox 2037 5287 3616 5358; baseline 0.001 -17"><span class='ocrx_word' id='word_1_804' title='bbox 2037 5289 2163 5358; x_wconf 91' lang='lat' dir='ltr'><strong>quid</strong></span> <span class='ocrx_word' id='word_1_805' title='bbox 2214 5287 2394 5344; x_wconf 77' lang='lat' dir='ltr'><strong>forsan</strong></span> <span class='ocrx_word' id='word_1_806' title='bbox 2424 5328 2436 5352; x_wconf 96' lang='lat'><strong>,</strong></span> <span class='ocrx_word' id='word_1_807' title='bbox 2488 5288 2700 5356; x_wconf 90' lang='lat' dir='ltr'><strong>quando</strong></span> <span class='ocrx_word' id='word_1_808' title='bbox 2749 5287 2868 5342; x_wconf 90' lang='lat' dir='ltr'><strong>dico</strong></span> <span class='ocrx_word' id='word_1_809' title='bbox 2913 5301 3008 5355; x_wconf 92' lang='lat' dir='ltr'><strong>per</strong></span> <span class='ocrx_word' id='word_1_810' title='bbox 3051 5287 3284 5355; x_wconf 89' lang='lat' dir='ltr'><strong>scipsum</strong></span> <span class='ocrx_word' id='word_1_811' title='bbox 3330 5300 3482 5352; x_wconf 90' lang='lat' dir='ltr'><strong>csse,</strong></span> <span class='ocrx_word' id='word_1_812' title='bbox 3522 5304 3616 5358; x_wconf 87' lang='lat' dir='ltr'><strong>per</strong></span> 
     </span>
    </p>
   </div>
   <div class='ocr_carea' id='block_1_112' title="bbox 2039 5376 3615 5447">
    <p class='ocr_par' dir='ltr' id='par_1_112' title="bbox 2039 5376 3615 5447">
     <span class='ocr_line' id='line_1_112' title="bbox 2039 5376 3615 5447; baseline 0.001 -15"><span class='ocrx_word' id='word_1_813' title='bbox 2039 5378 2272 5447; x_wconf 88' lang='lat' dir='ltr'><strong>scipsam</strong></span> <span class='ocrx_word' id='word_1_814' title='bbox 2303 5379 2500 5442; x_wconf 87' lang='lat' dir='ltr'><strong>vitam,</strong></span> <span class='ocrx_word' id='word_1_815' title='bbox 2541 5393 2636 5447; x_wconf 86' lang='lat' dir='ltr'><strong>per</strong></span> <span class='ocrx_word' id='word_1_816' title='bbox 2659 5376 2889 5446; x_wconf 86' lang='lat' dir='ltr'><strong>scipsam</strong></span> <span class='ocrx_word' id='word_1_817' title='bbox 2923 5376 3264 5445; x_wconf 88' lang='lat' dir='ltr'><strong>sapientiam,</strong></span> <span class='ocrx_word' id='word_1_818' title='bbox 3325 5385 3380 5430; x_wconf 91' lang='lat' dir='ltr'><strong>et</strong></span> <span class='ocrx_word' id='word_1_819' title='bbox 3417 5379 3482 5432; x_wconf 90' lang='lat' dir='ltr'><strong>ad</strong></span> <span class='ocrx_word' id='word_1_820' title='bbox 3526 5395 3615 5434; x_wconf 80' lang='lat' dir='ltr'><strong>sc-</strong></span> 
     </span>
    </p>
   </div>
   <div class='ocr_carea' id='block_1_113' title="bbox 2037 5467 3616 5540">
    <p class='ocr_par' dir='ltr' id='par_1_113' title="bbox 2037 5467 3616 5540">
     <span class='ocr_line' id='line_1_113' title="bbox 2037 5467 3616 5540; baseline 0.002 -19"><span class='ocrx_word' id='word_1_821' title='bbox 2037 5468 2206 5538; x_wconf 88' lang='lat' dir='ltr'><strong>ipsam</strong></span> <span class='ocrx_word' id='word_1_822' title='bbox 2238 5468 2452 5523; x_wconf 87' lang='lat' dir='ltr'><strong>dicebas</strong></span> <span class='ocrx_word' id='word_1_823' title='bbox 2482 5467 2748 5531; x_wconf 87' lang='lat' dir='ltr'><strong>dubitare,</strong></span> <span class='ocrx_word' id='word_1_824' title='bbox 2798 5467 3065 5535; x_wconf 85' lang='lat' dir='ltr'><strong>quomodo</strong></span> <span class='ocrx_word' id='word_1_825' title='bbox 3117 5469 3278 5523; x_wconf 86' lang='lat' dir='ltr'><strong>Deum</strong></span> <span class='ocrx_word' id='word_1_826' title='bbox 3331 5471 3616 5540; x_wconf 87' lang='lat' dir='ltr'><strong>aliquando</strong></span> 
     </span>
    </p>
   </div>
   <div class='ocr_carea' id='block_1_114' title="bbox 2035 5559 3615 5633">
    <p class='ocr_par' dir='ltr' id='par_1_114' title="bbox 2035 5559 3615 5633">
     <span class='ocr_line' id='line_1_114' title="bbox 2035 5559 3615 5633; baseline 0.003 -19"><span class='ocrx_word' id='word_1_827' title='bbox 2035 5561 2250 5630; x_wconf 86' lang='lat' dir='ltr'><strong>quidem</strong></span> <span class='ocrx_word' id='word_1_828' title='bbox 2301 5559 2473 5630; x_wconf 89' lang='lat' dir='ltr'><strong>ipsmn</strong></span> <span class='ocrx_word' id='word_1_829' title='bbox 2503 5559 2670 5614; x_wconf 90' lang='lat' dir='ltr'><strong>vitam</strong></span> <span class='ocrx_word' id='word_1_830' title='bbox 2709 5559 2861 5624; x_wconf 85' lang='lat' dir='ltr'><strong>dico,</strong></span> <span class='ocrx_word' id='word_1_831' title='bbox 2894 5559 3179 5630; x_wconf 82' lang='lat' dir='ltr'><strong>aliquando</strong></span> <span class='ocrx_word' id='word_1_832' title='bbox 3227 5576 3354 5618; x_wconf 59' lang='lat' dir='ltr'><strong>vero</strong></span> <span class='ocrx_word' id='word_1_833' title='bbox 3397 5579 3490 5633; x_wconf 87' lang='lat' dir='ltr'><strong>per</strong></span> <span class='ocrx_word' id='word_1_834' title='bbox 3527 5580 3615 5619; x_wconf 77' lang='lat' dir='ltr'><strong>sc-</strong></span> 
     </span>
    </p>
   </div>
   <div class='ocr_carea' id='block_1_115' title="bbox 1622 5670 2306 5732">
    <p class='ocr_par' dir='ltr' id='par_1_115' title="bbox 1622 5670 2306 5732">
     <span class='ocr_line' id='line_1_115' title="bbox 1622 5670 2306 5732; baseline 0.006 -11"><span class='ocrx_word' id='word_1_835' title='bbox 1622 5671 1873 5727; x_wconf 68' lang='lat' dir='ltr'><strong>VAIllAE</strong></span> <span class='ocrx_word' id='word_1_836' title='bbox 1907 5670 2306 5732; x_wconf 78' lang='lat' dir='ltr'><strong>LECTIONES.</strong></span> 
     </span>
    </p>
   </div>
   <div class='ocr_carea' id='block_1_116' title="bbox 431 5740 1740 5815">
    <p class='ocr_par' dir='ltr' id='par_1_116' title="bbox 431 5740 1740 5815">
     <span class='ocr_line' id='line_1_116' title="bbox 431 5740 1740 5815; baseline 0.002 -19"><span class='ocrx_word' id='word_1_837' title='bbox 431 5744 440 5773; x_wconf 87' lang='lat'>&#39;</span> <span class='ocrx_word' id='word_1_838' title='bbox 488 5740 573 5796; x_wconf 73' lang='grc' dir='ltr'><strong>[ιιι</strong></span> <span class='ocrx_word' id='word_1_839' title='bbox 610 5742 1100 5815; x_wconf 75' lang='lat' dir='ltr'><strong>supcrspeatlamur</strong></span> <span class='ocrx_word' id='word_1_840' title='bbox 1194 5746 1217 5778; x_wconf 73' lang='grc'><em>³</em></span> <span class='ocrx_word' id='word_1_841' title='bbox 1251 5745 1290 5798; x_wconf 77' lang='lat'><strong>.\</strong></span> <span class='ocrx_word' id='word_1_842' title='bbox 1320 5743 1362 5799; x_wconf 82' lang='grc' dir='ltr'>Ε</span> <span class='ocrx_word' id='word_1_843' title='bbox 1390 5741 1740 5799; x_wconf 78' lang='lat' dir='ltr'><strong>substituitur.</strong></span> 
     </span>
    </p>
   </div>
  </div>
