4142 6296
560 285 697 345 1167

1937 304 2222 367 ἕθΛΧΧῖΞ
2262 309 2460 364 εεοτι

3712 318 3891 375 1168

558 400 731 474 Ipsam
762 417 911 473 Vitae
946 417 1355 476 substitutorem
1389 440 1401 475 :
1434 426 1798 481 necessarium
1832 425 2142 481 aestimavi-
2174 431 2216 487 Α
2249 426 2486 481 dentiam
2517 435 2570 482 et
2600 428 2894 483 bonitatem
2942 429 3299 499 participatas
3343 432 3414 486 ab
3454 432 3882 500 existentibus,

562 512 709 572 ιιιιιε,
742 517 928 562 sancte
957 509 1050 563 Dei
1080 510 1246 565 homo
1268 551 1284 576 ,
1336 523 1389 569 et
1429 514 1529 570 bac
1575 527 1627 570 te
1672 516 1724 569 in
1757 516 1911 570 nobis
1938 516 2151 570 dubita-

563 595 716 655 \lone
744 600 1044 655 absolvere.
1095 600 1161 655 Et
1187 604 1421 673 primum
1466 607 1723 676 quidem,
1775 615 1834 660 ttt
1879 606 2152 662 multoties

568 689 713 743 dicta
764 699 820 742 et
859 704 1000 744 nunc
1028 692 1375 760 recipiamus,
1410 711 1514 747 non
1545 705 1631 750 est
1656 697 2012 759 contrarium,
2052 710 2151 766 per

567 777 798 846 seipsam
844 780 1100 835 virtutem
1127 820 1144 844 ,
1189 791 1285 835 aut
1330 800 1427 852 per
1475 785 1708 853 seipsam
1754 787 1919 841 vitam
1966 788 2149 842 dicere

572 867 763 931 Deum,
812 876 868 922 et
892 884 990 940 per
1025 865 1256 940 seipsam
1295 874 1454 936 vitae,
1487 883 1581 929 aut
1608 876 1779 943 pacis,
1808 884 1901 930 aut
1932 877 2150 932 virtutis

568 957 995 1013 substitutorem.
1012 960 1281 1026 Quaedam
1296 963 1510 1032 quidem
1531 964 1675 1018 enim
1690 980 1757 1019 ex
1770 967 2145 1031 existentibus,

552 1050 622 1101 'ct
665 1050 902 1106 maxime
944 1065 1011 1106 ex
1058 1052 1290 1121 primum
1337 1055 1728 1117 existentibus,
1773 1065 1832 1110 ut
1878 1058 2143 1111 causalis’

556 1122 807 1231 :onmium
859 1144 1205 1198 existentium
1255 1146 1553 1201 dicuntur:
1587 1149 1855 1217 quaedam
1901 1164 2053 1209 vero,
2088 1157 2150 1202 ut

559 1238 731 1300 ‘super
755 1234 936 1287 omnia
969 1236 1133 1290 etiam
1164 1237 1341 1304 primo
1368 1240 1679 1302 cxistentia,
1710 1241 1921 1309 superis
1955 1255 2146 1310 super-

556 1309 944 1380 'esscutialiter.
980 1326 1118 1392 Quid
1153 1337 1331 1384 autem
1367 1332 1610 1394 omnino,
1644 1331 1845 1401 inquis,
1877 1309 2148 1400 quodper

562 1414 798 1483 seipsnm
825 1431 947 1472 esse
971 1420 1173 1473 dictum
1197 1430 1298 1486 est,
1328 1432 1419 1477 aut
1450 1438 1545 1491 per
1568 1424 1802 1491 seipsam
1834 1424 2022 1487 vitam,
2053 1432 2148 1477 aut

562 1520 918 1579 quaecunque
946 1510 1189 1567 absolute
1241 1522 1297 1566 et
1348 1514 1717 1584 principaliter
1759 1530 1900 1578 esse,
1937 1530 2000 1569 ex
2036 1515 2147 1570 Deo

561 1595 815 1665 primitus
842 1598 1220 1657 substiwissc’
1249 1605 1618 1673 exposuimus.
1660 1605 1772 1660 lloc
1796 1617 1978 1660 autem
2007 1606 2145 1660 dici-

564 1703 705 1753 mus,
732 1699 945 1745 nonest
971 1707 1219 1762 pravum,
1257 1696 1349 1750 sed
1383 1705 1611 1761 rectum,
1644 1708 1699 1752 et
1725 1699 2022 1768 simplicem
2053 1700 2145 1753 de.

2248 531 2312 569 ex
2364 519 2472 571 Deo
2522 532 2628 573 non
2679 520 3039 589 participante
3082 522 3464 590 provenientes
3495 524 3722 593 copiosa
3768 524 3883 579 fu—

2248 609 2419 671 sione,
2448 619 2501 664 et
2532 618 2995 680 superseatentes,
3034 622 3094 666 ut
3141 614 3372 685 diligens
3416 617 3665 670 omnium
3713 632 3879 672 eam

2247 700 2377 755 salis
2399 702 2684 756 summitas
2707 702 2971 766 omnium,
3002 710 3057 757 et
3078 706 3557 772 superessentiale,
3579 716 3638 761 et
3655 719 3885 778 snper-

2248 790 2495 845 naturale
2523 792 2744 845 omnino
2770 792 3154 860 superexcellit
3178 809 3268 859 ea,
3298 809 3441 863 quae
3478 804 3611 850 sunt
3644 812 3875 852 secun-

2247 877 2373 931 dum
2400 879 2837 949 qualemcunque
2865 882 3157 936 essentiam
3188 890 3245 937 et
3275 892 3548 938 naturam.

2756 981 3161 1040 CAPITULUM
3209 984 3325 1039 XII.

2249 1071 2517 1127 Desaucto
2537 1082 2862 1137 sanctorum,
2881 1090 2997 1143 rege
3020 1091 3220 1143 regum,
3247 1075 3460 1129 domino
3485 1077 3863 1143 dominorum,

2856 1143 2968 1198 Deo
2990 1144 3234 1198 deorum.

2319 1254 2425 1310 Sed
2470 1256 2726 1325 quoniam
2757 1256 2975 1325 quidem
3027 1257 3096 1311 de
3145 1256 3228 1311 Ιείε
3258 1270 3620 1327 quaecunque
3663 1258 3864 1314 dicere

2247 1350 2551 1418 oportebat,
2610 1356 3009 1418 competentcm
3065 1361 3433 1420 acceperunt,
3480 1360 3541 1403 ιιι
3583 1353 3858 1414 arbitror,

2249 1439 2409 1493 tinem
2436 1480 2450 1505 ,
2480 1439 2777 1494 laudandus
2815 1449 2901 1493 est
2934 1439 3093 1493 nobis
3131 1441 3486 1515 magnirocus
3525 1452 3587 1496 ιιι
3621 1451 3863 1498 sanctus

2249 1539 2583 1593 sanctorum,
2606 1538 2661 1585 et
2682 1543 2785 1585 rex
2820 1530 3185 1601 regnantium,
3208 1543 3263 1586 et
3292 1547 3527 1601 regnans
3551 1534 3605 1587 in
3635 1535 3857 1599 secula,

2248 1629 2302 1673 et
2322 1635 2484 1690 super
2503 1620 2707 1683 secula,
2729 1631 2785 1674 et
2806 1621 3000 1683 adhuc,
3024 1628 3159 1675 etut
3184 1621 3445 1676 Dominus
3471 1606 3863 1688 dominorum,—

2251 1720 2300 1764 et
2330 1711 2473 1766 Deus
2526 1713 2748 1766 deorum
2778 1718 2825 1763 ⁸.
2882 1711 2943 1764 Et
2974 1712 3206 1781 primum
3256 1712 3475 1781 quidem
3532 1712 3855 1777 dicendum,

559 1775 909 1877 eiurationem
952 1782 1157 1877 liabet,
1181 1784 1299 1840 Non
1343 1787 1487 1841 enim
1534 1790 1831 1844 essentiam
1875 1792 2144 1860 quandam
2182 1774 2222 1832 Β
2252 1805 2380 1874 quid
2412 1819 2509 1873 per
2539 1805 2772 1875 seipsam
2800 1803 3145 1858 sanctitatem
3173 1817 3295 1857 esse
3324 1803 3683 1871 arbitramur,
3713 1807 3859 1877 quid

559 1867 795 1924 divinam
847 1882 943 1926 aut
985 1876 1283 1944 angelicam
1331 1893 1451 1933 esse
1495 1879 1758 1945 dicimus,
1789 1896 1885 1949 per
1913 1882 2150 1950 seipsam

557 1962 789 2017 essentio
822 1967 1035 2019 essemli
1078 1982 1220 2034 quae
1258 1978 1382 2022 sunt
1428 1971 1610 2026 omnia
1657 1988 1911 2037 causam;
1949 1974 2157 2027 soluma

561 2050 723 2103 modo
750 2052 894 2105 enim
927 2056 1140 2108 cssemli
1171 2058 1353 2110 omnia
1383 2074 1525 2126 quae
1561 2070 1708 2121 sunt,
1743 2071 1798 2116 et
1830 2062 2009 2130 ipsum
2027 2078 2150 2118 esse

559 2144 1010 2210 superessentiale
1039 2146 1395 2216 principium,
1436 2159 1492 2203 et
1520 2153 1837 2217 essentiam,
1870 2166 1921 2208 et
1952 2169 2144 2208 causa-

559 2230 720 2296 καῖ’.
766 2232 950 2304 Neque
994 2236 1137 2290 vitae
1178 2249 1459 2307 parentem
1488 2240 1648 2296 aliam
1680 2244 1961 2309 deitatem,
1992 2260 2147 2314 prae-

557 2334 642 2379 ter
669 2327 1069 2396 superdivinam
1122 2330 1362 2385 omnium
1413 2349 1767 2405 quaecunque
1816 2336 2042 2403 vivunt,
2093 2348 2148 2391 et

557 2415 739 2472 editae
768 2417 912 2473 vitae
941 2432 1163 2474 causam
1202 2421 1390 2475 vitam.
1440 2421 1624 2493 Neque
1673 2425 2012 2495 colligentem
2064 2428 2146 2481 di-

556 2508 788 2565 cendum
818 2511 1147 2581 principales
1177 2514 1523 2569 cxistcntium
1552 2524 1605 2571 et
1635 2519 1927 2573 crcatrices
1953 2533 2143 2573 essen-

558 2600 664 2656 tias
694 2611 751 2656 et
792 2604 1127 2660 substantias
1149 2645 1165 2669 ,
1213 2621 1351 2676 quas
1378 2607 1599 2676 quidam
1631 2617 1687 2663 et
1733 2609 1862 2665 deos
1909 2611 2147 2665 existen-

557 2691 692 2748 tium
715 2701 771 2748 et
797 2704 1074 2751 creatores
1112 2708 1394 2767 promptos
1441 2700 1726 2754 confestim
1773 2700 2139 2769 perfecerunt,

554 2797 692 2851 quos
714 2798 842 2838 vere
869 2794 921 2839 et
948 2786 1166 2855 proprie
1192 2787 1505 2853 dicendum,
1536 2804 1710 2858 neque
1736 2789 1837 2859 ipsi
1869 2788 2138 2844 tenuave—

554 2886 683 2929 rttnt
711 2893 817 2932 non
845 2878 1171 2943 existentes,
1221 2895 1399 2949 neque
1442 2891 1623 2949 patres
1653 2896 1862 2937 eorum.
1910 2881 2014 2937 Sed
2042 2896 2141 2951 per

555 2968 791 3036 seipsum
820 2985 959 3034 esse,
986 2978 1039 3024 et
1065 2986 1161 3039 per
1191 2972 1428 3040 seipsam
1459 2973 1644 3035 vitam,
1673 2981 1727 3025 et
1774 2987 1874 3040 per
1903 2972 2139 3041 seipsam

556 3060 815 3116 deitatem
862 3063 1090 3117 dicunus
1120 3062 1496 3133 principaliter
1534 3063 1748 3132 quidem
1776 3072 1831 3117 et
1859 3060 2138 3116 deiformi-

557 3158 644 3206 ter
671 3160 723 3207 et
776 3152 1070 3208 causaliter
1096 3157 1275 3208 ‘unum
1319 3155 1560 3210 omnium
1594 3152 2057 3223 superprincipale
2085 3160 2140 3207 et

554 3246 1011 3314 strperessentiale
1038 3247 1362 3318 principium
1389 3257 1445 3303 et
1471 3263 1715 3304 causam.
1732 3247 2142 3318 .Partieipaliter

554 3346 737 3392 autem
781 3337 956 3393 editas
1001 3353 1069 3393 ex-
1134 3340 1243 3395 Deo
1306 3354 1412 3395 non
1478 3340 1841 3409 participante
1887 3338 2141 3409 providas

554 3427 823 3494 virtutes,
866 3444 964 3499 per
1003 3430 1236 3499 seipsam
1283 3430 1679 3485 deiﬂcationem
1706 3470 1721 3493 ,
1767 3444 1862 3498 per
1905 3429 2138 3497 seipsam

552 3516 1011 3581 viviﬁcationem,
1063 3534 1163 3587 per
1203 3519 1435 3588 seipsam
1501 3518 1953 3584 deiﬁcationem‘,
2004 3533 2140 3587 quas

553 3608 842 3666 oxistentia
890 3612 1108 3680 preprie
1147 3611 1501 3680 sibimetipsis
1538 3611 1886 3680 participant,
1935 3618 1992 3663 et
2025 3611 2140 3665 exi-

555 3701 850 3765 stentia,’et
873 3701 1133 3764 viventia,
1150 3710 1205 3757 et
1229 3702 1431 3767 divina,
1458 3712 1513 3757 et
1542 3710 1689 3768 sunt,
1715 3710 1767 3757 et
1793 3703 2065 3764 dicuntur,
2084 3711 2138 3757 et

555 3792 662 3848 alia
692 3791 960 3847 similiter.
1010 3792 1243 3847 Proinde
1274 3802 1331 3847 et
1370 3794 1666 3863 primarum
1711 3795 1949 3865 ipsarum
1993 3795 2134 3865 opti-

555 3898 679 3941 Inus
698 3883 1022 3941 substituitur
1043 3883 1242 3939 dicitur
1267 3898 1410 3951 esse,
1433 3885 1626 3941 deinde
1651 3894 1880 3943 totarum
1924 3901 2135 3953 earum,

556 3972 752 4029 deinde
787 3973 1194 4045 particularium
1224 3975 1483 4046 ipsarum,
1516 3977 1710 4033 deinde
1742 3985 1974 4033 totarum
1997 3979 2138 4048 ipsa—

553 4080 678 4122 rum
707 4065 1207 4137 participationum,
1235 4067 1434 4122 deinde
1463 4068 1868 4139 particulariter
1899 4083 2085 4124 earum
2114 4068 2137 4100 ⁸

551 4157 1018 4230 participantium.
1038 4159 1105 4214 Et
1127 4160 1255 4230 quid
1269 4169 1483 4231 oportet
1501 4160 1567 4216 de
1584 4161 1671 4217 his
1692 4160 1898 4225 dicere,
1922 4161 2139 4231 quando

555 4254 780 4323 quidam
831 4255 1139 4311 divinorum
1161 4263 1477 4310 nostrorum
1527 4244 1809 4311 sacrorum
1857 4256 2140 4325 magistro-

556 4359 697 4406 rum.
757 4353 806 4401 et
848 4360 948 4416 per
981 4346 1213 4416 seipsam
1257 4346 1521 4400 bonitatis
1572 4352 1629 4400 et
1677 4344 1901 4400 deitatis
1940 4344 2140 4400 substi-

2168 3124 2210 3181 (ἶ

2251 1911 2506 1966 regnum,
2538 1897 2666 1965 quid
2703 1894 3123 1949 dominationem
3155 1935 3169 1959 ,
3202 1895 3330 1963 quid
3357 1893 3699 1949 divinitatem
3726 1938 3740 1959 ,
3790 1905 3854 1951 et

2250 1988 2377 2056 quid
2414 1986 2603 2041 Volunt
2638 1986 2919 2041 declarare
2952 1986 3164 2055 eloquia
3201 1986 3565 2054 duplicatione
3598 1987 3853 2041 existen-

2251 2082 2385 2134 tinm
2418 2079 2468 2134 ι’.
2498 2079 2772 2134 Sanctitas
2796 2079 2962 2148 igitur
2993 2086 3095 2141 est,
3124 2086 3385 2147 quantum
3417 2079 3708 2132 secundum
3739 2086 3852 2132 nos

2248 2171 2552 2232 dicendum,
2582 2170 2729 2225 omni
2765 2170 3138 2240 inquinatione
3167 2169 3336 2224 libera
3363 2179 3412 2224 et
3434 2169 3845 2240 perfectissima

2248 2272 2301 2315 et
2325 2262 2903 2315 incontaminatissima
2927 2260 3155 2329 paritas.
3179 2248 3416 2330 Regnum
3440 2268 3615 2313 autem
3643 2259 3847 2315 omnis

2247 2356 2371 2411 ﬁnis
2399 2363 2453 2409 et
2481 2362 2704 2409 ornatus
2729 2363 2785 2408 et
2812 2354 2948 2425 lngis
2976 2363 3031 2407 et
3058 2354 3267 2408 ordinis
3291 2354 3617 2408 distributio.
3644 2353 3847 2407 Domi-

2248 2458 2410 2502 natus
2437 2460 2568 2502 vero
2618 2461 2722 2500 non
2753 2447 3090 2500 subditorum
3124 2446 3445 2500 excellentia
3478 2445 3714 2505 tantum,
3740 2445 3844 2499 sed

2246 2546 2300 2592 et
2328 2538 2505 2591 omnis
2542 2546 2595 2590 et
2642 2536 2907 2590 bonorum
2960 2543 3015 2588 et
3066 2534 3393 2603 eptimorum
3442 2533 3839 2603 perfectissima

2246 2635 2301 2682 et
2327 2629 2633 2682 omztimoda
2678 2626 2954 2697 posscssio
2979 2667 2993 2690 ,
3029 2634 3081 2680 et
3108 2640 3234 2679 vera
3266 2634 3322 2679 et
3362 2624 3715 2678 immutabilis
3743 2623 3838 2677 ﬁr-

2245 2718 2405 2773 mitas
2443 2737 2454 2770 2
2490 2727 2709 2788 propter
2741 2718 2883 2786 quod
2941 2726 2997 2772 et
3041 2717 3350 2772 dominatus
3402 2731 3432 2769 a
3486 2716 3734 2779 Domino,
3778 2723 3838 2769 et

2244 2809 2613 2873 dominabile,
2646 2819 2701 2862 et
2750 2807 3039 2862 dominari.
3081 2806 3268 2861 Deitas
3321 2821 3453 2860 vero
3497 2804 3680 2859 omnia
3711 2820 3839 2859 cono

2246 2898 2490 2953 sidcrans
2517 2899 2858 2967 providentia
2894 2908 2950 2952 et
2998 2897 3240 2952 bonitate
3280 2894 3547 2966 perfecta,
3573 2904 3627 2948 ct
3652 2894 3835 2948 omnia

2245 2989 2691 3057 circumspiciens
2734 2997 2789 3042 et
2833 2989 3142 3053 continens,
3168 2997 3224 3041 et
3267 3002 3297 3041 a
3343 2986 3518 3056 seipsa
3548 2986 3759 3054 replens
3778 2992 3835 3038 et

2244 3093 2506 3148 superans
2537 3078 2718 3131 omnia
2742 3106 2747 3111 -
2772 3078 3113 3146 providentia
3144 3092 3241 3129 sua
3265 3073 3525 3129 fruentia.
3565 3075 3711 3129 Ilaec
3740 3075 3837 3141 igi—

2190 3167 2212 3186 "
2246 3179 2331 3223 tur
2351 3170 2529 3222 omnia
2553 3169 2603 3222 in
2625 3166 3074 3238 supcrexcelienti
3089 3181 3254 3222 causa
3280 3165 3528 3220 absolute
3543 3164 3827 3218 laudanda.

2244 3261 2310 3316 Et
2341 3261 2642 3314 addendum
2664 3300 2679 3324 ,
2734 3260 2849 3328 ipsa
2900 3258 3311 3328 supereminens
3354 3265 3437 3310 est
3468 3255 3751 3320 sanctitas,
3776 3262 3833 3308 et

2241 3353 2551 3407 dominatus
2574 3392 2588 3417 ,
2628 3358 2683 3406 et
2715 3364 2939 3422 regnum
2967 3390 2982 3415 ,
3015 3358 3070 3405 et
3111 3347 3598 3420 superincumbens
3623 3358 3676 3401 et
3702 3347 3829 3400 sim-‘-

2240 3444 2534 3516 plicissima
2570 3443 2761 3497 dcitas.
2794 3441 3009 3496 Etenim
3036 3456 3099 3497 ex
3127 3441 3240 3511 ipsa
3265 3441 3318 3494 in
3345 3455 3453 3493 uno
3482 3447 3536 3494 et
3562 3438 3827 3492 cumulate

2244 3539 2486 3602 nascitur
2516 3545 2571 3591 et
2597 3535 2945 3591 distribuitur
2974 3535 3152 3588 omnis
3183 3532 3328 3587 clara
3355 3531 3635 3601 diligentia
3666 3529 3826 3584 totius

2237 3634 2490 3697 ptnccra‘e
2515 3628 2793 3698 puritatis,
2822 3627 2999 3681 omnis
3028 3625 3377 3680 existentium
3401 3633 3455 3677 et
3481 3620 3748 3676 ordinatio
3768 3629 3829 3675 et

2238 3719 2522 3789 Dispositio
2545 3759 2558 3782 ,
2585 3717 3073 3772 inconvenientiam
3097 3724 3150 3770 et
3177 3714 3613 3785 inaequalitatem
3636 3720 3689 3767 et
3724 3712 3826 3764 im-

2241 3809 2759 3864 mcnsurabilitatcm
2805 3809 3210 3867 exterminans,
3252 3814 3306 3859 ct
3347 3808 3398 3859 in
3450 3804 3584 3859 bene
3611 3803 3826 3858 ordina-

2241 3907 2350 3953 tam
2404 3897 2811 3953 similitudinem
2843 3906 2898 3951 et
2934 3896 3309 3950 rectitudinem
3363 3894 3747 3965 resplendens,
3773 3900 3826 3949 et

2241 3988 2655 4044 circumducens
2678 3987 3007 4056 participare
3035 4001 3093 4040 se
3121 3985 3281 4055 digne
3312 3982 3683 4038 factazomuis
3706 3996 3825 4052 per.

2241 4080 2424 4147 lectio,
2465 4089 2521 4136 et
2554 4081 2795 4134 omnium
2849 4079 3114 4133 bonorum
3165 4077 3479 4132 omnimoda
3530 4074 3819 4145 possessio,

2240 4173 2418 4227 omnis
2468 4171 2669 4242 optima
2723 4168 3104 4239 contemplatio
3147 4177 3204 4222 et
3237 4165 3576 4234 continuatio
3619 4179 3824 4230 eorum,

2240 4277 2379 4332 quae
2403 4261 2621 4332 provisa
2665 4269 2812 4324 sunt,
2850 4259 3084 4328 seipsam
3108 4258 3369 4312 divinitus
3392 4257 3596 4312 addens
3619 4256 3685 4309 ad
3711 4255 3820 4310 dei-6

2242 4355 2547 4409 ﬁcationem
2578 4350 3025 4408 desiderantium.
3057 4349 3324 4417 Quoniam
3370 4363 3501 4403 vero
3546 4345 3819 4417 super-ple-

553 4435 811 4490 ῑυιτίοθῐη
873 4438 1024 4491 aiunt
1065 4436 1346 4505 Nusquam
1406 4436 1666 4505 "Piimam
1748 4444 1804 4488 ει
1853 4434 2134 4504 Pllls‘luam
2166 4446 2430 4529 Dnitudo
2482 4444 2722 4498 omnium
2781 4451 2867 4497 est
2916 4441 3157 4496 omnium
3218 4438 3484 4503 causalis,
3529 4437 3821 4492 secundum

551 4525 790 4582 divinam
839 4540 937 4596 per
964 4526 1194 4595 seipsam
1227 4527 1521 4581 bonitatem
1560 4534 1614 4581 et
1652 4526 2020 4593 divinitatem,
2054 4528 2134 4583 di-

550 4624 741 4674 centes
767 4631 887 4671 esse
914 4616 1210 4671 beneﬁcam
1238 4625 1295 4671 et.
1320 4618 1569 4671 deiﬁcam
1600 4632 1666 4671 ex
1703 4617 1812 4672 Deo
1841 4620 2133 4686 proceden-

549 4716 659 4762 tem
682 4706 1050 4770 donationem,
1066 4717 1122 4761 et
1146 4721 1241 4777 per
1259 4710 1491 4778 seipsam
1516 4708 1765 4774 formam,
1781 4725 1878 4781 per
1901 4712 2131 4782 seipsam

548 4796 875 4852 formilicam
914 4795 1205 4856 fusionem,
1241 4806 1296 4852 et
1325 4806 1490 4853 totam
1520 4800 1779 4867 formam,
1809 4814 1865 4859 et
1894 4804 2132 4874 particu-

548 4889 720 4944 larem
750 4886 1005 4953 formam,
1034 4896 1089 4943 ct
1115 4889 1497 4945 universaliter
1522 4891 1683 4959 bona,
1712 4902 1766 4947 et
1793 4894 2133 4964 particulari-

548 4990 634 5036 ter
659 4980 799 5035 bona
830 4979 852 5013 ⁸
882 4994 898 5034 :
929 4989 985 5036 ct
1013 4996 1365 5053 quaecunque
1400 4983 1504 5038 alia
1557 4986 1852 5041 secundum
1899 4988 2129 5042 eundem

547 5069 691 5128 dicta
743 5079 870 5128 sunt
913 5081 969 5126 et
1015 5071 1263 5129 dicentur
1312 5074 1550 5140 modum,
1596 5076 1925 5131 declarantia
1952 5078 2135 5146 proris

2240 4550 2405 4590 unam
2432 4534 2613 4588 omnia
2643 4541 2989 4602 superantem
3015 4528 3413 4591 excellentiam,
3444 4535 3668 4581 sanctus
3696 4539 3817 4578 san-

2237 4635 2446 4681 ctorum
2478 4622 2748 4685 iaudatur,
2789 4629 2844 4675 et
2882 4628 3085 4683 cetera,
3115 4618 3411 4672 secundum
3438 4627 3817 4686 supermanan—

2239 4724 2347 4771 tem
2378 4714 2400 4748 τ
2435 4727 2657 4769 causam
2696 4720 2751 4765 et
2784 4704 3082 4765 exaltatam
3115 4707 3615 4778 supereminentiam
3643 4719 3659 4755 ε
3695 4708 3812 4754 tan-

2239 4821 2401 4877 quam
2429 4806 2472 4860 si
2497 4804 2618 4873 quis
2644 4802 2841 4857 dixerit
2868 4818 2884 4854 :
2917 4799 3439 4869 Quantumsuperat
3462 4810 3562 4850 non
3579 4791 3812 4848 existen-

2242 4897 2383 4953 tibus
2432 4894 2719 4951 cxistentia
2763 4900 2966 4950 sancta,
3014 4890 3215 4950 divina,
3268 4888 3513 4949 domina,
3564 4881 3763 4952 regalis
3797 4920 3813 4945 ,

2237 5001 2292 5045 et
2322 4989 2432 5058 ipsa
2466 4985 2839 5058 participantia
2867 5023 2882 5048 ,
2932 4978 3080 5052 ipsae
3110 4995 3207 5050 per
3246 4995 3305 5034 se
3345 4973 3813 5049 participationes:

2238 5087 2448 5134 tantum
2494 5074 2951 5145 supereoilocatur
2997 5072 3251 5126 omnibus
3299 5065 3700 5128 existentibus,
3729 5058 3818 5130 qui

1845 5230 2099 5287 VARIAE
2133 5230 2537 5290 LECTIONES.

619 5365 633 5393 ί
676 5362 763 5417 BII
795 5362 1053 5416 murales.

545 5435 767 5500 seipsam
798 5433 1180 5500 dei/irationem
1212 5448 1321 5487 om.
1352 5434 1509 5488 codd.

546 5498 564 5531 "
584 5498 689 5556 'Ell
715 5498 1182 5571 superutmwnwm.

1141 5372 1163 5401 ¹
1199 5377 1264 5416 ea:
1309 5360 1414 5415 Deo
1437 5362 1677 5430 primitus
1702 5362 2026 5415 substituisse
2054 5377 2162 5417 om.
2196 5361 2307 5416 ΒΗ.

1599 5432 1621 5462 ⁵
1643 5431 2109 5501 participationmn
2137 5461 2203 5485 τ-
2233 5449 2413 5485 earum
2443 5448 2552 5485 om.
2581 5431 2735 5484 codd.

2403 5363 2424 5394 ³
2445 5361 2535 5416 ΑΕ
2562 5358 2793 5413 cansale.
2870 5363 2893 5394 ⁸
2927 5371 3017 5426 per
3040 5354 3263 5423 seipsam
3289 5353 3708 5423 viviﬁcationem,
3731 5364 3819 5426 per

2815 5427 2837 5460 ‘
2869 5418 3333 5495 et'pm'tt'cttlariter
3357 5418 3492 5478 bona
3522 5438 3635 5477 om.
3662 5418 3815 5475 codd.

2046 5594 2305 5652 NOTAE.

620 5715 643 5742 ⁵
688 5705 815 5759 Dan.
852 5706 939 5771 IX;
970 5708 1132 5775 Apoc.
1166 5708 1303 5762 th.

2304 5711 2330 5750 1³
2372 5710 2503 5766 Dan.
2524 5709 2611 5773 IV;
2643 5709 2759 5763 ISII.
2782 5707 2872 5774 IX;
2899 5708 3058 5763 Micb.
3084 5709 3140 5773 ’ἡ
3160 5709 3321 5763 lat-It.
3343 5706 3432 5769 IX;
3459 5707 3625 5778 Apoc.
3657 5700 3813 5760 XVII.
