4142 6296
334 350 486 408 “69‘

972 350 1222 409 VBRSIO
1259 351 1545 410 OPERUM
1585 353 1644 409 S.
1685 349 2003 409 DIONYSII.
2042 381 2112 392 --
2152 351 2240 406 DE
2281 352 2527 408 DlVlNlS
2566 348 2955 407 NOMINIBUS.

3474 347 3618 402 11ῗο

333 475 420 521 est
446 461 608 536 stipcr
639 463 821 519 omnia
854 464 1172 530 existentia,
1209 465 1456 520 omnium
1479 466 1924 537 partieipantium
1954 469 2001 528 Α
2031 469 2155 538 quia
2183 469 2477 523 secundum
2503 483 2667 522 unum
2698 467 3118 537 uniuscujusque
3141 465 3503 536 praeeogitata
3529 475 3616 523 est

335 567 390 610 et
417 554 894 626 participationum
924 569 1032 610 non
1063 555 1396 625 participans
1417 556 1669 611 causalis.
1699 555 1930 611 Sanctos

337 660 518 703 autem
558 657 614 703 et
654 661 812 715 reges
834 655 890 702 et
922 646 1172 702 dominos
1211 655 1269 702 et
1309 647 1440 702 deos
1469 656 1665 702 vocant
1715 647 1926 716 eloquia

339 741 489 810 ipsas
525 739 578 793 in
628 737 855 808 singulis
898 738 1312 809 principaliores
1359 740 1740 809 dispositiones
1766 779 1782 805 ,
1836 754 1934 809 per

339 830 776 911 quas.secuodae
825 843 893 884 ex
950 831 1046 885 Dei
1101 831 1260 885 donis
1301 831 1658 899 accipientes,
1719 830 1932 885 illarum

342 921 739 979 distributionis
782 921 1188 992 simplicitatem
1237 924 1383 978 circa
1434 938 1562 978 suos
1602 922 1934 978 differentias

349 1011 756 1081 multiplicant,
789 1026 1021 1082 quarum
1062 1021 1400 1084 praestantes
1446 1014 1765 1068 varietatem
1809 1029 1936 1084 pro-

339 1099 464 1156 vide
492 1113 549 1155 et
575 1101 915 1156 deiformiter
937 1101 1008 1156 ad
1041 1101 1304 1156 unitatem
1339 1103 1536 1172 ipsam,
1563 1117 1702 1172 quae
1729 1111 1818 1158 est
1842 1117 1935 1156 ea.

342 1205 486 1253 rum,
517 1197 871 1259 congregant.

839 1319 1241 1378 CAPITULUM
1285 1322 1422 1378 Xlll.

841 1431 921 1486 De
957 1433 1182 1503 perfecto
1223 1444 1269 1487 et
1311 1451 1437 1488 uno.

425 1543 602 1598 Tanta
653 1551 708 1600 et
754 1542 824 1598 de
878 1543 983 1599 bis.
1038 1543 1094 1598 in
1141 1544 1246 1600 ltoc
1302 1552 1482 1601 autem
1532 1545 1845 1612 residuum,
1893 1546 1940 1601 si

351 1635 592 1699 videtur,
640 1648 892 1689 sermone
931 1634 1283 1690 fortissimum
1337 1636 1686 1690 collocemus.
1729 1636 1941 1691 Etenim

355 1723 628 1794 theologia
677 1725 743 1780 de
792 1724 1034 1778 omnium
1085 1739 1250 1780 causa
1309 1735 1366 1780 et
1421 1726 1630 1790 omnia,
1677 1734 1731 1780 et
1782 1725 1943 1778 simul

351 1815 532 1870 omnia
580 1815 900 1884 praedicat,
956 1823 1011 1870 et
1071 1824 1129 1869 ut
1173 1815 1470 1886 perfectum
1515 1817 1726 1882 solum,
1774 1826 1827 1871 et
1881 1825 1942 1870 ut
1974 1809 2014 1866 Β

355 1921 524 1962 unum
550 1906 752 1960 laudat.
777 1901 1081 1962 Perfectum
1111 1910 1326 1977 quidem
1349 1925 1480 1980 ergo
1499 1919 1603 1975 est,
1631 1925 1736 1964 non
1763 1911 1936 1964 solum

353 2005 413 2050 ut
451 2012 548 2063 per
582 1997 819 2066 seipsum
874 1996 1221 2066 perfectum,
1277 1999 1571 2052 secundum
1627 2000 1860 2067 seipsum
1909 2015 1939 2054 a

354 2089 534 2157 seipso
570 2087 912 2142 uniformiter
942 2098 1307 2158 segregatum,
1341 2101 1398 2144 et
1442 2098 1610 2144 totum
1641 2105 1737 2158 per
1773 2099 1940 2144 totum

355 2178 811 2246 perfectissimum
837 2217 850 2240 ,
894 2180 986 2232 sed
1027 2189 1083 2233 et
1133 2178 1416 2249 plusquam
1463 2180 1804 2248 perfectum,
1852 2196 1941 2234 sc-

355 2267 589 2322 cundum
633 2267 873 2322 omnium
916 2268 1320 2334 excellentiam,
1353 2279 1402 2324 et
1461 2286 1676 2325 onmem
1729 2273 1942 2343 quidem

361 2357 760 2412 multitudinem
819 2359 1162 2422 terminans,
1234 2361 1379 2414 omni
1444 2376 1575 2415 vero
1643 2363 1942 2416 summitati

363 2461 852 2515 superexpansum,
881 2460 934 2500 et
979 2462 1006 2500 a
1068 2448 1218 2502 nullo
1258 2448 1490 2502 locatum
1551 2459 1645 2504 aut
1701 2467 1947 2520 compre-

365 2535 596 2590 hensum
622 2575 638 2600 ,
691 2537 784 2589 sed
836 2546 1114 2590 extentum
1156 2538 1208 2590 in
1249 2539 1432 2592 omnia
1475 2537 1738 2609 simulet
1788 2556 1949 2610 super

365 2629 545 2683 omnia
604 2643 706 2683 non
745 2627 1120 2684 deﬁcientibus
1149 2632 1453 2699 augmentis
1487 2640 1542 2686 et
1570 2632 1793 2686 inﬁnitis
1823 2648 1954 2703 0pc-

368 2723 688 2776 ratiouibus.
736 2720 1043 2777 Perfectum
1083 2722 1277 2777 iterum
1323 2723 1544 2788 dicitur,
1574 2733 1627 2778 et
1667 2724 1812 2780 velut
1843 2740 1948 2777 non

367 2823 607 2878 azctum,
667 2819 721 2866 et
754 2827 972 2881 semper
1003 2813 1321 2882 perfectum,
1354 2822 1408 2866 et
1443 2823 1500 2866 ut
1547 2813 1948 2876 indiminutum,

367 2913 427 2959 ut
473 2901 653 2960 omnia
693 2904 748 2959 in
786 2905 966 2974 seipso
997 2919 1262 2973 superans
1308 2913 1363 2959 et
1404 2919 1795 2975 supermanans
1861 2919 1948 2958 sc-

370 2995 604 3048 cundum
639 3010 799 3047 unam
841 3003 895 3046 et
924 2992 1294 3047 incessabilem
1337 3005 1390 3048 et
1430 2995 1657 3048 eandem
1701 2994 1720 3026 ¹
1774 3009 1869 3063 per
1894 3007 1952 3048 se

372 3082 747 3153 saperpleuam
808 3091 865 3138 et
914 3096 1021 3134 non
1071 3082 1398 3138 minoratam
1470 3082 1796 3152 largitatem,
1851 3096 1950 3152 per

371 3192 536 3245 quam
574 3174 812 3244 perfecta
865 3174 1046 3230 omnia
1099 3175 1360 3244 perﬁcit,
1411 3183 1465 3230 et
1513 3176 1728 3246 propria
1786 3156 1954 3246 replet
1983 3161 2026 3225 C

373 3264 728 3334 perfectione.
772 3261 952 3318 Unum
995 3278 1144 3328 vero,
1191 3264 1317 3332 quia
1358 3264 1538 3318 omnia
1580 3263 1954 3319 univcrsaliter

372 3360 456 3406 est
495 3367 595 3422 per
633 3351 793 3406 unius
840 3353 1066 3406 unitatis
1127 3352 1549 3419 excellentiam,
1614 3364 1668 3408 et
1714 3354 1954 3408 omnium

371 3451 457 3497 est
487 3451 540 3496 et
571 3442 730 3496 unius
759 3441 1199 3496 irreversibiliter
1240 3443 1474 3498 causalis
1508 3462 1520 3498 :
1561 3444 1766 3498 nullum
1810 3445 1955 3498 enim

372 3534 723 3590 existentium
767 3543 853 3588 est
911 3548 1017 3588 non
1053 3534 1388 3604 participans
1451 3536 1634 3601 unius,
1677 3537 1770 3591 sed
1819 3536 1960 3592 sicut

374 3625 533 3680 simul
558 3624 735 3679 omnis
767 3640 1025 3681 numerus
1051 3626 1278 3680 monade
1317 3627 1337 3656 ¹
1367 3627 1677 3696 participat,
1709 3637 1760 3682 et
1789 3644 1956 3682 unum

377 3717 482 3770 duo
520 3723 574 3770 et
622 3714 810 3770 decem
853 3715 1076 3778 dicitur,
1106 3726 1161 3770 et
1191 3717 1355 3771 semis
1395 3733 1592 3781 mium,
1638 3713 1958 3772 et'tcrtium

376 3815 433 3859 et
489 3805 755 3859 decimum
800 3821 963 3859 unum
1014 3823 1028 3859 :
1075 3806 1155 3861 sic
1199 3807 1379 3862 omnia
1429 3817 1484 3862 et
1539 3809 1780 3863 omnium
1834 3823 1958 3877 pars

379 3911 545 3948 unum
586 3895 909 3965 participant
949 3895 990 3962 ³,
1024 3904 1078 3951 et
1121 3897 1350 3952 essendo
1395 3912 1560 3950 unum
1615 3898 1796 3951 omnia
1834 3912 1958 3952 sunt

380 3985 694 4040 cxistentia.
741 3985 807 4040 Et
835 3995 1051 4041 nonest
1087 3987 1328 4044 omnium
1361 4000 1525 4040 causa
1559 4000 1744 4048 unum,
1778 3986 1960 4040 multis

381 4091 548 4130 unum
579 4092 592 4128 :
627 4075 721 4130 sed
759 4083 885 4130 ante
916 4092 1075 4132 omne
1106 4091 1271 4130 unum
1307 4082 1364 4129 et
1407 4072 1805 4127 multitudinem
1837 4112 1852 4137 ,
1907 4081 1962 4126 et

379 4179 542 4220 omne
564 4181 727 4240 unum
755 4174 811 4222 et
831 4165 1230 4221 multitudinem
1258 4163 1278 4194 ⁸
1303 4163 1575 4218 terminat.
1614 4160 1795 4229 Neque
1817 4161 1960 4214 enim

379 4265 463 4312 est
516 4255 801 4311 multitudo
847 4271 951 4310 non
988 4256 1320 4327 participans
1345 4253 1473 4324 quid
1498 4252 1659 4308 unius
1693 4252 1829 4307 :sed
1864 4253 1966 4308 hoc

380 4349 597 4417 quidem
642 4348 814 4404 multa
867 4350 1134 4418 partibus,
1169 4362 1336 4400 unum
1385 4354 1499 4401 toto
1529 4363 1540 4398 :
1571 4352 1626 4399 et
1660 4345 1761 4398 hoc
1797 4342 1963 4397 multa

383 4438 791 4503 accidentibus,
839 4454 1005 4492 unum
1048 4437 1292 4509 subjecto
1333 4451 1348 4489 :
1403 4445 1457 4491 et
1501 4436 1606 4491 hoc
1655 4434 1823 4489 multa
1867 4451 1966 4488 nu-

2031 559 2260 627 species,
2300 560 2454 613 unire
2491 559 2691 613 dicitur
2736 560 2905 623 unita,
2946 568 3029 614 est
3053 559 3288 612 omnium
3332 566 3415 612 est
3448 570 3616 610 utinm

2031 650 2326 719 exemplar,
2358 659 2412 704 et
2443 651 2486 704 si
2521 651 2800 704 interimas
2840 667 3025 710 unum,
3055 665 3229 718 neque
3267 647 3614 710 universitas,

2034 757 2210 811 neque
2247 757 2373 812 pars
2406 744 2447 808 ⁸,
2487 757 2662 811 neque
2690 742 2833 795 aliud
2871 741 3070 810 aliquid
3099 740 3440 797 existentium
3470 739 3614 795 erit:

2033 831 2210 886 omnia
2239 833 2384 887 enim
2426 833 2479 886 in
2515 834 2693 902 seipso
2722 847 2886 885 unum
2931 831 3275 886 uniformiter
3317 827 3618 899 praeambit

2032 934 2086 978 ct
2134 925 2644 993 circumpreliendit.
2702 924 2822 992 ipsa
2889 923 3053 992 igitur
3120 921 3386 990 theologia
3453 913 3619 974 totam

2037 1015 2389 1074 thearcltiam,
2415 1023 2475 1068 ut
2511 1016 2750 1069 omnium
2783 1031 3019 1077 causam,
3071 1014 3253 1067 laudat
3277 1011 3435 1064 unius
3463 1026 3620 1065 voca-

2035 1106 2180 1168 Imlo,
2235 1115 2285 1160 et
2319 1120 2456 1160 unus
2503 1105 2642 1160 Deus
2673 1115 2845 1173 pater,
2881 1113 2935 1157 et
2984 1119 3122 1156 unus
3175 1103 3430 1156 Dominus
3465 1099 3620 1155 Iesus

2035 1194 2301 1256 Christus,
2344 1211 2482 1248 unus
2534 1204 2712 1248 autem
2767 1202 2820 1247 et
2867 1193 2979 1262 ipse
3029 1192 3271 1259 spiritus,
3306 1205 3402 1258 per
3431 1201 3620 1258 super;

2037 1285 2386 1338 excellentem
2419 1285 2581 1338 totius
2609 1283 2823 1336 divinae
2850 1281 3070 1334 unitatis
3116 1279 3620 1350 impartibilitatem,

2039 1374 2090 1427 in
2124 1391 2225 1444 qua
2269 1377 2448 1430 omnia
2501 1375 2849 1443 singulariter
2893 1379 3306 1433 connectuntur,
3339 1376 3395 1421 et
3433 1371 3624 1436 super"-

2039 1467 2316 1527 uninntur,
2371 1472 2424 1517 et
2479 1463 2632 1517 adest
2684 1445 3224 1530 superessentialiter.
3283 1453 3515 1510 Proinde
3574 1460 3631 1508 et

2039 1554 2218 1609 omnia
2273 1553 2325 1606 in
2360 1553 2530 1620 ipsam
2577 1549 2724 1618 joste
2780 1549 3130 1603 remittuntur
3180 1554 3238 1600 et
3295 1543 3626 1606 referuntur,

2041 1645 2140 1700 sub
2175 1659 2300 1713 qua,
2349 1653 2400 1697 et
2442 1658 2507 1695 ex
2547 1657 2673 1710 qua,
2703 1649 2758 1694 et
2797 1654 2892 1709 per
2932 1653 3115 1708 quam,
3147 1646 3200 1691 et
3231 1637 3283 1691 in
3315 1651 3444 1707 qua,
3485 1643 3542 1690 et
3575 1633 3628 1689 in

2043 1751 2204 1806 quam
2245 1735 2427 1790 omnia
2471 1743 2615 1798 sunt,
2652 1743 2705 1788 et
2758 1733 3162 1794 eoordinantnr,
3210 1738 3264 1784 et
3289 1736 3528 1792 manent,
3575 1731 3634 1782 et

2043 1829 2407 1890 continentur,
2445 1835 2498 1880 et
2526 1825 2823 1894 replentur,
2873 1831 2927 1877 et
2966 1826 3389 1876 convertuntur:
3433 1828 3489 1874 et
3521 1832 3629 1873 non

2043 1919 2286 1974 invenies
2315 1918 2441 1986 quid
2471 1915 2839 1976 cxistentium,
2869 1911 3008 1981 quod
3053 1927 3157 1965 non
3199 1911 3252 1964 in
3278 1925 3406 1975 uno,
3439 1922 3634 1963 secun-

2043 2010 2168 2062 dum
2215 2009 2357 2076 quod
2405 2004 2582 2060 omnis
2633 2005 2805 2058 deitas
2836 1999 3360 2070 superessentialiter
3385 1997 3639 2051 nomina-

2045 2107 2162 2161 tur,
2190 2107 2246 2151 et
2279 2105 2362 2151 est
2414 2097 2538 2158 hoc,
2586 2094 2727 2162 quod
2776 2093 2990 2160 quidem
3039 2099 3160 2152 est,
3198 2097 3252 2142 et
3295 2086 3531 2156 perﬁcit,
3578 2091 3636 2139 et.

2046 2189 2236 2244 salvat.
2286 2187 2351 2240 Et
2391 2192 2607 2254 oportet
2658 2197 2756 2235 nos
2805 2196 2868 2234 ex
2915 2179 3098 2233 innitis
3139 2179 3191 2232 in
3237 2193 3401 2231 unum
3435 2176 3638 2230 virtute

2047 2280 2260 2336 divinae
2287 2275 2509 2329 unitatis
2544 2285 2853 2331 conversos,
2901 2269 3092 2323 unitim
3122 2268 3343 2322 laudare
3389 2275 3556 2320 totam
3582 2269 3639 2319 et

2049 2383 2209 2422 unam
2247 2366 2603 2424 divinitatem,
2638 2362 2877 2414 Omnium
2911 2374 3150 2417 causam,
3185 2372 3346 2409 unum
3379 2355 3521 2424 quod
3553 2360 3639 2408 est

2049 2467 2174 2512 ante
2204 2469 2364 2508 omne
2395 2469 2580 2517 unum,
2610 2461 2662 2504 et
2693 2448 3106 2508 mtdtitudinem,
3141 2456 3194 2501 et
3235 2455 3442 2515 partem
3471 2452 3526 2498 et
3555 2451 3640 2496 to-

2052 2556 2162 2601 tum
2210 2541 2658 2600 ctdeﬁnitionem
2688 2539 2729 2602 ⁶,
2758 2547 2812 2591 et
2850 2537 3141 2598 inﬁnitum,
3172 2544 3224 2587 et
3249 2535 3638 2593 summitatem,

2051 2649 2103 2695 et
2137 2638 2424 2692 terminum
2457 2635 2500 2694 ",
2543 2641 2598 2686 et
2638 2629 3078 2699 magnitudinem,
3111 2627 3290 2680 omnia
3323 2623 3636 2685 existentia,

2052 2739 2103 2784 et
2134 2731 2306 2797 ipsum
2332 2739 2450 2779 esse
2479 2721 2796 2781 terminans,
2823 2727 2874 2772 et
2895 2717 3238 2777 omnitnu,‘et
3265 2715 3640 2766 universorum

2052 2820 2317 2880 omnium,
2367 2823 2418 2869 et
2465 2811 2622 2867 simul
2652 2818 2708 2864 et
2734 2817 2862 2862 ante
2893 2807 3094 2870 omnia,
3144 2814 3198 2861 et
3247 2819 3410 2874 super
3434 2804 3641 2868 onmia,

2054 2920 2109 2964 ct
2147 2908 2494 2979 singulariter
2540 2919 2724 2966 causa,
2765 2909 2818 2954 et
2863 2915 3022 2970 super
3059 2898 3231 2967 ipsum
3283 2911 3444 2950 unum
3481 2892 3554 2956 ὃν,
3586 2903 3643 2947 et

2055 3005 2230 3072 ipsum
2273 3017 2436 3053 unum
2482 2997 2800 3055 terminans,
2837 2992 3090 3062 quoniam
3120 2988 3174 3045 ὂν
3217 3003 3380 3041 unum
3406 2986 3644 3048 existen-

2031 3080 2200 3144 'tibus
2232 3085 2626 3143 innumerabile
2656 3091 2738 3137 est
2769 3100 2782 3137 :
2825 3095 3078 3134 numerus
3123 3086 3300 3133 autem
3349 3074 3643 3130 essentiam

2057 3179 2363 3250 participat.
2391 3171 2850 3246 Snperessential':
2875 3179 3051 3223 autem
3078 3183 3265 3232 unum,
3294 3176 3344 3220 et
3371 3161 3425 3220 ὃν
3453 3179 3642 3227 unum,

2057 3281 2113 3325 et
2139 3285 2354 3324 onmem
2388 3282 2671 3321 numerum
2717 3263 2994 3323 terminat,
3039 3270 3091 3314 et
3124 3261 3294 3329 ipsum
3324 3265 3406 3312 est
3441 3257 3510 3311 ab
3537 3268 3647 3309 uno

2059 3358 2266 3413 numeri
2291 3357 2467 3410 omnis
2498 3353 2778 3407 existentis
2817 3349 3143 3419 principium
3189 3358 3244 3401 et
3279 3360 3441 3401 causa
3466 3353 3522 3400 et
3550 3359 3646 3397 nu-

2059 3463 2244 3504 merus
2280 3456 2335 3502 et
2361 3447 2514 3500 ordo.
2547 3443 2752 3497 Idcirco
2783 3451 2836 3495 et
2871 3441 3050 3494 unitas
3090 3438 3339 3491 laudatur
3381 3444 3435 3490 et
3463 3433 3648 3492 Trini-

2060 3547 2144 3594 tas
2187 3550 2349 3605 super
2407 3534 2590 3588 omnia
2645 3532 2872 3586 deitas:
2927 3544 3034 3582 non
3088 3539 3175 3584 est
3228 3540 3403 3593 neque
3445 3523 3644 3581 unitas,

2061 3644 2237 3700 neque
2261 3628 2522 3688 Trinitas,
2553 3633 2647 3679 aut
2697 3639 2724 3677 a
2779 3622 2958 3684 nobis,
2999 3630 3094 3673 aut
3140 3618 3246 3672 alio
3273 3617 3505 3686 quodam
3532 3614 3650 3669 exi-

2061 3721 2319 3776 stentium
2359 3719 2592 3788 cognita,
2643 3716 2735 3770 sed
2782 3714 2882 3768 etsi
2923 3711 3379 3781 supcradunatum
3416 3707 3534 3775 ejus
3564 3705 3649 3758 di-

2060 3815 2351 3880 vinamque
2398 3810 2779 3866 fecunditatem
2824 3820 2952 3859 vere
3003 3803 3284 3858 laudemus
3338 3799 3566 3854 triadica
3596 3803 3653 3850 et

2061 3899 2342 3954 monadica
2385 3899 2562 3951 divina
2591 3892 3302 3960 nominatione,plusquam
3347 3885 3651 3941 nominabi-

2061 3993 2167 4044 lcm
2197 3989 2536 4042 nominamus
2563 3987 2614 4038 in
2640 3982 2889 4038 essentiis
2915 3977 3442 4049 supercssentialem.
3471 3975 3657 4042 Neque

2063 4094 2170 4133 una
2228 4091 2436 4138 monas,
2478 4083 2570 4128 aut
2597 4070 2858 4131 Trinitas,
2906 4083 3084 4134 neque
3149 4078 3426 4125 numerus,
3480 4074 3656 4129 neque

2067 4171 2270 4234 unitas,
2305 4175 2395 4222 aut
2426 4164 2742 4222 fecunditas.
2773 4174 2949 4227 neque
2974 4157 3120 4212 aliud
3147 4155 3274 4224 quid
3306 4151 3653 4207 existentium

2066 4273 2160 4320 aut
2181 4263 2394 4319 cuidam
2443 4256 2791 4312 existentium
2822 4251 3094 4322 cognitum
3124 4247 3307 4303 educit
3348 4259 3508 4314 super
3535 4258 3654 4296 ont-

2067 4356 2155 4411 nia
2181 4362 2238 4408 et
2267 4351 2491 4406 verbum
2521 4356 2572 4401 et
2604 4343 2932 4400 intellectum
2967 4340 3019 4392 in
3045 4335 3433 4392 obscuritatem
3491 4344 3658 4398 super

2071 4457 2232 4499 omne
2271 4450 2327 4496 et
2367 4437 2590 4492 verbum
2635 4441 2689 4487 et
2751 4429 3077 4485 intellectum
3134 4417 3662 4492 superessentialiter

385 4551 538 4590 mero
587 4545 680 4590 aut
715 4537 1028 4603 virtutibus,
1072 4550 1237 4590 unum
1280 4533 1460 4604 specie
1494 4550 1507 4587 :
1550 4541 1606 4586 et
1647 4532 1748 4588 hoc
1798 4531 1965 4585 multa
1994 4510 2043 4568 θ
2067 4529 2534 4608 supercssentialis
2575 4521 3058 4596 superdivinitatis,
3090 4531 3263 4586 neque
3297 4529 3492 4570 nomen
3545 4510 3662 4577 ejus

383 4627 692 4696 speciebus,
728 4641 898 4680 unum
939 4639 1138 4697 genere
1168 4641 1181 4677 :
1214 4632 1268 4676 et
1314 4623 1415 4678 hoc
1461 4621 1629 4677 multa
1661 4621 1966 4690 processio-

385 4719 566 4784 nibus,
584 4733 748 4771 unum
772 4717 1042 4788 principio
1064 4735 1077 4770 :
1102 4724 1157 4770 et
1179 4714 1311 4769 nihil
1329 4724 1412 4768 est
1435 4713 1807 4777 existentium,
1825 4709 1967 4780 quod

390 4831 496 4869 non
528 4815 815 4884 partieipet
844 4811 931 4868 vel
963 4811 1092 4880 quid
1121 4809 1302 4875 unius,
1335 4809 1588 4864 deorsum
1623 4806 1830 4870 omnia,
1859 4804 1970 4859 sin—

386 4902 647 4973 gulariter
674 4903 876 4967 ontnia,
925 4911 980 4956 et
1012 4910 1119 4957 tota
1165 4900 1369 4964 omnia,
1397 4908 1451 4953 et
1475 4897 1720 4967 opposita
1757 4896 1972 4951 univer—

385 4994 572 5048 saliter
616 4992 1145 5062 compreliendentis.
1184 4991 1252 5044 Et
1291 4989 1410 5042 sine
1452 4988 1668 5055 quidem
1708 5002 1818 5040 uno
1866 5001 1971 5040 nou

387 5085 494 5140 erit
527 5083 831 5146 multitudo,
864 5085 982 5139 sine
1027 5091 1206 5136 autem
1257 5079 1600 5134 multitudine
1637 5080 1741 5132 erit
1768 5094 1972 5132 unum:

388 5163 531 5231 sicut
556 5184 608 5227 et
631 5189 818 5228 monas
841 5184 964 5227 ante
987 5189 1202 5228 omnem
1230 5187 1514 5227 numerum
1545 5169 1979 5238 multiplicatum,

389 5277 446 5322 et
488 5265 534 5319 si
585 5264 837 5318 omnibus
888 5265 1068 5318 omnia
1120 5264 1268 5318 unita
1315 5263 1436 5330 quis
1489 5260 1746 5329 posuerit,
1801 5261 1980 5314 omnia

335 5397 363 5442 δ
393 5363 552 5413 erunt
589 5363 700 5410 toto
733 5368 919 5407 unum.
947 5353 1052 5408 Sed
1080 5355 1263 5423 itaque
1299 5361 1354 5407 et
1398 5352 1498 5405 hoc
1528 5352 1979 5420 cognoseendum,

2071 4603 2178 4691 est,
2211 4637 2388 4692 neque
2413 4619 2661 4680 verbum,
2691 4614 2783 4668 sed
2810 4613 2860 4666 iu
2892 4611 3050 4664 inviis
3070 4607 3360 4661 exaltatur.
3390 4603 3456 4657 Et
3491 4614 3664 4668 neque

2072 4689 2246 4786 ipsum
2295 4689 2438 4782 quod
2489 4717 2571 4763 est
2617 4703 2896 4785 bonitatis,
2943 4709 3200 4769 tanquam
3251 4698 3556 4750 adnnanles
3613 4689 3696 4780 ei.

2070 4781 2418 4878 proferimus,
2456 4798 2547 4854 sed
2572 4781 2840 4851 desiderio
2869 4787 3198 4859 intelligendi
3224 4786 3352 4854 quid
3373 4793 3428 4838 et
3453 4781 3665 4878 dicendi

2075 4869 2418 4954 deinetl‘abili
2459 4898 2649 4944 natura
2680 4885 2768 4937 illa
2801 4883 3078 4936 nominum
3133 4869 3665 4948 pretiosissimumci

2080 4989 2256 5060 primo
2293 4984 2618 5037 devovemus
2643 4993 2655 5029 :
2684 4983 2739 5028 et
2765 4970 3183 5028 consonabimus
3228 4967 3409 5021 forsan
3461 4963 3562 5017 etsi
3614 4960 3670 5013 in

2085 5057 2186 5135 itoc
2219 5073 2505 5143 theologis,
2548 5081 2727 5124 rerum
2772 5071 2952 5117 autem
3003 5059 3232 5114 veritate
3279 5057 3668 5123 relinquemur.

2084 5171 2292 5226 Idcirco
2319 5175 2374 5221 et
2399 5163 2498 5235 ipsi
2529 5176 2626 5231 per
2669 5155 3013 5225 depulsiones
3061 5149 3263 5204 invium
3310 5143 3666 5216 praeltonori-

2087 5263 2401 5317 ﬁeaverunt,
2420 5233 2511 5308 rsic
2536 5248 2830 5306 excedente
2861 5243 3040 5296 anima
3091 5239 3204 5294 suis
3229 5233 3667 5306 cognationibus,

2089 5365 2143 5410 et
2189 5368 2284 5425 per
2329 5361 2517 5405 omnes
2570 5340 2779 5398 divinas
2843 5321 3669 5404 intelligendasproﬁciscente,

1681 5528 1934 5585 V’ARIAE
1974 5523 2384 5587 LECTIONES.

471 5666 571 5718 ‘et
620 5663 837 5716 tandem
899 5682 1006 5717 om.
1061 5662 1216 5716 codd.
1309 5669 1324 5696 ²
1385 5663 1423 5716 E
1474 5660 1719 5712 incumin.

1825 5659 1843 5689 ³
1876 5658 1959 5712 BH
2012 5633 2312 5725 partit'tpat.

2418 5655 2438 5686 ἰ
2489 5657 2534 5700 et
2597 5659 2746 5698 omne
2799 5656 2960 5695 unum
3007 5667 3074 5677 -—
3117 5633 3501 5689 multitudimm
3559 5639 3667 5680 om.

400 5737 554 5788 codd.
636 5735 656 5766 ⁸
686 5752 847 5804 neque
877 5752 997 5803 pars
1026 5752 1132 5788 otu.
1164 5735 1314 5788 Codd.
1393 5733 1414 5761 ⁸
1450 5744 1493 5784 rt
1521 5742 1681 5782 (Mum
1709 5742 1752 5783 et
1780 5708 2136 5798 (fr/initiatum:
2164 5708 2269 5777 oin.
2299 5719 2455 5774 rodet.
2535 5717 2554 5745 τ
2584 5726 2629 5767 ct
2661 5715 2939 5766 trrmimtm
2970 5724 3078 5764 om.
3106 5708 3261 5761 c0.l-.l.
