4142 6296
537 335 670 388 1171

1899 329 2178 386 JOANNIS
2215 330 2408 388 SCOTI

3669 300 3828 388 tm

539 428 740 496 quibus
781 434 1086 482 removetur
1115 425 1256 492 quod
1299 433 1382 480 est
1413 441 1574 496 super
1616 440 1775 482 omne
1820 441 2040 490 nomen,
2077 435 2131 478 et
2159 434 2204 489 Α
2236 427 2457 489 habent,
2488 434 2542 480 et
2575 424 2799 480 veritate
2826 432 2917 479 aut
2947 422 3325 480 universaliter
3345 427 3438 476 aut
3466 421 3827 490 particular-i-

546 533 710 571 oume
740 519 986 578 verbum,
1028 523 1084 567 et
1125 514 1432 578 scientiam,
1467 515 1992 584 novissimorumque
2019 530 2135 570 om-

545 608 694 660 nium
724 608 896 675 ipsum
925 605 1291 674 contingente,
1315 614 1573 672 quantum
1599 615 1652 660 et
1677 607 1830 660 nobis
1853 606 1978 661 illud
2007 622 2134 661 con—

544 697 750 763 tingere
789 694 1044 762 possibile
1079 701 1182 750 est.
1225 693 1333 748 Has
1361 710 1458 748 nos
1505 695 1900 749 iutellectualcs
1925 697 2132 750 divinas

544 785 942 839 nominationes
975 783 1388 845 concor-dantes,
1428 792 1687 852 quantum
1726 784 1874 848 licet,
1903 785 2132 854 replica-

2235 526 2318 574 ter
2366 519 2776 582 aberravimus,
2828 525 2950 573 tuae
3003 517 3074 572 sit
3117 513 3495 577 humanitatis,
3542 513 3827 584 corrigere

2233 626 2338 666 non
2369 609 2669 664 voluntarie
2697 611 3060 679 ignorantem,
3081 617 3137 660 et
3180 607 3394 660 tradere
3418 604 3588 658 verbo
3608 603 3826 660 discere

2233 701 2641 770 deprecanti,et
2668 697 2948 769 sulfragari
2994 711 3100 752 non
3149 694 3506 750 suﬁcientem
3555 694 3823 750 virtutem

2235 793 2473 855 babenti,
2505 801 2559 846 et
2583 806 2774 844 sanare
2809 789 3077 844 nolentem
3111 794 3415 856 aegrotare,
3465 792 3523 838 et
3551 785 3826 852 quaedam

543 877 740 940 vimus,
769 891 876 929 non
907 875 1076 929 solum
1105 889 1290 928 earum
1321 873 1596 943 diligentia
1623 875 2135 930 deﬁcientes—hoc
2225 883 2448 950 quidem
2479 897 2510 934 a
2535 880 2732 948 seipso,
2756 879 3016 948 quaedam
3041 891 3170 932 vero
3190 875 3260 930 ab
3277 874 3400 929 aliis
3426 874 3822 939 invenientem,

542 966 689 1020 enim
717 981 842 1020 vere
863 975 919 1020 et
939 965 1110 1034 angeli
1135 965 1369 1019 dixerint
1384 994 1454 1004 —-
1473 980 1647 1034 neque
1661 965 1814 1032 juxta
1833 968 2050 1036 angelos
2064 984 2130 1021 ex

541 1068 730 1108 earum
768 1053 1077 1123 hymnodia.
1109 1054 1175 1108 Et
1222 1053 1530 1110 novissimis
1575 1054 1720 1107 enim
1757 1054 2134 1122 relinquuntur

542 1145 903 1212 potentissimi
935 1144 1078 1213 apud
1111 1161 1209 1199 nos
1258 1145 1648 1214 theologorum.
1700 1144 1884 1213 Neque
1912 1147 2131 1214 quidem

543 1249 733 1287 eorum
767 1234 1161 1304 theologorum,
1205 1249 1377 1303 neque
1405 1250 1591 1289 eorum
1639 1235 2131 1305 philosophantium

545 1332 640 1386 aut
668 1327 1134 1396 consequentium,
1166 1327 1259 1382 sed
1289 1336 1344 1381 et
1372 1327 1484 1395 ipsa
1527 1327 1776 1382 similiter
1804 1329 1958 1382 nobis
1986 1330 2132 1384 ordi-

543 1423 794 1468 natorum
842 1416 1132 1469 novissime
1193 1426 1248 1470 et
1291 1417 1549 1484 subjecto.
1588 1415 1774 1485 itaque
1821 1419 1864 1472 si
1913 1418 2128 1486 quidem

547 1510 694 1557 recte
734 1503 934 1557 habent
962 1519 1100 1572 quae
1131 1504 1271 1559 dicta
1305 1514 1447 1568 sunt,
1479 1513 1534 1559 et
1573 1506 2003 1574 quantumjuxta
2033 1524 2131 1564 nos

543 1602 649 1656 est,
686 1607 811 1646 vere
840 1594 1110 1662 tetigimus
1141 1595 1392 1650 virtutem
1425 1596 1514 1650 Dei
1549 1611 1680 1651 voce
1736 1597 2128 1666 replicationis,

542 1681 596 1735 in
623 1682 863 1736 omnium
897 1685 1158 1738 bonorum
1189 1687 1458 1741 causalem
1486 1697 1638 1742 actus
1664 1686 2000 1753 referendus,
2033 1690 2128 1744 do-

2231 971 2409 1026 ornuia
2442 978 2716 1023 autenth
2757 967 2866 1022 Deo
2917 965 3290 1035 accipientem,
3341 963 3472 1018 etin
3515 977 3616 1017 nos
3643 970 3828 1017 trans-

2234 1060 2395 1113 ferre.
2461 1057 2730 1126 Numquid
2758 1055 2961 1128 allliges
3004 1056 3234 1110 amicum
3264 1055 3442 1108 virum
3479 1052 3829 1109 benefacien-

2236 1151 2377 1204 tibus
2405 1151 2428 1203 ?
2452 1149 2611 1204 Vides
2644 1151 2812 1212 enim,
2843 1151 2967 1218 quia
3007 1156 3061 1204 et
3089 1163 3188 1203 nos
3217 1148 3351 1203 nihil
3383 1147 3704 1202 traditorum
3726 1163 3827 1203 no-

2233 1240 2315 1294 bis
2352 1238 2772 1294 ierarchicorum
2798 1238 3082 1292 verborum
3113 1238 3167 1292 in
3191 1237 3557 1305 nosmetipsos
3601 1244 3825 1292 contra-

2231 1327 2432 1391 ximus,
2458 1337 2512 1382 et
2537 1327 2792 1382 sollicitos
2816 1342 2911 1382 nos
2947 1336 3002 1381 et
3028 1327 3180 1382 vobis
3216 1335 3272 1382 et
3302 1326 3424 1380 aliis
3464 1326 3666 1381 divinis
3689 1327 3828 1380 viris

2230 1426 2286 1472 et
2312 1417 2629 1471 tradidimus
2660 1423 2716 1470 et
2739 1416 3029 1480 trademus,
3082 1415 3243 1471 sicsic
3287 1431 3386 1471 nos
3409 1416 3592 1470 dicere
3616 1416 3825 1478 idonei,

2230 1514 2286 1563 et
2319 1506 2513 1576 quibus
2555 1505 2808 1560 dicuntur
2837 1505 3024 1560 audire
3046 1545 3061 1570 ,
3116 1505 3171 1560 in
3209 1504 3356 1560 nullo
3407 1505 3704 1560 traditione
3732 1505 3823 1559 in-

2223 1597 2424 1666 juriam
2474 1595 2759 1666 patientes,
2828 1595 2874 1650 si
2917 1609 3023 1649 non
3051 1596 3117 1649 ad
3162 1596 3577 1665 intelligentiam
3604 1605 3701 1650 aut
3731 1611 3802 1649 ex

2230 1687 2549 1758 positionem
2591 1701 2780 1740 eorum
2851 1686 3204 1740 inllrmemur.
3254 1685 3362 1741 Sed
3413 1687 3550 1742 haec
3599 1687 3821 1756 quidem

543 1779 760 1826 nantem
803 1773 978 1840 primo
1022 1789 1081 1828 se
1130 1775 1330 1839 dicere.
1377 1777 1568 1831 deinde
1602 1777 1736 1832 henc
1763 1778 1962 1832 dicere.
1993 1779 2059 1833 Et
2083 1780 2127 1834 si
2162 1787 2202 1844 Β
2233 1786 2358 1847 peto
2384 1777 2492 1832 Deo
2520 1778 2771 1841 amicum,
2803 1778 2943 1832 hanc
2978 1776 3174 1831 habeat
3196 1785 3251 1830 et
3281 1777 3444 1831 dicat.
3478 1777 3545 1830 Et
3575 1778 3646 1831 sit
3673 1793 3821 1830 nunc

544 1861 673 1928 quid
699 1863 954 1918 similium
989 1865 1246 1919 virtutum
1296 1868 1737 1936 praetermissum
1778 1876 1881 1932 est,
1912 1877 1966 1922 et
1997 1867 2125 1923 illud

545 1967 646 2006 nos
670 1957 963 2009 secundum
994 1960 1208 2010 easdem
1243 1968 1388 2013 artes
1418 1959 1482 2012 ad
1509 1961 1905 2016 ohaudiendum
1934 1961 2128 2029 depre-

547 2041 764 2099 cationi.
802 2043 859 2101 Si
890 2054 1068 2100 autem
1098 2047 1233 2102 haec
1258 2056 1352 2102 aut
1378 2065 1481 2103 non
1509 2060 1790 2116 recte,aut
1819 2050 2130 2120 imperfecte

2235 1870 2346 1935 hic,
2375 1869 2660 1924 intellectis
2686 1869 2881 1924 divinis
2906 1867 3203 1933 vocabulis,
3220 1868 3512 1922 secundum
3536 1882 3631 1922 nos
3657 1867 3781 1920 linis
3798 1905 3816 1930 ,

2234 1959 2490 2030 quoniam
2518 1959 2869 2031 symbolicam
2917 1957 3263 2028 theologiam,
3303 1957 3438 2012 duce
3463 1957 3593 2022 Deo,
3635 1967 3822 2011 trans-

2236 2049 2546 2104 cendemus.
2574 2045 2800 2118 Explicit
2833 2047 2962 2102 liber
2985 2047 3050 2101 de
3077 2047 3266 2100 divinis
3293 2046 3578 2101 nominibus
3597 2059 3644 2099 ⁸.

1031 2240 1545 2354 SANCTI
1634 2241 2279 2356 DIONYSII
2363 2243 3343 2358 AREOPAGITAE

1767 2492 2068 2568 LIBER
2139 2491 2620 2584 QUARTUS

747 2717 1030 2870 DE
1111 2716 2112 2873 MYSTICA
2222 2717 3586 2874 THEOLOGIA.

543 3002 547 3004 η
622 3021 1028 3102 Epigramma
1087 3039 1152 3081 ιη
1198 3020 1868 3102 Δὺείιιᾳηι-Πίρηῃειίαιη
1925 3008 1999 3082 ἀὲ
2037 3027 2061 3058 ί·

1019 3099 1282 3178 mystica
1325 3098 1660 3178 theologia.

619 3240 823 3295 Novam
853 3239 1145 3294 claritatem
1168 3239 1224 3292 in
1254 3238 1453 3310 reliqua
1474 3247 1523 3293 et
1551 3239 1825 3294 scientiam
1847 3241 2132 3295 subsistem

546 3311 678 3381 tium
723 3310 775 3371 ¹,
823 3320 1033 3381 nectent
1081 3325 1174 3377 per
1228 3309 1499 3373 divinant,
1552 3325 1710 3379 quant
1770 3327 1875 3364 non
1923 3311 2128 3381 justum

551 3379 669 3432 licet
704 3379 974 3432 nominare
997 3378 1038 3430 ³.

618 3510 1072 3582 Compresbytero
1101 3512 1387 3566 Tlaornso
1418 3512 1704 3568 Diouvsws
1734 3514 2036 3584 presbyter.

2275 3015 2593 3075 INCIPIUNT
2628 3021 2943 3076 CAPITULA
2978 3022 3062 3075 DE
3100 3014 3372 3077 MYSTICL
3395 3017 3776 3078 THEOLOGIA.

2244 3113 2285 3176 ξε
2311 3114 2383 3164 De
2419 3115 2616 3175 mystica
2646 3115 2909 3176 theologia.

2244 3174 2306 3223 ll.
2329 3174 2577 3240 Quomodo
2593 3184 2786 3237 oportet
2810 3174 3010 3240 étunirl
3046 3182 3098 3227 et
3137 3179 3342 3240 hymnos
3363 3179 3558 3231 referre
3598 3182 3811 3231 omnium

2299 3237 2479 3298 causali
2506 3245 2559 3287 et
2583 3248 2732 3298 super
2753 3238 2931 3285 omnia.

2239 3297 2324 3363 lu.
2355 3303 2489 3363 Quae
2513 3297 3076 3363 ausaﬁtmiihgdoglle,
3090 3311 3216 3363 quae
3235 3313 3470 3363 ἄποτα-ιιι.

2237 3357 2320 3408 ιν.
2357 3359 2480 3419 Quia
2507 3357 2628 3408 nihil
2644 3357 2959 3408 sensibilium
2975 3357 3132 3408 omnis
3150 3357 3404 3412 sensibilis
3436 3375 3528 3423 per
3561 3363 3806 3422 excellen-

2297 3421 2412 3469 tiam
2435 3421 2655 3469 causalis.

2297 3421 2412 3470 tiam
2435 3421 2655 3469 causalis.

2236 3480 2444 3548 V._Qui_a
2470 3482 2586 3529 nihil
2613 3479 2994 3548 intelligibilium
3006 3482 3162 3531 omnis
3180 3483 3507 3545 intelligibilis
3530 3487 3610 3548 per
3635 3485 3809 3535 excel—

2297 3539 2495 3592 lentiam
2521 3539 2728 3590 causalis
2759 3539 2808 3587 b’.

934 3761 1380 3914 lNlilPl’l‘
1486 3763 1827 3916 LIBER
1929 3765 2074 3917 DE
2182 3765 2679 3921 MYS’I‘IGA
2787 3765 3446 3922 THEOWGIA.

1103 4061 1501 4119 CAPITULUM
1537 4063 1577 4118 Ι.

998 4193 1075 4247 De
1101 4195 1317 4264 mystica
1347 4194 1604 4265 theologia
1636 4196 1678 4250 ‘.

628 4321 866 4379 Trinitas
891 4326 1375 4395 superessentialis,
1414 4335 1469 4380 et
1505 4327 1820 4396 superdeus,
1854 4337 1908 4383 et
1941 4344 2131 4400 super-

553 4414 759 4483 optime
791 4413 1217 4470 Christianorum
1247 4416 1517 4484 inspector
1548 4417 1920 4486 theosophiae,
1959 4420 2130 4490 dirigo

557 4518 660 4560 nos
696 4505 748 4558 in
783 4507 1132 4575 myslitorum
1159 4507 1492 4576 eloquiorum
1535 4509 2028 4580 superincoguitum
2078 4523 2132 4568 et

2159 4071 2204 4133 C
2236 4067 2660 4136 super-lucentem
2685 4077 2737 4123 et
2763 4069 3202 4124 sublimissimum
3224 4073 3641 4138 vertiecm',ubi
3674 4092 3805 4131 nova

2230 4165 2284 4212 et
2311 4159 2555 4213 absoluta
2577 4168 2632 4214 et
2648 4159 3077 4215 inconversibilia
3105 4162 3401 4233 Iheologiae
3419 4167 3702 4234 mysteria,
3726 4185 3808 4221 sr-

2233 4249 2463 4302 cundum
2493 4249 2922 4320 superlucentem
2953 4251 3358 4307 abscondantur
3379 4256 3592 4311 occulte
3615 4257 3809 4311 doces-

2235 4337 2304 4391 tis
2334 4338 2530 4393 silentii
2566 4339 2872 4410 caliginem,
2907 4341 2959 4395 in
2999 4341 3403 4404 obscurissime,
3438 4347 3584 4414 quod
3611 4356 3694 4403 est
3719 4363 3807 4401 su-

2231 4427 2843 4495 per-manifestissimum,
2893 4431 3446 4500 supersplendenten,
3499 4446 3556 4489 et
3599 4436 3652 4489 in
3701 4452 3804 4505 qua

2231 4533 2390 4572 omne
2423 4518 2655 4586 relucet,
2689 4529 2744 4574 et
2780 4521 3122 4577 invisibilium
3164 4525 3593 4594 superbonorum
3633 4528 3804 4595 splen-

1814 4665 2069 4721 VARIAE
2107 4666 2395 4724 LECTION
2404 4668 2506 4724 ES.

1138 4785 1766 4878 ΔίῃΙξξιλίῙξςξειιιὶμρξἧκε
1797 4794 1968 4876 literis
2001 4796 2482 4878 .m‘iniatisnadditn:
2517 4797 2867 4878 Seitnaliteri
2903 4801 2970 4857 Et
3015 4821 3246 4878 sensum”
3273 4807 3598 4878 rea/algentem
3643 4823 3798 4876 pene-

553 4858 706 4910 truati
736 4865 784 4909 et
827 4855 1100 4910 scientiam
1129 4855 1478 4910 esistentium.
1553 4858 1572 4890 ³
1609 4860 1647 4912 Ε
1680 4862 1847 4918 literis
1887 4865 2124 4917 miniatis
2164 4867 2310 4920 addit

2358 4885 2370 4920 :
2426 4868 2529 4946 Seu
2573 4869 2732 4946 aliter
2759 4887 2778 4926 :
2815 4872 3036 4946 Noctem
3069 4868 3445 4946 perﬁdiam-ani,
3489 4868 3652 4946 quani
3694 4893 3799 4930 non

549 4936 627 4980 tes
673 4925 759 4997 [as
808 4926 1100 4980 nominare.
1174 4927 1194 4957 ⁸
1230 4926 1304 4981 De
1345 4929 1561 4997 mystica
1587 4930 1841 5002 theologia
1863 4949 1971 4987 om.
2003 4934 2179 4996 codd.,
2223 4936 2346 4990 add.
2386 4952 2449 4991 ex
2498 4939 2674 4995 iudice
2716 4925 3035 5010 praemisso.
3069 4925 3502 5000 ri’s’Eéi-I-‘tz'eiu.

2058 5083 2234 5141 NOTA
2245 5085 2304 5140 E.

621 5223 644 5251 ⁸
663 5211 707 5265 Ε
727 5211 950 5280 Explicit
970 5211 1203 5280 Dionysii
1219 5212 1556 5280 :lreopagttae
1569 5216 1796 5280 episcopi
1807 5213 2126 5268 Athenarum

553 5280 622 5333 ad
665 5280 987 5336 Timotheum
1027 5279 1319 5348 episcopum
1354 5279 1692 5348 Ephesiorum
1725 5279 1788 5336 de
1826 5282 2011 5335 divinis
2041 5301 2131 5336 no-

553 5350 798 5420 minibus.
842 5349 1010 5420 Tuam
1061 5361 1280 5420 mentea}
1322 5349 1582 5420 irrigans,
1637 5352 1874 5420 Dionysi,
1919 5353 2126 5420 fluentis

471 5434 478 5440 ‘
553 5418 735 5483 Pauli,
758 5420 954 5472 aeterni
981 5418 1202 5485 fulgoris
1247 5418 1469 5473 Deitatis
1496 5431 1660 5473 totum
1693 5418 1897 5474 radium
1919 5418 2126 5475 tlesitle~

2233 5220 2371 5287 logia
2382 5239 2418 5301 ί.
2437 5232 2734 5301 sequuntur
2781 5225 3036 5301 capitula,
3087 5241 3248 5301 quae
3287 5230 3492 5301 excipit
3537 5231 3805 5301 epigram-

2233 5303 2340 5371 ma.
2378 5291 2419 5344 Ε
2475 5294 2553 5371 sic
2613 5291 2887 5371 orditur}
2942 5291 3365 5366 Haec—capitula
3414 5291 3680 5354 hominem
3737 5304 3807 5371 (ἱ)

2231 5358 2314 5439 de.
2352 5363 2571 5429 mystica
2621 5363 2878 5439 theologia
2931 5382 3144 5439 aerato;
3195 5358 3515 5439 sequuntur
3545 5358 3804 5439 capitula:

2232 5432 2582 5507 epigramma.
2641 5431 2685 5484 ΙΙ
2746 5431 3129 5507 ξιάοογρνοΐετι
3185 5453 3196 5488 :
3251 5431 3517 5506 Incipiuni
3574 5431 3809 5507 capitula

554 5505 675 5540 rans
695 5529 716 5566 ι,
745 5557 754 5566 ο
781 5489 1155 5580 ξιριίρρεὶεμίεηι
1223 5489 1514 5542 nominibus
1587 5488 1680 5542 Dei
1759 5492 2126 5547 nominationis
2228 5488 2461 5580 ejuzdettt
2503 5503 2567 5554 de
2607 5506 2820 5572 mystica
2871 5488 3150 5576 titioloaia,
3195 5488 3512 5575 sequu'ntut"

553 5557 822 5623 acquisiin
849 5557 1190 5624 splendorem.

627 5629 653 5663 δ
684 5627 863 5678 Codex
899 5626 935 5678 Β
968 5626 1043 5678 sic
1071 5628 1278 5681 orditur
1327 5643 1338 5680 :
1376 5628 1562 5697 incipit
1603 5630 1665 5684 tle
1710 5631 1924 5701 mystica
1975 5633 2116 5686 theo-

2227 5586 2577 5641 epigramma.
