4142 6296
373 374 512 432 HIS

1032 372 1283 433 VERSIO
1321 373 1607 433 OPERUM
1648 377 1706 433 S.
1747 374 2070 435 DlONYSll.
2104 403 2176 419 --
2209 374 2513 433 IYSTICA
2548 374 2961 432 THEOLOGIA.

3503 368 3638 431 H75

372 492 599 548 duribus
631 489 1107 564 superimplentem
1140 490 1439 546 invisibiles
1464 491 1792 548 intellectus.
1824 489 1953 544 Mihi
1981 492 2033 550 Α
2060 489 2261 554 tatibus
2283 488 2752 545 sanctissimorum
2780 489 2898 557 ejus
2917 487 3159 544 locorum
3179 487 3635 558 supergrediens:

372 582 763 655 quidem‘haec
786 589 933 650 opto.
976 579 1056 635 Tu
1101 588 1317 645 autem,
1364 596 1399 634 ο
1436 580 1610 636 amice
1650 574 1955 643 Timothee,

373 672 525 727 circa
561 671 821 742 mysticus
859 668 1257 739 speculationes
1295 670 1652 726 corroborato
1690 670 1883 725 itinere
1903 676 1960 723 et

373 775 567 817 sensus
590 761 795 825 desere,
829 768 886 814 et
911 759 1310 816 intellectuales
1335 761 1697 830 operationes,
1736 769 1791 815 et
1829 775 1959 816 sen-

371 849 574 915 sibilia,
604 858 660 906 et
694 849 1011 914 invisibilia,
1035 858 1091 905 et
1114 864 1276 905 omne
1305 865 1410 905 non
1434 865 1552 916 ens,
1582 859 1636 905 et
1657 865 1787 915 ens;
1814 856 1872 904 ct
1890 849 1958 904 ad

372 939 658 1006 unitatem,
704 944 766 994 ut
788 938 1064 1010 possibile,
1099 939 1306 997 inscius
1334 941 1618 1008 restituere
1647 940 1838 1010 ipsius,
1867 940 1959 1010 qui

372 1040 455 1087 est
479 1046 644 1102 super
668 1047 885 1091 omnem
922 1033 1215 1088 essentiam
1253 1040 1310 1088 et
1338 1033 1649 1088 scientiam.
1690 1032 1769 1087 Ea
1814 1031 1959 1087 enim

375 1120 548 1191 teipso
595 1130 653 1177 et
689 1122 943 1178 omnibus
978 1122 1406 1178 immensurabili
1442 1130 1499 1177 et
1542 1121 1789 1177 absoluto
1830 1135 1963 1191 pure

377 1210 577 1265 mentis
615 1226 843 1267 excessu
884 1210 954 1267 ad
991 1211 1501 1281 superessentialem
1548 1210 1854 1266 divinarum
1885 1217 1966 1265 te-

378 1301 670 1357 nebrarum
706 1303 937 1369 radium,
975 1304 1159 1360 omnia
1192 1306 1449 1360 deserens
1484 1312 1542 1359 et
1590 1303 1660 1359 ab
1711 1302 1964 1358 omnibus

378 1389 659 1446 absolutus
678 1392 957 1448 ascendes.
982 1392 1080 1448 His
1100 1402 1305 1461 autem,
1332 1393 1480 1457 vide,
1510 1391 1781 1462 quomodo
1808 1406 1966 1447 nemo

378 1480 719 1540 inducturum
758 1485 1042 1543 auscultet.
1077 1485 1327 1543 Indoctus
1367 1495 1548 1542 autem
1585 1487 1735 1553 dico,
1774 1485 1826 1541 in
1856 1485 1966 1552 his,

379 1589 521 1646 quae
547 1584 689 1641 sunt,
725 1577 1115 1646 conformatos,
1158 1586 1213 1633 et
1251 1577 1386 1634 nihil
1419 1593 1583 1649 super
1620 1578 1639 1610 ¹
1676 1576 1967 1633 existentia

380 1667 911 1736 superessentialiter
942 1683 1063 1725 esse
1096 1668 1474 1741 imaginantes.
1504 1667 1612 1724 Sed
1642 1667 1729 1724 his
1749 1667 1966 1737 quidem

381 1756 459 1821 hi,
504 1771 642 1826 quos
695 1757 881 1815 videre
928 1774 1028 1823 ea,
1084 1774 1224 1829 quae
1275 1759 1568 1814 secundum
1607 1757 1817 1828 seipsos
1858 1764 1967 1823 est,

382 1846 612 1902 scientia
641 1853 855 1918 oportet
904 1827 1155 1905 tenebras
1194 1847 1474 1905 latibulum
1511 1847 1649 1919 ejus.
1688 1846 1748 1902 Si
1786 1854 1964 1901 autem
1999 1827 2042 1889 Β

383 1951 547 2009 super
583 1938 685 1995 hos
730 1946 858 1995 sunt
878 1938 1092 1995 divinae
1130 1939 1186 1995 in
1221 1939 1481 2010 mysteria
1520 1936 1965 2001 introductiones,

386 2028 515 2098 quid
568 2030 691 2100 quis
743 2029 941 2086 dixerit
985 2031 1055 2087 de
1098 2030 1221 2086 aliis
1258 2030 1575 2099 ardentibus
1601 2070 1618 2095 ,
1663 2031 1973 2101 quicunque

386 2119 642 2175 omnibus
680 2120 1076 2192 superpositam
1103 2135 1323 2179 causam
1349 2136 1418 2178 ex
1447 2121 1578 2192 ipsis
1608 2121 1662 2176 in
1688 2106 1805 2187 his,
1830 2134 1973 2190 quae

372 2221 537 2279 'snnt,
567 2213 876 2270 novissimis
903 2214 1359 2277 characterizant,
1392 2223 1447 2269 et
1490 2214 1628 2270 nihil
1655 2228 1775 2268 eam
1806 2228 1972 2282 supe-

391 2318 514 2360 rare
539 2305 692 2359 aiunt
722 2304 790 2360 ab
812 2303 945 2375 ipsis
967 2303 1217 2360 ilotarum
1250 2304 1589 2375 impietatum
1622 2312 1678 2359 et
1709 2302 1975 2369 multifor-

396 2393 560 2447 mium
603 2392 1031 2455 formationum?
1057 2393 1116 2449 ιη
1137 2393 1254 2464 ipsa
1281 2394 1445 2449 etiam
1473 2400 1686 2464 oportet
1728 2406 1922 2448 omnes
1952 2393 1974 2424 ’

395 2483 742 2539 existentium
789 2497 992 2555 ponere
1030 2491 1087 2538 et
1131 2482 1403 2538 allirmare
1447 2483 1769 2554 positiones,
1812 2481 1977 2536 veluti

394 2575 635 2630 omnium
675 2589 860 2641 causa,
891 2583 947 2630 et
961 2589 1149 2631 omnes
1179 2590 1273 2632 eas
1296 2575 1570 2651 potentius
1599 2588 1822 2645 negare,
1854 2581 1977 2629 tau-

396 2681 560 2736 quam
585 2680 749 2738 super
780 2664 963 2721 omnia
1003 2665 1458 2736 superexistente,
1485 2673 1540 2720 et
1569 2680 1673 2723 non
1702 2663 1978 2720 aestimari

395 2755 739 2827 depulsiones
762 2755 1040 2828 oppositas
1074 2771 1195 2813 esse
1225 2756 1643 2821 intentionibus,
1692 2757 1786 2813 sed
1812 2754 1983 2811 multo

397 2850 551 2919 prius
590 2849 761 2919 ipsam
807 2864 971 2920 super
1007 2850 1343 2921 privationes
1369 2863 1514 2916 esse,
1544 2864 1685 2919 quae
1712 2855 1796 2904 est
1834 2848 1856 2879 ³
1893 2862 1984 2903 sn-

400 2952 497 3009 per
520 2952 733 2994 omnem
759 2938 1085 2995 ablationem
1104 2945 1160 2994 et
1181 2938 1523 3009 positionem.
1545 2937 1639 2995 Sic
1659 2938 1826 3009 igitur
1849 2937 1983 2992 divi-

404 3043 504 3083 nus
530 3027 972 3085 Bartbolomaeus
1003 3027 1100 3094 ait,
1122 3035 1182 3084 et
1218 3026 1443 3083 multam
1483 3027 1810 3097 theologiam
1837 3040 1984 3091 esse,

402 3124 460 3171 et
502 3117 806 3183 minimam,
842 3124 897 3172 et
932 3115 1272 3187 evangelium
1318 3115 1512 3182 latum,
1537 3122 1593 3171 et
1616 3130 1892 3187 magnum,
1930 3120 1988 3170 et

2059 588 2117 634 et
2142 578 2286 648 quod
2318 577 2449 649 ipsis
2473 578 2771 633 absolvitur
2796 578 3098 633 vlsibilibus
3138 586 3195 634 et
3233 576 3562 640 videntibus,
3582 586 3642 632 et

2060 672 2115 728 in
2146 670 2430 741 caliginem
2458 669 2797 740 ignorantiae
2817 668 3016 724 occidit
3036 682 3167 724 vero
3207 669 3521 741 mysticam,
3542 681 3641 737 per

2061 774 2224 831 quam
2278 758 2439 814 docet
2477 773 2668 815 omnes
2719 757 2997 829 gnosticas
3044 764 3401 826 receptiones,
3448 756 3503 810 in
3534 768 3642 826 qua

2061 864 2223 906 omne
2260 848 2484 915 relucet,
2513 856 2570 903 et
2599 847 2849 903 invisibili
2874 845 3176 903 innascitur
3202 845 3402 910 omnis,
3429 844 3519 914 qui
3560 852 3645 899 est

2065 939 2119 994 in
2145 939 2386 995 omnium
2415 939 2748 1001 summitate,
2802 946 2858 992 et
2890 952 2921 991 a
2948 935 3119 1002 nullo,
3148 949 3325 1004 neque
3364 948 3396 987 a
3437 934 3642 1002 seipsa,

2058 1043 2238 1098 neque
2289 1028 2482 1093 altero,
2524 1027 2745 1083 omnino
2788 1034 2969 1081 autem
3019 1026 3206 1097 ignoto
3266 1023 3416 1078 omni
3463 1023 3644 1079 scien-

2068 1120 2139 1175 tia
2195 1120 2248 1174 iu
2291 1121 2404 1175 otio
2435 1133 2532 1188 per
2575 1117 2630 1173 id
2669 1116 2819 1187 quod
2842 1115 3034 1171 melius
3081 1123 3167 1172 est
3213 1114 3539 1179 intellectus,
3588 1119 3649 1169 et

2065 1210 2199 1266 nihil
2226 1207 2658 1282 cognoscendum
2700 1220 2863 1276 super
2906 1206 3150 1260 animum
3195 1204 3277 1260 sic
3318 1208 3651 1274 cognosceti-

2091 1303 2200 1359 ium
2221 1304 2260 1363 ξ
2880 1342 2883 1345 .

2068 1310 2200 1361 tium
2221 1310 2260 1363 δ,
2880 1342 2883 1345 .

2609 1366 3010 1428 CAPITULUM
3044 1365 3109 1422 ll.

2071 1487 2346 1556 Quomodo
2390 1497 2589 1557 oportet
2616 1492 2670 1560 et
2693 1482 2834 1560 igniri
2861 1491 2910 1536 et
2948 1475 3389 1560 hymnosfeferre
3414 1472 3652 1531 omnium

2466 1554 2671 1610 causali
2706 1554 2729 1619 ἒ
2766 1562 2816 1607 ει
2846 1565 3010 1622 super
3051 1554 3249 1604 omnia.
3645 1561 3654 1572 ·

2141 1670 2302 1728 Juxta
2326 1671 2468 1727 hanc
2491 1683 2590 1724 nos
2617 1667 2733 1723 fieri
2756 1665 3190 1737 superlucentem
3220 1673 3443 1718 oramus
3466 1655 3654 1729 caligi-

2068 1778 2218 1829 nem,
2249 1771 2303 1819 et
2342 1777 2439 1833 per
2467 1760 2892 1817 invisibilitatem
2920 1764 2976 1813 et
3004 1754 3362 1828 ignorantiam
3382 1749 3579 1806 videre
3598 1758 3657 1804 et

2068 1867 2396 1926 cognoscere
2426 1852 2601 1922 ipsum
2619 1864 2782 1921 super
2802 1848 2971 1905 Deum
2993 1857 3048 1903 et
3073 1845 3375 1903 scientiam.
3403 1839 3519 1896 Hoc
3543 1853 3653 1894 non

2067 1945 2254 2002 videre
2281 1953 2340 2000 et
2377 1944 2540 2009 scire,
2580 1941 2813 2010 idipsnm
2860 1947 2945 1996 est
2981 1951 3113 1993 vere
3140 1935 3333 1990 videro
3360 1939 3417 1988 et
3450 1941 3653 2009 cogno-

2069 2046 2243 2097 scere,
2292 2028 2797 2100 superessentialem
2855 2021 3382 2095 superessentialiter
3429 2017 3657 2073 laudare

2071 2138 2171 2194 per
2196 2122 2434 2178 omnium
2460 2119 2811 2175 existentium
2852 2115 3199 2176 ablationem',
3228 2110 3368 2167 sicut
3392 2122 3492 2179 per
3515 2105 3659 2175 seip-

2073 2231 2193 2273 sum
2245 2211 2494 2269 naturale
2523 2211 2733 2282 agalma
2784 2209 3064 2272 facientes,
3098 2203 3354 2260 auferunt
3403 2214 3488 2267 ea,
3518 2212 3659 2269 quae

2075 2306 2449 2381 superadjecta
2490 2313 2636 2371 sunt,
2672 2318 2806 2374 pura
2829 2300 3030 2359 occulti
3063 2298 3273 2355 visione
3321 2294 3344 2327 ⁸
3390 2290 3658 2381 vetantis,

2075 2376 2333 2471 et-ipsam
2371 2399 2425 2452 in
2463 2395 2638 2466 seipsa
2673 2394 2695 2428 '
2726 2393 2998 2449 ablatione
3050 2387 3162 2447 sola
3192 2384 3459 2443 occultam
3487 2376 3661 2471 mani-

2077 2470 2281 2552 festant
2327 2492 2580 2547 formam.
2611 2487 2839 2558 Oportet
2875 2492 3076 2547 autem,
3121 2487 3180 2535 ut
3210 2477 3469 2539 arbitror,
3507 2470 3660 2528 abla-

2080 2587 2256 2641 tiones
2298 2583 2352 2638 in
2386 2578 2717 2638 contrarium
2765 2572 3124 2646 positionibus
3172 2568 3412 2624 laudare.
3447 2561 3661 2618 Etenim

2080 2677 2204 2733 illas
2246 2674 2463 2744 quidem
2508 2686 2540 2726 a
2584 2664 3071 2739 prae'stautiss‘unis
3104 2660 3442 2721 inchoantes,
3480 2661 3537 2710 et
3565 2668 3666 2722 per

2080 2767 2260 2824 media
2285 2766 2340 2822 in
2366 2763 2657 2820 novissima
2704 2757 3115 2817 descendentes,
3155 2748 3496 2822 opponimus.
3524 2744 3665 2801 Hinc

2082 2873 2211 2913 vero
2250 2873 2281 2912 a
2312 2853 2620 2911 novissimis
2667 2851 2733 2906 ad
2786 2844 3265 2919 principalissimas
3310 2837 3666 2895 'ascensiones

2083 2946 2370 3010 facientes,
2418 2942 2600 2998 omnia
2637 2938 2956 3004 auferimus,
2999 2942 3060 2991 ut
3112 2928 3553 2989 incircumvelate
3575 2940 3669 2981 co-

2086 3050 2409 3109 gnoscamus
2432 3033 2577 3088 illam
2602 3030 2987 3105 ignorantiam,
3011 3027 3079 3082 ab
3097 3024 3348 3082 omnibus
3370 3019 3668 3093 ignoranti-

2086 3126 2188 3182 bus
2214 3124 2268 3179 in
2290 3123 2543 3180 omnibus
2564 3118 2919 3177 existentibus
2950 3112 3395 3173 circumvelatam
3416 3110 3463 3175 ⁸,
3502 3118 3558 3163 et
3578 3118 3670 3162 su-

403 3204 601 3261 iterum
658 3215 987 3276 correptum.
1057 3205 1186 3260 Mihi
1224 3205 1442 3261 videtur
1498 3203 1985 3276 supernaturaliter

2086 3212 2527 3286 peressentialem
2559 3212 2705 3266 illam
2731 3210 3010 3266 videamus
3029 3208 3338 3281 caliginem,
3357 3204 3425 3263 ab
3445 3203 3594 3262 omni
3614 3202 3669 3257 in

404 3295 726 3366 intelligens,
757 3296 889 3367 quia
930 3304 986 3351 et
1018 3295 1336 3366 multiloqua
1380 3302 1465 3351 est
1510 3296 1718 3366 optima
1742 3293 1986 3355 omnium

400 3403 591 3455 causa,
614 3397 670 3443 et
688 3388 1005 3459 breviloqua
1027 3384 1211 3452 simul,
1237 3394 1295 3443 ct
1324 3387 1442 3443 sine
1480 3387 1668 3451 verbo,
1716 3384 1989 3456 quomodo

374 3464 580 3551 (neque
634 3481 898 3545 verbum,
961 3495 1139 3552 neque
1202 3479 1616 3552 intelligentiam
1674 3479 1880 3544 habet,
1924 3492 1992 3534 eo

405 3573 549 3642 quod
597 3569 851 3627 omnibus
896 3571 1010 3641 ipsa
1068 3569 1593 3641 superessentialiter
1648 3570 1996 3640 superposita-

408 3670 508 3728 est,
535 3670 591 3717 et
609 3660 738 3717 solis
760 3660 1203 3721 incircumvelate
1223 3667 1281 3715 et
1300 3675 1429 3715 vere
1451 3658 1757 3722 manifesta,
1788 3659 1991 3729 polluta

408 3750 589 3806 omnia
611 3757 666 3804 et
692 3748 969 3805 immunda
997 3747 1534 3818 transgredientibus,
1557 3755 1612 3802 et
1633 3762 1850 3802 omnem
1871 3761 1992 3802 om-

411 3844 559 3897 nium
581 3851 889 3905 sanctarum
919 3840 1292 3896 summitatum
1328 3839 1706 3895 ascensionem
1740 3845 1994 3908 superas-’-

415 3930 791 3996 cendeutibus,
825 3939 880 3986 et
912 3930 1093 3986 omnia
1136 3929 1317 3983 divina
1359 3928 1562 3983 lmnina
1616 3936 1673 3983 et
1725 3942 1887 3983 sonos
1942 3936 1999 3982 et

417 4022 583 4077 verba
623 4020 878 4077 caelestia
925 4020 1329 4092 superantibus,
1355 4019 1487 4073 etin
1508 4017 1796 4087 caliginem
1849 4015 1996 4070 occi-

418 4113 686 4179 dentibus,
742 4114 833 4170 ubi
882 4129 1007 4171 vere
1026 4122 1134 4179 est,
1173 4121 1233 4168 ut
1284 4109 1496 4181 eloquia
1534 4109 1711 4173 aiunt,
1754 4109 1997 4163 omnium

416 4204 719 4261 summitas.
772 4205 982 4261 Etenim
1052 4220 1161 4260 non
1221 4201 1538 4272 simpliciter
1603 4197 1816 4254 divinus
1887 4197 2001 4267 ipse

417 4302 630 4374 Moyses
657 4302 871 4373 primus
898 4299 1149 4356 mundari
1192 4297 1436 4369 iubetur,
1481 4303 1536 4352 ct
1577 4295 1772 4350 iterum
1801 4292 1869 4347 ab
1889 4291 1999 4356 his,

417 4392 511 4463 qui
541 4392 680 4446 tales
709 4406 815 4445 non
847 4397 994 4453 sunt,
1022 4387 1317 4460 segregari,
1344 4393 1400 4442 et
1418 4390 1541 4456 post
1567 4396 1785 4461 omnem
1806 4394 2003 4451 purga-

419 4483 623 4538 tionem
670 4482 821 4539 audit
867 4479 1187 4555 multivocas
1216 4478 1391 4549 tubas,
1428 4482 1486 4531 et
1528 4472 1677 4529 videt
1714 4471 2000 4526 luminaria

424 4570 593 4626 multa
635 4582 822 4642 aperte
870 4569 1221 4642 l‘ulgurantia,
1251 4576 1307 4623 et
1328 4565 1553 4622 multum
1595 4563 1747 4619 fusos
1798 4563 1999 4618 radios.

422 4663 629 4720 Deinde
674 4661 858 4718 multis
902 4668 1233 4733 segregatur,
1274 4665 1480 4715 etcum
1519 4655 1707 4712 electis
1752 4654 2003 4724 sacerdo-

420 4754 566 4811 tibus
590 4753 644 4809 in
678 4752 1043 4808 summitatem
1083 4750 1386 4806 divinarum
1430 4746 1808 4803 ascensionum
1843 4757 2003 4813 praes

421 4846 637 4901 currit:
669 4852 728 4899 et
768 4843 814 4899 si
856 4843 939 4900 eis
979 4841 1061 4898 sic
1098 4838 1440 4895 manentibus
1485 4835 1545 4891 ﬁt
1585 4835 1718 4897 Deo.
1768 4841 2008 4890 contem-

424 4935 605 5002 platur
645 4950 778 4990 vero
824 4950 929 4991 non
977 4934 1174 5005 ipsum,
1209 4928 1495 4986 invisibilis
1518 4927 1680 4992 enim,
1707 4927 1803 4982 sed
1828 4926 2006 4981 locum

430 5027 519 5081 ubi
549 5027 720 5082 stetit.
742 5027 857 5083 Hoc
881 5036 1062 5083 autem
1089 5024 1324 5082 arbitror
1343 5020 1649 5092 signiﬁcare
1674 5018 2008 5075 divinissima

429 5122 487 5169 et
513 5116 896 5174 sublimissima
927 5117 1218 5174 visibilium
1243 5123 1299 5170 et
1326 5110 1762 5180 intelligibilium,
1789 5108 2019 5181 ypothe-

432 5205 573 5263 ticos
608 5211 868 5277 quosdam
917 5225 1038 5266 esse
1084 5220 1384 5271 sermones,
1429 5201 1789 5271 subiectorum
1834 5200 2012 5256 omnia

435 5299 714 5368 superanti
742 5337 757 5364 ,
805 5315 902 5370 per
947 5314 1088 5370 quae
1128 5311 1292 5368 super
1335 5307 1553 5348 omnem
1607 5289 2014 5361 intelligentiam

436 5389 607 5459 ipsius
628 5392 937 5459 praesentia
975 5386 1301 5452 ostenditur,
1339 5378 1760 5453 intelligibilibus
1788 5377 2015 5434 summi-

2086 3306 2444 3365 existentibus
2464 3305 2585 3360 luce
2612 3303 2962 3360 occultatam.

2612 3412 3015 3473 CAPITULUM
3054 3411 3143 3470 Ill.
3210 3466 3214 3475 ,

2093 3535 2242 3604 Quae
2280 3541 2401 3591 sunt
2434 3529 2776 3605 καταφατααὶ
2829 3526 3142 3598 theologica,
3166 3536 3302 3594 quas
3343 3518 3672 3590 ἀποφατικαὲ.

2162 3650 2221 3705 In
2267 3645 2587 3718 theologicis
2627 3643 2797 3715 igitur
2845 3637 3254 3698 characteribus
3297 3630 3673 3706 potentissima

2095 3742 2453 3800 aﬂirmativae
2475 3735 2778 3807 theologiae
2811 3732 3168 3797 laudavimus,
3197 3725 3469 3800 quomodo
3492 3722 3677 3779 divina

2096 3842 2153 3889 et
2180 3832 2385 3902 optima
2425 3837 2615 3884 natura
2637 3827 2796 3881 unica
2819 3824 3020 3879 dicitur
3051 3825 3098 3887 ’,
3125 3819 3399 3890 quomodo
3428 3814 3679 3878 triadica,

2097 3938 2238 3993 quae
2280 3920 2574 3978 secundum
2610 3919 2780 3985 ipsam
2808 3915 2951 3970 dicta
2974 3921 3030 3967 et
3072 3911 3394 3981 paternitas,
3421 3916 3477 3964 et
3501 3906 3680 3961 tilioii-

2106 4020 2221 4076 tas,
2271 4009 2402 4080 quid
2429 4007 2547 4061 vult
2587 4005 2868 4060 declarare
2892 4003 2948 4056 in
2980 4000 3171 4069 spiritu
3222 3997 3515 4066 theologia,
3545 4010 3680 4065 quo-

2101 4103 2265 4160 modo
2302 4116 2369 4156 ex
2397 4095 2742 4154 immateriali
2762 4101 2817 4149 et
2852 4091 3166 4162 impartibili
3197 4090 3400 4160 optimo
3429 4088 3485 4142 in
3514 4087 3683 4142 corde

2101 4190 2361 4250 bonitatis
2382 4187 2680 4261 germinata
2713 4192 2840 4240 sunt
2863 4180 3065 4237 lumina
3086 4220 3100 4243 ,
3131 4189 3186 4235 et
3217 4177 3486 4250 quomodo
3512 4177 3682 4246 ipsius

2105 4286 2159 4341 in
2187 4284 2303 4354 ipso
2349 4289 2403 4338 et
2436 4280 2489 4334 in
2520 4276 2715 4346 seipsis
2751 4281 2806 4329 et
2832 4274 2976 4328 inter
2999 4286 3059 4328 se
3099 4270 3329 4325 invicem
3359 4275 3685 4322 coaeternae

2107 4373 2162 4431 in
2209 4366 2601 4444 germinatione
2648 4362 2947 4439 mansionis
3005 4365 3365 4417 servaverunt
3428 4355 3689 4444 reditum,

2108 4443 2379 4534 quomodo
2404 4451 2877 4527 superessentialis
2894 4448 3065 4506 Iesus-
3078 4443 3693 4534 humanisataturalibus

2109 4531 2430 4608 veritatibus
2477 4543 2713 4602 essentia
2741 4543 2920 4597 factus
2951 4546 3057 4603 est,
3099 4544 3154 4594 et
3186 4548 3545 4614 quaecunque
3581 4531 3688 4586 alia

2108 4644 2178 4699 ab
2225 4639 2454 4710 eloquiis
2497 4649 2756 4706 expressa
2823 4639 2951 4687 sunt
3008 4630 3307 4685 secundum
3358 4624 3690 4696 theologicos

2088 4736 2475 4791 "characteres.
2516 4726 2573 4782 lu
2611 4739 2678 4780 eo
2716 4731 2895 4778 autem
2920 4719 3119 4791 quiest
3144 4717 3212 4773 de
3238 4716 3437 4772 divinis
3461 4713 3692 4770 nomini-

2112 4826 2236 4889 bus,
2291 4818 2564 4892 quomodo
2612 4813 2851 4884 optimus
2895 4810 3228 4873 nominatur,
3275 4805 3547 4878 quomodo
3600 4804 3690 4868 ὧν.

2112 4915 2385 4990 quomodo
2407 4913 2536 4975 vita,
2559 4919 2616 4966 et
2640 4906 2931 4979 sapientia,
2956 4912 3014 4959 et
3037 4903 3229 4966 virtus,
3255 4908 3313 4956 et
3337 4911 3693 4990 quaecunque

2115 4988 2218 5067 alia
2242 5004 2591 5077 intelligibilis
2618 5008 2744 5057 sunt
2772 4998 2988 5055 divinae
3013 4991 3418 5050 nominationis.
3465 4988 3522 5044 In
3548 5002 3693 5060 sym-

2114 5103 2288 5159 bolica
2310 5112 2438 5154 vero
2478 5093 2769 5164 theologia,
2796 5102 2935 5159 quae
2957 5087 3067 5142 sint
3106 5100 3136 5139 a
3163 5083 3507 5139 scnsibilibus
3526 5082 3582 5135 in
3612 5080 3694 5135 di-

2115 5195 2241 5249 vina
2265 5186 2835 5247 transnominationes,
2852 5193 2993 5249 quae
3008 5176 3223 5233 divinae
3239 5175 3282 5206 ³⁸
3299 5174 3526 5235 formae,
3550 5187 3693 5239 quae

2117 5282 2334 5338 divinae
2355 5278 2580 5350 ﬁgurae,
2611 5282 2667 5329 et
2690 5278 2894 5342 partes,
2920 5276 2977 5323 et
3017 5278 3246 5335 organa,
3279 5261 3371 5331 qui
3395 5258 3562 5313 divini
3584 5258 3690 5312 loci

2117 5384 2173 5430 et
2193 5370 2398 5438 mundi,
2422 5366 2514 5441 qui
2537 5365 2764 5429 Furores,
2786 5376 2926 5432 quae
2941 5356 3191 5416 tristitiae
3215 5362 3272 5410 et
3301 5350 3535 5415 manias,
3557 5361 3707 5419 quae.

1661 5548 1664 5551 λ
1720 5530 1974 5588 vasus
2010 5526 2416 5609 LECTIONES.

515 5692 526 5721 '
558 5691 645 5745 BE
673 5708 859 5761 supraV
906 5692 925 5721 ’
954 5690 1018 5744 A‘

444 5759 745 5816 risioucmf
782 5763 799 5793 τ
835 5760 923 5816 Bll
958 5760 1009 5813 in
1032 5759 1274 5826 seipsaut.

1056 5687 1193 5741 enim
1222 5694 1421 5755 oportet
1434 5684 1718 5755 Ῠοιηηὶιυπ.Δ
1776 5680 1803 5714 ³
1826 5680 1912 5735 BH
1933 5698 2061 5755 esse.
2089 5752 2099 5755 _
2140 5680 2169 5711 ι
2187 5677 2327 5755 Esic
2348 5663 2783 5755 cognoscendum:
2802 5672 2887 5755 Μξ
2910 5669 2995 5724 BE
3014 5681 3239 5755 cutiscf:
3255 5660 3622 5755 "lily-turam
3640 5677 3709 5719 0.

1352 5732 1910 5809 Illi-circumdatam.—
1937 5732 2167 5804 "unica
2190 5748 2384 5802 dicitur
2406 5732 2513 5802 ὅιιι.
2544 5743 2655 5799 Bll.
2734 5742 2778 5775 ¹⁰
2800 5740 2891 5798 Bll
2918 5753 3056 5811 quae
3087 5736 3270 5807 ﬁnitae
3301 5732 3527 5789 formae.
