4142 6296
0 3126 9 3163 ι

0 3240 45 4173 ἱ

464 310 604 369 1178
1817 309 2055 367 JOANNI

2160 311 2333 369 iCOTl
3588 311 3614 367 Ι
3626 313 3724 369 176

461 423 831 480 ebrietateset
854 418 1125 490 crapulae,
1148 434 1288 491 quae
1307 419 1635 490 iuramenta,
1663 436 1801 491 quae
1822 435 2044 476 execra-
2071 429 2116 485 Λ
2147 421 2605 492 perturbationem
2660 437 2691 476 a
2754 422 3093 491 passionibus
3141 419 3515 481 materialibus
3579 439 3723 479 com-

463 520 666 577 uones,
684 511 778 581 qui
806 514 1006 574 somni,
1035 524 1177 580 quae
1198 510 1429 582 vigiliae,
1457 520 1512 566 ει
1534 525 1887 581 quaecunque
1908 510 2045 565 aliae

468 596 801 673 symbolicae
822 601 951 654 sun’t
975 599 1188 655 divinae
1208 600 1579 655 similitudinis
1600 614 1753 655 sacre
1783 600 2046 669 ﬁguratae

466 688 842 744 formationes.
875 687 945 742 Et
989 695 1043 742 te
1071 688 1312 742 arbitror
1354 688 1749 752 considerasse,
1779 689 2047 758 quomodo

467 776 647 830 verbis
693 775 995 845 copiosiora
1055 777 1228 845 magis
1301 784 1427 831 sunt
1492 777 1783 832 novissima
1833 777 2043 846 primis.

466 864 679 920 Etenim
705 864 907 920 habere
927 864 1256 935 theologicos
1280 865 1643 929 characteres,
1666 873 1722 919 et
1743 866 2046 921 divinorum

470 953 751 1008 nominum
780 954 1170 1009 reserationem
1204 956 1506 1010 breviorem
1536 956 1718 1011 verbis
1747 971 1867 1011 esse
1903 970 2048 1027 sym-

469 1041 648 1096 bolica
688 1040 975 1112 theologia.
1009 1034 1272 1109 Quoniam
1295 1043 1510 1112 quidem
1543 1052 1803 1113 quantum
1850 1044 1917 1097 ad
1958 1056 2051 1098 su-

471 1136 690 1205 periora
715 1136 1056 1205 respicimus,
1080 1143 1291 1189 tantum
1312 1136 1475 1191 verba
1506 1134 2051 1204 contemplationibus

473 1222 823 1301 invisibilium
850 1232 1166 1278 coartantur
1216 1241 1230 1276 :
1264 1225 1405 1280 sicut
1433 1234 1487 1279 et
1511 1240 1656 1279 nunc
1683 1225 1735 1278 in
1759 1225 1930 1294 ipsam
1961 1238 2049 1278 su-

474 1324 574 1379 per
625 1310 954 1365 intellectum
1000 1311 1312 1367 occidentes
1356 1313 1662 1383 caliginem,
1690 1329 1797 1368 non
1833 1314 2051 1367 brevem

462 1416 784 1473 sermonem
813 1403 855 1464 ί.
905 1402 1003 1457 sed
1040 1405 1307 1458 sermonis
1330 1403 1599 1459 defectum
1629 1411 1685 1459 et
1728 1404 2055 1458 nominatio-

478 1488 566 1543 nis
593 1488 950 1544 inveniemus.
980 1490 1047 1543 Et
1073 1490 1146 1544 ibi
1182 1491 1398 1560 quidem
1428 1490 1712 1546 desursum
1735 1491 1801 1545 ad
1829 1492 2058 1547 novissi-

483 1592 575 1631 ma
596 1577 931 1633 descendens
958 1593 1159 1645 sermo,
1187 1579 1339 1648 juxta
1361 1582 1714 1650 quantitatem
1744 1579 1880 1650 ejus,
1916 1596 2058 1650 quae

484 1675 566 1721 est
583 1666 962 1722 universaliter
983 1668 1053 1722 ad
1075 1669 1531 1739 proportionalem
1549 1669 1967 1735 multitudinem,
1983 1671 2059 1724 in-

2147 520 2313 583 mota,
2346 527 2521 580 neque
2563 511 2834 579 impotens
2872 521 2957 567 est
2990 511 3339 567 sensibith
3364 516 3726 570 succumbens

2145 600 2396 665 casibus,
2442 613 2615 667 neque
2682 597 2925 668 indigens
2974 607 3059 652 est
3112 599 3280 663 lucis,
3326 613 3505 669 neque
3555 610 3728 655 muta-

2147 688 2369 749 tionem,
2401 694 2491 739 aut
2516 687 2949 757 corruptionem,
2978 697 3072 741 aut
3097 688 3466 759 partitionem,
3500 697 3597 742 aut
3619 691 3724 757 pri-

2146 777 2437 839 vationem,
2470 784 2563 829 aut
2589 773 2815 839 ﬂuxum,
2847 790 3021 847 neque
3047 776 3193 832 aliud
3216 776 3348 845 quid
3386 777 3726 834 sensibilium

2146 874 2250 931 est,
2281 880 2451 934 neque
2481 865 2647 921 habet
2750 916 2759 924 .

2672 996 3071 1054 CAPITULUM
3108 998 3175 1053 γ.

2150 1106 2289 1173 Quia
2321 1106 2451 1161 nihil
2478 1107 2878 1182 intelligiliilinm
2906 1110 3071 1162 omnis
3092 1108 3432 1182 intelligibilis
3452 1128 3548 1182 per
3564 1113 3733 1168 excel-

2693 1177 2907 1231 lentiam
2935 1179 3184 1232 causalis.

2221 1308 2419 1365 lterum
2473 1319 2651 1364 autem
2711 1310 3062 1366 ascendentes
3101 1310 3369 1378 dicamus,
3422 1313 3494 1370 ἂν
3556 1330 3736 1386 neque

2153 1401 2330 1452 anima
2356 1409 2461 1461 est,
2486 1414 2659 1467 neque
2687 1398 3011 1465 intellectus,
3043 1415 3219 1470 neque
3243 1400 3617 1471 phantasiam,
3637 1413 3734 1459 aut

2153 1490 2485 1559 opinionem,
2514 1501 2608 1543 aut
2636 1491 2879 1553 verbum,
2921 1498 3014 1545 aut
3057 1491 3469 1562 intelligentiam
3502 1493 3525 1524 ⁸
3549 1494 3736 1560 habet,

2153 1593 2330 1648 neque
2354 1578 2490 1633 ratio
2511 1585 2615 1643 est,
2645 1593 2818 1647 neque
2840 1578 3190 1649 intelligentia
3217 1578 3270 1645 ⁸,
3318 1594 3496 1650 neque
3515 1581 3734 1646 dicitur,

2159 1682 2334 1736 neque
2373 1666 2710 1737 intelligitur,
2743 1681 2919 1737 neque
2957 1681 3214 1722 numerus
3238 1676 3343 1735 est,
3378 1683 3555 1739 neque
3582 1669 3738 1734 ordo,

485 1765 680 1813 ventus
701 1766 804 1812 est.
821 1756 975 1813 Nune
995 1768 1177 1814 autem
1203 1760 1272 1815 ab
1291 1761 1398 1827 his,
1419 1776 1558 1830 quae
1579 1762 1600 1792 ¹
1622 1761 1876 1819 deorsum
1904 1769 2055 1825 sunt,
2087 1770 2132 1830 Β
2160 1772 2333 1829 neque
2359 1756 2690 1825 magnitudo,
2722 1772 2897 1827 neque
2935 1757 3191 1827 parvitas,
3214 1773 3394 1828 neque
3417 1759 3739 1829 aequalitas,

487 1848 556 1915 ad
599 1851 995 1920 supenpositum
1025 1851 1344 1920 ascendens,
1400 1854 1695 1910 secundum
1743 1868 2057 1911 mensuram

490 1939 620 1995 invii
652 1941 961 2010 corripitur,
989 1952 1046 1997 et
1064 1951 1188 2013 post
1207 1959 1368 2000 omne
1390 1945 1593 2001 invium
1619 1954 1762 2001 totus
1787 1946 1903 2001 sine
1929 1959 2062 2001 voce

490 2027 618 2091 erit,
650 2037 706 2082 et
727 2038 870 2085 totus
905 2031 1233 2086 adunabitur
1251 2046 1386 2087 sono
1411 2035 1642 2089 carenti.
1666 2034 1848 2101 Quare
1873 2044 2057 2090 autem

490 2118 731 2184 omnino,
758 2118 955 2188 inquis,
982 2135 1051 2176 ex
1073 2123 1536 2191 praestantissimo
1563 2133 1828 2194 ponentes
1850 2126 2064 2183 divinas

495 2207 814 2276 positiones,
840 2224 871 2264 a
892 2212 1204 2269 novissimis
1242 2214 1558 2271 inchoamus
1581 2216 1818 2273 divinam
1840 2217 2064 2275 ablatio-

499 2295 664 2353 nem?
688 2295 824 2364 Quia
846 2299 976 2367 quid
1003 2314 1168 2370 super
1194 2317 1410 2360 omnem
1442 2316 1701 2374 ponentes
1721 2309 2062 2378 positionem,

494 2400 565 2441 ex
611 2386 784 2456 magis
837 2388 937 2457 ipsi
977 2392 1273 2461 cognatiori
1306 2396 1721 2451 conditionalem
1756 2398 2063 2456 afﬁrmatio-

495 2490 619 2531 nem
645 2478 883 2546 oportuit
924 2494 1172 2550 ponere:
1213 2486 1356 2553 quod
1410 2496 1591 2542 autem
1642 2502 1807 2558 super
1854 2504 2068 2545 omnem

496 2565 825 2622 ablationem
868 2568 1197 2640 auferentes,
1244 2590 1312 2637 ex
1354 2578 1527 2649 magis
1581 2579 1698 2648 ipso
1747 2580 2071 2639 distantibus

500 2653 741 2709 auferre.
778 2655 862 2711 An
886 2673 992 2714 non
1024 2662 1194 2732 magis
1213 2672 1299 2720 est
1323 2666 1432 2721 vita
1455 2674 1514 2721 et
1539 2667 1771 2739 bonitas,
1792 2684 1954 2739 quam
1978 2686 2073 2727 aer

498 2752 556 2799 et
605 2744 773 2817 lapis?
808 2747 877 2802 Et
928 2753 1097 2823 magis
1128 2769 1234 2809 non
1285 2758 1557 2827 crapulae,
1609 2767 1665 2814 ει
1692 2774 1799 2816 non
1837 2761 2066 2826 manias,

499 2847 661 2903 quam
698 2846 810 2892 non
833 2838 1033 2897 dicitur
1056 2859 1231 2914 neque
1258 2847 1613 2919 intelligitur?

1029 2948 1427 3012 CAPITULUM
1463 2956 1551 3011 IV.

503 3030 643 3098 Quia
673 3034 807 3091 nihil
850 3039 1173 3124 sensibilium
1204 3047 1372 3100 omnis
1400 3047 1659 3124 sensibilis
1691 3065 1784 3118 per
1822 3050 2073 3106 excelleno

1086 3118 1213 3166 tiam
1244 3118 1493 3173 causalis.

577 3189 829 3248 Dicamus
855 3193 1018 3266 igitur
1039 3198 1117 3253 sic
1143 3218 1156 3256 :
1186 3199 1437 3258 Omnium
1461 3220 1649 3272 causa,
1681 3217 1737 3262 et
1761 3222 1926 3278 super
1953 3223 2075 3265 om-

505 3279 593 3334 nia
620 3296 752 3349 ens,
801 3301 977 3356 neque
1016 3305 1209 3347 carens
1239 3297 1472 3352 essentia
1521 3308 1631 3363 est,
1668 3314 1843 3369 neque
1885 3315 2077 3355 carens

505 3371 637 3433 vita.
691 3389 865 3444 neque
920 3379 1305 3440 irrationabilis
1345 3394 1451 3452 est,
1510 3404 1681 3457 neque
1733 3390 2075 3456 insensualis,

504 3471 679 3526 neque
729 3479 924 3534 corpus
983 3479 1083 3532 est,
1143 3487 1318 3539 neque
1362 3474 1563 3543 ﬁgura,
1625 3492 1796 3548 neque
1851 3479 2076 3548 species,

508 3563 682 3617 neque
729 3555 1065 3622 qualitatem,
1106 3570 1200 3615 aut
1226 3565 1609 3632 quantitatem,
1664 3577 1758 3621 aut
1812 3579 2075 3624 tumorem

508 3639 542 3692 h
582 3639 704 3704 bet,
752 3657 926 3710 neque
967 3645 1019 3699 in
1069 3648 1186 3704 loco
1212 3662 1331 3719 est,
1389 3669 1563 3723 neque
1616 3656 1856 3722 videtur,
1903 3672 2077 3727 neque

511 3737 714 3783 tactum
772 3733 1078 3789 sensibilem
1121 3739 1314 3806 habet,
1362 3757 1537 3811 neque
1591 3745 1850 3809 sentitur,
1901 3750 2075 3816 neque

2159 1864 2333 1918 neque
2360 1846 2654 1903 similitudo
2677 1856 2770 1902 aut
2790 1846 3193 1914 dissimilitudo,
3219 1865 3397 1919 neque
3416 1859 3542 1913 stat.
3565 1866 3741 1920 neque

2160 1947 2430 2002 movetur,
2462 1951 2636 2006 neque
2658 1936 2932 1991 silentium
2957 1936 3126 2003 ducit,
3164 1953 3341 2009 neque
3381 1940 3544 1995 habet
3569 1941 3743 1995 virtu-

2161 2037 2292 2094 tem,
2338 2041 2512 2098 neque
2555 2026 2729 2082 virtus
2771 2033 2877 2091 est,
2918 2040 3095 2096 neque
3139 2026 3249 2091 lux,
3282 2042 3454 2098 neque
3494 2030 3595 2081 vita
3624 2036 3735 2093 est,

2164 2133 2337 2190 neque
2383 2118 2557 2173 hostia
2600 2126 2701 2182 εει,
2752 2130 2926 2187 neque
2972 2118 3234 2186 seculum,
3282 2134 3450 2189 neque
3496 2128 3729 2190 tempus,

2163 2224 2340 2281 neque
2370 2217 2544 2264 tactus
2572 2218 2657 2264 est
2698 2208 2814 2277 eius
2856 2209 3228 2279 intelligibilis,
3267 2225 3437 2279 neque
3485 2210 3738 2273 scientia,

2164 2314 2338 2372 neque
2364 2301 2563 2356 veritas
2604 2310 2711 2365 est,
2751 2313 2928 2369 neque
2966 2317 3214 2372 regnum,
3253 2314 3427 2372 neque
3455 2300 3741 2371 sapientia,

2166 2407 2340 2462 neque
2376 2407 2575 2458 unum,
2629 2409 2804 2463 neque
2853 2394 3068 2459 unitas,
3115 2410 3290 2464 neque
3334 2395 3506 2450 deitas
3545 2394 3600 2460 ⁵,
3652 2401 3749 2447 aut

2166 2483 2401 2549 bonitas,
2432 2498 2608 2554 neque
2636 2485 2857 2553 spiritus
2881 2491 2985 2548 est,
3013 2484 3153 2538 sicut
3174 2498 3273 2540 nos
3311 2484 3534 2547 scimus,
3572 2497 3744 2551 neque

2168 2571 2425 2638 ﬁliolitas,
2469 2587 2644 2641 neque
2686 2574 3004 2643 paternitas,
3052 2589 3227 2644 neque
3258 2573 3402 2629 aliud
3434 2573 3563 2643 quid
3595 2573 3743 2626 nobis

2169 2670 2263 2717 aut
2291 2663 2451 2717 alicui
2498 2664 2845 2718 existentium
2887 2665 3185 2733 Cognitum,
3231 2679 3407 2733 neque
3454 2661 3583 2732 quid
3633 2676 3736 2715 non

2171 2751 2555 2813 existentium,
2611 2764 2786 2819 neque
2835 2751 2963 2819 quid
3013 2750 3363 2805 existentium
3409 2757 3530 2814 est,
3574 2763 3747 2818 neque

2171 2840 2457 2896 existentia
2491 2853 2611 2893 eam
2641 2849 2996 2909 cognoscunt,
3031 2855 3097 2894 an
3130 2840 3242 2909 ipsa
3269 2838 3372 2902 sit,
3423 2851 3598 2908 neque
3631 2837 3744 2905 ipsa

2171 2932 2449 3002 cognoscit
2489 2932 2804 2996 existentia,
2850 2947 2917 2985 an
2969 2930 3254 2986 existentia
3295 2937 3422 2983 sunt
3457 2927 3479 2958 ⁸
3505 2967 3519 2991 ,
3576 2941 3748 2995 neque

2174 3026 2396 3079 verbum
2440 3023 2696 3091 cjus'est,
2726 3037 2900 3091 neque
2948 3037 3165 3085 nomen,
3216 3033 3394 3091 neque
3440 3017 3667 3073 scientia
3701 3017 3747 3079 ⁷,

2099 3112 2145 3174 C
2175 3130 2350 3184 neque
2385 3115 2639 3168 tenebrae
2696 3121 2808 3176 est,
2859 3128 3033 3181 neque
3080 3113 3285 3176 lumen,
3346 3124 3523 3179 neque
3574 3123 3747 3173 error,

2177 3217 2351 3271 neque
2397 3203 2622 3267 veritas,
2664 3216 2836 3273 neque
2875 3210 2960 3257 est
2984 3202 3100 3272 ejus
3125 3200 3504 3255 universaliter
3530 3198 3746 3267 positio,

2177 3305 2351 3360 neque
2374 3290 2595 3354 ablatio,
2624 3290 2718 3345 sed
2746 3305 2953 3354 eorum,
2982 3304 3119 3360 quae
3142 3298 3265 3359 post
3292 3303 3411 3342 eam
3442 3295 3588 3349 sunt,
3608 3282 3753 3353 posi¥

2178 3383 2352 3437 tiones
2382 3392 2439 3438 et
2466 3382 2762 3437 ablationes
2805 3382 3081 3445 facientes,
3111 3381 3283 3449 ipsam
3332 3393 3507 3446 neque
3554 3375 3750 3431 auferi-

2176 3490 2320 3540 mus,
2371 3488 2547 3544 neqne
2592 3475 2865 3544 ponimus,
2922 3473 3172 3542 quoniam
3223 3479 3278 3526 et
3328 3485 3492 3540 super
3538 3481 3748 3524 omnem

2178 3565 2497 3634 positionem
2522 3570 2606 3619 est
2648 3563 2887 3632 perfecta
2910 3570 2965 3617 et
2987 3561 3273 3632 singularis
3301 3560 3542 3615 omnium
3566 3572 3744 3622 causa,

2176 3672 2339 3726 super
2357 3670 2570 3710 omnem
2596 3653 2919 3709 ablationem
2948 3653 3265 3708 excellentia
3300 3652 3322 3685 ⁸
3356 3650 3596 3707 omnium
3621 3648 3746 3702 sim—

2173 3747 2386 3818 pliciter
2412 3745 2740 3816 perfectione
2761 3745 2803 3807 ’,
2836 3754 2893 3799 et
2920 3746 3203 3799 summitas
3226 3743 3492 3799 omnium.
3522 3736 3751 3809 Explicit

509 3817 784 3875 sensibilis
822 3831 933 3887 est,
971 3841 1144 3897 neque
1193 3830 1642 3889 iuordinalionem
1670 3835 1856 3901 habet,
1898 3851 2071 3905 neque
2173 3817 2302 3892 liber
2332 3836 2396 3890 de
2424 3836 2645 3906 mystica
2680 3822 2937 3905 theoloyia
2965 3847 3014 3889 ι.

955 4023 1467 4145 SANCTI
1548 4035 2189 4150 DIONYSII
2274 4026 3252 4147 AREOPAGITAE

803 4304 2055 4451 EP’ISTOLAE

509 4572 553 4651 ξ.
576 4591 695 4651 Gaio
710 4590 965 4641 monacho.

509 4646 577 4702 ΙΙ.
612 4646 800 4703 Eidem.

509 4705 598 4762 ΠΙ.
637 4712 825 4762 Eidem.

510 4771 595 4821 ιν.
636 4773 685 4820 Εἰ
705 4775 819 4826 lem.

510 4832 570 4879 V.
605 4832 853 4882 Dorotlieo
889 4829 1120 4877 ministro.

511 4889 593 4941 Vl.
617 4892 867 4942 Sminatro
895 4891 1156 4940 sacerdoti.

510 4950 617 5002 VII.
653 4950 914 5017 l’olycarpo
931 4964 1116 5001 smnmo
1137 4950 1395 5001 sacerdoti.

2297 4306 2971 4450 DIVER
3003 4301 3471 4443 ΒΑΕ.

2101 4603 2155 4663 D
2181 4589 2312 4663 Vill.
2343 4560 2639 4663 pemophilo
2677 4585 2913 4636 monarho
2952 4585 3016 4637 de
3058 4586 3249 4648 propria
3286 4584 3656 4639 mansuetudine
3694 4546 3746 4630 et

2184 4653 2637 4762 lXiniitailﬁiumnm
2676 4708 2915 4774 sacerdoti
2954 4707 3278 4774 interroganti
3324 4716 3429 4774 per.
3447 4700 3737 4774 epistolam,

2242 4785 2368 4882 quae
2392 4773 2661 4878 sani-otiae
2682 4771 2869 4825 domus,
2887 4770 2997 4830 quis
3016 4775 3198 4829 crater,
3224 4775 3278 4818 et
3303 4770 3388 4837 qui
3416 4769 3506 4817 cibi
3539 4769 3666 4824 ejus,
3688 4771 3745 4828 et

2239 4847 2303 4895 (tu
2353 4846 2413 4893 Ρθ
2437 4844 2514 4895 “‘2
2602 4890 2613 4895 _
2903 4888 2917 4895 -
3255 4888 3284 4895 .-
3305 4845 3315 4849 “
3461 4888 3474 4895 -
3637 4882 3654 4895 .
3700 4894 3705 4895 ,

2177 4892 2235 4943 Χ.
2259 4882 2443 4943 'Joa'nni
2487 4890 2713 4951 theologo
2736 4888 2954 4950 apostolo
2975 4895 3027 4939 ει
3060 4888 3399 4951 evangelistae
3430 4882 3771 4937 circumdo».

2235 4956 2283 5003 in
2303 4953 2528 5003 Pathmos
2550 4953 2593 4985 ιο
2618 4953 2836 5001 insulam.

1778 5078 2024 5136 VARIAE
2059 5077 2459 5135 LECTIONES.

581 5191 599 5224 '
624 5208 912 5273 ωηκοῖιςηι
928 5206 1040 5246 οηι·
1067 5189 1213 5273 Βιέο..
1254 5191 1275 5222 ⁹
1292 5190 1502 5273 litua";
1579 5191 1711 5273 2.9."
1734 5190 2011 5262 ρλαηεαεεα
2031 5220 2102 5230 -
2117 5190 2292 5273 ορεηίρ
2309 5188 2797 5273 -ἱηιεξιίσηηςίαὴ
2823 5171 3127 5273 ~"Mli":-
3146 5180 3754 5273 i""?l"95"?‘_‘{9'3‘:3‘_r'

512 5261 534 5294 ³
572 5279 731 5332 neque
773 5262 939 5315 deilas
976 5276 1087 5332 om.
1127 5259 1234 5314 BH.
1312 5262 1332 5292 ⁸
1359 5256 1451 5315 Sic
1474 5260 1519 5314 A
1544 5277 1561 5325 ;
1587 5260 1684 5332 BH,
1699 5256 1817 5316 eam
1844 5256 2175 5332 cognoscunt
2202 5269 2292 5313 aut
2321 5256 2593 5319 existentia
2612 5266 2714 5332 est.
2740 5258 3161 5332 negugverbum
3190 5256 3524 5332 conﬂigam
3553 5268 3755 5332 cogno-

510 5322 667 5400 scunt
691 5340 779 5400 aut
802 5330 1076 5384 eminentia
1104 5338 1357 5393 sanl,est,
1384 5322 1556 5400 neque
1576 5331 1799 5385 verbum
1831 5322 1938 5383 cet:
2009 5327 2030 5353 '
2054 5345 2213 5398 neque
2233 5332 2446 5384 scicntia
2475 5344 2581 5383 om.
2612 5324 2717 5380 Bll.
2800 5322 2933 5381 "BH
2962 5326 3238 5380 excellens.
3310 5325 3330 5355 ’
3364 5325 3448 5378 ΒΗ
3483 5322 3757 5391 perfectio.

2040 5448 2403 5525 NOTAE."

518 5400 564 5430 ”
603 5399 643 5454 Ε
681 5398 960 5453 Pal/tmen.

583 5590 610 5618 ι
652 5574 899 5645 ΕπρΙὶσίιη
927 5576 1160 5646 Dionysii
1216 5576 1557 5646 Areopagitae
1587 5576 1811 5645 episcopi
1849 5576 2073 5632 Athena-

516 5657 630 5698 rum
661 5647 723 5697 de
761 5645 973 5714 mystica
1008 5645 1283 5715 theologia.
1321 5645 1383 5697 In
1427 5645 1694 5715 caliginem
1733 5646 2079 5702 clarissimam

2184 5576 2466 5651 ingressus.
2505 5576 2556 5651 in
2586 5590 2686 5651 qua
2718 5572 2927 5651 fovetur
2953 5573 3261 5651 principium
3292 5569 3511 5640 duplicis
3549 5569 3769 5637 sapien-

2187 5642 2290 5699 tiae
2317 5655 2479 5698 metra
2510 5642 2793 5713 theologiae
2819 5642 3143 5713 manifestas.
