4142 6296
369 319 506 372 ΗΠ

1234 319 1478 378 VERSIO
1513 322 1792 380 OPERUM
1829 323 1888 378 S.
1927 325 2244 382 DlONYSll.
2279 359 2345 368 —
2373 329 2772 390 EPISTOLAE.

3473 347 3609 409 “7.3

1726 491 2272 574 INCIPIUNT

969 683 1492 783 EPISTOLAE
1565 687 2042 784 DIVEBSAE
2117 690 2454 792 SANGTI
2526 697 2951 804 DIONYSII
2987 689 3013 741 ¹

365 1002 601 1073 Epistola
647 1002 812 1055 sancti
859 999 1095 1068 Dionysii
1125 999 1475 1080 'Areopagitac
1510 995 1645 1067 Cajo
1683 999 1935 1051 monacho

1064 1083 1242 1122 ηυςεα.

435 1161 714 1216 Tenebrae
745 1157 962 1228 quidem
992 1157 1249 1211 obscurae
1280 1156 1412 1210 ﬁunt
1439 1156 1658 1220 lumine,
1689 1165 1743 1210 et
1765 1156 1935 1223 magis

357 1251 532 1304 multo
571 1249 788 1304 lumine.
842 1247 1198 1316 Ignorantiam
1235 1247 1508 1302 occultant
1549 1248 1835 1310 scientiae,
1880 1258 1934 1302 et

361 1338 534 1407 magis
565 1338 766 1392 multae
805 1337 1080 1392 scientiae.
1125 1336 1268 1390 llaec
1303 1337 1798 1404 supereminenter,
1836 1335 1932 1392 sed

361 1446 468 1485 non
515 1429 806 1484 secundum
847 1428 1199 1497 privationem
1229 1428 1531 1495 accipiens,
1571 1429 1806 1498 approba
1835 1443 1928 1481 su-

345 1535 606 1589 perverc,
633 1520 756 1588 quia
787 1519 917 1572 latet
937 1520 1202 1574 habentes
1224 1515 1276 1574 ὃν
1303 1519 1507 1585 lumen,
1531 1528 1586 1572 et
1616 1534 1740 1574 vere
1762 1519 1930 1609 scien-

343 1607 434 1664 tia
487 1609 778 1663 secundum
829 1607 998 1662 Deum
1051 1608 1350 1676 ignorantia
1381 1649 1396 1672 ,
1453 1619 1506 1663 et
1561 1607 1928 1677 superpositae

357 1699 522 1767 ipsius
551 1698 804 1754 tenebrae
833 1696 1080 1752 velantur
1099 1699 1170 1752 ab
1193 1699 1339 1752 orniti
1379 1697 1600 1762 lumine,
1625 1709 1679 1752 et
1706 1699 1928 1752 abscon-

355 1791 488 1846 dunt
543 1803 756 1844 omnem
801 1788 1102 1844 scientiam.
1149 1789 1216 1842 Et
1263 1787 1306 1844 si
1355 1788 1476 1857 quis
1521 1788 1710 1842 videns
1757 1787 1922 1842 Deum

338 1878 614 1934 intellexit
651 1880 794 1947 quod
840 1879 988 1942 vidit,
1033 1893 1138 1932 non
1181 1877 1352 1946 ipsum
1399 1877 1791 1947 contemplatus
1818 1885 1922 1942 est,

349 1973 444 2026 sed
471 1971 608 2040 quid
637 1987 824 2028 eorum
859 1973 930 2027 ab
961 1973 1078 2041 ipso
1109 1971 1455 2028 existentium
1483 1981 1540 2027 et
1561 1973 1919 2042 cognitorum.

349 2060 468 2129 Ipse
495 2071 672 2116 autem
709 2077 873 2132 super
905 2062 1144 2116 animum
1180 2071 1236 2116 et
1273 2064 1558 2118 essentiam
1591 2063 1920 2133 supercollo-

348 2157 524 2212 catus,
549 2149 920 2204 universaliter
947 2165 1050 2204 non
1077 2153 1448 2221 cognoscendo
1471 2168 1648 2222 neque
1667 2154 1917 2218 videndo,

1961 891 2004 946 Α
2037 889 2136 942 bus
2179 901 2264 945 est
2307 895 2614 956 hominibus
2663 907 3024 962 essentialiter
3069 915 3416 975 coordinatus
3460 921 3612 980 Non?

2037 981 2182 1034 enim
2213 992 2280 1036 ut,
2312 989 2548 1043 causalis
2585 992 2891 1060 hominum,
2926 1000 3014 1054 hic
3053 1003 3252 1058 dicitur
3287 1009 3482 1078 homo,
3517 1019 3610 1070 sed

2039 1077 2099 1122 ut
2136 1071 2236 1126 hoc
2275 1080 2570 1134 secundum
2605 1097 2693 1136 ess
2727 1086 3102 1145 utinm-totam
3143 1109 3270 1150 vere
3317 1101 3478 1158 homo
3517 1105 3606 1162 ὧν.

2035 1158 2144 1214 Nos
2181 1173 2358 1218 autem
2383 1166 2566 1222 Jesum
2601 1166 2716 1224 non.
2745 1174 3058 1234 humanitus
3093 1196 3457 1255 segregamus.
3505 1193 3608 1249 Ne-

2033 1261 2138 1315 que
2183 1254 2328 1307 enim
2373 1257 2533 1312 homo
2579 1270 2806 1326 tantum,
2845 1280 3018 1334 neque
3045 1254 3510 1338 super-essentialis
3537 1285 3608 1340 sit

2032 1338 2192 1394 homo
2223 1350 2471 1410 tantum,
2503 1350 2600 1402 sed
2625 1351 2783 1406 homo
2811 1369 2963 1420 vere,
2991 1357 3300 1417 diﬂ'ereuter
3319 1367 3605 1438 humanus,

2030 1445 2192 1499 super
2219 1433 2482 1503 homines,
2511 1451 2566 1494 et
2595 1445 2886 1499 secundum
2916 1449 3181 1517 homines,
3207 1469 3270 1508 ex
3301 1457 3607 1519 hominibus

2027 1535 2090 1573 ex
2125 1526 2357 1578 essentia
2388 1534 2854 1598 superessentialis
2889 1542 3232 1598 essentiatus.
3280 1547 3376 1601 Est
3426 1559 3604 1606 autem

2027 1611 2162 1665 nihil
2195 1615 2371 1670 minus
2397 1626 2964 1687 superessentialitatis
2989 1633 3426 1701 superplenitudo
3455 1655 3602 1694 sem-

2027 1714 2124 1768 per
2165 1709 2654 1773 superessentialis.
2701 1712 2884 1784 Itaque
2923 1719 3012 1772 tali
3055 1725 3418 1790 magnitudine
3456 1739 3510 1784 et
3548 1731 3600 1785 in

2025 1792 2316 1848 essentiam
2344 1811 2467 1851 vere
2495 1800 2745 1866 veniens,
2779 1811 2832 1858 et
2875 1820 3036 1875 super
3075 1813 3364 1868 essentiam
3409 1831 3595 1872 essen-

2023 1878 2188 1934 tiatus
2233 1895 2343 1950 est,
2389 1895 2445 1940 et
2483 1903 2646 1958 super
2693 1892 2962 1950 hominem
3008 1913 3262 1968 operatur
3287 1919 3428 1973 quae
3473 1918 3600 1964 sunt

2023 1970 2256 2028 hominis
2283 1987 2332 2029 ει.
2364 1975 2426 2030 Ει
2451 1978 2692 2036 declarat
2724 1985 2873 2052 virgo
2904 1970 3380 2054 supernaturaliter
3405 2008 3594 2062 partu-

2020 2062 2186 2126 riens,
2215 2072 2269 2118 et
2295 2081 2432 2134 aqua
2467 2071 2752 2136 instabilis,
2791 2077 3150 2134 material-ium
3177 2091 3230 2136 et
3257 2091 3594 2140 terrenarum

2018 2151 2211 2218 pedum
2235 2155 2506 2210 sustinens
2533 2160 2870 2226 gravitatem,
2896 2173 2950 2218 et
2973 2181 3078 2220 non
3111 2168 3476 2240 imaginatam,
3503 2177 3602 2230 sed

329 2250 400 2293 ,οι
432 2249 516 2295 est
545 2243 1090 2310 superesseiitialiter,
1138 2251 1192 2299 et
1239 2259 1400 2313 super
1437 2246 1674 2299 animum
1716 2261 1916 2312 cogno-
1951 2224 1994 2281 Β
2021 2245 2414 2310 supernaturali
2441 2224 2638 2304 virtute
2665 2252 2731 2306 ad
2758 2252 3040 2312 insolubile
3063 2224 3430 2317 constitutam.
3457 2265 3596 2330 Quid

331 2331 539 2386 scitur.
574 2333 642 2386 Et
669 2333 782 2402 ipsa
809 2335 1102 2388 secundum
1129 2336 1272 2406 quod
1305 2335 1496 2392 melius
1524 2337 1916 2406 perfectissima

347 2417 650 2486 ignorantia
675 2421 902 2476 scientia
927 2433 1010 2478 est
1047 2423 1164 2492 ejus
1193 2439 1355 2494 super
1381 2427 1560 2480 omnia
1593 2427 1827 2497 cognita.

1031 2643 1210 2697 Eidem
1221 2687 1232 2697 .

414 2747 690 2814 Quomodo
714 2751 950 2806 omnium
981 2754 1262 2810 summitas
1301 2765 1354 2809 ct
1395 2771 1555 2828 super
1581 2757 1912 2812 divinitatem

340 2849 423 2894 est
453 2851 508 2894 et
550 2856 711 2910 super
736 2843 1067 2898 bonitatem?
1115 2843 1170 2898 Si
1221 2846 1572 2908 deitatetnct
1621 2850 1910 2903 bonitatem

341 2928 606 3000 intelligas
649 2931 814 3000 ipsam
857 2947 969 2986 rem
1000 2932 1222 2988 beneﬁci
1260 2946 1314 2988 et
1356 2937 1525 2992 deilici
1574 2940 1830 3002 muneris,
1858 2949 1912 2992 et

341 3031 448 3070 non
479 3018 790 3072 imitabilem
826 3021 1069 3090 superdei
1108 3032 1162 3076 et
1198 3025 1542 3093 superoptimi
1565 3066 1579 3090 ,
1618 3027 1909 3080 secundum

339 3125 501 3180 quam
566 3109 877 3166 deiﬁcamur
918 3121 972 3167 et
1033 3101 1404 3170 bonilica’mur.
1457 3117 1668 3172 Etenim
1714 3119 1759 3172 si
1811 3119 1912 3174 hoc

335 3200 660 3269 principium
691 3201 748 3256 ﬁt
783 3203 1084 3270 deiﬁeandi,
1117 3216 1171 3260 et
1203 3209 1403 3276 optime
1447 3209 1623 3280 agitur
1650 3210 1910 3265 deiﬁcatis

335 3297 391 3342 et
420 3291 620 3358 Optime
647 3291 826 3358 factis,
853 3297 1027 3350 omnis
1057 3296 1304 3366 principii
1332 3300 1821 3371 superprincipalis,
1856 3311 1908 3356 et

334 3377 413 3430 sic
441 3377 614 3432 dictae
641 3379 855 3436 deitalis
879 3391 932 3438 et
973 3381 1247 3448 bonitatis,
1273 3385 1330 3438 ut
1360 3386 1651 3442 divinitatis
1677 3396 1729 3442 et
1757 3389 1908 3443 boni-~

335 3465 461 3520 tatis
487 3473 569 3520 est
604 3470 908 3537 summitas,
940 3482 1197 3540 quantum
1229 3475 1560 3533 inimitabilis
1591 3487 1644 3533 et
1677 3481 1900 3536 immen-

2017 2331 2064 2386 si
2094 2333 2214 2400 quis
2255 2343 2436 2389 cetera
2479 2337 2708 2406 plurima
2756 2344 3036 2402 existentia
3085 2361 3420 2418 pertranseat
3445 2395 3459 2420 ,
3499 2371 3596 2426 per

2016 2437 2154 2490 quae
2185 2424 2440 2480 divinitus
2472 2429 2656 2484 videns
2701 2447 2860 2502 super
2903 2437 3140 2492 animum
3186 2424 3512 2512 cognoscet,
3536 2458 3594 2504 et

2017 2512 2071 2565 in
2115 2513 2450 2572 buuianitate
2491 2517 2622 2572 Jcsu-
2659 2523 2982 2584 intentiones
3012 2530 3262 2588 virtutem
3299 2542 3594 2605 superemi-

2016 2603 2191 2656 ncntis
2220 2604 2548 2673 depulsionis
2589 2610 2884 2668 habentes?
2929 2615 3138 2674 Etenim
3181 2631 3242 2676 ut
3281 2603 3594 2696 colligentes

2015 2691 2256 2750 dicamus
2281 2734 2298 2760 ,
2339 2713 2516 2768 neque
2559 2700 2718 2756 homo
2747 2715 2898 2772 erat,
2948 2723 3052 2762 non
3103 2720 3160 2766 ut
3201 2729 3306 2770 non
3353 2717 3588 2784 homine,

2013 2783 2108 2836 sed
2145 2792 2204 2836 ut
2236 2799 2304 2840 ex
2331 2787 2655 2844 hominibus
2701 2793 2974 2851 hominum
3024 2801 3276 2868 ἐπέιαινα,
3327 2813 3384 2858 et
3429 2821 3592 2876 super

2015 2871 2283 2938 hominem
2313 2891 2439 2930 vere
2469 2879 2630 2935 homo
2661 2881 2853 2940 lactus.
2891 2888 2956 2942 Et
2983 2899 3222 2946 ceterum
3253 2909 3360 2949 non
3397 2911 3592 2954 secun-

2012 2961 2136 3016 dum
2169 2965 2334 3019 Deum
2367 2969 2546 3026 divina
2575 2980 2826 3042 operatus
2853 2989 2970 3046 est,
3002 2996 3178 3050 neque
3221 2985 3452 3042 humana
3503 3006 3588 3046 se-

2012 3052 2243 3106 cundum
2277 3056 2568 3122 hominem,
2599 3063 2692 3116 sed
2723 3066 3011 3124 humanato
3049 3069 3159 3124 Deo
3194 3087 3386 3128 novam
3411 3093 3588 3146 quan-

2010 3139 2134 3196 dam
2180 3144 2560 3204 deibumanam
2611 3156 2978 3222 operationem
3032 3159 3186 3216 nobis
3233 3176 3588 3222 conversatus

2010 3241 2112 3286 est.

2771 3336 2834 3390 ν.

2517 3418 2776 3477 Doro:th
2816 3425 3074 3482 ministro.

332 3557 604 3622 snt-abilis,
639 3569 858 3630 superat
888 3539 1215 3620 imitationes
1256 3574 1310 3621 et
1350 3569 1817 3638 partieipationes,
1848 3580 1902 3626 et
1929 3545 1974 3604 ε
2001 3628 2014 3638 ,
2041 3539 2263 3638 ,θΝῘἿθ
2288 3543 2470 3638 caligo.
2490 3557 2574 3602 es"
2603 3549 2972 3610 inaccesswile
3001 3555 3210 3622 lumcn’
3253 3559 3304 3612 in
3337 3575 3444 3630 quo
3479 3563 3576 3618 Im-

327 3637 602 3703 imitantes
641 3659 691 3703 et
723 3651 1127 3722 participantcs.

1069 3768 1156 3823 Ill.

998 3852 1202 3912 Eidem.

404 3936 482 3990 Ex
515 3939 724 3996 occulto
753 3950 854 4006 est,
883 3944 1022 4010 quod
1051 3953 1240 3998 contra
1267 3961 1436 4016 spem,
1464 3958 1519 4002 et
1545 3965 1611 4004 ex
1641 3965 1704 4004 eo
1734 3965 1902 4019 usque

331 4028 620 4095 obscurum
668 4029 720 4084 in
755 4031 1094 4087 manifestum
1127 4035 1429 4090 deductum.
1477 4037 1573 4091 Ast
1606 4041 1898 4094 secundum

330 4115 604 4172 Christum
631 4118 958 4174 humanitate
987 4135 1038 4176 et
1071 4125 1171 4178 hoc
1205 4125 1437 4180 arbitror
1467 4128 1786 4198 theologiam
1813 4130 1900 4184 de-

329 4207 572 4270 clarare,
626 4224 694 4264 ex
742 4212 952 4266 occulto
1003 4215 1506 4282 superessentialem
1561 4217 1612 4270 in
1659 4228 1898 4273 nostram

328 4295 816 4352 manifestationem
847 4302 1157 4364 humanitus
1185 4305 1530 4360 essentiatum
1567 4308 1894 4377 provenisse.

327 4381 581 4440 Occultus
610 4399 788 4441 autem
816 4400 899 4450 est
931 4399 984 4444 et
1019 4399 1140 4460 post
1175 4393 1682 4464 manil‘estationem,
1711 4409 1802 4454 aut
1840 4408 1900 4453 ut

327 4475 431 4527 huc
462 4475 694 4531 divinius
721 4479 932 4545 dicam,
976 4491 1031 4556 et
1077 4482 1130 4536 in
1177 4473 1630 4542 manifestatione.
1681 4487 1749 4543 Et
1795 4489 1899 4546 hoc

326 4565 470 4618 enim
505 4563 630 4622 .lesu
674 4569 994 4638 occultatur,
1021 4581 1076 4627 et
1104 4573 1249 4628 nullo
1272 4575 1468 4642 verbo,
1515 4593 1690 4650 neque
1733 4581 1896 4638 intel-

325 4651 466 4708 lectu
507 4655 797 4711 secundum
843 4659 1017 4728 ipsum
1059 4663 1408 4734 investigatur
1441 4671 1778 4739 mysterium,
1803 4667 1898 4732 Sed
1978 4691 1980 4693 '

323 4751 377 4796 ct
405 4743 605 4800 dictum
646 4743 912 4803 iuell'abile
955 4760 1167 4818 manet,
1197 4763 1251 4808 et
1287 4755 1614 4812 intellectum
1657 4759 1896 4834 incogni-

327 4841 458 4884 tuin.

1062 4905 1148 4963 IV.

1003 5017 1209 5073 Eidem.

396 5116 672 5181 Quomodo
693 5163 706 5186 ,
743 5127 920 5194 inquis
940 5168 953 5192 ,
984 5126 1139 5184 Jesus
1163 5132 1400 5186 omnium
1431 5154 1690 5204 επικεινα,
1719 5145 1894 5198 omni-

2000 3628 2172 3684 bi-tare
2203 3631 2342 3688 Dens
2369 3635 2597 3700 dicitur,
2637 3649 2696 3693 et
2741 3641 2996 3698 invisibili
3039 3647 3332 3714 existente,
3355 3628 3586 3724 propter

2000 3723 2486 3787 supereminentcm
2519 3729 2540 3760 '
2585 3729 2908 3798 claritatem,
2931 3744 2984 3788 et
3013 3736 3366 3794 inaccessibili
3393 3723 3580 3798 eodem

1997 3821 2098 3875 per
2165 3813 2702 3886 superexcellentiam
2773 3825 3245 3887 superessentialis
3311 3829 3573 3886 luminum

2000 3896 2338 3950 manationis.
2389 3898 2448 3952 In
2479 3901 2582 3956 hoc
2611 3904 2676 3956 tit-
2713 3908 2894 3960 omu-is
2929 3908 3096 3964 Deum
3123 3915 3264 3970 sci-re
3307 3928 3364 3972 et
3401 3921 3580 3977 videre

1999 3981 2218 4050 dignus,
2259 4001 2326 4039 eo
2381 4003 2486 4042 non
2531 3991 2758 4047 videndo
2803 4011 2977 4063 neque
3019 4009 3412 4071 cognoscendo,
3449 4023 3586 4066 vere

2000 4069 2052 4122 in
2081 4087 2188 4140 quo
2220 4089 2382 4143 super
2417 4077 2673 4134 visionem
2725 4091 2780 4138 et
2821 4069 3180 4155 cognitionem
3213 4095 3390 4152 factus
3413 4139 3427 4162 ,
3469 4101 3572 4156 hoc

1999 4157 2174 4227 ipsum
2201 4175 2562 4230 cognoscens,
2601 4169 2726 4236 quia
2773 4187 2936 4241 super
2961 4179 3140 4233 omnia
3171 4191 3256 4236 est
3299 4188 3578 4244 sensibiliu-

1999 4257 2058 4304 et
2107 4249 2498 4322 intelligibilia,
2548 4267 2601 4310 et
2649 4263 2960 4329 prophetice
2999 4268 3196 4322 videns
3245 4289 3260 4326 :
3312 4274 3576 4335 Μὶν-αὺὶώ

1999 4339 2142 4408 facta
2175 4351 2250 4395 est
2283 4343 2498 4398 scientia
2549 4357 2642 4400 tua
2689 4366 2754 4403 ex
2791 4369 2889 4417 me,
2919 4357 3214 4424 confertam
3246 4371 3340 4428 est,
3397 4375 3443 4419 et
3472 4339 3576 4424 non

1996 4439 2174 4498 potero
2208 4433 2277 4486 ad
2305 4449 2420 4487 eam
2450 4435 2500 4488 ιι.
2537 4435 2628 4494 Sic
2652 4455 2780 4509 ergo
2801 4443 3578 4524 divinusPauluscognovisse

1997 4516 2164 4574 Deum
2187 4519 2401 4588 dicitur,
2420 4539 2750 4595 cognoscens
2771 4544 2892 4597 eum
2915 4547 3081 4603 super
3102 4516 3574 4603 omnemexlsteu-

1999 4615 2106 4661 tem
2134 4609 2464 4666 intellectum
2489 4623 2544 4668 et
2567 4617 2844 4672 scientiam
2864 4621 2885 4652 ³
2909 4633 2955 4675 ε.
2991 4623 3212 4694 Propter
3236 4631 3378 4696 quod
3407 4640 3472 4686 et
3491 4633 3580 4688 in».

1997 4697 2338 4766 vestigabiles
2367 4716 2486 4758 esse
2509 4705 2626 4760 vias
2655 4706 2772 4775 ejus
2797 4709 2874 4763 ait
2893 4751 2908 4775 ,
2939 4723 2994 4766 et
3023 4713 3395 4774 inscrutabilia
3429 4722 3576 4790 judi-

1998 4787 2082 4842 cia
2109 4787 2244 4858 ejus,
2267 4800 2322 4846 et
2347 4793 2738 4854 inenarrabiles
2759 4800 3074 4860 donationes
3096 4805 3213 4874 ejus
3233 4808 3282 4874 ἀ,
3306 4821 3360 4866 et
3385 4787 3572 4881 pacem

1923 4857 1977 4916 Β
2001 4877 2118 4946 ejus
2145 4892 2485 4950 superantem
2531 4901 2744 4942 onmem
2791 4891 3153 4963 intellectum,
3191 4900 3270 4952 sic
3295 4857 3574 4960 inveniens

2003 4983 2164 5038 super
2205 4973 2408 5039 omnia,
2457 4985 2512 5031 et
2563 4977 2666 5033 hoc
2715 4995 2876 5049 super
2911 4984 3334 5056 intelligentiam
3379 5007 3554 5064 eogno

2001 5071 2187 5124 secus,
2218 5060 2342 5128 quia
2372 5065 2614 5134 omnium
2655 5077 2738 5122 est
2767 5071 3030 5136 ἐπέκεινα,
3065 5077 3306 5131 omnium
3343 5060 3574 5138 causalis

1999 5167 2114 5207 ens.

1601 5247 1690 5302 VA
1699 5251 1856 5311 RIAE
1893 5259 2180 5317 [.ECTlO-AT
2186 5263 2290 5318 ES.

393 5318 422 5440 ἆ
447 5317 722 5441 iIncipiunt
752 5353 820 5363 —-
847 5317 1087 5396 Dionysii
1123 5343 1230 5382 0m-
1273 5329 1344 5396 Ε,

429 5408 477 5441 t.

323 5402 477 5442 εοαα.

1389 5329 1548 5390 indici
1599 5339 1944 5410 cpistolarum
1997 5353 2296 5419 praemittit
2343 5353 2402 5408 Β.
2479 5363 2502 5394 ³
2541 5355 2582 5410 Ε
2616 5359 2939 5414 eminentem.

3072 5376 3117 5418 et
3154 5367 3419 5426 scientiam
3457 5387 3567 5428 orn.

1875 5485 2124 5544 NOTAE.

395 5561 420 5588 ⁸
460 5551 702 5610 Joan.-|:
747 5557 874 5615 an.
915 5563 972 5617 ll.

401 5621 426 5657 ιι
467 5621 604 5676 l’sal.
651 5625 976 5700 cxxxvut,
1011 5635 1062 5688 6.

2071 5595 2092 5622 ε
2135 5585 2290 5639 Rom.
2325 5585 2415 5648 XI.
2447 5587 2534 5640 53.

2074 5651 2098 5692 ιι
2137 5653 2365 5723 Philipp.
2395 5657 2456 5709 tv
2509 5659 2556 5708 Ἰ.
