4142 6296
602 300 742 358 Ηῖθ

1349 397 1436 453 VI.

1096 489 1369 559 Sosipatro
1406 486 1685 543 sacerdoti.

670 585 788 642 Noli
813 583 916 639 hoc
941 579 1233 635 aestimare
1259 577 1566 641 victoriam,
1597 590 1754 631 sacer
1780 572 2082 643 Sosipater,
2121 571 2176 625 in

509 651 530 663 .
597 674 912 743 religionem
936 679 1030 723 aut
1052 667 1281 739 gloriam
1304 666 1558 736 iniuriam
1585 665 1763 720 facere
1787 662 1895 717 noli
1920 662 2177 737 optimam

596 762 963 819 manifestam.
1017 757 1206 827 Neque
1249 758 1394 812 enim
1445 761 1659 825 oportet
1706 752 2003 822 iudicatam
2055 764 2176 805 eam

594 854 912 923 redarguas,
947 849 1061 918 jam
1088 847 1354 918 Sosipatri
1380 848 1542 902 bona.
1569 842 1831 899 Possihile
1858 844 2003 896 enim
2031 850 2087 895 et
2124 850 2177 895 te

587 947 646 996 e’t
670 940 805 995 alios
833 939 1031 995 multos
1058 936 1209 992 falsis
1248 944 1305 991 et
1339 933 1642 990 manifestis
1692 947 1857 987 unum
1895 927 1950 985 ὃν
1986 939 2041 984 et
2079 943 2174 983 oc-

589 1032 796 1087 cultum
851 1045 1039 1086 verum
1096 1029 1285 1084 latere.
1346 1025 1534 1096 Neque
1579 1025 1726 1079 enim
1782 1023 1829 1078 si
1884 1021 2015 1090 quid
2068 1036 2173 1075 non

590 1125 841 1189 rubeum,
875 1122 989 1194 jam
1019 1120 1222 1186 album,
1282 1118 1328 1175 si
1362 1118 1485 1187 quis
1513 1131 1619 1171 non
1654 1128 1859 1185 equus,
1887 1128 1952 1167 ex
1988 1125 2177 1165 neces-

585 1214 750 1270 sitate
779 1212 964 1269 homo.
1010 1211 1102 1267 Sic
1127 1218 1306 1265 autem
1339 1207 1528 1270 facies,
1557 1204 1689 1259 mihi
1716 1204 1967 1267 credens,
2001 1201 2175 1259 dimit-

587 1310 671 1358 tes
699 1302 917 1373 quidem
946 1301 1050 1357 hoc
1079 1298 1371 1356 secundum
1410 1296 1546 1350 alios
1584 1294 1788 1356 dicere,
1823 1308 1921 1363 pro
1946 1292 2173 1347 veritate

586 1400 766 1447 autem
796 1406 922 1448 vere
956 1392 1122 1454 dices,
1153 1388 1235 1444 sic
1262 1387 1409 1445 omni
1445 1385 1605 1442 modo
1631 1399 1752 1440 esse
1781 1382 2173 1454 inreprehensi-

585 1485 711 1543 bilia
752 1501 894 1556 quae
928 1484 1070 1541 dicta
1106 1490 1252 1538 sunt.

1330 1570 1443 1629 VII.

949 1666 1244 1736 Polycarpo
1277 1678 1481 1719 summa
1517 1662 1799 1717 sacerdoti.

1942 279 2227 340 JOANNIS
2265 279 2465 337 SCO’I‘I

2204 393 2253 452 Α
2282 390 2666 446 transcendere
2711 390 3106 447 ordinationem
3164 399 3219 447 et
3277 391 3571 449 motionem
3599 432 3617 459 ,
3669 392 3725 449 si
3776 409 3910 453 non

3744 280 3916 340 H89

2278 480 2456 549 ipsum
2486 480 2700 536 esscndi
2729 482 2900 551 ipsam
2937 490 2995 536 et
3035 482 3175 541 bene
3212 483 3566 550 eminentem,
3593 493 3653 541 et
3687 501 3910 544 causa-

2279 569 2387 625 lem
2431 570 2712 626 habuisset
2752 571 2806 625 in
2851 571 2957 627 hoc
2988 581 3327 638 moventem,
3368 573 3663 631 facientem
3691 580 3902 633 omnia

2277 664 2333 713 et
2390 657 2873 715 transformantem
2926 660 3224 725 secundum
3275 676 3494 717 sacrum
3549 666 3789 721 verbum
3832 667 3901 720 δ.

2277 746 2558 814 Quomodo
2591 748 2757 817 igitur
2797 763 2902 803 non
2950 749 3081 805 colit
3121 751 3455 822 incognitum
3496 754 3689 822 nobis,
3724 765 3788 810 et
3816 773 3897 811 ex

2238 839 2382 893 'boc
2436 846 2493 894 et
2534 852 2662 893 vere
2705 838 3068 904 existentem,
3130 849 3186 894 et
3243 857 3373 897 vere
3435 841 3606 898 Deum
3669 846 3900 901 ducens

2275 943 2398 989 eum
2453 929 2824 985 causalissima
2875 939 2931 985 et
2979 930 3406 1001 superiuell‘abili
3467 933 3699 1000 virtute,
3752 952 3896 992 cum

2275 1019 2355 1074 sol
2392 1020 2460 1073 ab
2509 1019 2626 1089 ipso
2669 1026 2725 1074 et
2771 1018 2896 1073 luna
2942 1019 3237 1076 secundum
3274 1022 3532 1079 virtutem
3571 1034 3631 1078 et
3669 1035 3893 1084 statum

2274 1108 2904 1179 supernaturalissimum
2962 1110 3126 1166 simul
3186 1110 3445 1169 universo
3511 1115 3581 1169 ad
3649 1119 3892 1171 omnino

2268 1198 2554 1254 immobile
2592 1198 2946 1266 definiuntur,
2997 1209 3052 1255 et
3093 1201 3149 1256 in
3198 1216 3507 1258 mensuram
3540 1204 3662 1260 diei
3707 1208 3889 1263 totius

2275 1288 2331 1342 in
2374 1287 2580 1343 eisdem
2621 1296 2772 1343 stant
2810 1288 2993 1343 omnia
3021 1289 3192 1361 signis
3212 1290 3427 1357 c'!Aut,
3452 1294 3598 1362 quod
3644 1309 3711 1350 eo
3761 1312 3883 1350 a—

2272 1378 2414 1448 plius
2440 1419 2455 1444 ,
2521 1378 2789 1448 siquidem
2849 1380 3102 1436 omnibus
3147 1391 3207 1437 et
3249 1382 3567 1441 melioribus
3611 1395 3673 1442 et
3736 1403 3877 1444 eon-

2275 1470 2573 1526 tinentibus
2600 1471 2616 1502 ι
2643 1470 2725 1526 sic
2765 1471 2971 1527 erectis
3013 1486 3124 1527 non
3163 1472 3536 1531 circumducta
3578 1485 3880 1547 suntquae

2273 1561 2657 1619 continentur?
2699 1560 2770 1617 Et
2831 1577 2956 1618 eum
3016 1563 3125 1620 alia
3176 1567 3444 1634 quaedam
3494 1569 3613 1624 dies
3670 1585 3875 1626 secun-

2273 1654 2403 1709 dum
2438 1653 2850 1710 contmnitatem
2895 1653 3010 1710 fere
3056 1655 3396 1725 triplicatur,
3448 1667 3508 1714 et
3570 1659 3624 1714 in
3679 1661 3877 1730 viginti

653 1755 768 1828 Ego
795 1758 1014 1831 quidem
1042 1732 1225 1813 nescio
1254 1757 1322 1811 ad
1352 1755 1589 1812 Graecos
1619 1764 1714 1808 aut
1739 1752 1941 1808 alteros
1960 1751 2167 1816 dicens,
2198 1732 2246 1793 Β
2271 1747 2526 1802 omnibus
2574 1745 2727 1801 horis
2773 1746 2834 1801 Iit
2857 1786 2874 1813 ,
2926 1748 3073 1817 quod
3115 1762 3224 1803 non
3264 1750 3417 1804 omni
3463 1758 3709 1820 tempore
3752 1753 3875 1806 vias

581 1848 830 1906 sufﬁcere
872 1849 1143 1904 arbitrans
1187 1847 1409 1916 optimis
1444 1845 1608 1910 viris,
1647 1845 1695 1900 si
1722 1850 1909 1900 verum
1951 1843 2020 1897 ab
2054 1842 2170 1911 ipso

591 1940 648 1996 in
680 1940 858 2011 seipso
882 1940 1156 2010 potuerint
1183 1948 1238 1993 et
1265 1950 1593 2009 cognoscere
1618 1944 1672 1992 et
1696 1935 1897 1999 dicere,
1926 1950 1994 1988 an
2041 1947 2169 1987 vere

584 2031 771 2085 habet.
791 2029 904 2085 IIoc
928 2030 1095 2095 enim,
1118 2029 1476 2099 quodcunque
1495 2027 1745 2096 estjnxta
1771 2026 1944 2095 legem
1970 2026 2168 2079 verita-

578 2119 672 2185 tis,
708 2127 855 2175 recte
884 2128 1105 2174 ostenso
1147 2127 1201 2173 et
1244 2131 1380 2187 puro
1424 2125 1629 2181 stante,
1671 2131 1831 2171 omne
1874 2116 2032 2171 aliter
2072 2116 2169 2170 hac

577 2206 738 2274 hens,
766 2216 822 2264 et
846 2208 1128 2263 veritatem
1149 2206 1433 2272 affectans,
1459 2205 1829 2276 redarguetur,
1853 2214 1909 2260 et
1937 2206 2165 2261 alterum

579 2294 637 2353 ὃν
677 2312 808 2354 vere
832 2297 998 2364 ontis,
1026 2305 1083 2353 et
1123 2295 1409 2359 dissimile,
1435 2303 1493 2350 et
1528 2294 1802 2366 opinabile
1835 2294 1963 2350 illud
1994 2295 2167 2366 magis

574 2405 740 2462 quam
784 2387 859 2446 ὅν.
913 2387 1254 2459 Snperlluum
1290 2388 1454 2459 igitur
1490 2397 1606 2453 est,
1652 2388 1899 2442 veritatis
1937 2387 2166 2443 manife-

573 2487 836 2535 statorem
862 2477 932 2532 ad
960 2477 1058 2534 hos
1078 2484 1175 2532 aut
1206 2476 1325 2532 illos
1353 2476 1630 2531 dimicare.
1660 2474 1802 2531 Dicit
1824 2477 1967 2530 enim
1997 2492 2166 2533 unus.

576 2568 809 2641 quisque
858 2569 1057 2623 habere
1100 2565 1369 2623 numisma
1416 2567 1723 2637 regale,et
1767 2568 1955 2637 utique
1998 2568 2166 2623 habet

576 2661 850 2732 quandam
871 2660 991 2732 puri
1014 2658 1313 2728 cujusdam,
1339 2659 1456 2728 ejus
1474 2674 1603 2714 vere
1626 2658 1868 2713 fallacem
1892 2657 2160 2712 umbram.

575 2753 645 2808 Et
669 2752 715 2809 si
746 2753 892 2808 hunc
914 2752 1227 2823 redarguas,
1251 2753 1390 2807 alter
1411 2762 1467 2807 et
1499 2752 1694 2807 iterum
1716 2751 1855 2806 alter
1878 2752 1943 2806 de
1972 2751 2160 2807 eodem

575 2844 876 2901 contendit.
923 2845 1124 2900 Eodem
1164 2852 1343 2898 autem
1375 2857 1503 2899 vere
1535 2843 1714 2914 posito
1750 2853 1899 2898 recte
1931 2843 2157 2907 ratione,

575 2943 631 2989 et
660 2934 730 2990 ab
764 2933 885 2989 aliis
911 2935 1162 2991 omnibus
1190 2934 1391 2991 selecto
1424 2934 1652 2999 ridente,
1681 2948 1842 2988 omne
1878 2934 2020 3003 quod
2050 2947 2158 2988 non

578 3025 659 3080 sic
683 3038 781 3094 per
803 3025 985 3080 omnia
1015 3024 1242 3091 habens,
1268 3026 1500 3097 iclipsum
1526 3040 1593 3081 ex
1618 3026 1799 3096 seipso
1822 3024 2161 3095 irreprehen-

579 3118 723 3173 sibili
754 3126 895 3173 statu
942 3133 1069 3175 vere
1095 3134 1226 3177 vero
1253 3119 1559 3190 expellitur.
1606 3118 1721 3175 Hoc
1754 3120 1939 3190 igitur,
1969 3127 2031 3173 ut
2073 3133 2161 3173 ar-

572 3207 769 3273 bitror,
795 3207 931 3264 bene
958 3224 1311 3281 cognoscens,
1341 3226 1446 3266 non
1478 3210 1771 3266 acceleravi
1811 3210 1879 3264 ad
1921 3209 2160 3266 Graecos

574 3307 664 3352 aut
709 3297 910 3355 alteros
952 3300 1136 3355 dicere
1171 3318 1183 3353 :
1226 3301 1319 3355 sed
1352 3299 1601 3355 idoneum
1636 3300 1763 3354 mihi
1791 3308 1844 3354 et
1886 3300 1988 3355 hoc
2017 3299 2159 3355 Deus

573 3391 699 3456 det,
745 3391 812 3446 de
854 3392 1081 3447 veritate
1108 3392 1249 3447 scire
1278 3392 1543 3463 primum,
1574 3393 1767 3447 deinde
1798 3392 2060 3447 scientem
2099 3401 2162 3446 ut

574 3490 792 3550 oportet
838 3480 1037 3536 dicere.
1076 3481 1175 3537 Ubi
1222 3491 1400 3537 autem
1442 3482 1641 3551 inquis,
1673 3481 1995 3547 maledicere
2026 3482 2154 3537 mihi

574 3573 872 3642 sophistam
904 3572 1363 3642 Apollophanem,
1403 3581 1461 3627 et
1502 3582 1784 3642 paternam
1833 3574 2156 3633 sententiam

575 3665 916 3727 revocando,
972 3672 1223 3732 tauquam
1271 3663 1603 3720 Graecorum
1655 3665 1706 3718 iu
1757 3665 1994 3722 Graecos
2051 3683 2159 3724 non

576 3762 769 3809 sancte
804 3752 995 3807 utenti.
1024 3752 1092 3807 Et
1127 3753 1341 3821 quidem
1386 3754 1454 3808 ad
1487 3754 1661 3824 ipsum
1691 3771 1790 3811 nos
1830 3765 1950 3812 erat
1980 3760 2160 3816 verius

573 3844 777 3907 dicere,
804 3843 1073 3914 quomodo
1098 3842 1288 3899 Graeci
1318 3844 1516 3901 divinis
1539 3860 1647 3900 non
1675 3856 1863 3903 sancte
1898 3848 1949 3903 in
1976 3850 2156 3904 divina

574 3943 816 4001 utuntur,
850 3949 947 4004 per
980 3934 1299 4004 sapientiam
1332 3934 1426 3990 Dei
1465 3935 1709 3992 divinum
1736 3938 2009 4007 expellere
2045 3950 2158 3995 tcu-

574 4035 753 4083 tantes
779 4025 1004 4082 cultum.
1030 4026 1098 4080 Et
1130 4025 1208 4081 sic
1251 4025 1475 4085 multam
1517 4041 1618 4098 ego
1643 4027 1863 4098 quidem
1893 4028 2015 4084 dico
2040 4029 2158 4100 glo—

574 4118 716 4174 riam
759 4118 1079 4188 qu'tbusdam
1139 4128 1451 4187 poetarum,
1498 4119 1851 4174 materialiter
1886 4129 1942 4175 et
1987 4122 2159 4191 passi-

574 4207 755 4265 biliter
787 4209 1201 4273 remanentium,
1233 4217 1288 4271 et
1317 4217 1600 4264 creaturae
1627 4218 1816 4264 contra
1843 4209 2158 4266 Creatorem

573 4280 944 4359 servientium.
975 4299 1080 4356 Sed
1104 4309 1160 4355 et
1180 4299 1296 4369 ipse
1317 4300 1712 4370 Apollophanes
1734 4315 1841 4355 non
1867 4303 2161 4357 sanctedi-

2187 3076 2234 3139 C

2271 1838 2581 1893 contrarias
2619 1836 2762 1894 redit
2802 1847 2861 1895 et
2896 1841 3188 1894 revertitur
3217 1857 3232 1894 :
3258 1841 3343 1895 sic
3402 1841 3558 1897 valde
3603 1857 3872 1917 superna-

2274 1932 2539 1988 turalibus
2579 1932 2895 1988 econtrsrio-
2926 1932 3486 1989 circumductionibus
3530 1936 3611 1990 sol
3642 1937 3870 2005 proprio

2272 2038 2434 2078 cursu
2463 2023 2933 2093 quinqueformem
2976 2037 3134 2077 suum
3160 2031 3379 2077 emotum
3408 2023 3461 2077 in
3493 2024 3640 2079 boris
3669 2027 3866 2080 decem

2272 2115 2600 2169 convolvens
2621 2115 2668 2180 ’,
2694 2114 2966 2184 analytice
2987 2114 3184 2169 iterum
3208 2122 3383 2169 totum
3408 2115 3461 2169 in
3479 2115 3600 2169 aliis
3618 2116 3819 2172 decem
3844 2115 3869 2146 ⁸

2272 2220 2466 2275 novam
2511 2206 2788 2274 quandam
2848 2204 3169 2260 semitarum
3234 2206 3373 2259 viam
3431 2207 3861 2275 retrograditur.

2271 2295 2386 2352 Hoc
2432 2303 2488 2351 et
2522 2295 2851 2367 Babylonios
2894 2296 3090 2350 merito
3128 2293 3372 2361 inﬂexit,
3414 2303 3470 2348 et
3503 2294 3622 2350 sine
3667 2311 3867 2365 pugna

2271 2388 2538 2443 Ezechiae
2577 2389 2812 2458 subegit,
2849 2395 3113 2457 tanquam
3154 2387 3207 2441 ia
3248 2384 3465 2456 aequali
3489 2384 3610 2440 Deo
3637 2385 3863 2441 cuidam

2268 2487 2326 2533 et
2349 2478 2626 2547 superanti
2651 2478 2916 2534 homines.
2965 2477 3034 2532 Et
3056 2490 3232 2546 neque
3266 2477 3359 2532 hic
3387 2476 3508 2532 dico
3534 2476 3589 2531 in
3615 2476 3862 2548 Aegypto

2270 2584 2496 2641 magnas
2517 2571 2884 2639 operationes,
2907 2577 3003 2625 aut
3025 2569 3130 2624 alia
3155 2569 3427 2640 quaedam
3451 2569 3651 2625 alicubi
3677 2568 3857 2624 divina

2267 2663 2420 2732 signa
2462 2661 2626 2727 facta,
2670 2663 2765 2718 sed
2804 2662 3115 2718 communia
3155 2670 3212 2716 et
3249 2662 3543 2729 caelestia,
3574 2669 3631 2715 et
3657 2659 3713 2715 in
3733 2660 3851 2715 uni-

2267 2768 2426 2809 verso
2480 2762 2535 2808 et
2592 2752 2646 2806 in
2685 2753 2938 2809 omnibus
2991 2752 3381 2822 triumphantis
3423 2750 3473 2806 ιι.
3534 2751 3631 2806 Ait
3675 2759 3854 2806 autem

2266 2846 2488 2901 omnino
2528 2843 2930 2916 Apollophanes
2974 2861 3082 2901 non
3123 2859 3245 2901 esse
3289 2846 3428 2900 haec
3470 2856 3624 2899 vera.
3685 2841 3855 2914 Magis

2265 2928 2483 3008 quidem
2529 2939 2631 2993 hoc
2674 2937 2963 2992 Persarum
3007 2935 3431 2993 sacerdotalibus
3474 2930 3709 2993 infertur
3743 2950 3853 2991 me-

2266 3030 2477 3094 moriis,
2502 3037 2558 3084 et
2581 3029 2756 3084 adhuc
2796 3028 2936 3100 Magi
2976 3028 3327 3083 memoranda
3377 3028 3609 3097 triplasii
3649 3026 3854 3099 mythri

2264 3120 2576 3191 perﬁciunt.
2626 3118 2734 3177 Sed
2797 3119 3007 3175 licitum
3052 3118 3127 3174 'sit
3169 3119 3273 3190 ipsi
3316 3119 3402 3175 his
3442 3130 3666 3192 propter
3704 3120 3855 3190 igua.

2264 3213 2492 3267 rantiam
2518 3219 2612 3267 aut
2636 3226 2889 3282 magnam
2918 3210 3376 3266 incredulitatem.
3427 3211 3525 3267 Dic
3554 3220 3732 3267 autem
3757 3212 3807 3267 ei
3831 3228 3848 3265 :

2262 3300 2401 3369 Quid
2427 3303 2562 3357 dicis
2596 3301 2664 3357 de
2701 3301 2817 3372 ipsa
2853 3300 2905 3355 in
2944 3300 3169 3356 salutari
3209 3315 3371 3356 cruce
3397 3298 3545 3357 facta
3567 3301 3757 3372 eclipsi
3776 3299 3800 3353 1
3822 3310 3847 3339 ο

2262 3392 2395 3447 Nam
2441 3395 2658 3465 utrique
2698 3403 2832 3448 tunc
2865 3391 3023 3460 juxta
3066 3393 3198 3448 solis
3238 3392 3510 3451 civitatem
3552 3393 3712 3449 simul
3748 3392 3847 3447 ad-

2261 3488 2541 3542 venientes
2561 3495 2614 3542 et
2635 3485 3012 3550 consistentes,
3035 3482 3357 3539 mirabiliter
3381 3483 3479 3539 soli
3506 3483 3687 3540 lunam
3708 3485 3846 3547 inci—

2262 3576 2475 3631 dentem
2500 3576 2732 3631 vidimus
2747 3605 2819 3615 —
2831 3589 2938 3628 non
2953 3573 3098 3628 enim
3112 3581 3232 3628 erat
3245 3573 3423 3630 coitus
3440 3583 3650 3645 tempus
3663 3604 3734 3614 —
3748 3575 3850 3629 ite—

2264 3682 2379 3720 rum
2397 3675 2578 3724 autem
2602 3667 2770 3735 ipsam
2791 3681 2820 3720 a
2843 3680 2982 3721 nona
3010 3665 3143 3719 hora
3164 3679 3334 3735 usque
3353 3680 3625 3736 vesperas,
3641 3667 3694 3720 in
3710 3666 3849 3725 solis

2260 3754 2585 3809 diametrum
2601 3754 3418 3824 supernaturaliterecontrario
3438 3756 3843 3815 consistentem.

2259 3843 2505 3899 Admone
2520 3852 2700 3900 autem
2716 3844 2974 3914 quiddam
2995 3853 3052 3899 et
3071 3845 3302 3900 alterum
3327 3845 3521 3914 ipsum.
3549 3844 3845 3912 Scitenim,

2261 3937 2386 4005 quia
2441 3946 2497 3992 et
2525 3951 2783 3993 occasum
2837 3937 3012 4008 ipsum
3034 3952 3100 3992 ex
3126 3936 3497 3995 Orientalibus
3531 3937 3851 3996 videbamus

2260 4029 2628 4096 inchoantem,
2654 4039 2711 4083 et
2747 4040 2919 4098 usque
2957 4028 3188 4083 solarem
3223 4027 3594 4085 summitatem
3625 4030 3844 4088 venien-

2260 4126 2368 4175 tem
2392 4160 2407 4184 ,
2455 4119 2651 4174 deinde
2699 4118 3185 4189 retrogradientem
3212 4157 3229 4183 ,
3277 4127 3333 4172 et
3380 4117 3576 4174 iterum
3626 4134 3734 4176 non
3779 4132 3846 4174 ex

2258 4208 2451 4265 eadem
2495 4218 2553 4266 et
2591 4224 2846 4265 occasum
2890 4219 2946 4265 et
2985 4209 3447 4281 repurgationem,
3491 4210 3591 4266 sed
3653 4224 3847 4265 secun-

2262 4301 2389 4355 dum
2421 4300 2747 4358 diametrum
2776 4300 3085 4363 econtrario
3110 4298 3333 4354 factam.
3379 4298 3532 4355 Talia
3564 4308 3692 4356 sunt
3720 4309 3846 4356 tunc

576 4392 716 4448 vinis
743 4393 798 4447 in
822 4391 1003 4449 divina
1038 4382 1223 4444 utitur.
1260 4389 1334 4445 Ea
1356 4391 1500 4445 enim
1531 4389 1875 4445 existentium
1905 4391 2154 4458 scientia,
2187 4430 2235 4488 Β
2263 4393 2523 4462 temporis
2568 4390 3034 4462 supernaturalia,
3078 4396 3135 4444 et
3178 4390 3294 4445 sol-0
3332 4388 3552 4446 Christo
3587 4390 3843 4447 causalis-

575 4482 867 4539 beuedicta
891 4483 958 4536 ab
980 4481 1150 4549 ipsius
1170 4479 1526 4550 philosophia,
1553 4490 1608 4534 et
1632 4496 1661 4533 a
1687 4480 1869 4536 divino
1884 4481 2050 4537 Paulo
2070 4497 2161 4540 sa—
2189 4476 2230 4488 “’
2259 4481 2396 4537 sima
2440 4481 2643 4536 virtute
2684 4480 2920 4536 faciente
2974 4494 3171 4552 magna
3222 4489 3278 4535 et
3314 4476 3515 4551 amp'a
3543 4522 3560 4548 ,
3611 4497 3841 4553 quorum

573 4572 782 4646 pientia
816 4571 911 4625 Dei
940 4579 1132 4627 vocata
1160 4581 1206 4633 α,
1243 4578 1299 4623 et
1342 4570 1410 4623 ad
1451 4570 1722 4625 causalem
1760 4571 1997 4640 ipsorum
2042 4575 2160 4629 exi-

576 4660 836 4715 stentium
876 4668 931 4714 et
976 4659 1235 4713 scientiae
1271 4672 1479 4725 eorum,
1509 4660 1751 4728 oportuit
1790 4662 1972 4719 reduci
2000 4676 2160 4720 veros

578 4750 942 4821 philosophos.
987 4750 1054 4804 Et
1089 4758 1145 4804 ut
1183 4762 1290 4802 non
1324 4749 1491 4819 ipsam
1534 4751 1793 4819 aliorum,
1842 4766 1935 4810 aut
1980 4756 2153 4825 ipsam

580 4842 750 4913 ipsius
775 4841 913 4896 ultra
948 4839 1091 4910 quod
1124 4840 1415 4910 putandum
1454 4840 1739 4913 redarguat
1789 4847 1917 4915 quid
1946 4846 2156 4914 opinio-

580 4946 741 4996 nem,
786 4939 997 5001 oportet
1039 4929 1381 4986 considcrare
1424 4930 1843 5003 Apollophanem
1871 4976 1885 5003 ,
1936 4938 2156 5005 sapiens

578 5023 673 5094 qui
722 5030 807 5079 est
832 5063 848 5091 ,
898 5039 1007 5079 non
1059 5021 1218 5079 aliter
1261 5023 1548 5095 aliquando
1593 5028 1835 5095 potuisse
1867 5027 2159 5085 caelestem

2256 4588 2363 4630 non
2404 4580 2489 4628 est
2536 4584 2795 4627 numerus
2823 4570 2867 4625 ί.
2938 4571 3085 4627 llaec
3145 4572 3192 4627 si
3262 4571 3357 4628 tibi
3394 4570 3603 4642 justum
3649 4573 3738 4628 dic
3788 4582 3844 4629 et

2256 4665 2513 4737 possibile
2536 4704 2552 4731 ,
2583 4662 2938 4735 Apollophani
2990 4664 3276 4736 redargue,
3324 4673 3382 4720 et
3427 4665 3560 4721 mihi
3602 4673 3728 4720 tunc
3779 4674 3834 4721 et

2258 4755 2669 4810 convenientem
2715 4754 2811 4809 tibi
2854 4760 2912 4809 et
2956 4755 3467 4825 conspeculantem,
3519 4764 3572 4809 et
3606 4757 3834 4825 conqui-

2258 4854 2466 4902 rentem
2504 4847 2713 4913 omnia,
2749 4853 2807 4902 et
2844 4844 3233 4903 conferentem.
3278 4845 3506 4919 Negligit
3542 4856 3598 4901 et
3621 4847 3842 4903 divina~

2258 4939 2420 4994 tionis
2462 4946 2613 5006 tunc,
2658 4924 2863 4995 nescio.
2888 4937 3018 4994 Inde
3052 4938 3448 5011 Apollophaues
3488 4938 3656 5005 abiit,
3686 4948 3746 4995 et
3772 4942 3839 4996 ad

2258 5045 2368 5097 me,
2413 5030 2556 5087 sicut
2590 5029 2733 5087 facta
2773 5040 2921 5097 sunt,
2958 5029 3248 5087 ocnferens
3289 5030 3406 5086 ait:
3446 5029 3617 5098 llaec,
3641 5045 3677 5088 ο
3703 5031 3841 5088 bono

1856 5156 2113 5219 vanus
2150 5140 2553 5223 LECTIONES.

650 5268 674 5306 ⁸
700 5279 751 5328 et
774 5270 1152 5329 continentibus
1175 5284 1286 5327 om.
1312 5266 1427 5327 BH.
1500 5270 1521 5302 ²
1560 5267 1652 5326 Sic
1673 5269 1714 5325 A
1742 5285 1758 5337 ;
1789 5269 1833 5324 E
1856 5270 2137 5333 involvens.
2212 5287 2236 5320 ³
2256 5278 2559 5335 convolvens
2588 5308 2658 5319 —
2684 5278 2861 5334 decem
2882 5291 2994 5333 om.
3020 5275 3133 5333 BH.

2090 5386 2274 5445 NOTA
2285 5390 2351 5445 E.

647 5482 678 5515 ι
714 5473 736 5528 I
772 5476 896 5530 Cor.
936 5473 999 5530 ll.

652 5541 680 5581 δ
721 5545 854 5597 Dan.
896 5544 959 5597 ll.

650 5621 674 5648 ε
707 5610 868 5666 Josue
895 5612 964 5666 X.

648 5676 676 5717 δ
705 5679 769 5732 IV
805 5681 933 5750 lieg.
966 5678 1059 5734 XX
1088 5697 1103 5746 ;
1152 5681 1195 5737 II
1221 5680 1346 5736 Par.
1376 5679 1632 5761 _XXXI|;
1688 5682 1808 5739 Isai.
1840 5680 2103 5742 XXXVIII
2130 5706 2143 5755 ;

2261 5480 2431 5539 Exod.
2456 5481 2569 5548 VII,
2594 5480 2728 5546 VIII,
2758 5480 2852 5547 IX,
2880 5481 2950 5549 X,
2978 5482 3070 5548 XI,
3103 5483 3216 5539 XII.

2336 5564 2361 5661 tt!
2388 5551 2827 5693 3101;13:1XXVII;
2862 5553 3030 5611 Marc.
3058 5552 3174 5649 XV;
3208 5552 3343 5610 Luc.
3370 5551 3560 5611 XXIII.
