4142 6296
425 275 554 331 1181

1238 275 1484 332 VERSIO
1519 276 1800 334 OPERUM
1840 275 1899 332 S.
1943 276 2254 334 DIONYSII.
2292 233 2792 337 —.EI‘ISTOLAE.

3549 288 3686 344 1182

427 367 685 458 Dionysi,
711 385 1018 440 divinarum
1041 384 1444 442 vicissitudines
1467 403 1668 442 rerum.
1711 387 1880 442 Tanta
1909 402 2008 458 per
2032 396 2079 452 Α
2111 389 2220 444 Iute
2259 390 2312 444 in
2356 390 2558 458 optima
2602 400 3086 462 transvocatorum,
3115 405 3168 452 et
3195 412 3548 468 quaecunque
3575 401 3679 454 alia

425 477 708 550 epistolam
759 495 792 532 a
833 478 990 532 nobis
1028 477 1172 532 dicta
1213 487 1357 532 sunt.
1407 477 1488 532 Tn
1530 492 1708 536 autem
1759 481 2002 545 idoneus,

2105 482 2171 534 de
2211 481 2648 536 benefactorilms
2689 485 2896 553 angelis
2942 486 3206 556 theologia
3249 487 3426 542 tradit.
3479 487 3585 543 Sed
3628 499 3682 545 et

423 581 480 626 et
515 584 654 640 quae
692 569 886 624 desum.
917 569 1232 650 adimplere,
1259 577 1314 624 et
1337 570 1606 626 adducere
1631 571 1868 640 perfecte
1895 572 2005 626 Deo
2103 583 2232 624 vere
2277 569 2465 638 optimi
2527 579 2580 624 ct
2633 573 2984 642 superoptimi
3028 575 3228 630 Christi
3275 577 3680 634 benefacientcs

425 661 600 714 vitum
646 659 942 728 sapientem
985 657 1214 712 multum
1257 657 1597 720 existentem,
1640 668 1696 712 et
1731 673 1862 714 sane
1897 673 2001 714 non

423 748 784 818 indignantem
813 754 1095 800 mansuete
1131 747 1342 802 discere
1371 747 1828 818 supersapientem
1878 747 2003 802 reli-

419 839 594 908 gionis
611 846 831 892 nostrae
852 837 1160 892 veritatem.

1141 947 1278 1002 VIII.

419 1039 724 1111 Demopltilo
753 1039 1138 1160 therapeutaeb'
1185 1039 1250 1160 dte
1267 1039 1484 1160 [propria
1523 1035 1924 1092 mansuetudine
1949 1047 1996 1092 et

1119 1125 1204 1160 am
1233 1127 1264 1160 ιι
1289 1125 1336 1160 e.

1119 1125 1336 1164 οηιιαιε.

485 1199 856 1264 Hebraeorum
889 1198 1146 1254 historiae
1167 1199 1336 1262 aiunt,
1359 1213 1393 1252 ο
1422 1205 1546 1251 nate
1578 1196 1920 1268 Demophile,
1943 1205 1998 1250 et

414 1307 628 1348 sacrum
681 1291 830 1346 illum
871 1289 1086 1361 Moysen
1130 1305 1226 1358 per
1257 1289 1478 1342 multam
1526 1290 1994 1344 mansuetudinem

414 1385 594 1441 divina
644 1384 878 1438 amicitia
913 1381 1296 1453 dignefactum.
1335 1381 1400 1436 Et
1442 1381 1484 1434 si
1536 1381 1822 1448 aliquando
1869 1395 1992 1434 eum

413 1483 567 1528 extra
589 1474 826 1526 divinum
849 1472 1048 1526 vultum
1081 1472 1100 1501 ²
1133 1472 1376 1526 scribunt
1409 1470 1450 1536 ³,
1481 1486 1584 1524 non
1612 1471 1784 1540 prima
1815 1479 1990 1524 tamen

414 1562 823 1617 mansuetudine
861 1560 1156 1628 expellunt.
1213 1560 1408 1614 Dicunt
1455 1573 1612 1622 vero,
1665 1558 1788 1628 quia
1839 1557 1991 1612 valde

409 1652 682 1722 arroganti
727 1660 783 1706 et
831 1651 1102 1706 resistenti
1149 1649 1346 1704 divinis
1391 1649 1675 1710 consiliis,
1719 1649 1888 1702 iratus
1917 1649 1990 1702 sit

2103 659 2282 714 radios
2323 661 2376 714 in
2415 661 2633 716 silentio
2677 663 3038 732 accipientes,
3091 665 3160 720 ab
3202 667 3332 735 ipsis
3367 667 3426 730 ,iu
3471 668 3679 724 divinas

2099 750 2334 820 Optimus
2357 752 2701 820 operationes
2724 751 2840 822 ejus
2865 753 3008 808 clare
3032 755 3295 809 ducimur.
3337 756 3468 810 Nam
3497 773 3675 814 nonne

2099 849 2184 892 est
2223 841 2632 908 potentissimae
2681 851 2736 898 et
2785 858 2947 912 super
2995 843 3324 898 intellectum
3375 845 3671 912 bonitatis,

2099 931 2224 1000 quia
2264 932 2550 986 existentia
2591 947 2710 986 esse
2753 933 2901 998 facit,
2942 945 2996 988 et
3045 936 3172 1003 quia
3211 936 3391 990 onmia
3441 937 3574 990 haec
3609 941 3674 991 ad

2097 1037 2218 1078 esse
2261 1024 2503 1088 adduxit,
2555 1033 2609 1078 et
2647 1025 2826 1078 omnia
2869 1025 2980 1078 vult
3021 1041 3233 1096 semper
3269 1026 3382 1094 fieri
3423 1029 3674 1098 approxi-

2097 1113 2302 1166 mautia
2345 1113 2488 1174 sibi,
2541 1121 2596 1168 et
2637 1115 3095 1168 communicanlia
3145 1131 3342 1172 eorum.
3375 1133 3516 1188 quae
3551 1129 3674 1172 sunt

2096 1201 2230 1269 ejus,
2273 1204 2567 1258 scentulum
2607 1202 2944 1272 singulorum
2987 1204 3493 1272 opportunitatem?
3537 1207 3674 1274 Quid

2095 1303 2298 1356 autem,
2345 1294 2468 1361 quia
2512 1301 2568 1348 et
2603 1293 2952 1358 redeuntibus
2993 1295 3296 1350 amabilter
3337 1297 3584 1360 habetur,
3621 1307 3675 1352 et

2093 1384 2390 1448 contendit,
2433 1394 2487 1440 et
2527 1385 2800 1438 desiderat
2831 1400 2936 1438 non
2969 1385 3294 1454 indignando
3323 1397 3566 1442 amantes
3618 1399 3672 1443 et

2091 1472 2377 1526 deliciosos
2403 1473 2570 1540 ipsos,
2593 1481 2647 1526 et
2691 1471 2744 1532 in
2789 1487 2982 1526 vanum
3003 1483 3320 1528 accusantes
3343 1474 3590 1540 sustinet,
3617 1489 3672 1532 et

2093 1561 2208 1631 ipse
2251 1559 2509 1628 defendit,
2552 1563 2722 1631 magis
2773 1563 3036 1631 promittit
3076 1578 3269 1618 curare
3294 1604 3308 1624 ,
3356 1573 3412 1618 et
3446 1564 3497 1618 in
3536 1565 3665 1634 ipsis

2089 1651 2346 1722 perfectis
2371 1653 2449 1706 sic
2479 1653 2862 1708 accedentibus
2887 1654 3125 1708 accurrit
3146 1663 3199 1708 et
3219 1655 3420 1719 obviat,
3447 1663 3502 1710 et
3529 1665 3668 1712 totus

407 1741 594 1796 furore
621 1741 880 1796 Dominus
907 1753 954 1796 α.
989 1739 1122 1796 Cum
1147 1749 1326 1796 autem
1353 1740 1524 1809 ipsum
1565 1738 1986 1808 praedicatorem
2021 1741 2062 1800 Β
2095 1752 2234 1798 tetas
2273 1744 2602 1812 amplectens
2639 1743 2872 1807 salutat,
2920 1753 2973 1798 et
3013 1759 3115 1798 non
3159 1753 3378 1799 accusat
3417 1745 3482 1800 de
3527 1746 3670 1814 prio-

407 1830 613 1886 faciunt
639 1831 836 1886 divinis
867 1830 1138 1900 iudicibus
1161 1830 1335 1898 dignis
1361 1869 1376 1892 ,
1405 1845 1472 1890 cx
1503 1837 1630 1884 ante
1655 1827 1838 1882 habita
1865 1827 1988 1882 boni

406 1924 589 1979 divina
610 1923 908 1978 imitatione
929 1921 1290 1992 praedicatur.
1317 1921 1522 1976 Etenim
1545 1929 1658 1974 erat
1682 1928 1991 1972 mansuetus

405 2015 600 2079 nimis,
637 2023 692 2072 et
733 2023 952 2082 propter
993 2013 1096 2066 hoc
1143 2012 1342 2066 dicitur
1383 2010 1617 2066 famulus
1661 2009 1786 2072 Dei,
1835 2019 1892 2064 et
1933 2009 1985 2064 in

403 2104 642 2159 divinam
665 2104 924 2158 visionem
953 2101 1110 2158 simul
1131 2103 1380 2156 omnibus
1401 2101 1677 2171 prophetis
1700 2100 1912 2170 dignior
1935 2100 1983 2152 b.

403 2194 512 2251 Sed
557 2205 612 2250 et
639 2197 705 2250 ad
737 2209 860 2250 eum
903 2203 958 2250 et
990 2193 1170 2247 Aaron
1199 2193 1318 2248 duri
1359 2193 1578 2262 quidam
1609 2193 1676 2248 de
1701 2193 1985 2264 principali

403 2284 706 2340 sacerdotio
733 2293 788 2338 et
819 2285 994 2354 gentis
1027 2283 1334 2353 principatu
1363 2282 1785 2350 contendebant,
1821 2300 1987 2354 snpe-

405 2391 531 2430 rare
585 2375 800 2443 quidem
829 2375 974 2428 omni
1011 2389 1194 2429 amore
1229 2375 1450 2429 honoris
1477 2383 1532 2428 et
1572 2391 1758 2430 amore
1789 2378 1990 2445 princi-

403 2471 563 2533 patus
587 2505 602 2528 ,
633 2471 686 2518 et
715 2463 924 2532 accepit
969 2463 1080 2518 Deo
1120 2464 1299 2530 iudice
1343 2463 1528 2532 populi
1567 2466 1979 2534 praestantiam.

405 2553 670 2620 Quoniam
739 2553 954 2622 quidem
999 2561 1054 2608 et
1101 2555 1638 2623 superimposuerunt
1685 2556 1770 2620 ei,
1817 2567 1871 2611 et
1917 2556 1985 2612 de

405 2646 678 2715 prioribus
707 2645 1136 2716 improperantes
1182 2645 1549 2711 minabantur,
1603 2656 1658 2702 et
1697 2648 1810 2717 jam
1873 2647 1984 2704 fere

403 2737 842 2807 praevalneruut,
871 2736 1126 2792 clamavit
1147 2737 1361 2806 quidem
1397 2747 1710 2794 mansuetus
1733 2738 1900 2792 Deum
1929 2739 1982 2794 itt

405 2829 652 2884 salutem.
683 2827 930 2884 Confisus
957 2837 1042 2884 est
1071 2838 1258 2882 autem
1279 2828 1432 2884 valde
1459 2828 1698 2894 humilis,
1727 2829 1980 2898 quoniam

405 2920 656 2974 erunibus
699 2928 846 2973 esset
905 2918 1060 2972 malis
1099 2919 1368 2974 inchoatis
1414 2918 1810 2974 inaccusabilis.
1861 2917 1980 2974 Jam

405 3010 549 3063 enim
575 3048 590 3073 ,
621 3023 754 3062 nam
780 3009 1018 3078 oportuit
1045 3007 1434 3076 colloquentem
1479 3008 1590 3062 Deo
1635 3009 1870 3076 optimo,
1913 3005 1982 3064 ad

2087 1833 2262 1898 ribus,
2291 1833 2384 1886 sed
2409 1833 2581 1902 diligit
2605 1833 3002 1898 advenientem,
3039 1843 3096 1888 et
3129 1833 3268 1887 diem
3309 1835 3502 1890 festum
3535 1836 3665 1906 agit,

2089 1935 2146 1982 et
2168 1934 2430 1982 convocat
2451 1926 2676 1988 amicos,
2702 1925 2944 1980 videlicet
2973 1925 3230 1994 optimos,
3252 1934 3310 1978 ut
3333 1926 3404 1979 sit
3429 1926 3666 1994 omnium

2090 2011 2405 2066 laetantium
2435 2011 2695 2082 habitatio
2715 2009 2766 2062 ά.
2797 2011 3139 2080 Denmpltilus
3161 2022 3360 2076 autem,
3389 2021 3443 2065 et
3472 2012 3516 2066 si
3546 2014 3668 2082 quis

2073 2099 2226 2174 ‘alius
2261 2099 2480 2168 optimis
2517 2097 2776 2162 infestus,
2832 2098 2986 2152 valde
3039 2097 3185 2166 juste
3233 2100 3560 2168 increpatur,
3608 2111 3662 2155 ct

2087 2190 2313 2246 docetur
2353 2190 2514 2252 bona,
2553 2197 2610 2242 et
2647 2188 2959 2244 melioratttr
2981 2189 3024 2242 ‘.
3068 2189 3344 2256 Quomodo
3381 2190 3522 2246 enim
3559 2207 3666 2244 non

2085 2281 2390 2350 oportebat,
2435 2280 2674 2350 inquam,
2719 2281 2981 2352 Optimum
3028 2280 3080 2334 in
3122 2279 3294 2334 salute
3329 2281 3664 2350 perditorum

2089 2371 2274 2426 lat-tari
2322 2379 2376 2424 et
2418 2371 2526 2424 vita
2571 2371 2950 2424 mortuorum?
3001 2371 3185 2442 Itaque
3223 2378 3276 2424 et
3317 2369 3370 2426 in
3415 2371 3668 2427 humeros

2089 2462 2266 2524 tollit,
2315 2476 2450 2530 quos
2493 2460 2580 2514 vix
2629 2460 2698 2516 ab
2744 2475 2930 2516 errore
2979 2461 3280 2527 convertit,
3332 2471 3388 2516 et
3434 2461 3668 2532 Optimos

2087 2555 2310 2625 angelos
2353 2554 2406 2608 in
2447 2554 2706 2620 laetitiam
2749 2555 3012 2621 suscitat,
3064 2564 3120 2610 et
3157 2556 3332 2613 bonus
3373 2567 3458 2612 est
3503 2573 3666 2628 super

2085 2645 2349 2714 ingratos,
2379 2652 2436 2698 et
2473 2644 2602 2698 oriri
2644 2640 2774 2697 f.cit
2815 2643 2980 2698 solem
3027 2657 3184 2698 suum
3223 2659 3387 2712 super
3413 2646 3584 2700 bonos
3613 2655 3666 2710 et

2086 2735 2280 2800 nudos,
2323 2743 2379 2788 et
2413 2735 2582 2804 ipsam
2607 2734 2840 2790 animam
2882 2749 3032 2788 suam
3073 2735 3224 2804 ponit
3259 2751 3359 2804 pro
3399 2737 3666 2808 refugien-

2087 2831 2230 2888 tibus
2287 2842 2332 2882 θ.
2381 2829 2458 2890 Tu
2506 2845 2674 2894 vero,
2735 2837 2796 2884 ιιι
2847 2829 3033 2884 literae
3081 2839 3203 2882 tuae
3243 2829 3559 2892 declarant,
3609 2839 3667 2888 et

2083 2923 2446 2992 procidentem
2471 2919 2760 2984 sacerdoti,
2783 2930 2839 2974 ut
2862 2919 2964 2984 ais,
2991 2920 3212 2990 imptum
3237 2927 3293 2972 et
3323 2919 3428 2974 mal
3471 2935 3542 2988 ιη,
3571 2937 3666 2975 ne-

2083 3013 2198 3068 scio
2219 3015 2488 3082 quomodo
2509 3013 2576 3070 de
2601 3012 2717 3081 ipso
2741 3025 2995 3082 praesens
3017 3009 3390 3066 recaleitrasti.
3431 3011 3659 3078 Deinde,

407 3099 510 3152 hoc
539 3097 824 3167 praecipua
875 3096 1250 3159 similitudine,
1299 3105 1560 3166 quantum
1607 3095 1762 3162 licet,
1812 3093 2051 3162 refor-C
2081 3104 2224 3171 quod
2273 3102 2488 3172 quidem
2532 3103 2810 3170 oportuit,
2876 3101 3165 3156 conﬁtetur
3215 3101 3282 3154 ad
3337 3099 3660 3158 medicinam

407 3189 564 3251 mari,
613 3189 664 3242 in
695 3203 756 3242 se
791 3187 1122 3258 intelligebat
1165 3187 1274 3240 Deo
1310 3185 1568 3254 amabiles
1616 3186 1976 3254 operationcs.

404 3279 544 3344 Quid
569 3289 750 3332 autem
779 3275 885 3332 Dei.
901 3285 1108 3346 patrem
1134 3275 1299 3330 David
1327 3273 1558 3328 faciebat
1589 3274 1684 3328 Dei
1709 3271 1980 3328 amicum?

399 3368 614 3423 Etenim
651 3367 884 3436 optimus
913 3366 1210 3431 existebat,
1257 3374 1314 3420 et
1352 3379 1478 3434 erga
1519 3363 1798 3422 inimicum
1836 3363 1976 3432 Opti-

401 3475 542 3512 mus.
574 3457 776 3521 Inveni,
809 3457 1001 3526 inquit,
1033 3455 1454 3526 superoptimus,
1490 3455 1696 3509 amicus
1720 3455 1974 3524 optimus,

403 3550 574 3602 virum
610 3549 905 3604 secundum
937 3563 1032 3602 cor
1064 3562 1266 3604 meum.
1297 3546 1362 3600 Et
1412 3546 1627 3616 quidem
1657 3547 1744 3600 lex
1772 3545 1976 3614 optima

399 3642 594 3695 donata
621 3649 704 3694 est
723 3679 738 3704 ,
771 3649 826 3692 ct
867 3637 1166 3709 subjugatis
1189 3637 1407 3692 inimico
1431 3637 1730 3706 providere.
1759 3636 1828 3690 Et
1852 3633 1974 3699 Job,

401 3739 458 3784 ut
487 3730 743 3784 malitiam
771 3743 874 3784 non
899 3729 1126 3792 habens,
1144 3726 1471 3795 justilicalus
1491 3737 1594 3782 est.
1613 3726 1678 3778 Et
1695 3723 1894 3793 Joseph
1921 3723 1972 3776 in

403 3818 868 3888 supergredientcs
885 3816 1080 3872 fratres
1095 3831 1200 3870 non
1219 3815 1527 3870 vindicavit.
1545 3814 1754 3869 EtAbel
1773 3812 1978 3882 simpli-

403 3911 544 3964 citer
583 3918 642 3964 et
689 3909 994 3979 insuspecte
1031 3908 1282 3964 convenit
1311 3906 1642 3960 fratricidae.
1682 3907 1749 3959 Et
1799 3905 1975 3959 omnis

405 4001 671 4072 theologia
731 4001 1018 4058 deiformes
1083 4001 1379 4071 praedicat,
1427 4012 1532 4052 non
1589 4006 1716 4052 ante
1771 3996 1970 4052 intelli-

400 4103 590 4162 gentes
645 4093 805 4158 mala,
857 4107 962 4146 non
1014 4101 1142 4148 a..te
1202 4090 1460 4144 facientes
1505 4099 1528 4126 α
1585 4105 1600 4141 :
1659 4087 1754 4143 sed
1797 4102 1973 4157 neque

401 4187 470 4241 ab
521 4185 746 4242 aliorum
809 4185 1012 4238 malitia
1058 4199 1124 4237 ex
1173 4182 1377 4251 optimo
1425 4190 1660 4236 mutatos
1720 4189 1970 4235 econtra-

399 4277 484 4332 rio
525 4276 876 4339 deiformiter,
917 4283 973 4330 et
1013 4276 1067 4330 in
1108 4273 1278 4328 malos
1321 4273 1456 4326 bene
1483 4271 1742 4326 facientes
1789 4280 1844 4326 ct
1879 4285 1973 4326 ex-

399 4367 696 4436 pandentes
731 4367 784 4420 in
831 4365 976 4437 ipsos
1003 4365 1228 4420 multam
1257 4362 1574 4428 bonitatem,
1603 4370 1658 4417 et
1703 4363 1770 4416 ad
1796 4363 1971 4418 simile

2083 3191 2346 3244 malorqu
2389 3191 2594 3244 venire.
2646 3189 2722 3244 Tu
2767 3199 2946 3244 autem
2993 3203 3100 3242 non
3141 3189 3506 3254 exhorruisti,
3557 3191 3652 3246 sed

2079 3281 2280 3335 bonum
2306 3280 2642 3336 sacerdotem
2670 3295 2791 3334 cum
2815 3279 3016 3346 ferocia
3043 3279 3348 3344 detraxisti,
3377 3280 3660 3336 miscrtnm

2077 3386 2198 3426 esse
2233 3371 2598 3440 poenitentis,
2653 3378 2708 3424 et
2755 3369 2975 3438 impium
3011 3368 3416 3437 jnstilicantem.
3483 3369 3549 3424 Et
3593 3369 3662 3424 ad

2081 3464 2240 3518 linem
2277 3463 2481 3526 :V’ade,
2529 3461 2727 3530 inquis,
2751 3459 3040 3522 sacerdoti,
3087 3474 3210 3512 cum
3251 3458 3516 3516 similibus
3547 3477 3559 3511 :
3605 3468 3663 3512 et

2075 3553 2349 3616 insiluisti,
2378 3553 2504 3606 dum
2543 3566 2648 3606 non
2689 3559 2834 3606 esset
2865 3549 3065 3620 justus,
3094 3549 3158 3602 ad
3186 3549 3366 3620 adyta,
3395 3556 3449 3602 et
3474 3558 3659 3604 sancta

2073 3655 2384 3699 sanctorum
2428 3641 2774 3714 prohibuisti,
2817 3649 2872 3696 et
2911 3640 3104 3695 scribis
3147 3639 3320 3704 nobis,
3361 3639 3487 3708 quia
3519 3638 3660 3691 futu-

2075 3750 2194 3788 rum
2239 3741 2384 3787 esset
2427 3745 2775 3802 corrumpere
2817 3743 3012 3794 saera,
3059 3728 3280 3797 provide
3323 3726 3556 3792 salvavi,
3603 3735 3660 3780 et

2073 3824 2250 3878 adhuc
2275 3824 2698 3878 incontaminata
2727 3821 2993 3876 custodio.
3041 3817 3194 3874 Nunc
3224 3819 3388 3888 igitur
3417 3817 3657 3872 ausculta

2073 3912 2274 3964 nostris
2305 3927 2317 3964 :
2347 3912 2618 3980 corrigere
2653 3909 2984 3962 sacerdotem
3009 3907 3107 3958 sub
3132 3915 3181 3960 te
3203 3905 3656 3980 ministrantibus,

2071 4009 2166 4054 aut
2193 4015 2362 4067 aeque
2387 3996 2697 4067 potentibus
2739 3995 2833 4048 tibi
2879 3993 3093 4046 famulis
3117 3991 3518 4059 corrigendum,
3545 3991 3650 4044 etsi

2072 4091 2234 4160 impie
2255 4105 2414 4160 agere
2435 4090 2490 4142 in
2515 4087 2694 4142 divina
2719 4088 2986 4148 videatur,
3013 4094 3068 4140 et
3091 4084 3136 4138 si
3161 4082 3305 4136 aliud
3336 4081 3460 4150 quid
3486 4081 3656 4134 inter-

2071 4184 2336 4238 dictorum
2360 4181 2716 4251 redarguatur
2745 4193 2928 4249 agens.
2963 4177 3017 4231 Si
3041 4177 3183 4229 enim
3215 4175 3461 4228 inornata
3489 4183 3544 4227 et
3574 4173 3656 4228 in-

2071 4271 2460 4340 consequentia
2477 4269 2932 4324 divinissimorun't
2951 4275 3096 4328 sunt,
3113 4273 3166 4319 et
3183 4263 3374 4316 ﬁnibus
3387 4261 3658 4332 ctlegibus

2069 4363 2317 4433 expellis,
2341 4377 2446 4416 non
2481 4361 2642 4416 habet
2679 4359 2941 4414 rationem
2980 4371 3078 4426 pro
3113 4355 3244 4419 Deo,
3267 4353 3376 4407 Deo
3403 4351 3654 4404 traditam

399 4461 694 4514 clementer
717 4466 1022 4514 evocantes.
1055 4455 1164 4512 Sed
1192 4456 1440 4526 superius
1465 4456 1832 4524 respiciemus,
1863 4473 1968 4512 non
1999 4454 2047 4512 D
2074 4452 2310 4508 subverti
2346 4449 2761 4504 ordinationem.
2813 4443 2928 4500 Non
2964 4445 3108 4498 enim
3149 4443 3201 4496 in
3242 4441 3478 4508 seipsum
3515 4439 3654 4492 Deus

399 4549 638 4605 virorum
659 4565 936 4606 sacrorum
957 4550 1288 4610 honestatos,
1313 4563 1416 4602 non
1439 4549 1792 4606 humanorum
1813 4564 1975 4620 ange-

400 4641 570 4696 lorum
586 4641 882 4700 bonitatem
893 4641 1264 4704 enunciantes,
1279 4641 1690 4710 propiciantinm
1704 4643 1971 4708 gentibus,

397 4742 454 4787 et
484 4732 886 4788 obsecrantium
923 4747 1026 4802 pro
1065 4733 1148 4788 eis
1188 4733 1374 4795 Deum,
1413 4742 1469 4787 et
1499 4733 1726 4803 perditis
1753 4741 1808 4787 et
1835 4733 1974 4788 male

400 4823 686 4889 agentibus
727 4823 1174 4880 eomminantium
1223 4824 1696 4892 multitudinibus,
1750 4833 1804 4880 et
1843 4825 1972 4881 eon-

403 4909 734 4966 tristantium
771 4912 988 4982 quidem
1023 4915 1090 4969 de
1129 4913 1304 4978 malis,
1331 4912 1640 4968 laetantium
1671 4931 1736 4968 an
1763 4928 1848 4969 em
1879 4929 1965 4970 sa-

2077 4542 2306 4612 partitus
2332 4547 2432 4596 est.
2469 4538 2747 4604 Quomodo
2775 4535 2916 4590 enim
2948 4534 3110 4589 stabit
3141 4546 3362 4602 regnum
3391 4529 3550 4598 eius?
3589 4527 3654 4581 Et

2074 4632 2119 4684 si
2155 4619 2246 4686 Dei
2275 4639 2393 4694 est,
2447 4638 2506 4682 ut
2530 4626 2742 4696 eloquia
2772 4625 2951 4690 aiunt,
2984 4621 3244 4693 judicium
3273 4617 3318 4684 ί,
3345 4617 3654 4672 sacerdotes

2076 4732 2254 4778 autem
2283 4719 2456 4790 angeli
2493 4727 2549 4774 et
2581 4718 2874 4788 prophetae
2913 4725 3034 4786 post
3070 4725 3308 4768 summos
3339 4709 3650 4763 sacerdotes

2077 4825 2204 4872 sunt
2235 4815 2542 4870 divinorum
2584 4810 2908 4880 iudiciorum
2938 4849 2952 4872 ,
3003 4808 3069 4862 ab
3117 4806 3202 4860 his
3239 4803 3416 4856 divina
3457 4815 3654 4856 conve-

2077 4908 2287 4962 nienter
2324 4905 2417 4960 tibi
2455 4920 2556 4974 per.
2583 4904 2787 4958 medios
2824 4901 3119 4966 ministros,
3160 4912 3281 4952 cum
3309 4895 3378 4949 sit
3418 4903 3649 4962 tempus,

1655 5021 1908 5074 VARIAE
1944 5017 2350 5074 LECTIONES.
3389 5069 3392 5072 .

485 5113 685 5168 IIndex
713 5119 984 5171 monacho.
1060 5121 1082 5148 ⁸
1109 5117 1150 5170 Ε
1176 5115 1394 5169 cultum.
1471 5113 1494 5145 ³
1531 5113 1618 5168 BH
1652 5113 1906 5168 tribuunt.
1981 5112 2004 5143 ‘
2043 5113 2134 5167 Sic
2159 5111 2242 5178 A;
2277 5109 2366 5170 BH
2400 5111 2628 5179 increpat
2657 5116 2712 5162 et
2745 5105 2890 5159 docet
2927 5102 3069 5157 bona
3106 5106 3160 5153 et
3183 5095 3455 5158 meliorat;
3487 5091 3531 5146 E
3570 5091 3651 5146 in-

401 5191 589 5254 crepat
611 5193 668 5238 et
689 5185 844 5240 docet
865 5186 1004 5241 bona
1031 5195 1086 5242 et
1117 5185 1440 5240 ntelioralur.

1881 5267 2128 5328 NOTAE.
2219 5289 2224 5294 ·

480 5385 506 5414 ι
543 5371 706 5440 Num,
730 5374 819 5436 XI,
848 5375 962 5430 XII.

477 5443 506 5482 ι)
544 5443 704 5497 Num.
737 5445 850 5506 XII,
882 5445 1044 5500 Josua
1066 5446 1107 5508 Ι,
1141 5444 1296 5498 Num.
1327 5444 1465 5500 XVI.

479 5513 740 5586 δι’-11ης.
795 5516 998 5580 XXIV,
1055 5515 1264 5586 XXVI,
1319 5517 1338 5569 I
1391 5517 1530 5586 Reg.
1583 5513 1716 5586 XIII,
1774 5513 1972 5586 Psalm.

405 5581 751 5652 LXXXVIII,
807 5587 974 5642 Exod.
1033 5585 1216 5650 XXIII,
1266 5581 1736 5652 GenestXVlll,
1785 5585 1981 5642 Genes.

2083 5371 2239 5436 XLII,
2269 5369 2451 5429 XLIII.
2483 5365 2660 5423 LXIV.

2152 5445 2178 5484 ἀ
2209 5443 2338 5496 Luc.
2369 5441 2483 5494 XV.

2159 5527 2182 5553 ε
2208 5493 2588 5578 animum.
2616 5512 2682 5578 v;
2717 5511 2848 5566 Luc.
2871 5504 2972 5580 vt;
3003 5501 3158 5580 {ttat};
3181 5493 3249 5580 x_.

2167 5552 2186 5622 i
3005 5552 3190 5634 XXX;
3223 5557 3448 5618 Malach.
3472 5552 3536 5609 II.
