4142 6296
544 321 684 376 1185

1929 313 2044 372 ,1οΑ
2054 313 2210 371 NNIS
2251 313 2447 375 SCOTI

3669 325 3833 383 H84

540 410 705 476 disce,
737 423 833 479 per
854 421 988 478 quos
1011 413 1066 460 et
1103 418 1224 459 esse
1245 402 1478 458 tantulus
1507 402 1667 474 digne
1703 402 1875 457 factus
1899 418 1978 457 es.
2004 405 2112 458 Aut
2139 413 2185 467 Α
2215 407 2451 476 quitatis.
2481 416 2664 476 .taque
2686 405 2859 472 nefas,
2877 417 2935 462 ut
2958 423 3111 464 sacra
3138 410 3348 482 eloquia
3370 412 3525 469 aiunt
3545 413 3602 485 δ,
3623 427 3839 473 sancta

542 498 802 567 numquid
826 504 882 550 et
908 509 1060 549 sacra
1090 493 1331 564 symbola
1360 494 1463 548 hoc
1485 491 1755 547 clamant?
1781 491 1995 545 Etenim
2016 506 2123 546 non

542 588 863 658 simpliciter
883 586 1136 640 omnibus
1172 585 1387 654 quidem
1414 583 1724 638 excitantur
1776 589 1960 635 sancta
2000 595 2129 635 san-

526 686 775 732 ctorum.
808 674 1161 744 Approximat
1208 682 1386 728 autem
1418 671 1590 741 magis
1644 671 1729 724 his
1775 684 1932 724 sacre
1959 668 2123 738 peril-

541 766 799 821 cientium
851 773 1112 829 ornatus,
1167 763 1357 816 deinde
1418 760 1760 815 sacerdotum
1793 759 2120 829 dispositio:

540 869 879 924 consequens
902 860 1082 909 autem
1113 853 1197 907 his
1220 852 1333 921 ipsa
1365 850 1788 905 ministrantium
1816 869 1829 903 :
1859 849 2124 906 ordinatis

541 960 722 1003 autem
776 947 993 1003 famulis
1041 953 1228 1016 portae
1282 944 1468 998 talium
1522 952 1648 999 sunt
1691 950 2028 1013 scgregatae,
2057 942 2126 996 ad

540 1052 678 1107 quas
705 1045 761 1091 et
804 1035 1177 1106 perﬁciuntur,
1205 1041 1259 1087 ct
1299 1032 1535 1097 adstant,
1569 1046 1674 1086 non
1711 1032 1779 1085 ad
1824 1030 2125 1085 custodiam

542 1142 754 1192 earum,
777 1125 875 1181 sed
902 1134 956 1181 et
980 1125 1047 1179 ad
1088 1122 1486 1179 ordinationem
1509 1131 1563 1176 et
1583 1121 1941 1191 cognitionem
1970 1133 2126 1175 suam

544 1216 717 1285 magis
760 1214 956 1285 populo
1021 1228 1182 1283 quam
1244 1210 1605 1267 sacerdotales
1660 1210 2122 1281 approximantes.

543 1304 675 1360 Inde
703 1304 1040 1359 sacerdotum
1078 1312 1267 1357 sancta
1321 1301 1590 1355 ordinatio
1625 1299 1939 1369 principalis
1985 1298 2125 1354 reci-

544 1410 675 1467 prre
717 1410 812 1451 eos
850 1410 1005 1450 sacre
1050 1395 1201 1464 ponit
1236 1393 1430 1449 divinis
1456 1431 1472 1456 ,
1518 1392 1637 1447 aliis
1661 1432 1675 1458 ,
1706 1391 1957 1447 videlicet
1987 1391 2126 1446 into-

546 1486 782 1541 rioribus
839 1486 992 1556 ipsis,
1046 1484 1319 1539 dationem
1367 1483 1582 1553 quidem
1631 1482 1871 1539 tradens.
1910 1483 2126 1538 Etenim

500 1631 506 1640 ,
543 1578 689 1632 circa
708 1576 947 1631 divinum
969 1574 1263 1647 symbolice
1277 1582 1701 1643 semperstantes
1724 1573 1919 1639 altare,
1943 1580 2129 1627 amant

494 1646 505 1677 ³
543 1673 601 1719 et
628 1666 852 1719 audiunt
881 1646 1064 1719 divina
1094 1664 1240 1720 clare
1271 1662 1354 1719 eis
1398 1664 1653 1728 revelata,
1685 1672 1741 1719 et
1774 1664 2126 1733 procedentes

545 1753 882 1809 deiformiter
909 1764 1035 1809 sunt
1066 1768 1205 1824 quae
1242 1755 1258 1785 ⁸
1302 1765 1457 1810 extra
1501 1754 1683 1809 divina
1717 1753 1830 1808 vela
1874 1751 2129 1820 subjectis

536 1843 788 1909 famulis,
814 1853 868 1899 et
897 1858 1053 1898 sacro
1094 1844 1307 1913 populo,
1344 1854 1399 1898 et
1428 1843 1669 1913 purgatis
1709 1842 1990 1897 ordinibus
2008 1856 2130 1896 ma-

546 1931 810 1986 nil'estant
861 1933 1151 1986 secundum
1181 1933 1501 2002 dignitatem
1527 1947 1683 1987 sacra
1720 1932 1857 1986 bene
1880 1931 2127 1986 inconta-

483 2083 487 2087 ,
550 2024 754 2078 minata
784 2025 1071 2088 custodita,
1101 2039 1270 2093 usque
1298 2026 1424 2079 dum
1456 2024 1737 2094 tyrannice
1760 2023 1839 2077 eis
1864 2022 2127 2089 insiliens,

551 2113 891 2183 triumphare
938 2112 1034 2167 tibi
1068 2121 1254 2167 sancta
1281 2122 1589 2167 sanctorum
1623 2111 1846 2181 coegisti
1870 2109 2126 2177 nolentia,

536 2211 602 2257 'et
628 2203 827 2258 habere
854 2202 1033 2273 inquis
1053 2216 1206 2257 sacra
1232 2211 1287 2257 et
1313 2201 1605 2257 custodire.
1630 2202 1697 2256 Et
1716 2200 1934 2270 quidem
1955 2213 2131 2269 neque

546 2289 751 2358 vidisti,
775 2304 950 2360 neque
971 2291 1191 2358 audisti,
1213 2300 1387 2361 neque
1409 2291 1576 2347 babes
1592 2291 1719 2360 quid
1746 2288 2130 2360 pertinentium

549 2382 619 2436 ad
675 2383 1005 2447 sacerdotes,
1037 2382 1178 2438 sicut
1230 2396 1408 2453 neque
1458 2381 1745 2436 veritatem
1793 2379 2132 2450 eloquium:

542 2472 873 2543 cognovisti,
906 2472 1146 2542 quotidie
1168 2473 1236 2526 ad
1262 2473 1396 2527 haec
1428 2473 1595 2527 verbo
1618 2484 1883 2542 pugnans,
1908 2469 2133 2525 subver-

552 2571 675 2618 tens
701 2564 994 2619 auditores.
1024 2563 1092 2618 Et
1115 2565 1162 2619 si
1187 2563 1407 2634 quidem
1429 2563 1605 2635 gentis
1624 2563 1988 2635 principatum
2009 2563 2132 2634 quis

550 2655 790 2710 obtinuit
819 2655 1125 2710 inordinate
1155 2655 1257 2710 sibi
1282 2666 1471 2710 contra
1508 2670 1713 2722 regem,
1737 2654 1885 2725 juste
1911 2655 2133 2726 punitus

528 2754 652 2801 est.
678 2745 747 2800 Et
771 2747 816 2801 si
840 2744 1142 2817 principem
1166 2744 1550 2815 justillcantem
1573 2746 1853 2816 quosdam,
1875 2756 1971 2801 aut
1998 2761 2130 2802 con-

534 2838 916 2903 demnantem,
932 2837 1154 2892 adstans
1164 2838 1289 2907 quis
1303 2839 1404 2892 sub
1424 2839 1540 2907 ipso
1555 2838 1929 2893 ordinaton
1946 2838 2132 2894 redar-

532 2940 713 2996 ‘guere
759 2941 922 2982 ausus
968 2927 1061 2993 sit,
1093 2928 1331 2982 nondum
1373 2927 1518 2981 enim
1551 2927 1672 2982 dico
1722 2928 2043 2992 detrahere,
2075 2936 2132 2984 et

536 3017 709 3071 simul
736 3032 805 3071 ex
834 3017 1138 3089 principatu
1169 3017 1441 3089 expellere
1466 3057 1482 3085 ,
1541 3027 1597 3073 tu
1637 3019 1798 3075 homo
1823 3020 1901 3075 sic
1952 3020 2129 3074 audax

2219 494 2365 549 ultra
2409 494 2724 565 dignitatem
2778 498 3046 566 persequi.
3096 498 3393 555 Attendere
3438 514 3574 558 vero
3620 514 3840 559 unum-

2221 597 2490 655 quemque
2514 584 2722 653 sibiipsi
2752 594 2987 654 oportet,
3014 594 3070 640 et
3098 601 3203 641 non
3240 587 3564 654 excelsiora,
3598 600 3653 646 et
3678 607 3826 662 pro-

2223 671 2467 727 lundiora
2519 688 2762 737 noscere,
2814 673 3114 745 intelligere
3157 690 3288 731 vero
3336 677 3451 732 sola
3508 682 3830 737 secundum

2221 760 2536 831 dignitatem
2582 763 2685 818 sibi
2735 763 3006 818 ordinata.
3044 764 3185 831 Quid
3224 778 3354 837 ergo
3372 767 3424 834 ⁴,
3452 768 3656 838 inquis,
3708 785 3828 826 non

2224 860 2441 920 oportet
2466 852 2776 907 sacerdotes
2809 851 2973 921 impie
2997 861 3239 921 agentes,
3268 864 3361 908 aut
3386 855 3531 910 aliud
3560 860 3694 927 quid
3729 859 3827 925 in-

2221 939 2592 993 ordinatorum
2666 939 3067 1009 redarguendos
3120 942 3320 1012 corrigi
3368 960 3382 996 :
3438 944 3571 1000 solis
3630 954 3830 1001 autem.

2222 1025 2427 1082 licitum
2451 1029 2559 1083 erit
2596 1027 2846 1097 gloriosis
2877 1029 2931 1083 in
2982 1029 3123 1100 lege,
3154 1044 3253 1099 per
3281 1034 3825 1102 praevaricationem

2222 1116 2357 1186 legis
2407 1116 2579 1172 Deum
2626 1117 2992 1173 dehonorare‘!
3043 1119 3111 1175 Et
3156 1122 3429 1189 quomodo
3498 1125 3827 1180 sacerdotes

2223 1207 2656 1264 manifestatores
2702 1216 2829 1263 sunt
2862 1206 2995 1263 Dei?
3024 1208 3304 1276 Quomodo
3332 1214 3669 1270 annunciant
3721 1230 3826 1284 po-

2223 1298 2351 1372 pulo
2397 1298 2609 1354 divinas
2638 1300 2890 1365 virtutes,
2922 1314 3030 1354 non
3076 1310 3466 1371 cognoscentes
3508 1317 3665 1358 suam
3710 1306 3827 1359 vir-

2227 1391 2432 1447 tutem?
2449 1392 2559 1447 Aut
2576 1391 2844 1460 quomodo
2876 1390 3178 1446 illuminant
3200 1391 3476 1448 o‘bscurati
3490 1395 3516 1448 ?
3530 1393 3826 1461 Quomodo

2225 1486 2403 1533 autem
2433 1477 2645 1533 divinos
2674 1478 2889 1532 tradent
2913 1479 3135 1548 spiritus
3174 1480 3217 1546 ⁸,
3264 1496 3442 1551 neque
3476 1484 3522 1538 si
3559 1494 3645 1539 est
3692 1483 3827 1555 Spi-

2225 1577 2362 1624 ritus
2412 1577 2651 1632 sanctus,
2699 1567 2889 1622 habitu
2943 1576 3001 1624 et
3047 1568 3275 1624 veritate
3328 1572 3652 1627 credentes?
3701 1574 3826 1644 Ego

2226 1668 2407 1715 antem
2439 1659 2724 1716 defendam
2759 1668 2812 1714 te
2864 1660 2933 1715 ad
2989 1660 3142 1716 haec.
3181 1661 3397 1717 Etenim
3425 1676 3532 1718 non
3564 1665 3824 1720 inimicus

2157 1732 2206 1794 Β
2230 1748 2600 1820 Demophilus,
2631 1764 2806 1819 neque
2832 1750 3014 1820 patiar
3062 1760 3116 1805 te
3147 1753 3360 1822 percuti
3414 1753 3637 1810 Satana.
3675 1755 3822 1810 Nam

2229 1849 2285 1897 et
2336 1854 2689 1910 unaquaeque
2733 1840 2879 1896 circa
2931 1840 3100 1895 Deum
3148 1841 3440 1910 dispositio
3494 1843 3821 1900 deiformior

2230 1933 2405 2004 magis
2435 1933 2670 1988 distante
2699 1938 2804 1999 est,
2833 1940 2890 1986 et
2918 1931 3306 1987 illuminantior
3338 1933 3494 1988 simul
3524 1944 3581 1989 et
3609 1935 3822 1988 illumi-

2229 2023 2445 2078 natior:
2476 2020 2647 2091 magis
2675 2034 2806 2075 vero
2833 2020 3023 2075 lumini
3049 2021 3371 2090 proximior,
3398 2030 3452 2076 et
3478 2037 3583 2077 non
3626 2022 3823 2078 locali-

2231 2119 2316 2167 ter
2340 2111 2639 2181 excipiens,
2668 2109 2764 2166 sed
2801 2109 3097 2165 secundum
3144 2108 3239 2163 Dei
3270 2111 3608 2179 reccptriccm
3634 2125 3816 2179 apor—

2232 2202 2572 2258 tunissimam
2620 2199 3042 2269 proximitatem.
3077 2197 3135 2252 Si
3166 2198 3325 2268 igitur
3348 2201 3679 2253 sacerdotum
3712 2206 3814 2255 est

2232 2292 2513 2362 dispositio
2542 2289 2915 2355 illuminatrix,
2942 2287 3164 2342 omnino
3190 2288 3383 2347 decidit
3402 2287 3425 2322 ⁸
3446 2302 3511 2342 ex
3539 2291 3817 2343 sacerdo-

2232 2383 2333 2439 tali
2356 2382 2546 2437 ordinc
2586 2388 2643 2435 et
2690 2380 2911 2445 virtute,
2939 2378 3029 2448 qui
3060 2393 3169 2432 non
3200 2387 3285 2433 est
3327 2378 3678 2444 illuminator,
3717 2388 3823 2432 aut

2218 2475 2325 2531 -ubi
2355 2473 2526 2543 magis
2564 2487 2671 2528 non
2715 2470 3063 2525 illuminatus.
3104 2468 3172 2524 Et
3218 2470 3391 2524 audax
3434 2469 3567 2523 mihi
3606 2470 3819 2522 videtur

2234 2565 2535 2633 ierarchica
2606 2562 2729 2619 talis
2799 2569 3035 2625 tentaus,
3088 2569 3145 2614 et
3186 2575 3363 2628 neque
3412 2559 3604 2617 metuit
3640 2576 3818 2628 neque

2232 2655 2502 2711 erubescu
2528 2652 2707 2709 divina
2737 2651 2876 2706 ultra
2904 2650 3217 2722 dignitatem
3247 2663 3601 2720 persequens,
3634 2660 3690 2704 et
3713 2666 3806 2702 ar-

2238 2748 2449 2804 bitrans
2479 2746 2648 2800 Deum
2674 2745 2941 2816 ignorare,
2974 2757 3113 2812 quae
3149 2742 3364 2811 quidem
3395 2742 3511 2812 ipse
3558 2758 3589 2795 a
3637 2741 3814 2810 seipso

2230 2838 2503 2910 cognovit,
2531 2844 2587 2892 et
2614 2837 2873 2890 seducere
2894 2833 3205 2888 arbitrando
3237 2830 3497 2887 falsivoce
3539 2846 3570 2884 a
3616 2846 3674 2886 se
3703 2831 3811 2885 Pa-

2232 2936 2373 2984 trem
2396 2936 2670 2992 vocatum,
2696 2933 2754 2980 et
2789 2924 2951 2978 audet
2984 2921 3217 2992 pollutas
3248 2936 3377 2976 suas
3420 2920 3809 2990 blasphemiae,

2233 3035 2343 3075 non
2395 3019 2542 3073 enim
2586 3017 2824 3072 dicerem
2871 3015 3174 3075 orationes,
3224 3012 3280 3066 in
3340 3011 3522 3066 divina
3568 3010 3815 3082 symbola

549 3095 610 3159 es
635 3116 823 3161 contra
873 3116 1214 3163 mansuetum
1242 3116 1300 3164 et
1322 3109 1608 3177 optimum,
1647 3109 2127 3164 et‘bierarchicam
2156 3094 2200 3157 Ο
2232 3107 2681 3166 Cbristil'ormiter
2717 3118 3058 3176 superorare.
3108 3101 3224 3157 Non
3252 3110 3338 3157 est
3377 3102 3492 3171 ipse
3535 3101 3814 3165 Sacerdm.

540 3194 669 3263 ejus
695 3196 1187 3267 IegislationemiEt
1206 3198 1343 3255 haec
1360 3200 1806 3270 oportuitdicere,
1828 3214 1952 3255 cum
1971 3215 2134 3271 super

557 3287 878 3357 dignitatem
903 3288 1027 3358 quis
1077 3298 1311 3354 tentans,
1350 3298 1529 3343 tamen
1562 3290 1935 3345 convenientia
1972 3305 2133 3360 agere

548 3378 858 3434 videbatur.
888 3379 1101 3435 Etenim
1125 3396 1300 3451 neque
1321 3382 1424 3436 hoc
1444 3382 1649 3436 licitum
1676 3382 1788 3436 ulli.
1818 3382 1957 3450 Quid
1985 3385 2131 3439 enim

528 3468 917 3526 "inordinatum
936 3471 1098 3527 Ozias
1121 3471 1369 3537 faciebat,
1394 3471 1614 3527 adolens
1628 3474 1771 3527 Deo?
1791 3474 1929 3539 Quid
1948 3483 2129 3530 autem

551 3557 682 3613 Saul
698 3558 1003 3615 immolatis.
1022 3559 1229 3626 Quidve
1250 3561 1512 3631 tyrannici
1534 3562 1823 3616 daemones
1839 3577 1962 3617 vere
1978 3563 2129 3617 theo-

530 3647 797 3718 ‘logantes
838 3646 1069 3702 Jesum?
1118 3649 1226 3704 Sed
1272 3650 1592 3704 interdictas
1639 3651 1906 3721 theologia
1955 3654 2131 3707 omnis

550 3747 845 3793 extraneus
875 3737 1252 3808 episcopus,et
1266 3740 1633 3809 unusquisque
1650 3741 1702 3795 in
1721 3742 1912 3797 ordine
1953 3743 2133 3798 minis-

550 3826 801 3881 trationis
825 3842 958 3883 suae
979 3826 1102 3896 erit,
1124 3837 1179 3883 et
1198 3829 1346 3884 solus
1356 3844 1596 3885 summus
1611 3832 1862 3886 sacerdos
1882 3832 1934 3886 in
1946 3843 2131 3888 sancta

550 3919 860 3973 sanctorum
884 3919 1183 3986 intrabata,
1204 3928 1260 3975 et
1283 3919 1449 3974 semel
1469 3920 1522 3974 in
1543 3934 1703 3976 anno.
1719 3921 1899 3977 Etltoc
1913 3922 1965 3977 in
1985 3926 2129 3979 omni

551 4009 847 4064 'secundum
875 4007 1046 4079 legem
1073 4011 1370 4067 ierarchica
1391 4003 1627 4082 ~purifica
1638 4013 1801 4067 tione.
1841 4014 1908 4067 Et
1941 4028 2127 4069 sacer-

551 4101 704 4157 dotes
724 4101 1202 4172 eircumprcndunt
1220 4113 1431 4167 sancta,
1445 4111 1500 4157 et
1517 4102 1734 4157 Levitae
1752 4118 1856 4158 non
1881 4106 2130 4174 tangent“

528 4192 761 4256 'sancta,
791 4200 849 4247 ut
879 4207 984 4247 non
1016 4193 1335 4247 moriantur.
1373 4191 1443 4246 Et
1469 4193 1640 4247 iratus
1675 4202 1762 4247 est
1801 4192 1983 4248 furore
2022 4195 2128 4249 Do-

532 4283 732 4339 'minus
751 4296 914 4353 super
936 4285 1204 4354 protei-via
1225 4282 1410 4348 Oziae,
1426 4293 1480 4338 et
1498 4284 1665 4337 Maria
1692 4284 1835 4352 lepra
1856 4300 2127 4353 percussa,

549 4376 846 4449 lcgislatori
879 4376 1049 4447 legem
1082 4390 1282 4444 ponere
1312 4383 1544 4440 tcutans,
1580 4383 1647 4428 et~
1674 4375 1728 4428 in
1756 4382 1911 4431 Σκιῦα
1942 4376 1963 4407 ³
1992 4376 2128 4432 (ilics

550 4460 809 4524 insiluere
836 4465 1139 4522 daemonia.
1158 4464 1388 4520 Et:N'on
1417 4465 1694 4519 mittebam
1720 4479 1830 4529 eos,
1860 4465 2055 4536 inquit,
2077 4476 2131 4521 et

552 4559 654 4628 ipsi
683 4557 975 4613 currebant
1006 4571 1021 4611 ξ
1050 4564 1104 4609 et
1130 4568 1235 4609 non
1263 4554 1522 4624 loquebar
1553 4554 1619 4608 ad
1647 4560 1763 4620 eos,
1792 4563 1847 4610 et
1873 4555 1973 4626 ipsi
2006 4570 2133 4625 pre-

534 4642 846 4719 ‘phetabant
876 4662 890 4699 :
926 4655 983 4701 et
1013 4646 1211 4714 impius
1236 4645 1527 4699 immolatis
1556 4645 1687 4699 mihi
1721 4646 1969 4713 vitulum,
1994 4649 2134 4703 sicut

549 4738 803 4793 occidens
823 4751 1032 4791 canem.
1063 4736 1128 4790 Et
1149 4735 1466 4804 simpliciter
1492 4736 1776 4792 dicendum
1820 4758 1834 4792 :
1864 4737 1979 4793 Non
2008 4754 2129 4794 sus-

552 4828 688 4882 tinet
728 4827 942 4896 iniquos
978 4826 1217 4897 perfecta
1248 4825 1344 4881 Dei
1363 4826 1591 4897 justitia.
1616 4828 1927 4884 Dicentibus
1953 4841 2133 4885 autem

552 4917 685 4987 ipsis
735 4934 749 4971 :
809 4915 867 4971 ln
917 4917 1136 4972 nomine
1199 4925 1291 4971 tuo
1336 4917 1567 4974 virtutes
1615 4918 1811 4975 multas
1873 4917 2123 4985 fecimus,

551 5008 904 5082 respondetur
936 5029 948 5066 :
981 5009 1173 5076 Nescio
1204 5027 1322 5078 vos,
1353 5010 1429 5067 ite
1449 5025 1638 5067 omnes
1672 5020 1984 5081 operatores
2024 5013 2127 5068 ini-

2236 3220 2343 3261 non
2371 3213 2472 3272 est,
2504 3202 2599 3260 sed
2652 3200 2924 3266 inimicus,
2978 3197 3213 3262 dolosas,
3251 3196 3439 3251 illusor
3480 3196 3707 3260 suimet,
3754 3203 3814 3249 et

2234 3298 2388 3367 lupus
2417 3297 2472 3351 in
2508 3294 2744 3349 divinam
2772 3290 3007 3361 plebem,
3037 3289 3195 3343 ovina
3225 3286 3364 3356 pelle
3402 3296 3665 3340 armatus.
3704 3285 3809 3340 Sed

2234 3402 2340 3442 non
2380 3383 2696 3453 Demophilo
2745 3382 2879 3436 haec
2919 3378 3125 3447 justum
3172 3378 3464 3447 corrigere.
3517 3376 3637 3431 Non
3663 3376 3804 3430 enim

2234 3473 2726 3546 theologia'injustc
2752 3470 3168 3541 justiﬁcationes
3185 3468 3339 3537 jubet
3363 3469 3616 3538 persequi
3649 3482 3695 3520 ε.
3719 3466 3810 3521 Ju-

2232 3579 2314 3625 sta
2361 3577 2539 3622 autem
2570 3573 2653 3620 est
2694 3562 2968 3634 persequi,
3005 3575 3130 3616 eum
3170 3559 3497 3615 distribuere
3530 3558 3645 3613 vult
3691 3559 3811 3627 quis

2231 3659 2520 3727 unicuique
2558 3655 2852 3711 secundum
2880 3650 3381 3724 dignitatem,juste
3423 3652 3527 3706 hoc
3563 3650 3811 3705 clunibus

2230 3747 2678 3821 persequendum,
2725 3759 2832 3799 non
2882 3743 3021 3799 ultra
3069 3756 3257 3797 eorum
3294 3742 3636 3811 dignitatem.
3670 3738 3809 3806 Quo-

2232 3844 2375 3896 niam
2406 3848 2461 3895 et
2488 3838 2692 3909 angelis
2715 3837 2917 3908 justum
2948 3836 3218 3899 distribui,
3241 3835 3384 3904 quod
3412 3833 3707 3888 secundum
3735 3833 3812 3886 di-

2216 3932 2488 4003 gnitatem
2521 3938 2577 3984 et
2615 3927 2956 3983 distribuitur
2975 3928 3019 3979 ⁷.
3050 3926 3429 3980 Verumtamen
3455 3939 3563 3978 non
3587 3940 3618 3978 a
3637 3923 3808 3987 nobis,

2232 4039 2266 4079 ο
2296 4021 2632 4091 Demophilo,
2658 4033 2754 4089 per
2800 4018 2945 4087 ipsos
2966 4026 3145 4070 autem
3173 4016 3329 4071 nobis
3349 4032 3417 4071 ex
3441 4015 3575 4080 Deo,
3600 4024 3656 4069 et
3682 4014 3809 4084 ipsis

2232 4131 2328 4187 per
2353 4115 2464 4186 jam
2494 4112 2885 4184 praecellentes
2913 4109 3148 4179 angelos.
3180 4109 3248 4163 Et
3270 4108 3592 4178 simpliciter
3631 4108 3807 4163 dicen-

2232 4208 2380 4270 dum,
2412 4204 2464 4258 in
2498 4201 2746 4257 omnibus
2797 4200 3153 4254 existentibus
3199 4212 3298 4268 per
3345 4198 3519 4266 prima
3563 4196 3809 4251 secundis

2232 4294 2645 4354 distribuuntur,
2692 4304 2830 4359 quae
2880 4297 3006 4343 sunt
3038 4289 3336 4342 secundum
3384 4287 3697 4357 dignitatem
3740 4286 3804 4338 ab

2229 4384 2468 4439 omnium
2490 4379 2886 4435 ordinatissima
2911 4386 2966 4434 et
2984 4376 3279 4445 justissima
3304 4376 3661 4445 providentia.
3710 4373 3803 4443 Ipsi

2232 4475 2447 4545 quidem
2471 4486 2600 4542 ergo
2626 4480 2681 4525 et
2706 4470 2828 4525 aliis
2854 4471 3147 4524 subsistere
3167 4485 3197 4522 a
3222 4468 3332 4522 Deo
3349 4469 3605 4533 ordinati,
3634 4468 3806 4521 distri-

2236 4566 2407 4621 buunt
2429 4570 2551 4631 post
2571 4575 2654 4624 se,
2677 4568 2732 4613 et
2756 4558 3132 4613 obedientibus
3161 4556 3454 4611 secundum
3476 4556 3801 4627 dignitatem.

2235 4651 2578 4721 Demophilus
2600 4659 2776 4704 autem
2804 4650 2993 4713 verbo,
3024 4656 3080 4702 et
3107 4646 3313 4714 furore,
3342 4656 3401 4700 et
3426 4646 3796 4712 concupiscen-

2238 4746 2332 4809 tia,
2361 4758 2499 4813 quae
2529 4749 2655 4795 sunt
2680 4736 2975 4793 secundum
3005 4736 3340 4806 dignitatem,
3371 4742 3628 4805 segreget,
3653 4740 3706 4784 et
3730 4746 3796 4783 ne

2237 4833 2493 4902 injuriam
2536 4844 2670 4885 suae
2712 4827 2879 4882 faciat
2920 4825 3285 4889 ordinationi,
3331 4826 3425 4881 sed
3476 4820 3801 4892 principetur

2229 4920 2485 4989 subjectis
2525 4916 2773 4987 superins
2820 4915 3060 4970 verbum.
3110 4914 3323 4969 Etenim
3364 4914 3415 4972 in
3459 4910 3686 4967 ecclesia
3727 4926 3799 4963 vt-

2232 5015 2421 5068 dentes
2445 5024 2662 5065 servum
2708 5008 2945 5073 domino,
2977 5005 3266 5077 etseniori
3306 5004 3597 5076 juniorem,
3637 5009 3730 5055 aut
3757 5017 3814 5055 c:

1829 5143 2085 5202 VARIAE
2121 5143 2519 5206 LECTIONES.

622 5256 640 5287 ¹
680 5252 770 5310 Sic
797 5253 989 5320 codd.;
1025 5253 1065 5306 A
1091 5254 1238 5324 adeo
1266 5264 1568 5324 quaecum.
1605 5322 1614 5324 4
1647 5253 1666 5283 ³
1703 5252 1789 5306 BH
1818 5262 2060 5324 tangunt,
2136 5258 2156 5289 ³
2198 5256 2327 5315 BEH
2357 5254 2531 5324 keyae.

2610 5251 2632 5282 ⁸
2671 5250 2756 5305 ΒΕ
2780 5265 2920 5305 vero.
2997 5250 3018 5280 "
3054 5248 3100 5302 A
3139 5249 3313 5302 divino
3349 5247 3565 5303 tradent
3601 5244 3801 5313 spiritu.

553 5322 578 5356 ⁸
604 5324 690 5379 ΒΗ
729 5324 955 5378 άεείάαι·
1030 5324 1050 5355 ⁷
1089 5322 1223 5376 ΑΒΗ
1245 5339 1259 5387 ;
1279 5319 1343 5376 Ἐ
1371 5322 1619 5414 ἀίεινξιιιιί
1645 5334 1692 5376 ει
1724 5319 1985 5392 σευνεθὰνὶ
2012 5328 2153 5395 quod
2182 5319 2476 5382 secundum
2512 5322 2826 5393 dignitatem
2850 5328 2906 5374 et
2929 5319 3268 5391 distribuitur
3295 5328 3344 5372 et
3379 5327 3702 5390 segregatur.

1054 5440 1061 5443 ⁷
1260 5430 1263 5431 ν
2059 5434 2312 5492 NOTAE.

579 5557 651 5638 ..ιδ
674 5541 912 5638 ’ὲζὲιὲπί-
927 5536 1025 5638 25V
1040 5509 1506 5638 ξιὲέῖίίῑςτξίὶίῐὲέ.
1524 5542 1541 5595 ι
1558 5541 1687 5638 ita
1704 5540 1821 5598 X'"
1841 5560 1855 5610 ς
1879 5543 2040 5602 Mm
2070 5547 2112 5616 ι»

553 5610 648 5669 IlI;
686 5603 1011 5669 λοΙωίΧΙΙΙ,
1040 5603 1200 5663 Hebr.
1230 5610 1329 5670 IX;
1361 5603 1530 5665 Levii.
1571 5609 1588 5664 I
1621 5603 1701 5665 VI.
1843 5603 1853 5610 ’
2098 5603 2112 5616 ’

627 5680 656 5717 υ
691 5677 1025 5743 chit.X\'I;
1069 5679 1225 5733 Ilebr.
1261 5679 1350 5745 IX;
1383 5680 1420 5732 II
1455 5680 1577 5734 Par.
1610 5680 1806 5748 XXVI;
1834 5684 2116 5751 Ntt.:t.Xll,

2226 5550 2340 5602 Act.
2367 5547 2517 5613 XIX;
2548 5547 2655 5603 ,ιι-ν.
2676 5545 2873 5613 XXIII;
2903 5546 3060 5603 Ezec.
3086 5546 3231 5613 XIII;
3255 5545 3376 5601 lsai.
3403 5542 3594 5611 LXVI;
3620 5544 3804 5602 Matth.

2232 5619 2312 5672 VII
2341 5636 2353 5683 ;
2382 5618 2509 5672 Luc.
2555 5617 2685 5670 XIII.

2303 5704 2322 5723 “
2375 5692 2522 5742 Ilt‘ill.
2551 5689 2685 5743 XVI.
