  <div class='ocr_page' id='page_1' title='image "/cluster/home/n/w/nwhite01/storage/ocr_20150623/122/pst.000018028355/630.png"; bbox 0 0 4142 6296; ppageno 0'>
   <div class='ocr_carea' id='block_1_1' title="bbox 338 272 480 332">
    <p class='ocr_par' dir='ltr' id='par_1_1' title="bbox 338 272 480 332">
     <span class='ocr_line' id='line_1_1' title="bbox 338 272 480 332; baseline -0.014 -4"><span class='ocrx_word' id='word_1_1' title='bbox 338 273 366 328; x_wconf 68' lang='grc' dir='ltr'><strong>Ι</strong></span> <span class='ocrx_word' id='word_1_2' title='bbox 377 272 480 332; x_wconf 76' lang='grc'><strong>185</strong></span> 
     </span>
    </p>
   </div>
   <div class='ocr_carea' id='block_1_2' title="bbox 1193 257 2735 322">
    <p class='ocr_par' dir='ltr' id='par_1_2' title="bbox 1193 257 2735 322">
     <span class='ocr_line' id='line_1_2' title="bbox 1193 257 2735 322; baseline -0.006 -1"><span class='ocrx_word' id='word_1_3' title='bbox 1193 261 1442 322; x_wconf 79' lang='lat' dir='ltr'><strong>VERSIO</strong></span> <span class='ocrx_word' id='word_1_4' title='bbox 1477 261 1762 319; x_wconf 76' lang='lat' dir='ltr'><strong>OPERUM</strong></span> <span class='ocrx_word' id='word_1_5' title='bbox 1800 259 2200 322; x_wconf 70' lang='lat' dir='ltr'><strong>S..DIONVSII</strong></span> <span class='ocrx_word' id='word_1_6' title='bbox 2234 289 2302 300; x_wconf 95' lang='lat'><strong><em>—</em></strong></span> <span class='ocrx_word' id='word_1_7' title='bbox 2332 257 2735 315; x_wconf 80' lang='lat' dir='ltr'><strong>EPISTOLAE.</strong></span> 
     </span>
    </p>
   </div>
   <div class='ocr_carea' id='block_1_3' title="bbox 3497 257 3632 313">
    <p class='ocr_par' dir='ltr' id='par_1_3' title="bbox 3497 257 3632 313">
     <span class='ocr_line' id='line_1_3' title="bbox 3497 257 3632 313; baseline 0.007 -1"><span class='ocrx_word' id='word_1_8' title='bbox 3497 257 3632 313; x_wconf 79' lang='grc'><strong>1186</strong></span> 
     </span>
    </p>
   </div>
   <div class='ocr_carea' id='block_1_4' title="bbox 334 347 3632 436">
    <p class='ocr_par' dir='ltr' id='par_1_4' title="bbox 334 347 3632 436">
     <span class='ocr_line' id='line_1_4' title="bbox 334 347 3632 436; baseline -0.005 -13"><span class='ocrx_word' id='word_1_9' title='bbox 334 367 511 423; x_wconf 81' lang='lat' dir='ltr'><strong>ﬁlium</strong></span> <span class='ocrx_word' id='word_1_10' title='bbox 553 364 698 436; x_wconf 88' lang='lat' dir='ltr'><strong>patri</strong></span> <span class='ocrx_word' id='word_1_11' title='bbox 749 359 1160 418; x_wconf 88' lang='lat' dir='ltr'><strong>maledicentem</strong></span> <span class='ocrx_word' id='word_1_12' title='bbox 1203 359 1365 414; x_wconf 90' lang='lat' dir='ltr'><strong>simul</strong></span> <span class='ocrx_word' id='word_1_13' title='bbox 1417 366 1472 412; x_wconf 91' lang='lat' dir='ltr'><strong>et</strong></span> <span class='ocrx_word' id='word_1_14' title='bbox 1507 364 1842 427; x_wconf 76' lang='lat' dir='ltr'><strong>sequentem,</strong></span> <span class='ocrx_word' id='word_1_15' title='bbox 1885 364 1941 412; x_wconf 91' lang='lat' dir='ltr'><strong>et</strong></span> <span class='ocrx_word' id='word_1_16' title='bbox 1969 365 2018 422; x_wconf 78' lang='grc' dir='ltr'><strong>Α</strong></span> <span class='ocrx_word' id='word_1_17' title='bbox 2044 354 2224 423; x_wconf 86' lang='lat' dir='ltr'><strong>seipse</strong></span> <span class='ocrx_word' id='word_1_18' title='bbox 2261 351 2570 407; x_wconf 76' lang='lat' dir='ltr'><strong>dilecuionis</strong></span> <span class='ocrx_word' id='word_1_19' title='bbox 2605 349 2970 406; x_wconf 87' lang='lat' dir='ltr'><strong>ostensionem</strong></span> <span class='ocrx_word' id='word_1_20' title='bbox 3014 347 3148 404; x_wconf 90' lang='lat' dir='ltr'><strong>facit</strong></span> <span class='ocrx_word' id='word_1_21' title='bbox 3186 347 3366 434; x_wconf 82' lang='lat' dir='ltr'><strong>ovium</strong></span> <span class='ocrx_word' id='word_1_22' title='bbox 3396 349 3632 406; x_wconf 88' lang='lat' dir='ltr'><strong>clemen-</strong></span> 
     </span>
    </p>
   </div>
   <div class='ocr_carea' id='block_1_5' title="bbox 337 445 1930 530">
    <p class='ocr_par' dir='ltr' id='par_1_5' title="bbox 337 445 1930 530">
     <span class='ocr_line' id='line_1_5' title="bbox 337 445 1930 530; baseline -0.007 -18"><span class='ocrx_word' id='word_1_23' title='bbox 337 457 528 530; x_wconf 83' lang='lat' dir='ltr'><strong>plagas</strong></span> <span class='ocrx_word' id='word_1_24' title='bbox 558 463 1034 526; x_wconf 87' lang='lat' dir='ltr'><strong>superponentem,</strong></span> <span class='ocrx_word' id='word_1_25' title='bbox 1059 451 1221 520; x_wconf 80' lang='lat' dir='ltr'><strong>impie</strong></span> <span class='ocrx_word' id='word_1_26' title='bbox 1247 463 1408 518; x_wconf 77' lang='lat' dir='ltr'><strong>agere</strong></span> <span class='ocrx_word' id='word_1_27' title='bbox 1453 453 1794 518; x_wconf 88' lang='lat' dir='ltr'><strong>putaremur,</strong></span> <span class='ocrx_word' id='word_1_28' title='bbox 1823 445 1930 501; x_wconf 82' lang='lat' dir='ltr'><strong>nisi</strong></span> 
     </span>
    </p>
   </div>
   <div class='ocr_carea' id='block_1_6' title="bbox 333 539 1934 611">
    <p class='ocr_par' dir='ltr' id='par_1_6' title="bbox 333 539 1934 611">
     <span class='ocr_line' id='line_1_6' title="bbox 333 539 1934 611; baseline -0.007 -5"><span class='ocrx_word' id='word_1_29' title='bbox 333 551 654 606; x_wconf 84' lang='lat' dir='ltr'><strong>melioribus</strong></span> <span class='ocrx_word' id='word_1_30' title='bbox 709 555 1057 602; x_wconf 87' lang='lat' dir='ltr'><strong>accurrentes</strong></span> <span class='ocrx_word' id='word_1_31' title='bbox 1113 541 1505 610; x_wconf 86' lang='lat' dir='ltr'><strong>adjuvissemus</strong></span> <span class='ocrx_word' id='word_1_32' title='bbox 1547 557 1560 598; x_wconf 92' lang='lat'><strong>:</strong></span> <span class='ocrx_word' id='word_1_33' title='bbox 1612 549 1666 594; x_wconf 92' lang='lat' dir='ltr'><strong>et</strong></span> <span class='ocrx_word' id='word_1_34' title='bbox 1713 539 1934 611; x_wconf 79' lang='lat' dir='ltr'><strong>quidem</strong></span> 
     </span>
    </p>
   </div>
   <div class='ocr_carea' id='block_1_7' title="bbox 336 633 1932 707">
    <p class='ocr_par' dir='ltr' id='par_1_7' title="bbox 336 633 1932 707">
     <span class='ocr_line' id='line_1_7' title="bbox 336 633 1932 707; baseline -0.004 -12"><span class='ocrx_word' id='word_1_35' title='bbox 336 633 470 696; x_wconf 72' lang='lat' dir='ltr'><strong>sane</strong></span> <span class='ocrx_word' id='word_1_36' title='bbox 497 641 572 695; x_wconf 91' lang='lat' dir='ltr'><strong>illi</strong></span> <span class='ocrx_word' id='word_1_37' title='bbox 603 649 761 695; x_wconf 87' lang='lat' dir='ltr'><strong>antea</strong></span> <span class='ocrx_word' id='word_1_38' title='bbox 784 638 930 707; x_wconf 87' lang='lat' dir='ltr'><strong>juste</strong></span> <span class='ocrx_word' id='word_1_39' title='bbox 961 637 1228 692; x_wconf 86' lang='lat' dir='ltr'><strong>fecerunt.</strong></span> <span class='ocrx_word' id='word_1_40' title='bbox 1279 633 1560 702; x_wconf 83' lang='lat' dir='ltr'><strong>Quomodo</strong></span> <span class='ocrx_word' id='word_1_41' title='bbox 1589 649 1694 688; x_wconf 90' lang='lat' dir='ltr'><strong>non</strong></span> <span class='ocrx_word' id='word_1_42' title='bbox 1720 641 1774 690; x_wconf 90' lang='lat' dir='ltr'><strong>et</strong></span> <span class='ocrx_word' id='word_1_43' title='bbox 1802 647 1932 688; x_wconf 81' lang='lat' dir='ltr'><strong>con-</strong></span> 
     </span>
    </p>
   </div>
   <div class='ocr_carea' id='block_1_8' title="bbox 333 725 1932 800">
    <p class='ocr_par' dir='ltr' id='par_1_8' title="bbox 333 725 1932 800">
     <span class='ocr_line' id='line_1_8' title="bbox 333 725 1932 800; baseline -0.003 -18"><span class='ocrx_word' id='word_1_44' title='bbox 333 727 642 796; x_wconf 88' lang='lat' dir='ltr'><strong>fundemur,</strong></span> <span class='ocrx_word' id='word_1_45' title='bbox 681 737 994 800; x_wconf 72' lang='lat' dir='ltr'><strong>praesentes</strong></span> <span class='ocrx_word' id='word_1_46' title='bbox 1024 741 1054 782; x_wconf 91' lang='lat' dir='ltr'><strong>a</strong></span> <span class='ocrx_word' id='word_1_47' title='bbox 1084 727 1268 781; x_wconf 82' lang='lat' dir='ltr'><strong>furore</strong></span> <span class='ocrx_word' id='word_1_48' title='bbox 1296 733 1352 780; x_wconf 92' lang='lat' dir='ltr'><strong>et</strong></span> <span class='ocrx_word' id='word_1_49' title='bbox 1385 725 1822 798; x_wconf 81' lang='lat' dir='ltr'><strong>concupiscentia</strong></span> <span class='ocrx_word' id='word_1_50' title='bbox 1854 726 1932 778; x_wconf 91' lang='lat' dir='ltr'><strong>in-</strong></span> 
     </span>
    </p>
   </div>
   <div class='ocr_carea' id='block_1_9' title="bbox 263 815 1928 893">
    <p class='ocr_par' dir='ltr' id='par_1_9' title="bbox 263 815 1928 893">
     <span class='ocr_line' id='line_1_9' title="bbox 263 815 1928 893; baseline -0.005 -17"><span class='ocrx_word' id='word_1_51' title='bbox 263 835 276 848; x_wconf 78' lang='grc'><strong>·</strong></span> <span class='ocrx_word' id='word_1_52' title='bbox 324 821 680 893; x_wconf 81' lang='lat' dir='ltr'><strong>justiticatum</strong></span> <span class='ocrx_word' id='word_1_53' title='bbox 711 821 936 876; x_wconf 84' lang='lat' dir='ltr'><strong>verbum</strong></span> <span class='ocrx_word' id='word_1_54' title='bbox 972 829 1028 875; x_wconf 91' lang='lat' dir='ltr'><strong>et</strong></span> <span class='ocrx_word' id='word_1_55' title='bbox 1073 834 1142 874; x_wconf 85' lang='lat' dir='ltr'><strong>ex</strong></span> <span class='ocrx_word' id='word_1_56' title='bbox 1180 817 1291 874; x_wconf 89' lang='lat' dir='ltr'><strong>Deo</strong></span> <span class='ocrx_word' id='word_1_57' title='bbox 1320 815 1505 872; x_wconf 87' lang='lat' dir='ltr'><strong>datum</strong></span> <span class='ocrx_word' id='word_1_58' title='bbox 1551 816 1928 885; x_wconf 78' lang='lat' dir='ltr'><strong>magisterium</strong></span> 
     </span>
    </p>
   </div>
   <div class='ocr_carea' id='block_1_10' title="bbox 327 909 1931 986">
    <p class='ocr_par' dir='ltr' id='par_1_10' title="bbox 327 909 1931 986">
     <span class='ocr_line' id='line_1_10' title="bbox 327 909 1931 986; baseline -0.006 -14"><span class='ocrx_word' id='word_1_59' title='bbox 327 917 626 986; x_wconf 81' lang='lat' dir='ltr'><strong>expellens,</strong></span> <span class='ocrx_word' id='word_1_60' title='bbox 657 923 714 972; x_wconf 86' lang='lat' dir='ltr'><strong>et</strong></span> <span class='ocrx_word' id='word_1_61' title='bbox 743 917 800 970; x_wconf 87' lang='lat' dir='ltr'><strong>in</strong></span> <span class='ocrx_word' id='word_1_62' title='bbox 836 915 994 970; x_wconf 87' lang='lat' dir='ltr'><strong>nobis</strong></span> <span class='ocrx_word' id='word_1_63' title='bbox 1029 915 1362 984; x_wconf 83' lang='lat' dir='ltr'><strong>impietatem</strong></span> <span class='ocrx_word' id='word_1_64' title='bbox 1399 921 1455 968; x_wconf 89' lang='lat' dir='ltr'><strong>et</strong></span> <span class='ocrx_word' id='word_1_65' title='bbox 1484 912 1743 982; x_wconf 84' lang='lat' dir='ltr'><strong>injustam</strong></span> <span class='ocrx_word' id='word_1_66' title='bbox 1781 909 1931 964; x_wconf 86' lang='lat' dir='ltr'><strong>inor-</strong></span> 
     </span>
    </p>
   </div>
   <div class='ocr_carea' id='block_1_11' title="bbox 327 1000 1926 1076">
    <p class='ocr_par' dir='ltr' id='par_1_11' title="bbox 327 1000 1926 1076">
     <span class='ocr_line' id='line_1_11' title="bbox 327 1000 1926 1076; baseline -0.005 -14"><span class='ocrx_word' id='word_1_67' title='bbox 327 1007 686 1076; x_wconf 87' lang='lat' dir='ltr'><strong>dinationem,</strong></span> <span class='ocrx_word' id='word_1_68' title='bbox 705 1017 761 1064; x_wconf 90' lang='lat' dir='ltr'><strong>et</strong></span> <span class='ocrx_word' id='word_1_69' title='bbox 782 1005 1128 1072; x_wconf 79' lang='lat' dir='ltr'><strong>seditionem,</strong></span> <span class='ocrx_word' id='word_1_70' title='bbox 1149 1013 1202 1058; x_wconf 88' lang='lat' dir='ltr'><strong>et</strong></span> <span class='ocrx_word' id='word_1_71' title='bbox 1229 1005 1541 1060; x_wconf 86' lang='lat' dir='ltr'><strong>inornatum</strong></span> <span class='ocrx_word' id='word_1_72' title='bbox 1559 1000 1926 1058; x_wconf 86' lang='lat' dir='ltr'><strong>suscitantes?</strong></span> 
     </span>
    </p>
   </div>
   <div class='ocr_carea' id='block_1_12' title="bbox 326 1095 1930 1168">
    <p class='ocr_par' dir='ltr' id='par_1_12' title="bbox 326 1095 1930 1168">
     <span class='ocr_line' id='line_1_12' title="bbox 326 1095 1930 1168; baseline -0.002 -16"><span class='ocrx_word' id='word_1_73' title='bbox 326 1097 522 1155; x_wconf 85' lang='lat' dir='ltr'><strong>Merito</strong></span> <span class='ocrx_word' id='word_1_74' title='bbox 552 1101 746 1156; x_wconf 88' lang='lat' dir='ltr'><strong>beatus</strong></span> <span class='ocrx_word' id='word_1_75' title='bbox 774 1103 960 1156; x_wconf 81' lang='lat' dir='ltr'><strong>uester</strong></span> <span class='ocrx_word' id='word_1_76' title='bbox 981 1113 1048 1154; x_wconf 82' lang='lat' dir='ltr'><strong>ex</strong></span> <span class='ocrx_word' id='word_1_77' title='bbox 1074 1099 1184 1154; x_wconf 89' lang='lat' dir='ltr'><strong>Deo</strong></span> <span class='ocrx_word' id='word_1_78' title='bbox 1211 1097 1507 1168; x_wconf 83' lang='lat' dir='ltr'><strong>legislator,</strong></span> <span class='ocrx_word' id='word_1_79' title='bbox 1541 1111 1648 1150; x_wconf 90' lang='lat' dir='ltr'><strong>non</strong></span> <span class='ocrx_word' id='word_1_80' title='bbox 1677 1095 1930 1165; x_wconf 79' lang='lat' dir='ltr'><strong>dignatur</strong></span> 
     </span>
    </p>
   </div>
   <div class='ocr_carea' id='block_1_13' title="bbox 324 1185 1928 1262">
    <p class='ocr_par' dir='ltr' id='par_1_13' title="bbox 324 1185 1928 1262">
     <span class='ocr_line' id='line_1_13' title="bbox 324 1185 1928 1262; baseline -0.003 -17"><span class='ocrx_word' id='word_1_81' title='bbox 324 1190 594 1248; x_wconf 87' lang='lat' dir='ltr'><strong>ecclesiae</strong></span> <span class='ocrx_word' id='word_1_82' title='bbox 619 1191 715 1246; x_wconf 86' lang='lat' dir='ltr'><strong>Dei</strong></span> <span class='ocrx_word' id='word_1_83' title='bbox 743 1203 1022 1262; x_wconf 85' lang='lat' dir='ltr'><strong>praeesse,</strong></span> <span class='ocrx_word' id='word_1_84' title='bbox 1047 1205 1152 1245; x_wconf 91' lang='lat' dir='ltr'><strong>non</strong></span> <span class='ocrx_word' id='word_1_85' title='bbox 1174 1189 1424 1260; x_wconf 85' lang='lat' dir='ltr'><strong>propriae</strong></span> <span class='ocrx_word' id='word_1_86' title='bbox 1453 1186 1634 1242; x_wconf 86' lang='lat' dir='ltr'><strong>domui</strong></span> <span class='ocrx_word' id='word_1_87' title='bbox 1661 1187 1800 1242; x_wconf 86' lang='lat' dir='ltr'><strong>bene</strong></span> <span class='ocrx_word' id='word_1_88' title='bbox 1813 1185 1928 1254; x_wconf 85' lang='lat' dir='ltr'><strong>jam</strong></span> 
     </span>
    </p>
   </div>
   <div class='ocr_carea' id='block_1_14' title="bbox 323 1275 1930 1358">
    <p class='ocr_par' dir='ltr' id='par_1_14' title="bbox 323 1275 1930 1358">
     <span class='ocr_line' id='line_1_14' title="bbox 323 1275 1930 1358; baseline -0.006 -18"><span class='ocrx_word' id='word_1_89' title='bbox 323 1285 729 1358; x_wconf 88' lang='lat' dir='ltr'><strong>praesidentem</strong></span> <span class='ocrx_word' id='word_1_90' title='bbox 760 1275 810 1337; x_wconf 58' lang='grc' dir='ltr'><strong>ιζ</strong></span> <span class='ocrx_word' id='word_1_91' title='bbox 853 1283 1068 1338; x_wconf 85' lang='lat' dir='ltr'><strong>Etenim</strong></span> <span class='ocrx_word' id='word_1_92' title='bbox 1126 1281 1383 1338; x_wconf 89' lang='lat' dir='ltr'><strong>ordinans</strong></span> <span class='ocrx_word' id='word_1_93' title='bbox 1429 1279 1685 1350; x_wconf 89' lang='lat' dir='ltr'><strong>seipsum,</strong></span> <span class='ocrx_word' id='word_1_94' title='bbox 1713 1287 1767 1333; x_wconf 91' lang='lat' dir='ltr'><strong>et</strong></span> <span class='ocrx_word' id='word_1_95' title='bbox 1795 1275 1930 1331; x_wconf 89' lang='lat' dir='ltr'><strong>alte-</strong></span> 
     </span>
    </p>
   </div>
   <div class='ocr_carea' id='block_1_15' title="bbox 325 1361 1925 1444">
    <p class='ocr_par' dir='ltr' id='par_1_15' title="bbox 325 1361 1925 1444">
     <span class='ocr_line' id='line_1_15' title="bbox 325 1361 1925 1444; baseline -0.006 -12"><span class='ocrx_word' id='word_1_96' title='bbox 325 1393 449 1433; x_wconf 90' lang='lat' dir='ltr'><strong>rum</strong></span> <span class='ocrx_word' id='word_1_97' title='bbox 504 1377 771 1432; x_wconf 88' lang='lat' dir='ltr'><strong>ordinat:</strong></span> <span class='ocrx_word' id='word_1_98' title='bbox 807 1383 862 1430; x_wconf 91' lang='lat' dir='ltr'><strong>et</strong></span> <span class='ocrx_word' id='word_1_99' title='bbox 909 1373 1004 1444; x_wconf 90' lang='lat' dir='ltr'><strong>qui</strong></span> <span class='ocrx_word' id='word_1_100' title='bbox 1045 1373 1299 1438; x_wconf 88' lang='lat' dir='ltr'><strong>alterum,</strong></span> <span class='ocrx_word' id='word_1_101' title='bbox 1337 1383 1390 1428; x_wconf 91' lang='lat' dir='ltr'><strong>et</strong></span> <span class='ocrx_word' id='word_1_102' title='bbox 1431 1371 1693 1427; x_wconf 90' lang='lat' dir='ltr'><strong>domum:</strong></span> <span class='ocrx_word' id='word_1_103' title='bbox 1734 1379 1790 1425; x_wconf 89' lang='lat' dir='ltr'><strong>et</strong></span> <span class='ocrx_word' id='word_1_104' title='bbox 1834 1361 1925 1440; x_wconf 90' lang='lat' dir='ltr'><strong>qui</strong></span> 
     </span>
    </p>
   </div>
   <div class='ocr_carea' id='block_1_16' title="bbox 326 1467 1928 1538">
    <p class='ocr_par' dir='ltr' id='par_1_16' title="bbox 326 1467 1928 1538">
     <span class='ocr_line' id='line_1_16' title="bbox 326 1467 1928 1538; baseline -0.007 -11"><span class='ocrx_word' id='word_1_105' title='bbox 326 1469 572 1538; x_wconf 87' lang='lat' dir='ltr'><strong>domum,</strong></span> <span class='ocrx_word' id='word_1_106' title='bbox 589 1478 644 1525; x_wconf 92' lang='lat' dir='ltr'><strong>et</strong></span> <span class='ocrx_word' id='word_1_107' title='bbox 662 1469 937 1525; x_wconf 89' lang='lat' dir='ltr'><strong>civitatem</strong></span> <span class='ocrx_word' id='word_1_108' title='bbox 965 1481 980 1520; x_wconf 92' lang='lat'><strong>:</strong></span> <span class='ocrx_word' id='word_1_109' title='bbox 1003 1475 1057 1521; x_wconf 91' lang='lat' dir='ltr'><strong>et</strong></span> <span class='ocrx_word' id='word_1_110' title='bbox 1079 1468 1170 1537; x_wconf 91' lang='lat' dir='ltr'><strong>qui</strong></span> <span class='ocrx_word' id='word_1_111' title='bbox 1198 1467 1492 1530; x_wconf 90' lang='lat' dir='ltr'><strong>civitatem,</strong></span> <span class='ocrx_word' id='word_1_112' title='bbox 1515 1473 1804 1534; x_wconf 81' lang='lat' dir='ltr'><strong>et&#39;gentem</strong></span> <span class='ocrx_word' id='word_1_113' title='bbox 1837 1479 1848 1514; x_wconf 94' lang='lat'>:</span> <span class='ocrx_word' id='word_1_114' title='bbox 1872 1469 1928 1516; x_wconf 90' lang='lat' dir='ltr'><strong>et</strong></span> 
     </span>
    </p>
   </div>
   <div class='ocr_carea' id='block_1_17' title="bbox 331 1556 1927 1634">
    <p class='ocr_par' dir='ltr' id='par_1_17' title="bbox 331 1556 1927 1634">
     <span class='ocr_line' id='line_1_17' title="bbox 331 1556 1927 1634; baseline -0.006 -16"><span class='ocrx_word' id='word_1_115' title='bbox 331 1563 656 1634; x_wconf 87' lang='lat' dir='ltr'><strong>simpliciter</strong></span> <span class='ocrx_word' id='word_1_116' title='bbox 683 1561 998 1626; x_wconf 90' lang='lat' dir='ltr'><strong>dicendum,</strong></span> <span class='ocrx_word' id='word_1_117' title='bbox 1029 1569 1087 1613; x_wconf 92' lang='lat' dir='ltr'><strong>ut</strong></span> <span class='ocrx_word' id='word_1_118' title='bbox 1114 1557 1330 1628; x_wconf 86' lang='lat' dir='ltr'><strong>eloquia</strong></span> <span class='ocrx_word' id='word_1_119' title='bbox 1354 1558 1528 1622; x_wconf 90' lang='lat' dir='ltr'><strong>aiunt,</strong></span> <span class='ocrx_word' id='word_1_120' title='bbox 1555 1571 1646 1625; x_wconf 81' lang='lat' dir='ltr'><strong>qui</strong></span> <span class='ocrx_word' id='word_1_121' title='bbox 1670 1556 1722 1608; x_wconf 92' lang='lat' dir='ltr'><strong>in</strong></span> <span class='ocrx_word' id='word_1_122' title='bbox 1750 1567 1927 1624; x_wconf 85' lang='lat' dir='ltr'><strong>pauco</strong></span> 
     </span>
    </p>
   </div>
   <div class='ocr_carea' id='block_1_18' title="bbox 330 1643 1926 1718">
    <p class='ocr_par' dir='ltr' id='par_1_18' title="bbox 330 1643 1926 1718">
     <span class='ocr_line' id='line_1_18' title="bbox 330 1643 1926 1718; baseline -0.006 -10"><span class='ocrx_word' id='word_1_123' title='bbox 330 1651 526 1718; x_wconf 85' lang='lat' dir='ltr'><strong>ﬁdelis,</strong></span> <span class='ocrx_word' id='word_1_124' title='bbox 557 1661 610 1706; x_wconf 90' lang='lat' dir='ltr'><strong>et</strong></span> <span class='ocrx_word' id='word_1_125' title='bbox 634 1653 688 1706; x_wconf 92' lang='lat' dir='ltr'><strong>in</strong></span> <span class='ocrx_word' id='word_1_126' title='bbox 721 1651 888 1706; x_wconf 92' lang='lat' dir='ltr'><strong>multo</strong></span> <span class='ocrx_word' id='word_1_127' title='bbox 927 1651 1101 1706; x_wconf 80' lang='lat' dir='ltr'><strong>fidelis</strong></span> <span class='ocrx_word' id='word_1_128' title='bbox 1143 1659 1247 1716; x_wconf 86' lang='lat' dir='ltr'><strong>est,</strong></span> <span class='ocrx_word' id='word_1_129' title='bbox 1295 1659 1349 1704; x_wconf 91' lang='lat' dir='ltr'><strong>et</strong></span> <span class='ocrx_word' id='word_1_130' title='bbox 1379 1651 1466 1718; x_wconf 92' lang='lat' dir='ltr'><strong>qui</strong></span> <span class='ocrx_word' id='word_1_131' title='bbox 1499 1649 1556 1702; x_wconf 87' lang='lat' dir='ltr'><strong>in</strong></span> <span class='ocrx_word' id='word_1_132' title='bbox 1592 1643 1764 1716; x_wconf 84' lang='lat' dir='ltr'><strong>pauco</strong></span> <span class='ocrx_word' id='word_1_133' title='bbox 1805 1643 1926 1699; x_wconf 80' lang='lat' dir='ltr'><strong>inii-</strong></span> 
     </span>
    </p>
   </div>
   <div class='ocr_carea' id='block_1_19' title="bbox 2038 427 3740 511">
    <p class='ocr_par' dir='ltr' id='par_1_19' title="bbox 2038 427 3740 511">
     <span class='ocr_line' id='line_1_19' title="bbox 2038 427 3740 511; baseline 0.001 -14"><span class='ocrx_word' id='word_1_134' title='bbox 2038 444 2304 498; x_wconf 88' lang='lat' dir='ltr'><strong>tissimam</strong></span> <span class='ocrx_word' id='word_1_135' title='bbox 2335 441 2761 511; x_wconf 89' lang='lat' dir='ltr'><strong>pastoralitatem</strong></span> <span class='ocrx_word' id='word_1_136' title='bbox 2788 443 2828 493; x_wconf 76' lang='grc'><strong>³.</strong></span> <span class='ocrx_word' id='word_1_137' title='bbox 2857 439 2926 494; x_wconf 89' lang='lat' dir='ltr'><strong>Et</strong></span> <span class='ocrx_word' id='word_1_138' title='bbox 2969 437 3170 494; x_wconf 86' lang='lat' dir='ltr'><strong>malum</strong></span> <span class='ocrx_word' id='word_1_139' title='bbox 3189 427 3421 509; x_wconf 10' lang='lat' dir='ltr'><strong>{quidem</strong></span> <span class='ocrx_word' id='word_1_140' title='bbox 3473 449 3634 498; x_wconf 77' lang='lat' dir='ltr'><strong>vocat</strong></span> <span class='ocrx_word' id='word_1_141' title='bbox 3731 463 3740 472; x_wconf 86' lang='grc'><strong>·</strong></span> 
     </span>
    </p>
   </div>
   <div class='ocr_carea' id='block_1_20' title="bbox 2034 531 3632 602">
    <p class='ocr_par' dir='ltr' id='par_1_20' title="bbox 2034 531 3632 602">
     <span class='ocr_line' id='line_1_20' title="bbox 2034 531 3632 602; baseline 0.001 -15"><span class='ocrx_word' id='word_1_142' title='bbox 2034 548 2143 587; x_wconf 91' lang='lat' dir='ltr'><strong>non</strong></span> <span class='ocrx_word' id='word_1_143' title='bbox 2173 532 2534 587; x_wconf 87' lang='lat' dir='ltr'><strong>dimittentem</strong></span> <span class='ocrx_word' id='word_1_144' title='bbox 2565 545 2828 585; x_wconf 85' lang='lat' dir='ltr'><strong>conservo</strong></span> <span class='ocrx_word' id='word_1_145' title='bbox 2869 531 3132 597; x_wconf 88' lang='lat' dir='ltr'><strong>debitum,</strong></span> <span class='ocrx_word' id='word_1_146' title='bbox 3171 545 3348 600; x_wconf 90' lang='lat' dir='ltr'><strong>neque</strong></span> <span class='ocrx_word' id='word_1_147' title='bbox 3389 533 3632 602; x_wconf 78' lang='lat' dir='ltr'><strong>particu-</strong></span> 
     </span>
    </p>
   </div>
   <div class='ocr_carea' id='block_1_21' title="bbox 1991 621 3628 680">
    <p class='ocr_par' dir='ltr' id='par_1_21' title="bbox 1991 621 3628 680">
     <span class='ocr_line' id='line_1_21' title="bbox 1991 621 3628 680; baseline 0.002 -4"><span class='ocrx_word' id='word_1_148' title='bbox 1991 647 1996 652; x_wconf 95' lang='lat'><strong><em>-</em></strong></span> <span class='ocrx_word' id='word_1_149' title='bbox 2034 621 2220 677; x_wconf 90' lang='lat' dir='ltr'><strong>lariter</strong></span> <span class='ocrx_word' id='word_1_150' title='bbox 2248 621 2550 676; x_wconf 84' lang='lat' dir='ltr'><strong>tradentem</strong></span> <span class='ocrx_word' id='word_1_151' title='bbox 2581 621 2817 676; x_wconf 87' lang='lat' dir='ltr'><strong>donante</strong></span> <span class='ocrx_word' id='word_1_152' title='bbox 2831 621 2942 676; x_wconf 88' lang='lat' dir='ltr'><strong>sibi</strong></span> <span class='ocrx_word' id='word_1_153' title='bbox 2971 637 3133 678; x_wconf 89' lang='lat' dir='ltr'><strong>omne</strong></span> <span class='ocrx_word' id='word_1_154' title='bbox 3163 622 3331 676; x_wconf 87' lang='lat' dir='ltr'><strong>multa</strong></span> <span class='ocrx_word' id='word_1_155' title='bbox 3365 623 3628 680; x_wconf 82' lang='lat' dir='ltr'><strong>bonitate.</strong></span> 
     </span>
    </p>
   </div>
   <div class='ocr_carea' id='block_1_22' title="bbox 2032 707 3630 784">
    <p class='ocr_par' dir='ltr' id='par_1_22' title="bbox 2032 707 3630 784">
     <span class='ocr_line' id='line_1_22' title="bbox 2032 707 3630 784; baseline 0.003 -16"><span class='ocrx_word' id='word_1_156' title='bbox 2032 711 2172 768; x_wconf 79' lang='lat' dir='ltr'><strong>Justi</strong></span> <span class='ocrx_word' id='word_1_157' title='bbox 2204 721 2381 768; x_wconf 90' lang='lat' dir='ltr'><strong>autem</strong></span> <span class='ocrx_word' id='word_1_158' title='bbox 2397 713 2630 782; x_wconf 76' lang='lat' dir='ltr'><strong>prepriis</strong></span> <span class='ocrx_word' id='word_1_159' title='bbox 2665 713 2782 784; x_wconf 88' lang='lat' dir='ltr'><strong>ejus</strong></span> <span class='ocrx_word' id='word_1_160' title='bbox 2813 711 3184 782; x_wconf 86' lang='lat' dir='ltr'><strong>perfruuntur.</strong></span> <span class='ocrx_word' id='word_1_161' title='bbox 3214 713 3389 784; x_wconf 91' lang='lat' dir='ltr'><strong>Super</strong></span> <span class='ocrx_word' id='word_1_162' title='bbox 3423 707 3508 770; x_wconf 82' lang='lat' dir='ltr'><strong>his</strong></span> <span class='ocrx_word' id='word_1_163' title='bbox 3530 731 3630 772; x_wconf 86' lang='lat' dir='ltr'><strong>ne-</strong></span> 
     </span>
    </p>
   </div>
   <div class='ocr_carea' id='block_1_23' title="bbox 2031 795 3632 876">
    <p class='ocr_par' dir='ltr' id='par_1_23' title="bbox 2031 795 3632 876">
     <span class='ocr_line' id='line_1_23' title="bbox 2031 795 3632 876; baseline 0.001 -15"><span class='ocrx_word' id='word_1_164' title='bbox 2031 803 2328 860; x_wconf 68' lang='lat' dir='ltr'><strong>uessarium</strong></span> <span class='ocrx_word' id='word_1_165' title='bbox 2363 805 2552 860; x_wconf 89' lang='lat' dir='ltr'><strong>timere</strong></span> <span class='ocrx_word' id='word_1_166' title='bbox 2582 811 2636 859; x_wconf 89' lang='lat' dir='ltr'><strong>et</strong></span> <span class='ocrx_word' id='word_1_167' title='bbox 2669 819 2771 868; x_wconf 89' lang='lat' dir='ltr'><strong>me,</strong></span> <span class='ocrx_word' id='word_1_168' title='bbox 2806 814 2860 860; x_wconf 90' lang='lat' dir='ltr'><strong>et</strong></span> <span class='ocrx_word' id='word_1_169' title='bbox 2897 804 3293 876; x_wconf 87' lang='lat' dir='ltr'><strong>Demophilum.</strong></span> <span class='ocrx_word' id='word_1_170' title='bbox 3337 795 3548 861; x_wconf 81' lang='lat' dir='ltr'><strong>Etenim</strong></span> <span class='ocrx_word' id='word_1_171' title='bbox 3575 817 3632 864; x_wconf 88' lang='lat' dir='ltr'><strong>et</strong></span> 
     </span>
    </p>
   </div>
   <div class='ocr_carea' id='block_1_24' title="bbox 2033 891 3634 967">
    <p class='ocr_par' dir='ltr' id='par_1_24' title="bbox 2033 891 3634 967">
     <span class='ocr_line' id='line_1_24' title="bbox 2033 891 3634 967; baseline 0.005 -18"><span class='ocrx_word' id='word_1_172' title='bbox 2033 896 2086 950; x_wconf 92' lang='lat' dir='ltr'><strong>in</strong></span> <span class='ocrx_word' id='word_1_173' title='bbox 2113 897 2288 966; x_wconf 86' lang='lat' dir='ltr'><strong>ipsum</strong></span> <span class='ocrx_word' id='word_1_174' title='bbox 2315 897 2336 926; x_wconf 82' lang='lat'>&#39;</span> <span class='ocrx_word' id='word_1_175' title='bbox 2369 897 2532 966; x_wconf 91' lang='lat' dir='ltr'><strong>impie</strong></span> <span class='ocrx_word' id='word_1_176' title='bbox 2579 897 2884 966; x_wconf 83' lang='lat' dir='ltr'><strong>agentibus,</strong></span> <span class='ocrx_word' id='word_1_177' title='bbox 2916 897 2970 951; x_wconf 91' lang='lat' dir='ltr'><strong>in</strong></span> <span class='ocrx_word' id='word_1_178' title='bbox 2996 911 3054 953; x_wconf 89' lang='lat' dir='ltr'><strong>se</strong></span> <span class='ocrx_word' id='word_1_179' title='bbox 3080 891 3333 967; x_wconf 86' lang='lat' dir='ltr'><strong>patiendo</strong></span> <span class='ocrx_word' id='word_1_180' title='bbox 3355 901 3634 956; x_wconf 86' lang='lat' dir='ltr'><strong>remissio-</strong></span> 
     </span>
    </p>
   </div>
   <div class='ocr_carea' id='block_1_25' title="bbox 2033 981 3632 1063">
    <p class='ocr_par' dir='ltr' id='par_1_25' title="bbox 2033 981 3632 1063">
     <span class='ocr_line' id='line_1_25' title="bbox 2033 981 3632 1063; baseline 0.008 -23"><span class='ocrx_word' id='word_1_181' title='bbox 2033 1002 2156 1041; x_wconf 90' lang='lat' dir='ltr'><strong>nem</strong></span> <span class='ocrx_word' id='word_1_182' title='bbox 2193 981 2444 1056; x_wconf 85' lang='lat' dir='ltr'><strong>producit</strong></span> <span class='ocrx_word' id='word_1_183' title='bbox 2488 1001 2518 1042; x_wconf 89' lang='lat' dir='ltr'><strong>a</strong></span> <span class='ocrx_word' id='word_1_184' title='bbox 2571 997 2726 1058; x_wconf 87' lang='lat' dir='ltr'><strong>patre</strong></span> <span class='ocrx_word' id='word_1_185' title='bbox 2775 1007 2788 1042; x_wconf 90' lang='lat'><strong>:</strong></span> <span class='ocrx_word' id='word_1_186' title='bbox 2836 991 3202 1046; x_wconf 86' lang='lat' dir='ltr'><strong>comminatur</strong></span> <span class='ocrx_word' id='word_1_187' title='bbox 3237 1001 3292 1046; x_wconf 90' lang='lat' dir='ltr'><strong>et</strong></span> <span class='ocrx_word' id='word_1_188' title='bbox 3331 992 3632 1063; x_wconf 76' lang='lat' dir='ltr'><strong>disCipulis,</strong></span> 
     </span>
    </p>
   </div>
   <div class='ocr_carea' id='block_1_26' title="bbox 2032 1080 3633 1156">
    <p class='ocr_par' dir='ltr' id='par_1_26' title="bbox 2032 1080 3633 1156">
     <span class='ocr_line' id='line_1_26' title="bbox 2032 1080 3633 1156; baseline 0.007 -24"><span class='ocrx_word' id='word_1_189' title='bbox 2032 1080 2158 1149; x_wconf 86' lang='lat' dir='ltr'><strong>quia</strong></span> <span class='ocrx_word' id='word_1_190' title='bbox 2195 1088 2252 1135; x_wconf 88' lang='lat' dir='ltr'><strong>et</strong></span> <span class='ocrx_word' id='word_1_191' title='bbox 2293 1081 2571 1150; x_wconf 86' lang='lat' dir='ltr'><strong>impietate</strong></span> <span class='ocrx_word' id='word_1_192' title='bbox 2617 1081 3125 1142; x_wconf 87' lang='lat' dir='ltr'><strong>immisericorditer</strong></span> <span class='ocrx_word' id='word_1_193' title='bbox 3153 1085 3377 1156; x_wconf 83' lang='lat' dir='ltr'><strong>dignum</strong></span> <span class='ocrx_word' id='word_1_194' title='bbox 3424 1087 3633 1144; x_wconf 82' lang='lat' dir='ltr'><strong>duxere</strong></span> 
     </span>
    </p>
   </div>
   <div class='ocr_carea' id='block_1_27' title="bbox 2027 1169 3632 1241">
    <p class='ocr_par' dir='ltr' id='par_1_27' title="bbox 2027 1169 3632 1241">
     <span class='ocr_line' id='line_1_27' title="bbox 2027 1169 3632 1241; baseline 0.009 -19"><span class='ocrx_word' id='word_1_195' title='bbox 2027 1169 2274 1240; x_wconf 88' lang='lat' dir='ltr'><strong>judicare</strong></span> <span class='ocrx_word' id='word_1_196' title='bbox 2288 1181 2672 1241; x_wconf 84' lang='lat' dir='ltr'><strong>persequentes</strong></span> <span class='ocrx_word' id='word_1_197' title='bbox 2694 1188 2816 1226; x_wconf 89' lang='lat' dir='ltr'><strong>eum</strong></span> <span class='ocrx_word' id='word_1_198' title='bbox 2841 1171 3216 1231; x_wconf 89' lang='lat' dir='ltr'><strong>Samaritanos</strong></span> <span class='ocrx_word' id='word_1_199' title='bbox 3243 1191 3288 1231; x_wconf 77' lang='grc' dir='ltr'><strong>υ.</strong></span> <span class='ocrx_word' id='word_1_200' title='bbox 3315 1179 3429 1236; x_wconf 84' lang='lat' dir='ltr'><strong>Hoc</strong></span> <span class='ocrx_word' id='word_1_201' title='bbox 3451 1187 3632 1236; x_wconf 86' lang='lat' dir='ltr'><strong>autem</strong></span> 
     </span>
    </p>
   </div>
   <div class='ocr_carea' id='block_1_28' title="bbox 2031 1261 3634 1335">
    <p class='ocr_par' dir='ltr' id='par_1_28' title="bbox 2031 1261 3634 1335">
     <span class='ocr_line' id='line_1_28' title="bbox 2031 1261 3634 1335; baseline 0.008 -21"><span class='ocrx_word' id='word_1_202' title='bbox 2031 1263 2192 1317; x_wconf 88' lang='lat' dir='ltr'><strong>toties</strong></span> <span class='ocrx_word' id='word_1_203' title='bbox 2223 1261 2427 1317; x_wconf 89' lang='lat' dir='ltr'><strong>dictum</strong></span> <span class='ocrx_word' id='word_1_204' title='bbox 2469 1278 2576 1317; x_wconf 89' lang='lat' dir='ltr'><strong>non</strong></span> <span class='ocrx_word' id='word_1_205' title='bbox 2623 1262 2791 1318; x_wconf 90' lang='lat' dir='ltr'><strong>feroci</strong></span> <span class='ocrx_word' id='word_1_206' title='bbox 2832 1265 3372 1335; x_wconf 82' lang='lat' dir='ltr'><strong>epistola—~sursum</strong></span> <span class='ocrx_word' id='word_1_207' title='bbox 3399 1272 3547 1326; x_wconf 90' lang='lat' dir='ltr'><strong>enim</strong></span> <span class='ocrx_word' id='word_1_208' title='bbox 3576 1281 3634 1327; x_wconf 89' lang='lat' dir='ltr'><strong>et</strong></span> 
     </span>
    </p>
   </div>
   <div class='ocr_carea' id='block_1_29' title="bbox 2031 1343 3634 1427">
    <p class='ocr_par' dir='ltr' id='par_1_29' title="bbox 2031 1343 3634 1427">
     <span class='ocr_line' id='line_1_29' title="bbox 2031 1343 3634 1427; baseline 0.007 -21"><span class='ocrx_word' id='word_1_209' title='bbox 2031 1351 2283 1407; x_wconf 90' lang='lat' dir='ltr'><strong>deorsum</strong></span> <span class='ocrx_word' id='word_1_210' title='bbox 2311 1351 2672 1409; x_wconf 87' lang='lat' dir='ltr'><strong>fremis—sie</strong></span> <span class='ocrx_word' id='word_1_211' title='bbox 2701 1369 2808 1408; x_wconf 91' lang='lat' dir='ltr'><strong>non</strong></span> <span class='ocrx_word' id='word_1_212' title='bbox 2842 1357 3096 1427; x_wconf 37' lang='lat' dir='ltr'><strong>teipsum‘,</strong></span> <span class='ocrx_word' id='word_1_213' title='bbox 3129 1359 3225 1414; x_wconf 89' lang='lat' dir='ltr'><strong>sed</strong></span> <span class='ocrx_word' id='word_1_214' title='bbox 3257 1359 3426 1415; x_wconf 91' lang='lat' dir='ltr'><strong>Deum</strong></span> <span class='ocrx_word' id='word_1_215' title='bbox 3456 1343 3634 1418; x_wconf 86' lang='lat' dir='ltr'><strong>vindi-</strong></span> 
     </span>
    </p>
   </div>
   <div class='ocr_carea' id='block_1_30' title="bbox 2031 1443 3631 1518">
    <p class='ocr_par' dir='ltr' id='par_1_30' title="bbox 2031 1443 3631 1518">
     <span class='ocr_line' id='line_1_30' title="bbox 2031 1443 3631 1518; baseline 0.009 -20"><span class='ocrx_word' id='word_1_216' title='bbox 2031 1445 2189 1500; x_wconf 85' lang='lat' dir='ltr'><strong>casti.</strong></span> <span class='ocrx_word' id='word_1_217' title='bbox 2221 1443 2450 1516; x_wconf 85' lang='lat' dir='ltr'><strong>Propter</strong></span> <span class='ocrx_word' id='word_1_218' title='bbox 2491 1446 2777 1513; x_wconf 87' lang='lat' dir='ltr'><strong>malitiam,</strong></span> <span class='ocrx_word' id='word_1_219' title='bbox 2813 1447 2900 1504; x_wconf 90' lang='lat' dir='ltr'><strong>dic</strong></span> <span class='ocrx_word' id='word_1_220' title='bbox 2949 1451 3104 1518; x_wconf 88' lang='lat' dir='ltr'><strong>mihi,</strong></span> <span class='ocrx_word' id='word_1_221' title='bbox 3147 1451 3393 1510; x_wconf 87' lang='lat' dir='ltr'><strong>bonum?</strong></span> <span class='ocrx_word' id='word_1_222' title='bbox 3422 1454 3586 1513; x_wconf 86' lang='lat' dir='ltr'><strong>Ccssa</strong></span> <span class='ocrx_word' id='word_1_223' title='bbox 3615 1474 3631 1512; x_wconf 85' lang='lat'><strong>:</strong></span> 
     </span>
    </p>
   </div>
   <div class='ocr_carea' id='block_1_31' title="bbox 2029 1539 3638 1618">
    <p class='ocr_par' dir='ltr' id='par_1_31' title="bbox 2029 1539 3638 1618">
     <span class='ocr_line' id='line_1_31' title="bbox 2029 1539 3638 1618; baseline 0.009 -26"><span class='ocrx_word' id='word_1_224' title='bbox 2029 1553 2138 1592; x_wconf 91' lang='lat' dir='ltr'><strong>non</strong></span> <span class='ocrx_word' id='word_1_225' title='bbox 2169 1539 2430 1595; x_wconf 83' lang='lat' dir='ltr'><strong>habemus</strong></span> <span class='ocrx_word' id='word_1_226' title='bbox 2471 1554 2744 1596; x_wconf 88' lang='lat' dir='ltr'><strong>summum</strong></span> <span class='ocrx_word' id='word_1_227' title='bbox 2795 1545 3134 1600; x_wconf 86' lang='lat' dir='ltr'><strong>sacerdotem</strong></span> <span class='ocrx_word' id='word_1_228' title='bbox 3168 1563 3274 1602; x_wconf 92' lang='lat' dir='ltr'><strong>non</strong></span> <span class='ocrx_word' id='word_1_229' title='bbox 3308 1550 3330 1582; x_wconf 83' lang='grc'>³</span> <span class='ocrx_word' id='word_1_230' title='bbox 3356 1558 3638 1618; x_wconf 80' lang='lat' dir='ltr'><strong>potentem</strong></span> 
     </span>
    </p>
   </div>
   <div class='ocr_carea' id='block_1_32' title="bbox 2031 1627 3634 1700">
    <p class='ocr_par' dir='ltr' id='par_1_32' title="bbox 2031 1627 3634 1700">
     <span class='ocr_line' id='line_1_32' title="bbox 2031 1627 3634 1700; baseline 0.009 -20"><span class='ocrx_word' id='word_1_231' title='bbox 2031 1628 2266 1696; x_wconf 88' lang='lat' dir='ltr'><strong>compati</strong></span> <span class='ocrx_word' id='word_1_232' title='bbox 2315 1627 2723 1686; x_wconf 85' lang='lat' dir='ltr'><strong>infirmitatibus</strong></span> <span class='ocrx_word' id='word_1_233' title='bbox 2781 1633 3004 1700; x_wconf 78' lang='lat' dir='ltr'><strong>nostris,&quot;</strong></span> <span class='ocrx_word' id='word_1_234' title='bbox 3061 1637 3157 1692; x_wconf 91' lang='lat' dir='ltr'><strong>sed</strong></span> <span class='ocrx_word' id='word_1_235' title='bbox 3185 1646 3240 1692; x_wconf 90' lang='lat' dir='ltr'><strong>et</strong></span> <span class='ocrx_word' id='word_1_236' title='bbox 3271 1635 3388 1694; x_wconf 89' lang='lat' dir='ltr'><strong>sine</strong></span> <span class='ocrx_word' id='word_1_237' title='bbox 3425 1639 3634 1696; x_wconf 84' lang='lat' dir='ltr'><strong>malitia</strong></span> 
     </span>
    </p>
   </div>
   <div class='ocr_carea' id='block_1_33' title="bbox 323 1720 3632 1810">
    <p class='ocr_par' dir='ltr' id='par_1_33' title="bbox 323 1720 3632 1810">
     <span class='ocr_line' id='line_1_33' title="bbox 323 1720 3632 1810; baseline 0.009 -52"><span class='ocrx_word' id='word_1_238' title='bbox 323 1743 482 1810; x_wconf 56' lang='lat' dir='ltr'><strong>deus,</strong></span> <span class='ocrx_word' id='word_1_239' title='bbox 515 1753 568 1799; x_wconf 51' lang='lat' dir='ltr'><strong>et</strong></span> <span class='ocrx_word' id='word_1_240' title='bbox 609 1744 662 1798; x_wconf 71' lang='lat' dir='ltr'><strong>in</strong></span> <span class='ocrx_word' id='word_1_241' title='bbox 713 1741 883 1797; x_wconf 53' lang='lat' dir='ltr'><strong>multo</strong></span> <span class='ocrx_word' id='word_1_242' title='bbox 915 1741 1149 1797; x_wconf 59' lang='lat' dir='ltr'><strong>inﬁdelis</strong></span> <span class='ocrx_word' id='word_1_243' title='bbox 1179 1751 1264 1796; x_wconf 52' lang='lat' dir='ltr'><strong>es,</strong></span> <span class='ocrx_word' id='word_1_244' title='bbox 1287 1741 1332 1796; x_wconf 47' lang='grc' dir='ltr'><strong>δ.</strong></span> <span class='ocrx_word' id='word_1_245' title='bbox 1363 1741 1480 1810; x_wconf 54' lang='lat' dir='ltr'><strong>ipse</strong></span> <span class='ocrx_word' id='word_1_246' title='bbox 1509 1737 1728 1809; x_wconf 64' lang='lat' dir='ltr'><strong>quidem</strong></span> <span class='ocrx_word' id='word_1_247' title='bbox 1769 1735 1936 1806; x_wconf 53' lang='lat' dir='ltr'><strong>igitur</strong></span> <span class='ocrx_word' id='word_1_248' title='bbox 1962 1741 2012 1803; x_wconf 74' lang='grc' dir='ltr'><strong>Β</strong></span> <span class='ocrx_word' id='word_1_249' title='bbox 2039 1727 2143 1786; x_wconf 88' lang='lat' dir='ltr'><strong>est,</strong></span> <span class='ocrx_word' id='word_1_250' title='bbox 2177 1725 2234 1774; x_wconf 87' lang='lat' dir='ltr'><strong>et</strong></span> <span class='ocrx_word' id='word_1_251' title='bbox 2259 1720 2589 1776; x_wconf 89' lang='lat' dir='ltr'><strong>misericors.</strong></span> <span class='ocrx_word' id='word_1_252' title='bbox 2628 1721 2744 1778; x_wconf 85' lang='lat' dir='ltr'><strong>Non</strong></span> <span class='ocrx_word' id='word_1_253' title='bbox 2791 1727 3100 1792; x_wconf 86' lang='lat' dir='ltr'><strong>contendet,</strong></span> <span class='ocrx_word' id='word_1_254' title='bbox 3137 1743 3314 1798; x_wconf 90' lang='lat' dir='ltr'><strong>neque</strong></span> <span class='ocrx_word' id='word_1_255' title='bbox 3354 1729 3632 1798; x_wconf 83' lang='lat' dir='ltr'><strong>clamabit,</strong></span> 
     </span>
    </p>
   </div>
   <div class='ocr_carea' id='block_1_34' title="bbox 329 1827 1924 1906">
    <p class='ocr_par' dir='ltr' id='par_1_34' title="bbox 329 1827 1924 1906">
     <span class='ocr_line' id='line_1_34' title="bbox 329 1827 1924 1906; baseline -0.006 -16"><span class='ocrx_word' id='word_1_256' title='bbox 329 1835 772 1906; x_wconf 87' lang='lat' dir='ltr'><strong>concupiscentia</strong></span> <span class='ocrx_word' id='word_1_257' title='bbox 809 1843 864 1887; x_wconf 88' lang='lat' dir='ltr'><strong>et</strong></span> <span class='ocrx_word' id='word_1_258' title='bbox 899 1831 1082 1888; x_wconf 89' lang='lat' dir='ltr'><strong>furore</strong></span> <span class='ocrx_word' id='word_1_259' title='bbox 1106 1842 1162 1887; x_wconf 91' lang='lat' dir='ltr'><strong>et</strong></span> <span class='ocrx_word' id='word_1_260' title='bbox 1183 1832 1366 1896; x_wconf 89' lang='lat' dir='ltr'><strong>verbo,</strong></span> <span class='ocrx_word' id='word_1_261' title='bbox 1403 1847 1540 1900; x_wconf 89' lang='lat' dir='ltr'><strong>quae</strong></span> <span class='ocrx_word' id='word_1_262' title='bbox 1575 1827 1703 1885; x_wconf 68' lang='lat' dir='ltr'><strong>Sunt</strong></span> <span class='ocrx_word' id='word_1_263' title='bbox 1730 1841 1924 1883; x_wconf 81' lang='lat' dir='ltr'><strong>secun-</strong></span> 
     </span>
    </p>
   </div>
   <div class='ocr_carea' id='block_1_35' title="bbox 322 1917 1924 1996">
    <p class='ocr_par' dir='ltr' id='par_1_35' title="bbox 322 1917 1924 1996">
     <span class='ocr_line' id='line_1_35' title="bbox 322 1917 1924 1996; baseline -0.006 -16"><span class='ocrx_word' id='word_1_264' title='bbox 322 1925 452 1981; x_wconf 88' lang='lat' dir='ltr'><strong>dum</strong></span> <span class='ocrx_word' id='word_1_265' title='bbox 499 1926 840 1996; x_wconf 81' lang='lat' dir='ltr'><strong>dignitatem,</strong></span> <span class='ocrx_word' id='word_1_266' title='bbox 875 1938 1122 1994; x_wconf 75' lang='lat' dir='ltr'><strong>segrege.</strong></span> <span class='ocrx_word' id='word_1_267' title='bbox 1171 1921 1290 1976; x_wconf 87' lang='lat' dir='ltr'><strong>Tibi</strong></span> <span class='ocrx_word' id='word_1_268' title='bbox 1329 1931 1510 1976; x_wconf 89' lang='lat' dir='ltr'><strong>autem</strong></span> <span class='ocrx_word' id='word_1_269' title='bbox 1543 1927 1802 1990; x_wconf 87' lang='lat' dir='ltr'><strong>praesunt</strong></span> <span class='ocrx_word' id='word_1_270' title='bbox 1843 1917 1924 1972; x_wconf 91' lang='lat' dir='ltr'><strong>di-</strong></span> 
     </span>
    </p>
   </div>
   <div class='ocr_carea' id='block_1_36' title="bbox 320 2007 1921 2080">
    <p class='ocr_par' dir='ltr' id='par_1_36' title="bbox 320 2007 1921 2080">
     <span class='ocr_line' id='line_1_36' title="bbox 320 2007 1921 2080; baseline -0.004 -10"><span class='ocrx_word' id='word_1_271' title='bbox 320 2018 434 2072; x_wconf 91' lang='lat' dir='ltr'><strong>vini</strong></span> <span class='ocrx_word' id='word_1_272' title='bbox 462 2017 717 2080; x_wconf 89' lang='lat' dir='ltr'><strong>ministri,</strong></span> <span class='ocrx_word' id='word_1_273' title='bbox 745 2023 800 2071; x_wconf 91' lang='lat' dir='ltr'><strong>et</strong></span> <span class='ocrx_word' id='word_1_274' title='bbox 816 2016 900 2070; x_wconf 90' lang='lat' dir='ltr'><strong>his</strong></span> <span class='ocrx_word' id='word_1_275' title='bbox 928 2007 1640 2070; x_wconf 80' lang='lat' dir='ltr'><strong>sacerdoteszsummi&#39;vero</strong></span> <span class='ocrx_word' id='word_1_276' title='bbox 1666 2010 1921 2067; x_wconf 85' lang='lat' dir='ltr'><strong>sacerdo-</strong></span> 
     </span>
    </p>
   </div>
   <div class='ocr_carea' id='block_1_37' title="bbox 319 2089 1923 2172">
    <p class='ocr_par' dir='ltr' id='par_1_37' title="bbox 319 2089 1923 2172">
     <span class='ocr_line' id='line_1_37' title="bbox 319 2089 1923 2172; baseline -0.005 -12"><span class='ocrx_word' id='word_1_277' title='bbox 319 2113 406 2162; x_wconf 86' lang='lat' dir='ltr'><strong>tes</strong></span> <span class='ocrx_word' id='word_1_278' title='bbox 437 2107 834 2172; x_wconf 86' lang='lat' dir='ltr'><strong>sacerdotibus,</strong></span> <span class='ocrx_word' id='word_1_279' title='bbox 885 2115 944 2160; x_wconf 94' lang='lat' dir='ltr'><strong>et</strong></span> <span class='ocrx_word' id='word_1_280' title='bbox 999 2105 1226 2159; x_wconf 89' lang='lat' dir='ltr'><strong>summis</strong></span> <span class='ocrx_word' id='word_1_281' title='bbox 1280 2089 1652 2158; x_wconf 82' lang='lat' dir='ltr'><strong>sacerdotibus</strong></span> <span class='ocrx_word' id='word_1_282' title='bbox 1693 2098 1923 2172; x_wconf 89' lang='lat' dir='ltr'><strong>apostoli</strong></span> 
     </span>
    </p>
   </div>
   <div class='ocr_carea' id='block_1_38' title="bbox 315 2189 1918 2269">
    <p class='ocr_par' dir='ltr' id='par_1_38' title="bbox 315 2189 1918 2269">
     <span class='ocr_line' id='line_1_38' title="bbox 315 2189 1918 2269; baseline -0.006 -15"><span class='ocrx_word' id='word_1_283' title='bbox 315 2207 375 2254; x_wconf 91' lang='lat' dir='ltr'><strong>et</strong></span> <span class='ocrx_word' id='word_1_284' title='bbox 404 2197 770 2269; x_wconf 86' lang='lat' dir='ltr'><strong>apostolorum</strong></span> <span class='ocrx_word' id='word_1_285' title='bbox 802 2209 1166 2252; x_wconf 88' lang='lat' dir='ltr'><strong>successores.</strong></span> <span class='ocrx_word' id='word_1_286' title='bbox 1197 2195 1264 2249; x_wconf 82' lang='lat' dir='ltr'><strong>Et</strong></span> <span class='ocrx_word' id='word_1_287' title='bbox 1285 2195 1462 2252; x_wconf 90' lang='lat' dir='ltr'><strong>sicubi</strong></span> <span class='ocrx_word' id='word_1_288' title='bbox 1486 2193 1609 2264; x_wconf 89' lang='lat' dir='ltr'><strong>quis</strong></span> <span class='ocrx_word' id='word_1_289' title='bbox 1637 2194 1768 2248; x_wconf 89' lang='lat' dir='ltr'><strong>etin</strong></span> <span class='ocrx_word' id='word_1_290' title='bbox 1793 2189 1918 2258; x_wconf 90' lang='lat' dir='ltr'><strong>illis,</strong></span> 
     </span>
    </p>
   </div>
   <div class='ocr_carea' id='block_1_39' title="bbox 317 2285 1923 2362">
    <p class='ocr_par' dir='ltr' id='par_1_39' title="bbox 317 2285 1923 2362">
     <span class='ocr_line' id='line_1_39' title="bbox 317 2285 1923 2362; baseline -0.004 -17"><span class='ocrx_word' id='word_1_291' title='bbox 317 2303 386 2345; x_wconf 89' lang='lat' dir='ltr'><strong>eo</strong></span> <span class='ocrx_word' id='word_1_292' title='bbox 411 2291 554 2361; x_wconf 78' lang='lat' dir='ltr'><strong>quod</strong></span> <span class='ocrx_word' id='word_1_293' title='bbox 582 2291 760 2356; x_wconf 90' lang='lat' dir='ltr'><strong>debet,</strong></span> <span class='ocrx_word' id='word_1_294' title='bbox 777 2289 1066 2354; x_wconf 86' lang='lat' dir='ltr'><strong>erraverit,</strong></span> <span class='ocrx_word' id='word_1_295' title='bbox 1095 2289 1164 2342; x_wconf 90' lang='lat' dir='ltr'><strong>ab</strong></span> <span class='ocrx_word' id='word_1_296' title='bbox 1187 2301 1359 2358; x_wconf 86' lang='lat' dir='ltr'><strong>aeque</strong></span> <span class='ocrx_word' id='word_1_297' title='bbox 1381 2286 1692 2362; x_wconf 85' lang='lat' dir='ltr'><strong>potentibus</strong></span> <span class='ocrx_word' id='word_1_298' title='bbox 1717 2285 1923 2340; x_wconf 89' lang='lat' dir='ltr'><strong>sanctis</strong></span> 
     </span>
    </p>
   </div>
   <div class='ocr_carea' id='block_1_40' title="bbox 320 2377 1924 2450">
    <p class='ocr_par' dir='ltr' id='par_1_40' title="bbox 320 2377 1924 2450">
     <span class='ocr_line' id='line_1_40' title="bbox 320 2377 1924 2450; baseline -0.003 -15"><span class='ocrx_word' id='word_1_299' title='bbox 320 2381 526 2435; x_wconf 88' lang='lat' dir='ltr'><strong>iterum</strong></span> <span class='ocrx_word' id='word_1_300' title='bbox 555 2379 842 2450; x_wconf 81' lang='lat' dir='ltr'><strong>dirigetur,</strong></span> <span class='ocrx_word' id='word_1_301' title='bbox 875 2387 930 2433; x_wconf 91' lang='lat' dir='ltr'><strong>et</strong></span> <span class='ocrx_word' id='word_1_302' title='bbox 957 2395 1064 2432; x_wconf 92' lang='lat' dir='ltr'><strong>non</strong></span> <span class='ocrx_word' id='word_1_303' title='bbox 1115 2380 1564 2434; x_wconf 77' lang='lat' dir='ltr'><strong>circu‘mvcrtetur</strong></span> <span class='ocrx_word' id='word_1_304' title='bbox 1598 2377 1730 2432; x_wconf 88' lang='lat' dir='ltr'><strong>ordo</strong></span> <span class='ocrx_word' id='word_1_305' title='bbox 1761 2391 1924 2448; x_wconf 86' lang='lat' dir='ltr'><strong>super</strong></span> 
     </span>
    </p>
   </div>
   <div class='ocr_carea' id='block_1_41' title="bbox 321 2455 1924 2542">
    <p class='ocr_par' dir='ltr' id='par_1_41' title="bbox 321 2455 1924 2542">
     <span class='ocr_line' id='line_1_41' title="bbox 321 2455 1924 2542; baseline -0.002 -14"><span class='ocrx_word' id='word_1_306' title='bbox 321 2473 597 2539; x_wconf 88' lang='lat' dir='ltr'><strong>ordinem,</strong></span> <span class='ocrx_word' id='word_1_307' title='bbox 640 2474 734 2528; x_wconf 91' lang='lat' dir='ltr'><strong>sed</strong></span> <span class='ocrx_word' id='word_1_308' title='bbox 765 2473 1138 2542; x_wconf 89' lang='lat' dir='ltr'><strong>unusquisque</strong></span> <span class='ocrx_word' id='word_1_309' title='bbox 1183 2472 1236 2525; x_wconf 89' lang='lat' dir='ltr'><strong>in</strong></span> <span class='ocrx_word' id='word_1_310' title='bbox 1273 2471 1466 2526; x_wconf 88' lang='lat' dir='ltr'><strong>ordine</strong></span> <span class='ocrx_word' id='word_1_311' title='bbox 1508 2487 1605 2526; x_wconf 91' lang='lat' dir='ltr'><strong>suo</strong></span> <span class='ocrx_word' id='word_1_312' title='bbox 1631 2479 1687 2524; x_wconf 91' lang='lat' dir='ltr'><strong>et</strong></span> <span class='ocrx_word' id='word_1_313' title='bbox 1732 2455 1786 2524; x_wconf 87' lang='lat' dir='ltr'><strong>in</strong></span> <span class='ocrx_word' id='word_1_314' title='bbox 1829 2471 1924 2525; x_wconf 90' lang='lat' dir='ltr'><strong>ad-</strong></span> 
     </span>
    </p>
   </div>
   <div class='ocr_carea' id='block_1_42' title="bbox 319 2562 1922 2618">
    <p class='ocr_par' dir='ltr' id='par_1_42' title="bbox 319 2562 1922 2618">
     <span class='ocr_line' id='line_1_42' title="bbox 319 2562 1922 2618; baseline 0 0"><span class='ocrx_word' id='word_1_315' title='bbox 319 2564 722 2618; x_wconf 87' lang='lat' dir='ltr'><strong>ministratione</strong></span> <span class='ocrx_word' id='word_1_316' title='bbox 747 2579 844 2618; x_wconf 89' lang='lat' dir='ltr'><strong>sua</strong></span> <span class='ocrx_word' id='word_1_317' title='bbox 881 2564 1004 2617; x_wconf 89' lang='lat' dir='ltr'><strong>erit.</strong></span> <span class='ocrx_word' id='word_1_318' title='bbox 1052 2562 1223 2616; x_wconf 89' lang='lat' dir='ltr'><strong>Tanta</strong></span> <span class='ocrx_word' id='word_1_319' title='bbox 1251 2563 1346 2616; x_wconf 91' lang='lat' dir='ltr'><strong>tibi</strong></span> <span class='ocrx_word' id='word_1_320' title='bbox 1375 2578 1403 2616; x_wconf 89' lang='lat' dir='ltr'><strong>a</strong></span> <span class='ocrx_word' id='word_1_321' title='bbox 1429 2562 1584 2617; x_wconf 87' lang='lat' dir='ltr'><strong>nobis</strong></span> <span class='ocrx_word' id='word_1_322' title='bbox 1612 2564 1678 2616; x_wconf 90' lang='lat' dir='ltr'><strong>de</strong></span> <span class='ocrx_word' id='word_1_323' title='bbox 1703 2562 1922 2618; x_wconf 89' lang='lat' dir='ltr'><strong>sciendo</strong></span> 
     </span>
    </p>
   </div>
   <div class='ocr_carea' id='block_1_43' title="bbox 316 2654 1924 2727">
    <p class='ocr_par' dir='ltr' id='par_1_43' title="bbox 316 2654 1924 2727">
     <span class='ocr_line' id='line_1_43' title="bbox 316 2654 1924 2727; baseline -0.002 -16"><span class='ocrx_word' id='word_1_324' title='bbox 316 2663 374 2711; x_wconf 87' lang='lat' dir='ltr'><strong>et</strong></span> <span class='ocrx_word' id='word_1_325' title='bbox 401 2657 634 2727; x_wconf 82' lang='lat' dir='ltr'><strong>agendo,</strong></span> <span class='ocrx_word' id='word_1_326' title='bbox 681 2671 821 2726; x_wconf 88' lang='lat' dir='ltr'><strong>quae</strong></span> <span class='ocrx_word' id='word_1_327' title='bbox 871 2664 961 2709; x_wconf 89' lang='lat' dir='ltr'><strong>tua</strong></span> <span class='ocrx_word' id='word_1_328' title='bbox 993 2664 1138 2710; x_wconf 88' lang='lat' dir='ltr'><strong>sunt.</strong></span> <span class='ocrx_word' id='word_1_329' title='bbox 1184 2655 1262 2710; x_wconf 90' lang='lat' dir='ltr'><strong>De</strong></span> <span class='ocrx_word' id='word_1_330' title='bbox 1291 2663 1472 2709; x_wconf 89' lang='lat' dir='ltr'><strong>autem</strong></span> <span class='ocrx_word' id='word_1_331' title='bbox 1515 2654 1566 2708; x_wconf 93' lang='lat' dir='ltr'><strong>in</strong></span> <span class='ocrx_word' id='word_1_332' title='bbox 1616 2654 1816 2720; x_wconf 77' lang='lat' dir='ltr'><strong>virunf,</strong></span> <span class='ocrx_word' id='word_1_333' title='bbox 1863 2661 1924 2708; x_wconf 93' lang='lat' dir='ltr'><strong>ut</strong></span> 
     </span>
    </p>
   </div>
   <div class='ocr_carea' id='block_1_44' title="bbox 315 2745 1922 2817">
    <p class='ocr_par' dir='ltr' id='par_1_44' title="bbox 315 2745 1922 2817">
     <span class='ocr_line' id='line_1_44' title="bbox 315 2745 1922 2817; baseline -0.001 -15"><span class='ocrx_word' id='word_1_334' title='bbox 315 2746 515 2817; x_wconf 84' lang='lat' dir='ltr'><strong>inquis,</strong></span> <span class='ocrx_word' id='word_1_335' title='bbox 555 2746 784 2816; x_wconf 86' lang='lat' dir='ltr'><strong>impium</strong></span> <span class='ocrx_word' id='word_1_336' title='bbox 817 2755 875 2801; x_wconf 88' lang='lat' dir='ltr'><strong>et</strong></span> <span class='ocrx_word' id='word_1_337' title='bbox 907 2757 1253 2817; x_wconf 87' lang='lat' dir='ltr'><strong>peccatorem</strong></span> <span class='ocrx_word' id='word_1_338' title='bbox 1305 2745 1703 2800; x_wconf 86' lang='lat' dir='ltr'><strong>inhumanitate</strong></span> <span class='ocrx_word' id='word_1_339' title='bbox 1735 2745 1922 2800; x_wconf 90' lang='lat' dir='ltr'><strong>nescio</strong></span> 
     </span>
    </p>
   </div>
   <div class='ocr_carea' id='block_1_45' title="bbox 315 2835 1916 2907">
    <p class='ocr_par' dir='ltr' id='par_1_45' title="bbox 315 2835 1916 2907">
     <span class='ocr_line' id='line_1_45' title="bbox 315 2835 1916 2907; baseline 0.001 -17"><span class='ocrx_word' id='word_1_340' title='bbox 315 2839 586 2907; x_wconf 89' lang='lat' dir='ltr'><strong>quomodo</strong></span> <span class='ocrx_word' id='word_1_341' title='bbox 615 2836 840 2892; x_wconf 83' lang='lat' dir='ltr'><strong>deﬂeam</strong></span> <span class='ocrx_word' id='word_1_342' title='bbox 892 2837 1278 2892; x_wconf 90' lang='lat' dir='ltr'><strong>contritionem</strong></span> <span class='ocrx_word' id='word_1_343' title='bbox 1320 2837 1660 2892; x_wconf 88' lang='lat' dir='ltr'><strong>dilectissimi</strong></span> <span class='ocrx_word' id='word_1_344' title='bbox 1689 2835 1816 2891; x_wconf 90' lang='lat' dir='ltr'><strong>mei.</strong></span> <span class='ocrx_word' id='word_1_345' title='bbox 1871 2839 1916 2891; x_wconf 91' lang='lat' dir='ltr'><strong>A</strong></span> 
     </span>
    </p>
   </div>
   <div class='ocr_carea' id='block_1_46' title="bbox 315 2927 1916 2999">
    <p class='ocr_par' dir='ltr' id='par_1_46' title="bbox 315 2927 1916 2999">
     <span class='ocr_line' id='line_1_46' title="bbox 315 2927 1916 2999; baseline 0 -18"><span class='ocrx_word' id='word_1_346' title='bbox 315 2943 426 2999; x_wconf 89' lang='lat' dir='ltr'><strong>quo</strong></span> <span class='ocrx_word' id='word_1_347' title='bbox 447 2929 592 2983; x_wconf 88' lang='lat' dir='ltr'><strong>enim</strong></span> <span class='ocrx_word' id='word_1_348' title='bbox 616 2929 874 2982; x_wconf 88' lang='lat' dir='ltr'><strong>aestimas</strong></span> <span class='ocrx_word' id='word_1_349' title='bbox 901 2927 1136 2982; x_wconf 88' lang='lat' dir='ltr'><strong>famulos</strong></span> <span class='ocrx_word' id='word_1_350' title='bbox 1163 2944 1193 2983; x_wconf 88' lang='lat' dir='ltr'><strong>a</strong></span> <span class='ocrx_word' id='word_1_351' title='bbox 1222 2927 1376 2982; x_wconf 89' lang='lat' dir='ltr'><strong>nobis</strong></span> <span class='ocrx_word' id='word_1_352' title='bbox 1401 2927 1680 2981; x_wconf 80' lang='lat' dir='ltr'><strong>ordinari?</strong></span> <span class='ocrx_word' id='word_1_353' title='bbox 1704 2927 1916 2998; x_wconf 83' lang='lat' dir='ltr'><strong>Etenim</strong></span> 
     </span>
    </p>
   </div>
   <div class='ocr_carea' id='block_1_47' title="bbox 315 3017 1912 3084">
    <p class='ocr_par' dir='ltr' id='par_1_47' title="bbox 315 3017 1912 3084">
     <span class='ocr_line' id='line_1_47' title="bbox 315 3017 1912 3084; baseline -0.001 -10"><span class='ocrx_word' id='word_1_354' title='bbox 315 3017 366 3074; x_wconf 80' lang='lat' dir='ltr'><strong>si</strong></span> <span class='ocrx_word' id='word_1_355' title='bbox 394 3018 574 3073; x_wconf 89' lang='lat' dir='ltr'><strong>nonin</strong></span> <span class='ocrx_word' id='word_1_356' title='bbox 602 3019 766 3084; x_wconf 90' lang='lat' dir='ltr'><strong>bono,</strong></span> <span class='ocrx_word' id='word_1_357' title='bbox 791 3019 1014 3074; x_wconf 89' lang='lat' dir='ltr'><strong>omnino</strong></span> <span class='ocrx_word' id='word_1_358' title='bbox 1039 3019 1128 3073; x_wconf 91' lang='lat' dir='ltr'><strong>ubi</strong></span> <span class='ocrx_word' id='word_1_359' title='bbox 1159 3020 1319 3072; x_wconf 89' lang='lat' dir='ltr'><strong>nobis</strong></span> <span class='ocrx_word' id='word_1_360' title='bbox 1347 3033 1568 3074; x_wconf 88' lang='lat' dir='ltr'><strong>necesse</strong></span> <span class='ocrx_word' id='word_1_361' title='bbox 1597 3019 1667 3071; x_wconf 93' lang='lat' dir='ltr'><strong>sit</strong></span> <span class='ocrx_word' id='word_1_362' title='bbox 1695 3026 1747 3072; x_wconf 88' lang='lat' dir='ltr'><strong>te</strong></span> <span class='ocrx_word' id='word_1_363' title='bbox 1771 3021 1912 3084; x_wconf 85' lang='lat' dir='ltr'><strong>esse,</strong></span> 
     </span>
    </p>
   </div>
   <div class='ocr_carea' id='block_1_48' title="bbox 2030 1811 3634 1892">
    <p class='ocr_par' dir='ltr' id='par_1_48' title="bbox 2030 1811 3634 1892">
     <span class='ocr_line' id='line_1_48' title="bbox 2030 1811 3634 1892; baseline 0.007 -25"><span class='ocrx_word' id='word_1_364' title='bbox 2030 1820 2086 1867; x_wconf 90' lang='lat' dir='ltr'><strong>et</strong></span> <span class='ocrx_word' id='word_1_365' title='bbox 2109 1811 2223 1882; x_wconf 88' lang='lat' dir='ltr'><strong>ipse</strong></span> <span class='ocrx_word' id='word_1_366' title='bbox 2246 1821 2578 1876; x_wconf 86' lang='lat' dir='ltr'><strong>mansuetus,</strong></span> <span class='ocrx_word' id='word_1_367' title='bbox 2606 1823 2661 1868; x_wconf 91' lang='lat' dir='ltr'><strong>et</strong></span> <span class='ocrx_word' id='word_1_368' title='bbox 2690 1815 2805 1885; x_wconf 88' lang='lat' dir='ltr'><strong>ipse</strong></span> <span class='ocrx_word' id='word_1_369' title='bbox 2844 1817 3159 1885; x_wconf 90' lang='lat' dir='ltr'><strong>propitiatio</strong></span> <span class='ocrx_word' id='word_1_370' title='bbox 3189 1819 3364 1876; x_wconf 88' lang='lat' dir='ltr'><strong>estde</strong></span> <span class='ocrx_word' id='word_1_371' title='bbox 3395 1823 3634 1892; x_wconf 86' lang='lat' dir='ltr'><strong>peccatis</strong></span> 
     </span>
    </p>
   </div>
   <div class='ocr_carea' id='block_1_49' title="bbox 2029 1901 3634 1976">
    <p class='ocr_par' dir='ltr' id='par_1_49' title="bbox 2029 1901 3634 1976">
     <span class='ocr_line' id='line_1_49' title="bbox 2029 1901 3634 1976; baseline 0.006 -18"><span class='ocrx_word' id='word_1_372' title='bbox 2029 1903 2232 1958; x_wconf 84' lang='lat' dir='ltr'><strong>nostris</strong></span> <span class='ocrx_word' id='word_1_373' title='bbox 2283 1901 2326 1956; x_wconf 74' lang='grc' dir='ltr'><em>τ.</em></span> <span class='ocrx_word' id='word_1_374' title='bbox 2374 1903 2560 1974; x_wconf 83' lang='lat' dir='ltr'><strong>Itaque</strong></span> <span class='ocrx_word' id='word_1_375' title='bbox 2602 1919 2706 1960; x_wconf 90' lang='lat' dir='ltr'><strong>non</strong></span> <span class='ocrx_word' id='word_1_376' title='bbox 2757 1907 3049 1976; x_wconf 86' lang='lat' dir='ltr'><strong>recipimus</strong></span> <span class='ocrx_word' id='word_1_377' title='bbox 3097 1909 3174 1962; x_wconf 90' lang='lat' dir='ltr'><strong>tui</strong></span> <span class='ocrx_word' id='word_1_378' title='bbox 3218 1925 3324 1965; x_wconf 88' lang='lat' dir='ltr'><strong>non</strong></span> <span class='ocrx_word' id='word_1_379' title='bbox 3377 1911 3634 1968; x_wconf 85' lang='lat' dir='ltr'><strong>zelandos</strong></span> 
     </span>
    </p>
   </div>
   <div class='ocr_carea' id='block_1_50' title="bbox 2029 1995 3633 2068">
    <p class='ocr_par' dir='ltr' id='par_1_50' title="bbox 2029 1995 3633 2068">
     <span class='ocr_line' id='line_1_50' title="bbox 2029 1995 3633 2068; baseline 0.007 -21"><span class='ocrx_word' id='word_1_380' title='bbox 2029 2002 2241 2058; x_wconf 89' lang='lat' dir='ltr'><strong>motus,</strong></span> <span class='ocrx_word' id='word_1_381' title='bbox 2294 2009 2470 2064; x_wconf 90' lang='lat' dir='ltr'><strong>neque</strong></span> <span class='ocrx_word' id='word_1_382' title='bbox 2533 1995 2579 2048; x_wconf 89' lang='lat' dir='ltr'><strong>si</strong></span> <span class='ocrx_word' id='word_1_383' title='bbox 2645 1995 2922 2052; x_wconf 77' lang='lat' dir='ltr'><strong>multoties</strong></span> <span class='ocrx_word' id='word_1_384' title='bbox 2989 1999 3221 2068; x_wconf 85' lang='lat' dir='ltr'><strong>recipias</strong></span> <span class='ocrx_word' id='word_1_385' title='bbox 3282 1999 3514 2057; x_wconf 88' lang='lat' dir='ltr'><strong>Phinees</strong></span> <span class='ocrx_word' id='word_1_386' title='bbox 3576 2013 3633 2058; x_wconf 79' lang='lat' dir='ltr'><strong>et</strong></span> 
     </span>
    </p>
   </div>
   <div class='ocr_carea' id='block_1_51' title="bbox 2026 2075 3633 2162">
    <p class='ocr_par' dir='ltr' id='par_1_51' title="bbox 2026 2075 3633 2162">
     <span class='ocr_line' id='line_1_51' title="bbox 2026 2075 3633 2162; baseline 0.007 -24"><span class='ocrx_word' id='word_1_387' title='bbox 2026 2082 2201 2138; x_wconf 82' lang='lat' dir='ltr'><strong>Etiam</strong></span> <span class='ocrx_word' id='word_1_388' title='bbox 2232 2087 2277 2136; x_wconf 77' lang='grc'><strong>⁸.</strong></span> <span class='ocrx_word' id='word_1_389' title='bbox 2325 2083 2472 2140; x_wconf 87' lang='lat' dir='ltr'><strong>Haec</strong></span> <span class='ocrx_word' id='word_1_390' title='bbox 2514 2075 2658 2139; x_wconf 75' lang='lat' dir='ltr'><strong>enim</strong></span> <span class='ocrx_word' id='word_1_391' title='bbox 2691 2088 2946 2143; x_wconf 91' lang='lat' dir='ltr'><strong>audiente</strong></span> <span class='ocrx_word' id='word_1_392' title='bbox 2987 2086 3138 2156; x_wconf 88' lang='lat' dir='ltr'><strong>Jesu,</strong></span> <span class='ocrx_word' id='word_1_393' title='bbox 3189 2106 3298 2146; x_wconf 92' lang='lat' dir='ltr'><strong>non</strong></span> <span class='ocrx_word' id='word_1_394' title='bbox 3345 2093 3633 2162; x_wconf 85' lang='lat' dir='ltr'><strong>placebant</strong></span> 
     </span>
    </p>
   </div>
   <div class='ocr_carea' id='block_1_52' title="bbox 1976 2175 3630 2257">
    <p class='ocr_par' dir='ltr' id='par_1_52' title="bbox 1976 2175 3630 2257">
     <span class='ocr_line' id='line_1_52' title="bbox 1976 2175 3630 2257; baseline 0.009 -28"><span class='ocrx_word' id='word_1_395' title='bbox 1976 2187 1986 2199; x_wconf 89' lang='lat'>&#39;</span> <span class='ocrx_word' id='word_1_396' title='bbox 2027 2175 2189 2230; x_wconf 87' lang='lat' dir='ltr'><strong>mites</strong></span> <span class='ocrx_word' id='word_1_397' title='bbox 2221 2185 2348 2231; x_wconf 90' lang='lat' dir='ltr'><strong>tunc</strong></span> <span class='ocrx_word' id='word_1_398' title='bbox 2371 2184 2426 2231; x_wconf 93' lang='lat' dir='ltr'><strong>et</strong></span> <span class='ocrx_word' id='word_1_399' title='bbox 2477 2177 2666 2246; x_wconf 89' lang='lat' dir='ltr'><strong>optimi</strong></span> <span class='ocrx_word' id='word_1_400' title='bbox 2709 2177 2935 2248; x_wconf 89' lang='lat' dir='ltr'><strong>spiritus</strong></span> <span class='ocrx_word' id='word_1_401' title='bbox 2973 2181 3268 2252; x_wconf 87' lang='lat' dir='ltr'><strong>participes</strong></span> <span class='ocrx_word' id='word_1_402' title='bbox 3302 2191 3325 2224; x_wconf 67' lang='grc' dir='ltr'>δ</span> <span class='ocrx_word' id='word_1_403' title='bbox 3360 2186 3630 2257; x_wconf 89' lang='lat' dir='ltr'><strong>discipuli.</strong></span> 
     </span>
    </p>
   </div>
   <div class='ocr_carea' id='block_1_53' title="bbox 2027 2264 3630 2336">
    <p class='ocr_par' dir='ltr' id='par_1_53' title="bbox 2027 2264 3630 2336">
     <span class='ocr_line' id='line_1_53' title="bbox 2027 2264 3630 2336; baseline 0.011 -18"><span class='ocrx_word' id='word_1_404' title='bbox 2027 2264 2241 2320; x_wconf 84' lang='lat' dir='ltr'><strong>Etenim</strong></span> <span class='ocrx_word' id='word_1_405' title='bbox 2289 2267 2693 2322; x_wconf 88' lang='lat' dir='ltr'><strong>sacratissimus</strong></span> <span class='ocrx_word' id='word_1_406' title='bbox 2719 2277 2906 2324; x_wconf 90' lang='lat' dir='ltr'><strong>noster</strong></span> <span class='ocrx_word' id='word_1_407' title='bbox 2937 2273 3202 2329; x_wconf 91' lang='lat' dir='ltr'><strong>mirabilis</strong></span> <span class='ocrx_word' id='word_1_408' title='bbox 3240 2275 3527 2333; x_wconf 87' lang='lat' dir='ltr'><strong>ordinatur</strong></span> <span class='ocrx_word' id='word_1_409' title='bbox 3572 2281 3630 2336; x_wconf 90' lang='lat' dir='ltr'><strong>in</strong></span> 
     </span>
    </p>
   </div>
   <div class='ocr_carea' id='block_1_54' title="bbox 2025 2357 3629 2430">
    <p class='ocr_par' dir='ltr' id='par_1_54' title="bbox 2025 2357 3629 2430">
     <span class='ocr_line' id='line_1_54' title="bbox 2025 2357 3629 2430; baseline 0.012 -20"><span class='ocrx_word' id='word_1_410' title='bbox 2025 2357 2446 2412; x_wconf 88' lang='lat' dir='ltr'><strong>mansuetudine</strong></span> <span class='ocrx_word' id='word_1_411' title='bbox 2469 2358 2628 2414; x_wconf 83' lang='lat' dir='ltr'><strong>docet</strong></span> <span class='ocrx_word' id='word_1_412' title='bbox 2649 2361 2928 2430; x_wconf 86' lang='lat' dir='ltr'><strong>oppositos</strong></span> <span class='ocrx_word' id='word_1_413' title='bbox 2967 2363 3250 2422; x_wconf 82' lang='lat' dir='ltr'><strong>doctrinae</strong></span> <span class='ocrx_word' id='word_1_414' title='bbox 3284 2369 3399 2424; x_wconf 88' lang='lat' dir='ltr'><strong>Dei.</strong></span> <span class='ocrx_word' id='word_1_415' title='bbox 3430 2371 3629 2428; x_wconf 90' lang='lat' dir='ltr'><strong>Doceri</strong></span> 
     </span>
    </p>
   </div>
   <div class='ocr_carea' id='block_1_55' title="bbox 2025 2449 3630 2524">
    <p class='ocr_par' dir='ltr' id='par_1_55' title="bbox 2025 2449 3630 2524">
     <span class='ocr_line' id='line_1_55' title="bbox 2025 2449 3630 2524; baseline 0.012 -21"><span class='ocrx_word' id='word_1_416' title='bbox 2025 2449 2194 2515; x_wconf 91' lang='lat' dir='ltr'><strong>enim,</strong></span> <span class='ocrx_word' id='word_1_417' title='bbox 2225 2451 2336 2505; x_wconf 87' lang='lat' dir='ltr'><strong>non</strong></span> <span class='ocrx_word' id='word_1_418' title='bbox 2361 2451 2543 2522; x_wconf 88' lang='lat' dir='ltr'><strong>puniri</strong></span> <span class='ocrx_word' id='word_1_419' title='bbox 2570 2463 2784 2522; x_wconf 87' lang='lat' dir='ltr'><strong>oportet</strong></span> <span class='ocrx_word' id='word_1_420' title='bbox 2802 2454 3114 2524; x_wconf 80' lang='lat' dir='ltr'><strong>ignorantes</strong></span> <span class='ocrx_word' id='word_1_421' title='bbox 3141 2479 3152 2513; x_wconf 92' lang='lat'>:</span> <span class='ocrx_word' id='word_1_422' title='bbox 3187 2461 3328 2516; x_wconf 88' lang='lat' dir='ltr'><strong>sicut</strong></span> <span class='ocrx_word' id='word_1_423' title='bbox 3350 2471 3404 2518; x_wconf 90' lang='lat' dir='ltr'><strong>et</strong></span> <span class='ocrx_word' id='word_1_424' title='bbox 3435 2479 3630 2522; x_wconf 85' lang='lat' dir='ltr'><strong>caecos</strong></span> 
     </span>
    </p>
   </div>
   <div class='ocr_carea' id='block_1_56' title="bbox 2025 2539 3630 2616">
    <p class='ocr_par' dir='ltr' id='par_1_56' title="bbox 2025 2539 3630 2616">
     <span class='ocr_line' id='line_1_56' title="bbox 2025 2539 3630 2616; baseline 0.012 -21"><span class='ocrx_word' id='word_1_425' title='bbox 2025 2553 2134 2596; x_wconf 90' lang='lat' dir='ltr'><strong>non</strong></span> <span class='ocrx_word' id='word_1_426' title='bbox 2183 2539 2572 2612; x_wconf 83' lang='lat' dir='ltr'><strong>cruciﬁgimus,</strong></span> <span class='ocrx_word' id='word_1_427' title='bbox 2624 2546 2720 2600; x_wconf 88' lang='lat' dir='ltr'><strong>sed</strong></span> <span class='ocrx_word' id='word_1_428' title='bbox 2769 2551 3208 2608; x_wconf 85' lang='lat' dir='ltr'><strong>manuducimus.</strong></span> <span class='ocrx_word' id='word_1_429' title='bbox 3263 2553 3342 2610; x_wconf 86' lang='lat' dir='ltr'><strong>&#39;I‘u</strong></span> <span class='ocrx_word' id='word_1_430' title='bbox 3388 2574 3520 2614; x_wconf 91' lang='lat' dir='ltr'><strong>vero</strong></span> <span class='ocrx_word' id='word_1_431' title='bbox 3573 2571 3630 2616; x_wconf 86' lang='lat' dir='ltr'><strong>et</strong></span> 
     </span>
    </p>
   </div>
   <div class='ocr_carea' id='block_1_57' title="bbox 2023 2635 3628 2724">
    <p class='ocr_par' dir='ltr' id='par_1_57' title="bbox 2023 2635 3628 2724">
     <span class='ocr_line' id='line_1_57' title="bbox 2023 2635 3628 2724; baseline 0.011 -34"><span class='ocrx_word' id='word_1_432' title='bbox 2023 2637 2296 2706; x_wconf 87' lang='lat' dir='ltr'><strong>respicere</strong></span> <span class='ocrx_word' id='word_1_433' title='bbox 2332 2639 2386 2691; x_wconf 93' lang='lat' dir='ltr'><strong>in</strong></span> <span class='ocrx_word' id='word_1_434' title='bbox 2429 2635 2610 2692; x_wconf 89' lang='lat' dir='ltr'><strong>lumen</strong></span> <span class='ocrx_word' id='word_1_435' title='bbox 2657 2639 3005 2697; x_wconf 90' lang='lat' dir='ltr'><strong>inchoantcm</strong></span> <span class='ocrx_word' id='word_1_436' title='bbox 3055 2646 3232 2700; x_wconf 84' lang='lat' dir='ltr'><strong>virum</strong></span> <span class='ocrx_word' id='word_1_437' title='bbox 3285 2651 3438 2718; x_wconf 90' lang='lat' dir='ltr'><strong>quasi</strong></span> <span class='ocrx_word' id='word_1_438' title='bbox 3491 2668 3628 2724; x_wconf 89' lang='lat' dir='ltr'><strong>puer</strong></span> 
     </span>
    </p>
   </div>
   <div class='ocr_carea' id='block_1_58' title="bbox 2023 2728 3626 2813">
    <p class='ocr_par' dir='ltr' id='par_1_58' title="bbox 2023 2728 3626 2813">
     <span class='ocr_line' id='line_1_58' title="bbox 2023 2728 3626 2813; baseline 0.011 -32"><span class='ocrx_word' id='word_1_439' title='bbox 2023 2743 2196 2782; x_wconf 81' lang='lat' dir='ltr'><strong>novus</strong></span> <span class='ocrx_word' id='word_1_440' title='bbox 2227 2728 2364 2782; x_wconf 85' lang='lat' dir='ltr'><strong>dans</strong></span> <span class='ocrx_word' id='word_1_441' title='bbox 2415 2729 2654 2799; x_wconf 87' lang='lat' dir='ltr'><strong>repellis,</strong></span> <span class='ocrx_word' id='word_1_442' title='bbox 2685 2739 2741 2786; x_wconf 90' lang='lat' dir='ltr'><strong>et</strong></span> <span class='ocrx_word' id='word_1_443' title='bbox 2783 2729 2920 2788; x_wconf 85' lang='lat' dir='ltr'><strong>cum</strong></span> <span class='ocrx_word' id='word_1_444' title='bbox 2951 2735 3118 2791; x_wconf 90' lang='lat' dir='ltr'><strong>multa</strong></span> <span class='ocrx_word' id='word_1_445' title='bbox 3151 2737 3468 2795; x_wconf 89' lang='lat' dir='ltr'><strong>confusione</strong></span> <span class='ocrx_word' id='word_1_446' title='bbox 3499 2759 3626 2813; x_wconf 87' lang='lat' dir='ltr'><strong>pro-</strong></span> 
     </span>
    </p>
   </div>
   <div class='ocr_carea' id='block_1_59' title="bbox 2021 2817 3627 2893">
    <p class='ocr_par' dir='ltr' id='par_1_59' title="bbox 2021 2817 3627 2893">
     <span class='ocr_line' id='line_1_59' title="bbox 2021 2817 3627 2893; baseline 0.013 -23"><span class='ocrx_word' id='word_1_447' title='bbox 2021 2817 2290 2872; x_wconf 89' lang='lat' dir='ltr'><strong>cidentcm</strong></span> <span class='ocrx_word' id='word_1_448' title='bbox 2339 2819 2625 2874; x_wconf 88' lang='lat' dir='ltr'><strong>ferocitate</strong></span> <span class='ocrx_word' id='word_1_449' title='bbox 2673 2824 3008 2880; x_wconf 87' lang='lat' dir='ltr'><strong>recalcitras.</strong></span> <span class='ocrx_word' id='word_1_450' title='bbox 3039 2827 3180 2884; x_wconf 68' lang='lat' dir='ltr'><strong>~lloc</strong></span> <span class='ocrx_word' id='word_1_451' title='bbox 3225 2843 3405 2887; x_wconf 87' lang='lat' dir='ltr'><strong>autem</strong></span> <span class='ocrx_word' id='word_1_452' title='bbox 3454 2837 3627 2893; x_wconf 88' lang='lat' dir='ltr'><strong>nmlto</strong></span> 
     </span>
    </p>
   </div>
   <div class='ocr_carea' id='block_1_60' title="bbox 2019 2908 3626 3000">
    <p class='ocr_par' dir='ltr' id='par_1_60' title="bbox 2019 2908 3626 3000">
     <span class='ocr_line' id='line_1_60' title="bbox 2019 2908 3626 3000; baseline 0.016 -38"><span class='ocrx_word' id='word_1_453' title='bbox 2019 2908 2229 2963; x_wconf 89' lang='lat' dir='ltr'><strong>honore</strong></span> <span class='ocrx_word' id='word_1_454' title='bbox 2275 2912 2517 2981; x_wconf 81' lang='lat' dir='ltr'><strong>dignum,</strong></span> <span class='ocrx_word' id='word_1_455' title='bbox 2571 2917 2712 2984; x_wconf 87' lang='lat' dir='ltr'><strong>quod</strong></span> <span class='ocrx_word' id='word_1_456' title='bbox 2761 2914 3012 2974; x_wconf 83' lang='lat' dir='ltr'><strong>Christus</strong></span> <span class='ocrx_word' id='word_1_457' title='bbox 3054 2937 3218 2992; x_wconf 85' lang='lat' dir='ltr'><strong>super</strong></span> <span class='ocrx_word' id='word_1_458' title='bbox 3251 2936 3462 2982; x_wconf 89' lang='lat' dir='ltr'><strong>montes</strong></span> <span class='ocrx_word' id='word_1_459' title='bbox 3485 2932 3626 3000; x_wconf 89' lang='lat' dir='ltr'><strong>opti-</strong></span> 
     </span>
    </p>
   </div>
   <div class='ocr_carea' id='block_1_61' title="bbox 2019 3009 3620 3092">
    <p class='ocr_par' dir='ltr' id='par_1_61' title="bbox 2019 3009 3620 3092">
     <span class='ocr_line' id='line_1_61' title="bbox 2019 3009 3620 3092; baseline 0.016 -36"><span class='ocrx_word' id='word_1_460' title='bbox 2019 3017 2143 3058; x_wconf 90' lang='lat' dir='ltr'><strong>mus</strong></span> <span class='ocrx_word' id='word_1_461' title='bbox 2172 3017 2290 3071; x_wconf 90' lang='lat' dir='ltr'><strong>ens,</strong></span> <span class='ocrx_word' id='word_1_462' title='bbox 2317 3017 2590 3062; x_wconf 89' lang='lat' dir='ltr'><strong>errantem</strong></span> <span class='ocrx_word' id='word_1_463' title='bbox 2626 3009 2868 3082; x_wconf 86' lang='lat' dir='ltr'><strong>inquirit,</strong></span> <span class='ocrx_word' id='word_1_464' title='bbox 2901 3021 2955 3070; x_wconf 89' lang='lat' dir='ltr'><strong>et</strong></span> <span class='ocrx_word' id='word_1_465' title='bbox 2982 3016 3339 3086; x_wconf 77' lang='lat' dir='ltr'><strong>refugientem</strong></span> <span class='ocrx_word' id='word_1_466' title='bbox 3365 3024 3620 3092; x_wconf 83' lang='lat' dir='ltr'><strong>advocat,</strong></span> 
     </span>
    </p>
   </div>
   <div class='ocr_carea' id='block_1_62' title="bbox 315 3097 1920 3190">
    <p class='ocr_par' dir='ltr' id='par_1_62' title="bbox 315 3101 1920 3165">
     <span class='ocr_line' id='line_1_62' title="bbox 315 3101 1920 3165; baseline -0.001 0"><span class='ocrx_word' id='word_1_467' title='bbox 315 3109 613 3165; x_wconf 86' lang='lat' dir='ltr'><strong>secundum</strong></span> <span class='ocrx_word' id='word_1_468' title='bbox 649 3123 750 3164; x_wconf 88' lang='lat' dir='ltr'><strong>nos</strong></span> <span class='ocrx_word' id='word_1_469' title='bbox 787 3101 1048 3162; x_wconf 88' lang='lat' dir='ltr'><strong>famul&#39;atu</strong></span> <span class='ocrx_word' id='word_1_470' title='bbox 1078 3109 1224 3163; x_wconf 90' lang='lat' dir='ltr'><strong>omni</strong></span> <span class='ocrx_word' id='word_1_471' title='bbox 1264 3107 1524 3163; x_wconf 88' lang='lat' dir='ltr'><strong>alienum.</strong></span> <span class='ocrx_word' id='word_1_472' title='bbox 1554 3109 1620 3161; x_wconf 88' lang='lat' dir='ltr'><strong>Et</strong></span> <span class='ocrx_word' id='word_1_473' title='bbox 1649 3105 1772 3162; x_wconf 85' lang='lat' dir='ltr'><strong>vide</strong></span> <span class='ocrx_word' id='word_1_474' title='bbox 1801 3123 1832 3161; x_wconf 90' lang='lat' dir='ltr'><strong>a</strong></span> <span class='ocrx_word' id='word_1_475' title='bbox 1865 3117 1920 3163; x_wconf 91' lang='lat' dir='ltr'><strong>te</strong></span> 
     </span>
    </p>
   </div>
   <div class='ocr_carea' id='block_1_63' title="bbox 2022 3097 3622 3190">
    <p class='ocr_par' dir='ltr' id='par_1_63' title="bbox 2024 3097 3622 3190">
     <span class='ocr_line' id='line_1_63' title="bbox 2024 3097 3622 3190; baseline 0.017 -39"><span class='ocrx_word' id='word_1_476' title='bbox 2024 3105 2079 3151; x_wconf 88' lang='lat' dir='ltr'><strong>et</strong></span> <span class='ocrx_word' id='word_1_477' title='bbox 2101 3097 2381 3152; x_wconf 88' lang='lat' dir='ltr'><strong>inventum</strong></span> <span class='ocrx_word' id='word_1_478' title='bbox 2413 3101 2501 3154; x_wconf 85' lang='lat' dir='ltr'><strong>vix</strong></span> <span class='ocrx_word' id='word_1_479' title='bbox 2530 3102 2582 3156; x_wconf 91' lang='lat' dir='ltr'><strong>in</strong></span> <span class='ocrx_word' id='word_1_480' title='bbox 2612 3103 2867 3159; x_wconf 87' lang='lat' dir='ltr'><strong>humeros</strong></span> <span class='ocrx_word' id='word_1_481' title='bbox 2902 3107 3040 3163; x_wconf 90' lang='lat' dir='ltr'><strong>tollit</strong></span> <span class='ocrx_word' id='word_1_482' title='bbox 3061 3108 3110 3162; x_wconf 81' lang='lat' dir='ltr'><strong>h.</strong></span> <span class='ocrx_word' id='word_1_483' title='bbox 3141 3109 3435 3184; x_wconf 77' lang='lat' dir='ltr'><strong>Numquid,</strong></span> <span class='ocrx_word' id='word_1_484' title='bbox 3467 3135 3622 3190; x_wconf 82' lang='lat' dir='ltr'><strong>rogo,</strong></span> 
     </span>
    </p>
   </div>
   <div class='ocr_carea' id='block_1_64' title="bbox 313 3199 1923 3272">
    <p class='ocr_par' dir='ltr' id='par_1_64' title="bbox 313 3199 1923 3272">
     <span class='ocr_line' id='line_1_64' title="bbox 313 3199 1923 3272; baseline -0.001 -15"><span class='ocrx_word' id='word_1_485' title='bbox 313 3203 484 3258; x_wconf 84' lang='lat' dir='ltr'><strong>etiam</strong></span> <span class='ocrx_word' id='word_1_486' title='bbox 526 3201 696 3256; x_wconf 90' lang='lat' dir='ltr'><strong>Deum</strong></span> <span class='ocrx_word' id='word_1_487' title='bbox 744 3215 1010 3272; x_wconf 87' lang='lat' dir='ltr'><strong>quaerere</strong></span> <span class='ocrx_word' id='word_1_488' title='bbox 1049 3211 1104 3255; x_wconf 91' lang='lat' dir='ltr'><strong>et</strong></span> <span class='ocrx_word' id='word_1_489' title='bbox 1153 3201 1464 3255; x_wconf 84' lang='lat' dir='ltr'><strong>sacerdotes</strong></span> <span class='ocrx_word' id='word_1_490' title='bbox 1513 3199 1669 3266; x_wconf 87' lang='lat' dir='ltr'><strong>alios,</strong></span> <span class='ocrx_word' id='word_1_491' title='bbox 1710 3200 1778 3254; x_wconf 87' lang='lat' dir='ltr'><strong>ab</strong></span> <span class='ocrx_word' id='word_1_492' title='bbox 1818 3199 1923 3255; x_wconf 89' lang='lat' dir='ltr'><strong>illis</strong></span> 
     </span>
    </p>
   </div>
   <div class='ocr_carea' id='block_1_65' title="bbox 315 3291 1923 3365">
    <p class='ocr_par' dir='ltr' id='par_1_65' title="bbox 315 3291 1923 3365">
     <span class='ocr_line' id='line_1_65' title="bbox 315 3291 1923 3365; baseline -0.004 -15"><span class='ocrx_word' id='word_1_493' title='bbox 315 3295 500 3350; x_wconf 90' lang='lat' dir='ltr'><strong>curari</strong></span> <span class='ocrx_word' id='word_1_494' title='bbox 528 3296 706 3365; x_wconf 86' lang='lat' dir='ltr'><strong>magis</strong></span> <span class='ocrx_word' id='word_1_495' title='bbox 725 3309 889 3363; x_wconf 90' lang='lat' dir='ltr'><strong>quam</strong></span> <span class='ocrx_word' id='word_1_496' title='bbox 921 3293 1132 3365; x_wconf 81' lang='lat' dir='ltr'><strong>perfici,</strong></span> <span class='ocrx_word' id='word_1_497' title='bbox 1181 3301 1236 3347; x_wconf 88' lang='lat' dir='ltr'><strong>et</strong></span> <span class='ocrx_word' id='word_1_498' title='bbox 1292 3309 1412 3348; x_wconf 87' lang='lat' dir='ltr'><strong>esse</strong></span> <span class='ocrx_word' id='word_1_499' title='bbox 1450 3303 1738 3348; x_wconf 86' lang='lat' dir='ltr'><strong>consuetae</strong></span> <span class='ocrx_word' id='word_1_500' title='bbox 1766 3291 1923 3346; x_wconf 90' lang='lat' dir='ltr'><strong>inhu-</strong></span> 
     </span>
    </p>
   </div>
   <div class='ocr_carea' id='block_1_66' title="bbox 307 3381 1922 3454">
    <p class='ocr_par' dir='ltr' id='par_1_66' title="bbox 307 3381 1922 3454">
     <span class='ocr_line' id='line_1_66' title="bbox 307 3381 1922 3454; baseline -0.003 -11"><span class='ocrx_word' id='word_1_501' title='bbox 307 3386 595 3443; x_wconf 88' lang='lat' dir='ltr'><strong>manitatis</strong></span> <span class='ocrx_word' id='word_1_502' title='bbox 631 3387 683 3442; x_wconf 90' lang='lat' dir='ltr'><strong>in</strong></span> <span class='ocrx_word' id='word_1_503' title='bbox 711 3395 1054 3441; x_wconf 88' lang='lat' dir='ltr'><strong>mansuetum</strong></span> <span class='ocrx_word' id='word_1_504' title='bbox 1103 3381 1751 3454; x_wconf 77' lang='lat' dir='ltr'><strong>ministrum.&#39;Numquid</strong></span> <span class='ocrx_word' id='word_1_505' title='bbox 1795 3397 1922 3438; x_wconf 90' lang='lat' dir='ltr'><strong>nos-</strong></span> 
     </span>
    </p>
   </div>
   <div class='ocr_carea' id='block_1_67' title="bbox 308 3475 1918 3552">
    <p class='ocr_par' dir='ltr' id='par_1_67' title="bbox 308 3475 1918 3552">
     <span class='ocr_line' id='line_1_67' title="bbox 308 3475 1918 3552; baseline 0 -20"><span class='ocrx_word' id='word_1_506' title='bbox 308 3479 460 3550; x_wconf 88' lang='lat' dir='ltr'><strong>ipsos</strong></span> <span class='ocrx_word' id='word_1_507' title='bbox 526 3478 594 3532; x_wconf 88' lang='lat' dir='ltr'><strong>ad</strong></span> <span class='ocrx_word' id='word_1_508' title='bbox 649 3478 888 3552; x_wconf 47' lang='lat' dir='ltr'><strong>omnim,</strong></span> <span class='ocrx_word' id='word_1_509' title='bbox 955 3487 1202 3532; x_wconf 88' lang='lat' dir='ltr'><strong>sanctum</strong></span> <span class='ocrx_word' id='word_1_510' title='bbox 1269 3475 1636 3547; x_wconf 79' lang='lat' dir='ltr'><strong>perfecimus,</strong></span> <span class='ocrx_word' id='word_1_511' title='bbox 1701 3485 1758 3531; x_wconf 90' lang='lat' dir='ltr'><strong>ct</strong></span> <span class='ocrx_word' id='word_1_512' title='bbox 1811 3491 1918 3532; x_wconf 89' lang='lat' dir='ltr'><strong>non</strong></span> 
     </span>
    </p>
   </div>
   <div class='ocr_carea' id='block_1_68' title="bbox 309 3568 1919 3644">
    <p class='ocr_par' dir='ltr' id='par_1_68' title="bbox 309 3568 1919 3644">
     <span class='ocr_line' id='line_1_68' title="bbox 309 3568 1919 3644; baseline -0.002 -18"><span class='ocrx_word' id='word_1_513' title='bbox 309 3570 618 3641; x_wconf 80' lang='lat' dir='ltr'><strong>indigemus</strong></span> <span class='ocrx_word' id='word_1_514' title='bbox 645 3569 862 3644; x_wconf 83' lang='lat' dir='ltr'><strong>divinae</strong></span> <span class='ocrx_word' id='word_1_515' title='bbox 888 3583 955 3625; x_wconf 81' lang='lat' dir='ltr'><strong>ex</strong></span> <span class='ocrx_word' id='word_1_516' title='bbox 977 3571 1155 3640; x_wconf 89' lang='lat' dir='ltr'><strong>seipsa</strong></span> <span class='ocrx_word' id='word_1_517' title='bbox 1169 3569 1524 3624; x_wconf 83' lang='lat' dir='ltr'><strong>humanitatis</strong></span> <span class='ocrx_word' id='word_1_518' title='bbox 1544 3569 1567 3622; x_wconf 87' lang='lat'><strong>?</strong></span> <span class='ocrx_word' id='word_1_519' title='bbox 1589 3570 1671 3623; x_wconf 83' lang='lat' dir='ltr'><strong>An</strong></span> <span class='ocrx_word' id='word_1_520' title='bbox 1696 3568 1919 3640; x_wconf 90' lang='lat' dir='ltr'><strong>duplum</strong></span> 
     </span>
    </p>
   </div>
   <div class='ocr_carea' id='block_1_69' title="bbox 307 3653 1919 3734">
    <p class='ocr_par' dir='ltr' id='par_1_69' title="bbox 307 3653 1919 3734">
     <span class='ocr_line' id='line_1_69' title="bbox 307 3653 1919 3734; baseline -0.001 -17"><span class='ocrx_word' id='word_1_521' title='bbox 307 3671 620 3734; x_wconf 90' lang='lat' dir='ltr'><strong>peccatum,</strong></span> <span class='ocrx_word' id='word_1_522' title='bbox 643 3669 702 3716; x_wconf 92' lang='lat' dir='ltr'><strong>ut</strong></span> <span class='ocrx_word' id='word_1_523' title='bbox 720 3653 934 3733; x_wconf 78' lang='lat' dir='ltr'><strong>eloquia</strong></span> <span class='ocrx_word' id='word_1_524' title='bbox 963 3663 1137 3728; x_wconf 88' lang='lat' dir='ltr'><strong>aiunt,</strong></span> <span class='ocrx_word' id='word_1_525' title='bbox 1173 3661 1468 3717; x_wconf 90' lang='lat' dir='ltr'><strong>secundum</strong></span> <span class='ocrx_word' id='word_1_526' title='bbox 1501 3661 1694 3732; x_wconf 89' lang='lat' dir='ltr'><strong>impios</strong></span> <span class='ocrx_word' id='word_1_527' title='bbox 1719 3675 1919 3732; x_wconf 89' lang='lat' dir='ltr'><strong>pecca-</strong></span> 
     </span>
    </p>
   </div>
   <div class='ocr_carea' id='block_1_70' title="bbox 311 3735 1919 3823">
    <p class='ocr_par' dir='ltr' id='par_1_70' title="bbox 311 3735 1919 3823">
     <span class='ocr_line' id='line_1_70' title="bbox 311 3735 1919 3823; baseline -0.002 -15"><span class='ocrx_word' id='word_1_528' title='bbox 311 3735 459 3818; x_wconf 78' lang='lat' dir='ltr'><strong>mus,</strong></span> <span class='ocrx_word' id='word_1_529' title='bbox 499 3753 801 3808; x_wconf 88' lang='lat' dir='ltr'><strong>nescientes</strong></span> <span class='ocrx_word' id='word_1_530' title='bbox 829 3753 884 3806; x_wconf 90' lang='lat' dir='ltr'><strong>in</strong></span> <span class='ocrx_word' id='word_1_531' title='bbox 909 3766 1016 3823; x_wconf 91' lang='lat' dir='ltr'><strong>quo</strong></span> <span class='ocrx_word' id='word_1_532' title='bbox 1035 3749 1380 3816; x_wconf 75' lang='lat' dir='ltr'><strong>offendimus,</strong></span> <span class='ocrx_word' id='word_1_533' title='bbox 1410 3741 1506 3806; x_wconf 73' lang='lat' dir='ltr'><strong>Sed</strong></span> <span class='ocrx_word' id='word_1_534' title='bbox 1536 3760 1592 3805; x_wconf 93' lang='lat' dir='ltr'><strong>et</strong></span> <span class='ocrx_word' id='word_1_535' title='bbox 1613 3749 1919 3819; x_wconf 84' lang='lat' dir='ltr'><strong>justiﬁcan&#39;</strong></span> 
     </span>
    </p>
   </div>
   <div class='ocr_carea' id='block_1_71' title="bbox 313 3845 1916 3916">
    <p class='ocr_par' dir='ltr' id='par_1_71' title="bbox 313 3845 1916 3916">
     <span class='ocr_line' id='line_1_71' title="bbox 313 3845 1916 3916; baseline -0.001 -16"><span class='ocrx_word' id='word_1_536' title='bbox 313 3853 404 3900; x_wconf 80' lang='lat' dir='ltr'><strong>tes</strong></span> <span class='ocrx_word' id='word_1_537' title='bbox 431 3847 704 3916; x_wconf 89' lang='lat' dir='ltr'><strong>nosipsos,</strong></span> <span class='ocrx_word' id='word_1_538' title='bbox 732 3853 788 3900; x_wconf 89' lang='lat' dir='ltr'><strong>et</strong></span> <span class='ocrx_word' id='word_1_539' title='bbox 815 3846 1165 3901; x_wconf 84' lang='lat' dir='ltr'><strong>aestimantes</strong></span> <span class='ocrx_word' id='word_1_540' title='bbox 1205 3845 1406 3909; x_wconf 89' lang='lat' dir='ltr'><strong>videre,</strong></span> <span class='ocrx_word' id='word_1_541' title='bbox 1444 3859 1570 3899; x_wconf 90' lang='lat' dir='ltr'><strong>vere</strong></span> <span class='ocrx_word' id='word_1_542' title='bbox 1597 3853 1776 3900; x_wconf 88' lang='lat' dir='ltr'><strong>autem</strong></span> <span class='ocrx_word' id='word_1_543' title='bbox 1808 3858 1916 3898; x_wconf 91' lang='lat' dir='ltr'><strong>non</strong></span> 
     </span>
    </p>
   </div>
   <div class='ocr_carea' id='block_1_72' title="bbox 311 3936 1916 4010">
    <p class='ocr_par' dir='ltr' id='par_1_72' title="bbox 311 3936 1916 4010">
     <span class='ocr_line' id='line_1_72' title="bbox 311 3936 1916 4010; baseline -0.002 -16"><span class='ocrx_word' id='word_1_544' title='bbox 311 3937 600 3994; x_wconf 77' lang='lat' dir='ltr'><strong>videntes?</strong></span> <span class='ocrx_word' id='word_1_545' title='bbox 630 3949 652 3978; x_wconf 75' lang='grc' dir='ltr'><em>ε</em></span> <span class='ocrx_word' id='word_1_546' title='bbox 677 3939 908 4010; x_wconf 83' lang='lat' dir='ltr'><strong>Expavit</strong></span> <span class='ocrx_word' id='word_1_547' title='bbox 951 3937 1158 3993; x_wconf 89' lang='lat' dir='ltr'><strong>caelum</strong></span> <span class='ocrx_word' id='word_1_548' title='bbox 1205 3949 1367 4008; x_wconf 90' lang='lat' dir='ltr'><strong>super</strong></span> <span class='ocrx_word' id='word_1_549' title='bbox 1397 3937 1519 4000; x_wconf 87' lang='lat' dir='ltr'><strong>hoc,</strong></span> <span class='ocrx_word' id='word_1_550' title='bbox 1565 3946 1619 3990; x_wconf 91' lang='lat' dir='ltr'><strong>et</strong></span> <span class='ocrx_word' id='word_1_551' title='bbox 1659 3936 1916 3990; x_wconf 75' lang='lat' dir='ltr'><strong>exhorrui</strong></span> 
     </span>
    </p>
   </div>
   <div class='ocr_carea' id='block_1_73' title="bbox 314 4027 1912 4101">
    <p class='ocr_par' dir='ltr' id='par_1_73' title="bbox 314 4027 1912 4101">
     <span class='ocr_line' id='line_1_73' title="bbox 314 4027 1912 4101; baseline -0.003 -17"><span class='ocrx_word' id='word_1_552' title='bbox 314 4042 442 4100; x_wconf 85' lang='lat' dir='ltr'><strong>ego,</strong></span> <span class='ocrx_word' id='word_1_553' title='bbox 473 4039 528 4082; x_wconf 89' lang='lat' dir='ltr'><strong>et</strong></span> <span class='ocrx_word' id='word_1_554' title='bbox 561 4027 741 4084; x_wconf 83' lang='lat' dir='ltr'><strong>dime</strong></span> <span class='ocrx_word' id='word_1_555' title='bbox 770 4031 824 4084; x_wconf 91' lang='lat' dir='ltr'><strong>in</strong></span> <span class='ocrx_word' id='word_1_556' title='bbox 865 4031 1093 4101; x_wconf 90' lang='lat' dir='ltr'><strong>meipso.</strong></span> <span class='ocrx_word' id='word_1_557' title='bbox 1125 4029 1193 4086; x_wconf 86' lang='lat' dir='ltr'><strong>Et</strong></span> <span class='ocrx_word' id='word_1_558' title='bbox 1220 4029 1266 4083; x_wconf 90' lang='lat' dir='ltr'><strong>si</strong></span> <span class='ocrx_word' id='word_1_559' title='bbox 1296 4043 1400 4082; x_wconf 91' lang='lat' dir='ltr'><strong>non</strong></span> <span class='ocrx_word' id='word_1_560' title='bbox 1432 4037 1550 4081; x_wconf 90' lang='lat' dir='ltr'><strong>tuas</strong></span> <span class='ocrx_word' id='word_1_561' title='bbox 1576 4027 1912 4096; x_wconf 88' lang='lat' dir='ltr'><strong>insequerer,</strong></span> 
     </span>
    </p>
   </div>
   <div class='ocr_carea' id='block_1_74' title="bbox 311 4118 1912 4194">
    <p class='ocr_par' dir='ltr' id='par_1_74' title="bbox 311 4118 1912 4194">
     <span class='ocr_line' id='line_1_74' title="bbox 311 4118 1912 4194; baseline -0.001 -20"><span class='ocrx_word' id='word_1_562' title='bbox 311 4123 471 4194; x_wconf 83' lang='lat' dir='ltr'><strong>quasi</strong></span> <span class='ocrx_word' id='word_1_563' title='bbox 497 4137 600 4177; x_wconf 89' lang='lat' dir='ltr'><strong>non</strong></span> <span class='ocrx_word' id='word_1_564' title='bbox 627 4122 884 4178; x_wconf 89' lang='lat' dir='ltr'><strong>deberent</strong></span> <span class='ocrx_word' id='word_1_565' title='bbox 909 4123 1049 4180; x_wconf 88' lang='lat' dir='ltr'><strong>bene</strong></span> <span class='ocrx_word' id='word_1_566' title='bbox 1060 4137 1327 4194; x_wconf 81' lang='lat' dir='ltr'><strong>cognosce</strong></span> <span class='ocrx_word' id='word_1_567' title='bbox 1349 4121 1674 4184; x_wconf 87' lang='lat' dir='ltr'><strong>literas,non</strong></span> <span class='ocrx_word' id='word_1_568' title='bbox 1711 4118 1912 4174; x_wconf 88' lang='lat' dir='ltr'><strong>fortas-</strong></span> 
     </span>
    </p>
   </div>
   <div class='ocr_carea' id='block_1_75' title="bbox 312 4211 1915 4286">
    <p class='ocr_par' dir='ltr' id='par_1_75' title="bbox 312 4211 1915 4286">
     <span class='ocr_line' id='line_1_75' title="bbox 312 4211 1915 4286; baseline 0 -17"><span class='ocrx_word' id='word_1_569' title='bbox 312 4215 394 4270; x_wconf 83' lang='lat' dir='ltr'><strong>sis</strong></span> <span class='ocrx_word' id='word_1_570' title='bbox 417 4216 779 4286; x_wconf 89' lang='lat' dir='ltr'><strong>reprehensae</strong></span> <span class='ocrx_word' id='word_1_571' title='bbox 809 4227 958 4274; x_wconf 85' lang='lat' dir='ltr'><strong>sunt.</strong></span> <span class='ocrx_word' id='word_1_572' title='bbox 997 4216 1274 4286; x_wconf 68' lang='lat' dir='ltr'><strong>Siquidem</strong></span> <span class='ocrx_word' id='word_1_573' title='bbox 1306 4215 1394 4268; x_wconf 91' lang='lat' dir='ltr'><strong>alii</strong></span> <span class='ocrx_word' id='word_1_574' title='bbox 1421 4228 1507 4267; x_wconf 91' lang='lat' dir='ltr'><strong>me</strong></span> <span class='ocrx_word' id='word_1_575' title='bbox 1531 4213 1748 4282; x_wconf 88' lang='lat' dir='ltr'><strong>quidam</strong></span> <span class='ocrx_word' id='word_1_576' title='bbox 1771 4211 1836 4266; x_wconf 91' lang='lat' dir='ltr'><strong>de</strong></span> <span class='ocrx_word' id='word_1_577' title='bbox 1861 4221 1915 4269; x_wconf 91' lang='lat' dir='ltr'><strong>te</strong></span> 
     </span>
    </p>
   </div>
   <div class='ocr_carea' id='block_1_76' title="bbox 309 4305 1914 4380">
    <p class='ocr_par' dir='ltr' id='par_1_76' title="bbox 309 4305 1914 4380">
     <span class='ocr_line' id='line_1_76' title="bbox 309 4305 1914 4380; baseline -0.001 -19"><span class='ocrx_word' id='word_1_578' title='bbox 309 4307 600 4364; x_wconf 88' lang='lat' dir='ltr'><strong>consulere</strong></span> <span class='ocrx_word' id='word_1_579' title='bbox 636 4309 856 4380; x_wconf 84' lang='lat' dir='ltr'><strong>dignum</strong></span> <span class='ocrx_word' id='word_1_580' title='bbox 886 4310 1180 4376; x_wconf 89' lang='lat' dir='ltr'><strong>ducebant,</strong></span> <span class='ocrx_word' id='word_1_581' title='bbox 1209 4307 1336 4380; x_wconf 91' lang='lat' dir='ltr'><strong>quia</strong></span> <span class='ocrx_word' id='word_1_582' title='bbox 1373 4305 1722 4377; x_wconf 81' lang='lat' dir='ltr'><strong>DemOphilus</strong></span> <span class='ocrx_word' id='word_1_583' title='bbox 1750 4307 1914 4362; x_wconf 79' lang='lat' dir='ltr'><strong>aesti-</strong></span> 
     </span>
    </p>
   </div>
   <div class='ocr_carea' id='block_1_77' title="bbox 311 4399 1906 4470">
    <p class='ocr_par' dir='ltr' id='par_1_77' title="bbox 311 4399 1906 4470">
     <span class='ocr_line' id='line_1_77' title="bbox 311 4399 1906 4470; baseline -0.001 -16"><span class='ocrx_word' id='word_1_584' title='bbox 311 4407 431 4454; x_wconf 86' lang='lat' dir='ltr'><strong>mat</strong></span> <span class='ocrx_word' id='word_1_585' title='bbox 455 4401 714 4470; x_wconf 89' lang='lat' dir='ltr'><strong>0ptimum</strong></span> <span class='ocrx_word' id='word_1_586' title='bbox 741 4401 796 4456; x_wconf 92' lang='lat' dir='ltr'><strong>in</strong></span> <span class='ocrx_word' id='word_1_587' title='bbox 827 4403 1008 4456; x_wconf 83' lang='lat' dir='ltr'><strong>omnia</strong></span> <span class='ocrx_word' id='word_1_588' title='bbox 1038 4401 1207 4456; x_wconf 89' lang='lat' dir='ltr'><strong>Deum</strong></span> <span class='ocrx_word' id='word_1_589' title='bbox 1237 4414 1343 4453; x_wconf 91' lang='lat' dir='ltr'><strong>non</strong></span> <span class='ocrx_word' id='word_1_590' title='bbox 1371 4413 1492 4453; x_wconf 90' lang='lat' dir='ltr'><strong>esse</strong></span> <span class='ocrx_word' id='word_1_591' title='bbox 1513 4405 1568 4452; x_wconf 90' lang='lat' dir='ltr'><strong>et</strong></span> <span class='ocrx_word' id='word_1_592' title='bbox 1588 4399 1906 4464; x_wconf 87' lang='lat' dir='ltr'><strong>humanum,</strong></span> 
     </span>
    </p>
   </div>
   <div class='ocr_carea' id='block_1_78' title="bbox 2023 3191 3622 3280">
    <p class='ocr_par' dir='ltr' id='par_1_78' title="bbox 2023 3191 3622 3280">
     <span class='ocr_line' id='line_1_78' title="bbox 2023 3191 3622 3280; baseline 0.014 -36"><span class='ocrx_word' id='word_1_593' title='bbox 2023 3205 2130 3244; x_wconf 92' lang='lat' dir='ltr'><strong>non</strong></span> <span class='ocrx_word' id='word_1_594' title='bbox 2168 3191 2308 3246; x_wconf 91' lang='lat' dir='ltr'><strong>male</strong></span> <span class='ocrx_word' id='word_1_595' title='bbox 2357 3192 2436 3248; x_wconf 91' lang='lat' dir='ltr'><strong>sic</strong></span> <span class='ocrx_word' id='word_1_596' title='bbox 2461 3194 2526 3248; x_wconf 90' lang='lat' dir='ltr'><strong>de</strong></span> <span class='ocrx_word' id='word_1_597' title='bbox 2557 3195 2710 3251; x_wconf 89' lang='lat' dir='ltr'><strong>nobis</strong></span> <span class='ocrx_word' id='word_1_598' title='bbox 2753 3198 2886 3267; x_wconf 84' lang='lat' dir='ltr'><strong>ipsis</strong></span> <span class='ocrx_word' id='word_1_599' title='bbox 2916 3203 3318 3261; x_wconf 79' lang='lat' dir='ltr'><strong>Consiliatmtr?</strong></span> <span class='ocrx_word' id='word_1_600' title='bbox 3351 3207 3622 3280; x_wconf 83' lang='lat' dir='ltr'><strong>Numquid</strong></span> 
     </span>
    </p>
   </div>
   <div class='ocr_carea' id='block_1_79' title="bbox 2023 3280 3626 3372">
    <p class='ocr_par' dir='ltr' id='par_1_79' title="bbox 2023 3280 3626 3372">
     <span class='ocr_line' id='line_1_79' title="bbox 2023 3280 3626 3372; baseline 0.016 -39"><span class='ocrx_word' id='word_1_601' title='bbox 2023 3280 2076 3334; x_wconf 91' lang='lat' dir='ltr'><strong>in</strong></span> <span class='ocrx_word' id='word_1_602' title='bbox 2101 3283 2352 3360; x_wconf 89' lang='lat' dir='ltr'><strong>nosipsos</strong></span> <span class='ocrx_word' id='word_1_603' title='bbox 2377 3285 2707 3355; x_wconf 84' lang='lat' dir='ltr'><strong>impellimus</strong></span> <span class='ocrx_word' id='word_1_604' title='bbox 2745 3290 2952 3346; x_wconf 81' lang='lat' dir='ltr'><strong>telum?</strong></span> <span class='ocrx_word' id='word_1_605' title='bbox 2981 3293 3136 3362; x_wconf 85' lang='lat' dir='ltr'><strong>Quod</strong></span> <span class='ocrx_word' id='word_1_606' title='bbox 3180 3297 3398 3366; x_wconf 88' lang='lat' dir='ltr'><strong>quidem</strong></span> <span class='ocrx_word' id='word_1_607' title='bbox 3425 3299 3626 3372; x_wconf 83' lang='lat' dir='ltr'><strong>injuste</strong></span> 
     </span>
    </p>
   </div>
   <div class='ocr_carea' id='block_1_80' title="bbox 2021 3371 3622 3452">
    <p class='ocr_par' dir='ltr' id='par_1_80' title="bbox 2021 3371 3622 3452">
     <span class='ocr_line' id='line_1_80' title="bbox 2021 3371 3622 3452; baseline 0.017 -27"><span class='ocrx_word' id='word_1_608' title='bbox 2021 3371 2203 3427; x_wconf 82' lang='lat' dir='ltr'><strong>facere</strong></span> <span class='ocrx_word' id='word_1_609' title='bbox 2231 3377 2518 3444; x_wconf 88' lang='lat' dir='ltr'><strong>quosdam,</strong></span> <span class='ocrx_word' id='word_1_610' title='bbox 2553 3379 2666 3435; x_wconf 88' lang='lat' dir='ltr'><strong>sive</strong></span> <span class='ocrx_word' id='word_1_611' title='bbox 2711 3386 3021 3440; x_wconf 88' lang='lat' dir='ltr'><strong>econtrario</strong></span> <span class='ocrx_word' id='word_1_612' title='bbox 3049 3387 3188 3444; x_wconf 90' lang='lat' dir='ltr'><strong>bene</strong></span> <span class='ocrx_word' id='word_1_613' title='bbox 3213 3389 3392 3448; x_wconf 90' lang='lat' dir='ltr'><strong>facere</strong></span> <span class='ocrx_word' id='word_1_614' title='bbox 3422 3371 3622 3452; x_wconf 84' lang='lat' dir='ltr'><strong>conan-</strong></span> 
     </span>
    </p>
   </div>
   <div class='ocr_carea' id='block_1_81' title="bbox 2023 3459 3616 3554">
    <p class='ocr_par' dir='ltr' id='par_1_81' title="bbox 2023 3459 3616 3554">
     <span class='ocr_line' id='line_1_81' title="bbox 2023 3459 3616 3554; baseline 0.018 -35"><span class='ocrx_word' id='word_1_615' title='bbox 2023 3474 2128 3534; x_wconf 91' lang='lat' dir='ltr'><strong>tes,</strong></span> <span class='ocrx_word' id='word_1_616' title='bbox 2168 3467 2492 3554; x_wconf 84' lang='lat' dir='ltr'><strong>illiquidem</strong></span> <span class='ocrx_word' id='word_1_617' title='bbox 2524 3488 2630 3528; x_wconf 90' lang='lat' dir='ltr'><strong>non</strong></span> <span class='ocrx_word' id='word_1_618' title='bbox 2655 3467 2872 3546; x_wconf 83' lang='lat' dir='ltr'><strong>semper</strong></span> <span class='ocrx_word' id='word_1_619' title='bbox 2889 3492 3114 3550; x_wconf 89' lang='lat' dir='ltr'><strong>egerunt</strong></span> <span class='ocrx_word' id='word_1_620' title='bbox 3144 3498 3286 3554; x_wconf 89' lang='lat' dir='ltr'><strong>quae</strong></span> <span class='ocrx_word' id='word_1_621' title='bbox 3315 3459 3616 3548; x_wconf 74' lang='lat' dir='ltr'><strong>voluerunt.</strong></span> 
     </span>
    </p>
   </div>
   <div class='ocr_carea' id='block_1_82' title="bbox 2022 3557 3616 3652">
    <p class='ocr_par' dir='ltr' id='par_1_82' title="bbox 2022 3557 3616 3652">
     <span class='ocr_line' id='line_1_82' title="bbox 2022 3557 3616 3652; baseline 0.018 -41"><span class='ocrx_word' id='word_1_622' title='bbox 2022 3557 2254 3615; x_wconf 88' lang='lat' dir='ltr'><strong>Sibimet</strong></span> <span class='ocrx_word' id='word_1_623' title='bbox 2274 3571 2457 3616; x_wconf 88' lang='lat' dir='ltr'><strong>autem</strong></span> <span class='ocrx_word' id='word_1_624' title='bbox 2488 3565 2750 3621; x_wconf 88' lang='lat' dir='ltr'><strong>malitiam</strong></span> <span class='ocrx_word' id='word_1_625' title='bbox 2777 3577 2869 3623; x_wconf 88' lang='lat' dir='ltr'><strong>aut</strong></span> <span class='ocrx_word' id='word_1_626' title='bbox 2891 3570 3191 3629; x_wconf 89' lang='lat' dir='ltr'><strong>bonitatem</strong></span> <span class='ocrx_word' id='word_1_627' title='bbox 3219 3581 3616 3652; x_wconf 70' lang='lat' dir='ltr'><strong>contsociantcs,</strong></span> 
     </span>
    </p>
   </div>
   <div class='ocr_carea' id='block_1_83' title="bbox 2020 3652 3654 3743">
    <p class='ocr_par' dir='ltr' id='par_1_83' title="bbox 2020 3652 3654 3743">
     <span class='ocr_line' id='line_1_83' title="bbox 2020 3652 3654 3743; baseline 0.018 -38"><span class='ocrx_word' id='word_1_628' title='bbox 2020 3652 2114 3722; x_wconf 92' lang='lat' dir='ltr'><strong>qui</strong></span> <span class='ocrx_word' id='word_1_629' title='bbox 2135 3654 2331 3710; x_wconf 88' lang='lat' dir='ltr'><strong>divinis</strong></span> <span class='ocrx_word' id='word_1_630' title='bbox 2354 3655 2665 3726; x_wconf 87' lang='lat' dir='ltr'><strong>virtutibus,</strong></span> <span class='ocrx_word' id='word_1_631' title='bbox 2692 3654 2784 3716; x_wconf 87' lang='lat' dir='ltr'><strong>aut</strong></span> <span class='ocrx_word' id='word_1_632' title='bbox 2805 3663 3076 3722; x_wconf 88' lang='lat' dir='ltr'><strong>diuturnis</strong></span> <span class='ocrx_word' id='word_1_633' title='bbox 3097 3668 3244 3739; x_wconf 90' lang='lat' dir='ltr'><strong>pleni</strong></span> <span class='ocrx_word' id='word_1_634' title='bbox 3273 3675 3618 3743; x_wconf 82' lang='lat' dir='ltr'><strong>passionibus</strong></span> <span class='ocrx_word' id='word_1_635' title='bbox 3647 3659 3654 3670; x_wconf 57' lang='grc'><em>’</em></span> 
     </span>
    </p>
   </div>
   <div class='ocr_carea' id='block_1_84' title="bbox 2019 3745 3620 3838">
    <p class='ocr_par' dir='ltr' id='par_1_84' title="bbox 2019 3745 3620 3838">
     <span class='ocr_line' id='line_1_84' title="bbox 2019 3745 3620 3838; baseline 0.019 -41"><span class='ocrx_word' id='word_1_636' title='bbox 2019 3756 2201 3799; x_wconf 89' lang='lat' dir='ltr'><strong>erunt.</strong></span> <span class='ocrx_word' id='word_1_637' title='bbox 2239 3745 2304 3800; x_wconf 86' lang='lat' dir='ltr'><strong>Et</strong></span> <span class='ocrx_word' id='word_1_638' title='bbox 2342 3747 2442 3818; x_wconf 88' lang='lat' dir='ltr'><strong>ipsi</strong></span> <span class='ocrx_word' id='word_1_639' title='bbox 2469 3751 2690 3820; x_wconf 88' lang='lat' dir='ltr'><strong>quidem</strong></span> <span class='ocrx_word' id='word_1_640' title='bbox 2717 3754 3032 3825; x_wconf 80' lang='lat' dir='ltr'><strong>angelorum</strong></span> <span class='ocrx_word' id='word_1_641' title='bbox 3061 3759 3328 3818; x_wconf 88' lang='lat' dir='ltr'><strong>bonorum</strong></span> <span class='ocrx_word' id='word_1_642' title='bbox 3353 3779 3620 3838; x_wconf 87' lang='lat' dir='ltr'><strong>sequaces</strong></span> 
     </span>
    </p>
   </div>
   <div class='ocr_carea' id='block_1_85' title="bbox 2018 3841 3620 3918">
    <p class='ocr_par' dir='ltr' id='par_1_85' title="bbox 2018 3841 3620 3918">
     <span class='ocr_line' id='line_1_85' title="bbox 2018 3841 3620 3918; baseline 0.019 -30"><span class='ocrx_word' id='word_1_643' title='bbox 2018 3845 2076 3889; x_wconf 91' lang='lat' dir='ltr'><strong>ct</strong></span> <span class='ocrx_word' id='word_1_644' title='bbox 2111 3841 2358 3904; x_wconf 90' lang='lat' dir='ltr'><strong>comites,</strong></span> <span class='ocrx_word' id='word_1_645' title='bbox 2397 3851 2455 3895; x_wconf 90' lang='lat' dir='ltr'><strong>et</strong></span> <span class='ocrx_word' id='word_1_646' title='bbox 2489 3844 2577 3900; x_wconf 91' lang='lat' dir='ltr'><strong>hic</strong></span> <span class='ocrx_word' id='word_1_647' title='bbox 2617 3853 2672 3898; x_wconf 90' lang='lat' dir='ltr'><strong>et</strong></span> <span class='ocrx_word' id='word_1_648' title='bbox 2709 3846 2819 3900; x_wconf 90' lang='lat' dir='ltr'><strong>illic</strong></span> <span class='ocrx_word' id='word_1_649' title='bbox 2865 3864 2988 3908; x_wconf 87' lang='lat' dir='ltr'><strong>cum</strong></span> <span class='ocrx_word' id='word_1_650' title='bbox 3015 3854 3164 3908; x_wconf 89' lang='lat' dir='ltr'><strong>omni</strong></span> <span class='ocrx_word' id='word_1_651' title='bbox 3207 3863 3620 3918; x_wconf 89' lang='lat' dir='ltr'><strong>consecratione</strong></span> 
     </span>
    </p>
   </div>
   <div class='ocr_carea' id='block_1_86' title="bbox 2017 3925 3616 4014">
    <p class='ocr_par' dir='ltr' id='par_1_86' title="bbox 2017 3925 3616 4014">
     <span class='ocr_line' id='line_1_86' title="bbox 2017 3925 3616 4014; baseline 0.018 -35"><span class='ocrx_word' id='word_1_652' title='bbox 2017 3933 2072 3979; x_wconf 89' lang='lat' dir='ltr'><strong>et</strong></span> <span class='ocrx_word' id='word_1_653' title='bbox 2099 3925 2350 3982; x_wconf 88' lang='lat' dir='ltr'><strong>libertate</strong></span> <span class='ocrx_word' id='word_1_654' title='bbox 2377 3929 2446 3984; x_wconf 87' lang='lat' dir='ltr'><strong>ab</strong></span> <span class='ocrx_word' id='word_1_655' title='bbox 2491 3935 2743 3988; x_wconf 89' lang='lat' dir='ltr'><strong>omnibus</strong></span> <span class='ocrx_word' id='word_1_656' title='bbox 2783 3937 2940 4012; x_wconf 78' lang='lat' dir='ltr'><strong>malis</strong></span> <span class='ocrx_word' id='word_1_657' title='bbox 2981 3940 3034 3992; x_wconf 91' lang='lat' dir='ltr'><strong>in</strong></span> <span class='ocrx_word' id='word_1_658' title='bbox 3082 3957 3299 4014; x_wconf 89' lang='lat' dir='ltr'><strong>semper</strong></span> <span class='ocrx_word' id='word_1_659' title='bbox 3327 3948 3616 4007; x_wconf 87' lang='lat' dir='ltr'><strong>existentia</strong></span> 
     </span>
    </p>
   </div>
   <div class='ocr_carea' id='block_1_87' title="bbox 2020 4015 3616 4098">
    <p class='ocr_par' dir='ltr' id='par_1_87' title="bbox 2020 4015 3616 4098">
     <span class='ocr_line' id='line_1_87' title="bbox 2020 4015 3616 4098; baseline 0.018 -30"><span class='ocrx_word' id='word_1_660' title='bbox 2020 4015 2203 4069; x_wconf 90' lang='lat' dir='ltr'><strong>secula</strong></span> <span class='ocrx_word' id='word_1_661' title='bbox 2233 4015 2578 4075; x_wconf 74' lang='lat' dir='ltr'><strong>beatissimus</strong></span> <span class='ocrx_word' id='word_1_662' title='bbox 2607 4023 2908 4078; x_wconf 91' lang='lat' dir='ltr'><strong>sortientur</strong></span> <span class='ocrx_word' id='word_1_663' title='bbox 2947 4027 2968 4057; x_wconf 83' lang='grc'><strong><em>⁵</em></strong></span> <span class='ocrx_word' id='word_1_664' title='bbox 2991 4029 3223 4098; x_wconf 86' lang='lat' dir='ltr'><strong>quietes,</strong></span> <span class='ocrx_word' id='word_1_665' title='bbox 3253 4043 3308 4089; x_wconf 89' lang='lat' dir='ltr'><strong>et</strong></span> <span class='ocrx_word' id='word_1_666' title='bbox 3349 4052 3471 4093; x_wconf 90' lang='lat' dir='ltr'><strong>cum</strong></span> <span class='ocrx_word' id='word_1_667' title='bbox 3501 4039 3616 4098; x_wconf 89' lang='lat' dir='ltr'><strong>Deo</strong></span> 
     </span>
    </p>
   </div>
   <div class='ocr_carea' id='block_1_88' title="bbox 2018 4104 3614 4186">
    <p class='ocr_par' dir='ltr' id='par_1_88' title="bbox 2018 4104 3614 4186">
     <span class='ocr_line' id='line_1_88' title="bbox 2018 4104 3614 4186; baseline 0.018 -27"><span class='ocrx_word' id='word_1_668' title='bbox 2018 4118 2236 4176; x_wconf 88' lang='lat' dir='ltr'><strong>semper</strong></span> <span class='ocrx_word' id='word_1_669' title='bbox 2262 4104 2284 4136; x_wconf 77' lang='lat'><strong>°</strong></span> <span class='ocrx_word' id='word_1_670' title='bbox 2307 4117 2498 4175; x_wconf 89' lang='lat' dir='ltr'><strong>erunt,</strong></span> <span class='ocrx_word' id='word_1_671' title='bbox 2531 4112 2677 4180; x_wconf 90' lang='lat' dir='ltr'><strong>quod</strong></span> <span class='ocrx_word' id='word_1_672' title='bbox 2713 4123 2798 4168; x_wconf 89' lang='lat' dir='ltr'><strong>est</strong></span> <span class='ocrx_word' id='word_1_673' title='bbox 2838 4117 3080 4172; x_wconf 88' lang='lat' dir='ltr'><strong>omnium</strong></span> <span class='ocrx_word' id='word_1_674' title='bbox 3120 4121 3388 4182; x_wconf 90' lang='lat' dir='ltr'><strong>bonorum</strong></span> <span class='ocrx_word' id='word_1_675' title='bbox 3435 4134 3614 4186; x_wconf 79' lang='lat' dir='ltr'><strong>maxi-</strong></span> 
     </span>
    </p>
   </div>
   <div class='ocr_carea' id='block_1_89' title="bbox 2016 4199 3611 4298">
    <p class='ocr_par' dir='ltr' id='par_1_89' title="bbox 2016 4199 3611 4298">
     <span class='ocr_line' id='line_1_89' title="bbox 2016 4199 3611 4298; baseline 0.019 -45"><span class='ocrx_word' id='word_1_676' title='bbox 2016 4215 2184 4298; x_wconf 73' lang='lat' dir='ltr'><strong>mum.</strong></span> <span class='ocrx_word' id='word_1_677' title='bbox 2212 4199 2304 4256; x_wconf 89' lang='lat' dir='ltr'><strong>Isti</strong></span> <span class='ocrx_word' id='word_1_678' title='bbox 2325 4210 2505 4258; x_wconf 89' lang='lat' dir='ltr'><strong>autem</strong></span> <span class='ocrx_word' id='word_1_679' title='bbox 2537 4205 2817 4263; x_wconf 87' lang='lat' dir='ltr'><strong>discedent</strong></span> <span class='ocrx_word' id='word_1_680' title='bbox 2844 4211 3022 4266; x_wconf 87' lang='lat' dir='ltr'><strong>divina</strong></span> <span class='ocrx_word' id='word_1_681' title='bbox 3058 4215 3220 4272; x_wconf 91' lang='lat' dir='ltr'><strong>simul</strong></span> <span class='ocrx_word' id='word_1_682' title='bbox 3255 4228 3309 4273; x_wconf 92' lang='lat' dir='ltr'><strong>et</strong></span> <span class='ocrx_word' id='word_1_683' title='bbox 3335 4235 3432 4278; x_wconf 91' lang='lat' dir='ltr'><strong>sua</strong></span> <span class='ocrx_word' id='word_1_684' title='bbox 3455 4239 3611 4298; x_wconf 86' lang='lat' dir='ltr'><strong>pace,</strong></span> 
     </span>
    </p>
   </div>
   <div class='ocr_carea' id='block_1_90' title="bbox 2015 4291 3614 4373">
    <p class='ocr_par' dir='ltr' id='par_1_90' title="bbox 2015 4291 3614 4373">
     <span class='ocr_line' id='line_1_90' title="bbox 2015 4291 3614 4373; baseline 0.018 -28"><span class='ocrx_word' id='word_1_685' title='bbox 2015 4291 2106 4346; x_wconf 92' lang='lat' dir='ltr'><strong>hic</strong></span> <span class='ocrx_word' id='word_1_686' title='bbox 2133 4301 2188 4348; x_wconf 92' lang='lat' dir='ltr'><strong>et</strong></span> <span class='ocrx_word' id='word_1_687' title='bbox 2213 4303 2335 4363; x_wconf 89' lang='lat' dir='ltr'><strong>post</strong></span> <span class='ocrx_word' id='word_1_688' title='bbox 2384 4305 2615 4352; x_wconf 83' lang='lat' dir='ltr'><strong>mortem</strong></span> <span class='ocrx_word' id='word_1_689' title='bbox 2656 4301 2907 4357; x_wconf 86' lang='lat' dir='ltr'><strong>similiter</strong></span> <span class='ocrx_word' id='word_1_690' title='bbox 2958 4305 3118 4360; x_wconf 87' lang='lat' dir='ltr'><strong>simul</strong></span> <span class='ocrx_word' id='word_1_691' title='bbox 3171 4309 3417 4368; x_wconf 87' lang='lat' dir='ltr'><strong>obscuris</strong></span> <span class='ocrx_word' id='word_1_692' title='bbox 3454 4291 3614 4373; x_wconf 71' lang='lat' dir='ltr'><strong>erunt</strong></span> 
     </span>
    </p>
   </div>
   <div class='ocr_carea' id='block_1_91' title="bbox 2016 4385 3609 4479">
    <p class='ocr_par' dir='ltr' id='par_1_91' title="bbox 2016 4385 3609 4479">
     <span class='ocr_line' id='line_1_91' title="bbox 2016 4385 3609 4479; baseline 0.018 -41"><span class='ocrx_word' id='word_1_693' title='bbox 2016 4385 2406 4479; x_wconf 35' lang='lat' dir='ltr'><strong>daemonibusr</strong></span> <span class='ocrx_word' id='word_1_694' title='bbox 2456 4389 2748 4459; x_wconf 86' lang='lat' dir='ltr'><strong>Propterea</strong></span> <span class='ocrx_word' id='word_1_695' title='bbox 2825 4395 2982 4450; x_wconf 83' lang='lat' dir='ltr'><strong>nobis</strong></span> <span class='ocrx_word' id='word_1_696' title='bbox 3057 4399 3226 4456; x_wconf 90' lang='lat' dir='ltr'><strong>multa</strong></span> <span class='ocrx_word' id='word_1_697' title='bbox 3283 4403 3609 4479; x_wconf 89' lang='lat' dir='ltr'><strong>sollicitudo,</strong></span> 
     </span>
    </p>
   </div>
   <div class='ocr_carea' id='block_1_92' title="bbox 315 4477 3605 4570">
    <p class='ocr_par' dir='ltr' id='par_1_92' title="bbox 315 4477 3605 4570">
     <span class='ocr_line' id='line_1_92' title="bbox 315 4477 3605 4570; baseline 0.008 -24"><span class='ocrx_word' id='word_1_698' title='bbox 315 4506 498 4562; x_wconf 89' lang='lat' dir='ltr'><strong>neque</strong></span> <span class='ocrx_word' id='word_1_699' title='bbox 546 4493 786 4562; x_wconf 88' lang='lat' dir='ltr'><strong>seipsum</strong></span> <span class='ocrx_word' id='word_1_700' title='bbox 839 4495 1086 4568; x_wconf 89' lang='lat' dir='ltr'><strong>indigere</strong></span> <span class='ocrx_word' id='word_1_701' title='bbox 1125 4493 1436 4549; x_wconf 87' lang='lat' dir='ltr'><strong>miscrentis</strong></span> <span class='ocrx_word' id='word_1_702' title='bbox 1487 4499 1582 4546; x_wconf 90' lang='lat' dir='ltr'><strong>aut</strong></span> <span class='ocrx_word' id='word_1_703' title='bbox 1625 4491 1904 4547; x_wconf 86' lang='lat' dir='ltr'><strong>salvantis.</strong></span> <span class='ocrx_word' id='word_1_704' title='bbox 1937 4481 1988 4542; x_wconf 84' lang='lat' dir='ltr'><strong>D</strong></span> <span class='ocrx_word' id='word_1_705' title='bbox 2015 4492 2140 4531; x_wconf 74' lang='lat' dir='ltr'><strong>cum</strong></span> <span class='ocrx_word' id='word_1_706' title='bbox 2163 4477 2274 4532; x_wconf 75' lang='lat' dir='ltr'><strong>Deo</strong></span> <span class='ocrx_word' id='word_1_707' title='bbox 2296 4477 2504 4550; x_wconf 75' lang='grc' dir='ltr'><strong>οΡῑίῐηο</strong></span> <span class='ocrx_word' id='word_1_708' title='bbox 2532 4482 2672 4548; x_wconf 63' lang='lat' dir='ltr'><strong>ﬁeri»</strong></span> <span class='ocrx_word' id='word_1_709' title='bbox 2701 4491 2755 4538; x_wconf 69' lang='grc' dir='ltr'><strong>ει</strong></span> <span class='ocrx_word' id='word_1_710' title='bbox 2791 4499 2911 4540; x_wconf 67' lang='lat' dir='ltr'><strong>esse</strong></span> <span class='ocrx_word' id='word_1_711' title='bbox 2933 4502 3056 4543; x_wconf 67' lang='lat'><strong>01&quot;“</strong></span> <span class='ocrx_word' id='word_1_712' title='bbox 3101 4490 3330 4549; x_wconf 73' lang='grc' dir='ltr'><strong>θοιιιίηο</strong></span> <span class='ocrx_word' id='word_1_713' title='bbox 3370 4477 3605 4570; x_wconf 48' lang='grc' dir='ltr'><strong>δειηρθνέ</strong></span> 
     </span>
    </p>
   </div>
   <div class='ocr_carea' id='block_1_93' title="bbox 317 4581 1908 4658">
    <p class='ocr_par' dir='ltr' id='par_1_93' title="bbox 317 4581 1908 4658">
     <span class='ocr_line' id='line_1_93' title="bbox 317 4581 1908 4658; baseline 0.003 -20"><span class='ocrx_word' id='word_1_714' title='bbox 317 4581 426 4638; x_wconf 90' lang='lat' dir='ltr'><strong>Sed</strong></span> <span class='ocrx_word' id='word_1_715' title='bbox 489 4593 544 4640; x_wconf 90' lang='lat' dir='ltr'><strong>et</strong></span> <span class='ocrx_word' id='word_1_716' title='bbox 583 4587 892 4643; x_wconf 87' lang='lat' dir='ltr'><strong>sacerdotes</strong></span> <span class='ocrx_word' id='word_1_717' title='bbox 939 4603 1006 4644; x_wconf 87' lang='lat' dir='ltr'><strong>ex</strong></span> <span class='ocrx_word' id='word_1_718' title='bbox 1053 4586 1429 4658; x_wconf 86' lang='lat' dir='ltr'><strong>procreatione</strong></span> <span class='ocrx_word' id='word_1_719' title='bbox 1469 4585 1615 4656; x_wconf 87' lang='lat' dir='ltr'><strong>digni</strong></span> <span class='ocrx_word' id='word_1_720' title='bbox 1663 4586 1908 4642; x_wconf 82' lang='lat' dir='ltr'><strong>bonitate</strong></span> 
     </span>
    </p>
   </div>
   <div class='ocr_carea' id='block_1_94' title="bbox 313 4680 1906 4753">
    <p class='ocr_par' dir='ltr' id='par_1_94' title="bbox 313 4680 1906 4753">
     <span class='ocr_line' id='line_1_94' title="bbox 313 4680 1906 4753; baseline 0 -17"><span class='ocrx_word' id='word_1_721' title='bbox 313 4687 535 4751; x_wconf 84' lang='lat' dir='ltr'><strong>portare</strong></span> <span class='ocrx_word' id='word_1_722' title='bbox 565 4681 897 4752; x_wconf 82' lang='lat' dir='ltr'><strong>iguorantias</strong></span> <span class='ocrx_word' id='word_1_723' title='bbox 941 4683 1124 4753; x_wconf 90' lang='lat' dir='ltr'><strong>populi</strong></span> <span class='ocrx_word' id='word_1_724' title='bbox 1165 4683 1302 4738; x_wconf 89' lang='lat' dir='ltr'><strong>bene</strong></span> <span class='ocrx_word' id='word_1_725' title='bbox 1335 4681 1534 4748; x_wconf 89' lang='lat' dir='ltr'><strong>sciunt,</strong></span> <span class='ocrx_word' id='word_1_726' title='bbox 1567 4681 1691 4751; x_wconf 90' lang='lat' dir='ltr'><strong>quia</strong></span> <span class='ocrx_word' id='word_1_727' title='bbox 1728 4680 1906 4751; x_wconf 89' lang='lat' dir='ltr'><strong>etipsi</strong></span> 
     </span>
    </p>
   </div>
   <div class='ocr_carea' id='block_1_95' title="bbox 315 4771 1906 4829">
    <p class='ocr_par' dir='ltr' id='par_1_95' title="bbox 315 4771 1906 4829">
     <span class='ocr_line' id='line_1_95' title="bbox 315 4771 1906 4829; baseline 0 -2"><span class='ocrx_word' id='word_1_728' title='bbox 315 4771 818 4829; x_wconf 88' lang='lat' dir='ltr'><strong>circumvolvuntur</strong></span> <span class='ocrx_word' id='word_1_729' title='bbox 873 4773 1212 4829; x_wconf 83' lang='lat' dir='ltr'><strong>infirmitate.</strong></span> <span class='ocrx_word' id='word_1_730' title='bbox 1267 4773 1376 4828; x_wconf 86' lang='lat' dir='ltr'><strong>Sed</strong></span> <span class='ocrx_word' id='word_1_731' title='bbox 1425 4773 1638 4828; x_wconf 90' lang='lat' dir='ltr'><strong>divinus</strong></span> <span class='ocrx_word' id='word_1_732' title='bbox 1683 4781 1906 4827; x_wconf 86' lang='lat' dir='ltr'><strong>sanctus</strong></span> 
     </span>
    </p>
   </div>
   <div class='ocr_carea' id='block_1_96' title="bbox 315 4866 1905 4936">
    <p class='ocr_par' dir='ltr' id='par_1_96' title="bbox 315 4866 1905 4936">
     <span class='ocr_line' id='line_1_96' title="bbox 315 4866 1905 4936; baseline 0 -16"><span class='ocrx_word' id='word_1_733' title='bbox 315 4866 592 4936; x_wconf 89' lang='lat' dir='ltr'><strong>perfector</strong></span> <span class='ocrx_word' id='word_1_734' title='bbox 639 4869 708 4922; x_wconf 89' lang='lat' dir='ltr'><strong>ad</strong></span> <span class='ocrx_word' id='word_1_735' title='bbox 754 4867 1044 4922; x_wconf 87' lang='lat' dir='ltr'><strong>alienatam</strong></span> <span class='ocrx_word' id='word_1_736' title='bbox 1081 4867 1270 4932; x_wconf 77' lang='lat' dir='ltr'><strong>exivit,</strong></span> <span class='ocrx_word' id='word_1_737' title='bbox 1310 4874 1365 4922; x_wconf 89' lang='lat' dir='ltr'><strong>et</strong></span> <span class='ocrx_word' id='word_1_738' title='bbox 1401 4873 1688 4935; x_wconf 88' lang='lat' dir='ltr'><strong>propterea</strong></span> <span class='ocrx_word' id='word_1_739' title='bbox 1713 4878 1905 4935; x_wconf 88' lang='lat' dir='ltr'><strong>pecca-</strong></span> 
     </span>
    </p>
   </div>
   <div class='ocr_carea' id='block_1_97' title="bbox 2016 4571 3608 4655">
    <p class='ocr_par' dir='ltr' id='par_1_97' title="bbox 2016 4571 3608 4655">
     <span class='ocr_line' id='line_1_97' title="bbox 2016 4571 3608 4655; baseline 0.019 -33"><span class='ocrx_word' id='word_1_740' title='bbox 2016 4577 2199 4624; x_wconf 90' lang='lat' dir='ltr'><strong>etnon</strong></span> <span class='ocrx_word' id='word_1_741' title='bbox 2226 4571 2382 4628; x_wconf 89' lang='lat' dir='ltr'><strong>malis</strong></span> <span class='ocrx_word' id='word_1_742' title='bbox 2406 4587 2474 4628; x_wconf 81' lang='lat' dir='ltr'><strong>ex</strong></span> <span class='ocrx_word' id='word_1_743' title='bbox 2500 4572 2652 4642; x_wconf 89' lang='lat' dir='ltr'><strong>justo</strong></span> <span class='ocrx_word' id='word_1_744' title='bbox 2704 4579 3102 4652; x_wconf 61' lang='lat' dir='ltr'><strong>consegrega&#39;ri,</strong></span> <span class='ocrx_word' id='word_1_745' title='bbox 3140 4601 3279 4655; x_wconf 88' lang='lat' dir='ltr'><strong>quae</strong></span> <span class='ocrx_word' id='word_1_746' title='bbox 3309 4604 3608 4652; x_wconf 89' lang='lat' dir='ltr'><strong>secunuum</strong></span> 
     </span>
    </p>
   </div>
   <div class='ocr_carea' id='block_1_98' title="bbox 2018 4661 3634 4758">
    <p class='ocr_par' dir='ltr' id='par_1_98' title="bbox 2018 4661 3634 4758">
     <span class='ocr_line' id='line_1_98' title="bbox 2018 4661 3634 4758; baseline 0.02 -45"><span class='ocrx_word' id='word_1_747' title='bbox 2018 4661 2333 4758; x_wconf 84' lang='lat' dir='ltr'><strong>dignitatem</strong></span> <span class='ocrx_word' id='word_1_748' title='bbox 2383 4681 2450 4720; x_wconf 85' lang='lat' dir='ltr'><strong>cx</strong></span> <span class='ocrx_word' id='word_1_749' title='bbox 2491 4667 2892 4740; x_wconf 84' lang='lat' dir='ltr'><strong>nobismetipsis</strong></span> <span class='ocrx_word' id='word_1_750' title='bbox 2923 4676 3270 4735; x_wconf 89' lang='lat' dir='ltr'><strong>sustinentes.</strong></span> <span class='ocrx_word' id='word_1_751' title='bbox 3307 4681 3460 4750; x_wconf 85' lang='lat' dir='ltr'><strong>Quod</strong></span> <span class='ocrx_word' id='word_1_752' title='bbox 3487 4690 3634 4758; x_wconf 75' lang='lat' dir='ltr'><strong>qui-&#39;</strong></span> 
     </span>
    </p>
   </div>
   <div class='ocr_carea' id='block_1_99' title="bbox 2017 4754 3604 4838">
    <p class='ocr_par' dir='ltr' id='par_1_99' title="bbox 2017 4754 3604 4838">
     <span class='ocr_line' id='line_1_99' title="bbox 2017 4754 3604 4838; baseline 0.019 -31"><span class='ocrx_word' id='word_1_753' title='bbox 2017 4754 2136 4808; x_wconf 90' lang='lat' dir='ltr'><strong>dem</strong></span> <span class='ocrx_word' id='word_1_754' title='bbox 2169 4765 2224 4810; x_wconf 91' lang='lat' dir='ltr'><strong>et</strong></span> <span class='ocrx_word' id='word_1_755' title='bbox 2248 4771 2346 4828; x_wconf 90' lang='lat' dir='ltr'><strong>ego</strong></span> <span class='ocrx_word' id='word_1_756' title='bbox 2376 4759 2618 4813; x_wconf 90' lang='lat' dir='ltr'><strong>omnium</strong></span> <span class='ocrx_word' id='word_1_757' title='bbox 2661 4761 2896 4818; x_wconf 88' lang='lat' dir='ltr'><strong>maxime</strong></span> <span class='ocrx_word' id='word_1_758' title='bbox 2929 4765 3112 4834; x_wconf 92' lang='lat' dir='ltr'><strong>timeo,</strong></span> <span class='ocrx_word' id='word_1_759' title='bbox 3140 4779 3196 4824; x_wconf 90' lang='lat' dir='ltr'><strong>et</strong></span> <span class='ocrx_word' id='word_1_760' title='bbox 3238 4787 3338 4828; x_wconf 93' lang='lat' dir='ltr'><strong>oro</strong></span> <span class='ocrx_word' id='word_1_761' title='bbox 3362 4754 3604 4838; x_wconf 44' lang='lat' dir='ltr'><strong>omni—um</strong></span> 
     </span>
    </p>
   </div>
   <div class='ocr_carea' id='block_1_100' title="bbox 2014 4841 3606 4934">
    <p class='ocr_par' dir='ltr' id='par_1_100' title="bbox 2014 4841 3606 4934">
     <span class='ocr_line' id='line_1_100' title="bbox 2014 4841 3606 4934; baseline 0.019 -35"><span class='ocrx_word' id='word_1_762' title='bbox 2014 4847 2280 4904; x_wconf 90' lang='lat' dir='ltr'><strong>malorum</strong></span> <span class='ocrx_word' id='word_1_763' title='bbox 2311 4852 2582 4922; x_wconf 90' lang='lat' dir='ltr'><strong>particeps</strong></span> <span class='ocrx_word' id='word_1_764' title='bbox 2621 4867 2729 4907; x_wconf 91' lang='lat' dir='ltr'><strong>non</strong></span> <span class='ocrx_word' id='word_1_765' title='bbox 2769 4841 2909 4912; x_wconf 74' lang='lat' dir='ltr'><strong>esse.</strong></span> <span class='ocrx_word' id='word_1_766' title='bbox 2953 4859 3020 4914; x_wconf 90' lang='lat' dir='ltr'><strong>Et</strong></span> <span class='ocrx_word' id='word_1_767' title='bbox 3069 4862 3115 4916; x_wconf 90' lang='lat' dir='ltr'><strong>si</strong></span> <span class='ocrx_word' id='word_1_768' title='bbox 3169 4865 3355 4932; x_wconf 86' lang='lat' dir='ltr'><strong>vis,_et</strong></span> <span class='ocrx_word' id='word_1_769' title='bbox 3391 4869 3606 4934; x_wconf 87' lang='lat' dir='ltr'><strong>divinae</strong></span> 
     </span>
    </p>
   </div>
   <div class='ocr_carea' id='block_1_101' title="bbox 317 4943 3603 5030">
    <p class='ocr_par' dir='ltr' id='par_1_101' title="bbox 317 4943 3603 5030">
     <span class='ocr_line' id='line_1_101' title="bbox 317 4943 3603 5030; baseline 0.007 -34"><span class='ocrx_word' id='word_1_770' title='bbox 317 4955 549 5026; x_wconf 56' lang='lat' dir='ltr'><strong>toribus,</strong></span> <span class='ocrx_word' id='word_1_771' title='bbox 591 4967 654 5012; x_wconf 76' lang='grc' dir='ltr'><strong>ιη</strong></span> <span class='ocrx_word' id='word_1_772' title='bbox 681 4973 839 5016; x_wconf 64' lang='lat' dir='ltr'><strong>53cm</strong></span> <span class='ocrx_word' id='word_1_773' title='bbox 867 4957 1082 5030; x_wconf 68' lang='lat' dir='ltr'><strong>eloquia</strong></span> <span class='ocrx_word' id='word_1_774' title='bbox 1128 4956 1348 5022; x_wconf 63' lang='lat' dir='ltr'><strong>aiumd’</strong></span> <span class='ocrx_word' id='word_1_775' title='bbox 1377 4965 1712 5026; x_wconf 48' lang='lat' dir='ltr'><strong>segregatus,</strong></span> <span class='ocrx_word' id='word_1_776' title='bbox 1760 4966 1815 5010; x_wconf 71' lang='grc' dir='ltr'>ει</span> <span class='ocrx_word' id='word_1_777' title='bbox 1849 4957 1906 5012; x_wconf 73' lang='lat' dir='ltr'><strong>in</strong></span> <span class='ocrx_word' id='word_1_778' title='bbox 2015 4943 2239 5001; x_wconf 89' lang='lat' dir='ltr'><strong>visionis</strong></span> <span class='ocrx_word' id='word_1_779' title='bbox 2273 4945 2450 5000; x_wconf 88' lang='lat' dir='ltr'><strong>sancti</strong></span> <span class='ocrx_word' id='word_1_780' title='bbox 2473 4945 2752 5016; x_wconf 88' lang='lat' dir='ltr'><strong>cujusdam</strong></span> <span class='ocrx_word' id='word_1_781' title='bbox 2787 4948 2888 5003; x_wconf 89' lang='lat' dir='ltr'><strong>viri</strong></span> <span class='ocrx_word' id='word_1_782' title='bbox 2917 4954 3280 5012; x_wconf 89' lang='lat' dir='ltr'><strong>recordabor:</strong></span> <span class='ocrx_word' id='word_1_783' title='bbox 3313 4967 3494 5018; x_wconf 89' lang='lat' dir='ltr'><strong>etnon</strong></span> <span class='ocrx_word' id='word_1_784' title='bbox 3524 4969 3603 5024; x_wconf 68' lang='lat' dir='ltr'><strong>ri~</strong></span> 
     </span>
    </p>
   </div>
   <div class='ocr_carea' id='block_1_102' title="bbox 975 5063 2412 5123">
    <p class='ocr_par' dir='ltr' id='par_1_102' title="bbox 975 5063 2412 5123">
     <span class='ocr_line' id='line_1_102' title="bbox 975 5063 2412 5123; baseline 0 -5"><span class='ocrx_word' id='word_1_785' title='bbox 975 5073 978 5076; x_wconf 77' lang='grc'><strong>’</strong></span> <span class='ocrx_word' id='word_1_786' title='bbox 1707 5063 1964 5123; x_wconf 81' lang='lat' dir='ltr'><strong>VARIAE</strong></span> <span class='ocrx_word' id='word_1_787' title='bbox 2005 5063 2412 5122; x_wconf 80' lang='lat' dir='ltr'><strong>LECTIONES.</strong></span> 
     </span>
    </p>
   </div>
   <div class='ocr_carea' id='block_1_103' title="bbox 395 5152 1426 5230">
    <p class='ocr_par' dir='ltr' id='par_1_103' title="bbox 395 5152 1426 5230">
     <span class='ocr_line' id='line_1_103' title="bbox 395 5152 1426 5230; baseline -0.016 -9"><span class='ocrx_word' id='word_1_788' title='bbox 395 5152 534 5230; x_wconf 59' lang='grc' dir='ltr'><strong>ἶΒΗ</strong></span> <span class='ocrx_word' id='word_1_789' title='bbox 584 5157 986 5230; x_wconf 60' lang='grc' dir='ltr'><strong>ςῖερηεηιὶεεὶηια</strong></span> <span class='ocrx_word' id='word_1_790' title='bbox 1043 5155 1426 5230; x_wconf 57' lang='lat' dir='ltr'><strong>pastorglitate.</strong></span> 
     </span>
    </p>
   </div>
   <div class='ocr_carea' id='block_1_104' title="bbox 317 5222 1601 5294">
    <p class='ocr_par' dir='ltr' id='par_1_104' title="bbox 317 5222 1601 5294">
     <span class='ocr_line' id='line_1_104' title="bbox 317 5222 1601 5294; baseline -0.001 -17"><span class='ocrx_word' id='word_1_791' title='bbox 317 5222 518 5294; x_wconf 77' lang='lat' dir='ltr'><strong>ticipes.</strong></span> <span class='ocrx_word' id='word_1_792' title='bbox 593 5227 615 5258; x_wconf 77' lang='grc'><strong><em>⁵</em></strong></span> <span class='ocrx_word' id='word_1_793' title='bbox 650 5227 742 5282; x_wconf 80' lang='lat' dir='ltr'><strong>AE</strong></span> <span class='ocrx_word' id='word_1_794' title='bbox 768 5222 1058 5284; x_wconf 58' lang='lat' dir='ltr'><strong>sortientia&#39;.</strong></span> <span class='ocrx_word' id='word_1_795' title='bbox 1133 5227 1154 5260; x_wconf 81' lang='grc'><strong>⁸</strong></span> <span class='ocrx_word' id='word_1_796' title='bbox 1181 5225 1273 5282; x_wconf 79' lang='grc' dir='ltr'>ΑΕ</span> <span class='ocrx_word' id='word_1_797' title='bbox 1293 5233 1341 5279; x_wconf 79' lang='lat' dir='ltr'><strong>et</strong></span> <span class='ocrx_word' id='word_1_798' title='bbox 1369 5237 1601 5293; x_wconf 86' lang='lat' dir='ltr'><strong>semper.</strong></span> 
     </span>
    </p>
   </div>
   <div class='ocr_carea' id='block_1_105' title="bbox 1527 5151 2014 5225">
    <p class='ocr_par' dir='ltr' id='par_1_105' title="bbox 1527 5151 2014 5225">
     <span class='ocr_line' id='line_1_105' title="bbox 1527 5151 2014 5225; baseline 0.012 -21"><span class='ocrx_word' id='word_1_799' title='bbox 1527 5151 1547 5182; x_wconf 78' lang='lat'>&#39;</span> <span class='ocrx_word' id='word_1_800' title='bbox 1573 5151 1660 5206; x_wconf 81' lang='grc' dir='ltr'><strong>ΒΗ</strong></span> <span class='ocrx_word' id='word_1_801' title='bbox 1691 5152 1746 5208; x_wconf 90' lang='lat' dir='ltr'><strong>in</strong></span> <span class='ocrx_word' id='word_1_802' title='bbox 1769 5154 2014 5225; x_wconf 75' lang='lat' dir='ltr'><strong>idipsum.</strong></span> 
     </span>
    </p>
   </div>
   <div class='ocr_carea' id='block_1_106' title="bbox 2119 5151 3603 5239">
    <p class='ocr_par' dir='ltr' id='par_1_106' title="bbox 2119 5151 3603 5239">
     <span class='ocr_line' id='line_1_106' title="bbox 2119 5151 3603 5239; baseline 0.011 -29"><span class='ocrx_word' id='word_1_803' title='bbox 2119 5156 2140 5188; x_wconf 84' lang='grc'>³</span> <span class='ocrx_word' id='word_1_804' title='bbox 2173 5155 2362 5223; x_wconf 84' lang='lat' dir='ltr'><strong>SicA;</strong></span> <span class='ocrx_word' id='word_1_805' title='bbox 2415 5170 2518 5210; x_wconf 82' lang='lat' dir='ltr'><strong>non</strong></span> <span class='ocrx_word' id='word_1_806' title='bbox 2564 5169 2673 5210; x_wconf 90' lang='lat' dir='ltr'><strong>om.</strong></span> <span class='ocrx_word' id='word_1_807' title='bbox 2693 5151 2850 5210; x_wconf 87' lang='lat' dir='ltr'><strong>BEH.</strong></span> <span class='ocrx_word' id='word_1_808' title='bbox 2954 5155 2976 5186; x_wconf 73' lang='grc'><strong><em>³</em></strong></span> <span class='ocrx_word' id='word_1_809' title='bbox 3004 5155 3096 5214; x_wconf 87' lang='lat' dir='ltr'><strong>Sic</strong></span> <span class='ocrx_word' id='word_1_810' title='bbox 3148 5162 3304 5220; x_wconf 91' lang='lat' dir='ltr'><strong>codd.</strong></span> <span class='ocrx_word' id='word_1_811' title='bbox 3335 5166 3603 5239; x_wconf 78' lang='lat' dir='ltr'><strong>Aimpar-</strong></span> 
     </span>
    </p>
   </div>
   <div class='ocr_carea' id='block_1_107' title="bbox 1831 5317 2082 5378">
    <p class='ocr_par' dir='ltr' id='par_1_107' title="bbox 1831 5317 2082 5378">
     <span class='ocr_line' id='line_1_107' title="bbox 1831 5317 2082 5378; baseline 0.004 -3"><span class='ocrx_word' id='word_1_812' title='bbox 1831 5317 2082 5378; x_wconf 83' lang='lat' dir='ltr'><strong>NOTAE.</strong></span> 
     </span>
    </p>
   </div>
   <div class='ocr_carea' id='block_1_108' title="bbox 389 5401 790 5466">
    <p class='ocr_par' dir='ltr' id='par_1_108' title="bbox 389 5401 790 5466">
     <span class='ocr_line' id='line_1_108' title="bbox 389 5401 790 5466; baseline 0 -2"><span class='ocrx_word' id='word_1_813' title='bbox 389 5421 418 5450; x_wconf 73' lang='grc' dir='ltr'><strong>ει</strong></span> <span class='ocrx_word' id='word_1_814' title='bbox 457 5401 660 5466; x_wconf 73' lang='grc' dir='ltr'><strong>ΓΤίηι.</strong></span> <span class='ocrx_word' id='word_1_815' title='bbox 701 5409 790 5466; x_wconf 78' lang='grc' dir='ltr'>ιιι;</span> 
     </span>
    </p>
   </div>
   <div class='ocr_carea' id='block_1_109' title="bbox 390 5478 767 5538">
    <p class='ocr_par' dir='ltr' id='par_1_109' title="bbox 390 5478 767 5538">
     <span class='ocr_line' id='line_1_109' title="bbox 390 5478 767 5538; baseline 0.005 -4"><span class='ocrx_word' id='word_1_816' title='bbox 390 5478 420 5522; x_wconf 74' lang='grc' dir='ltr'><strong>ιι</strong></span> <span class='ocrx_word' id='word_1_817' title='bbox 460 5481 591 5536; x_wconf 88' lang='lat' dir='ltr'><strong>Luc.</strong></span> <span class='ocrx_word' id='word_1_818' title='bbox 626 5481 767 5538; x_wconf 88' lang='lat' dir='ltr'><strong>XVI.</strong></span> 
     </span>
    </p>
   </div>
   <div class='ocr_carea' id='block_1_110' title="bbox 389 5550 1003 5616">
    <p class='ocr_par' dir='ltr' id='par_1_110' title="bbox 389 5550 1003 5616">
     <span class='ocr_line' id='line_1_110' title="bbox 389 5550 1003 5616; baseline 0.002 -11"><span class='ocrx_word' id='word_1_819' title='bbox 389 5561 416 5592; x_wconf 74' lang='grc' dir='ltr'><strong>θ</strong></span> <span class='ocrx_word' id='word_1_820' title='bbox 450 5551 562 5609; x_wconf 88' lang='lat' dir='ltr'><strong>Jer.</strong></span> <span class='ocrx_word' id='word_1_821' title='bbox 597 5551 690 5616; x_wconf 81' lang='lat' dir='ltr'><strong>IX,</strong></span> <span class='ocrx_word' id='word_1_822' title='bbox 720 5551 878 5608; x_wconf 80' lang='lat' dir='ltr'><strong>Joan.</strong></span> <span class='ocrx_word' id='word_1_823' title='bbox 911 5550 1003 5606; x_wconf 86' lang='lat' dir='ltr'><strong>IX.</strong></span> 
     </span>
    </p>
   </div>
   <div class='ocr_carea' id='block_1_111' title="bbox 384 5621 868 5686">
    <p class='ocr_par' dir='ltr' id='par_1_111' title="bbox 384 5621 868 5686">
     <span class='ocr_line' id='line_1_111' title="bbox 384 5621 868 5686; baseline -0.002 -9"><span class='ocrx_word' id='word_1_824' title='bbox 384 5621 416 5663; x_wconf 71' lang='grc' dir='ltr'><strong><em>ἀ</em></strong></span> <span class='ocrx_word' id='word_1_825' title='bbox 455 5621 622 5677; x_wconf 87' lang='lat' dir='ltr'><strong>Hebr.</strong></span> <span class='ocrx_word' id='word_1_826' title='bbox 647 5621 713 5686; x_wconf 89' lang='lat' dir='ltr'><strong>V,</strong></span> <span class='ocrx_word' id='word_1_827' title='bbox 759 5623 868 5678; x_wconf 81' lang='lat' dir='ltr'><strong>VII.</strong></span> 
     </span>
    </p>
   </div>
   <div class='ocr_carea' id='block_1_112' title="bbox 395 5691 1904 5764">
    <p class='ocr_par' dir='ltr' id='par_1_112' title="bbox 395 5691 1904 5764">
     <span class='ocr_line' id='line_1_112' title="bbox 395 5691 1904 5764; baseline 0.003 -16"><span class='ocrx_word' id='word_1_828' title='bbox 395 5705 421 5734; x_wconf 80' lang='grc' dir='ltr'><strong>ο</strong></span> <span class='ocrx_word' id='word_1_829' title='bbox 449 5692 468 5748; x_wconf 90' lang='lat' dir='ltr'><strong>I</strong></span> <span class='ocrx_word' id='word_1_830' title='bbox 497 5692 644 5748; x_wconf 86' lang='lat' dir='ltr'><strong>Petri</strong></span> <span class='ocrx_word' id='word_1_831' title='bbox 676 5695 716 5748; x_wconf 93' lang='lat' dir='ltr'><strong>II</strong></span> <span class='ocrx_word' id='word_1_832' title='bbox 735 5735 752 5760; x_wconf 95' lang='lat'><strong>,</strong></span> <span class='ocrx_word' id='word_1_833' title='bbox 781 5693 943 5750; x_wconf 81' lang='lat' dir='ltr'><strong>Joan.</strong></span> <span class='ocrx_word' id='word_1_834' title='bbox 976 5691 1102 5760; x_wconf 92' lang='lat' dir='ltr'><strong>XII,</strong></span> <span class='ocrx_word' id='word_1_835' title='bbox 1133 5691 1286 5750; x_wconf 83' lang='lat' dir='ltr'><strong>Matt.</strong></span> <span class='ocrx_word' id='word_1_836' title='bbox 1315 5692 1510 5764; x_wconf 89' lang='lat' dir='ltr'><strong>XVIII,</strong></span> <span class='ocrx_word' id='word_1_837' title='bbox 1541 5693 1672 5753; x_wconf 90' lang='lat' dir='ltr'><strong>Luc.</strong></span> <span class='ocrx_word' id='word_1_838' title='bbox 1719 5693 1904 5764; x_wconf 81' lang='lat' dir='ltr'><strong>XXIII.</strong></span> 
     </span>
    </p>
   </div>
   <div class='ocr_carea' id='block_1_113' title="bbox 561 5781 1150 5852">
    <p class='ocr_par' dir='ltr' id='par_1_113' title="bbox 561 5781 1150 5852">
     <span class='ocr_line' id='line_1_113' title="bbox 561 5781 1150 5852; baseline -0.003 0"><span class='ocrx_word' id='word_1_839' title='bbox 561 5781 1150 5852; x_wconf 49' lang='lat' dir='ltr'><strong>PA&#39;rmLICXXll.</strong></span> 
     </span>
    </p>
   </div>
   <div class='ocr_carea' id='block_1_114' title="bbox 2013 5413 3600 5543">
    <p class='ocr_par' dir='ltr' id='par_1_114' title="bbox 2013 5413 3600 5543">
     <span class='ocr_line' id='line_1_114' title="bbox 2013 5413 3600 5543; baseline 0.016 -82"><span class='ocrx_word' id='word_1_840' title='bbox 2013 5486 2034 5541; x_wconf 63' lang='grc' dir='ltr'><strong>Ι</strong></span> <span class='ocrx_word' id='word_1_841' title='bbox 2058 5413 2394 5543; x_wconf 44' lang='grc' dir='ltr'><strong>Ιὲξν.</strong></span> <span class='ocrx_word' id='word_1_842' title='bbox 2422 5415 2630 5472; x_wconf 87' lang='lat' dir='ltr'><strong>lMattb.</strong></span> <span class='ocrx_word' id='word_1_843' title='bbox 2653 5416 2766 5484; x_wconf 84' lang='lat' dir='ltr'><strong>XII,</strong></span> <span class='ocrx_word' id='word_1_844' title='bbox 2795 5418 2898 5475; x_wconf 86' lang='lat' dir='ltr'><strong>Isa.</strong></span> <span class='ocrx_word' id='word_1_845' title='bbox 2932 5417 3092 5488; x_wconf 91' lang='lat' dir='ltr'><strong>XLII,</strong></span> <span class='ocrx_word' id='word_1_846' title='bbox 3121 5419 3230 5478; x_wconf 84' lang='lat' dir='ltr'><strong>Jer.</strong></span> <span class='ocrx_word' id='word_1_847' title='bbox 3252 5424 3316 5493; x_wconf 91' lang='lat' dir='ltr'><strong>ll,</strong></span> <span class='ocrx_word' id='word_1_848' title='bbox 3345 5425 3510 5484; x_wconf 84' lang='lat' dir='ltr'><strong>Amos</strong></span> <span class='ocrx_word' id='word_1_849' title='bbox 3531 5427 3600 5534; x_wconf 74' lang='lat' dir='ltr'><strong>II,</strong></span> 
     </span>
    </p>
   </div>
   <div class='ocr_carea' id='block_1_115' title="bbox 2089 5555 2919 5632">
    <p class='ocr_par' dir='ltr' id='par_1_115' title="bbox 2089 5555 2919 5632">
     <span class='ocr_line' id='line_1_115' title="bbox 2089 5555 2919 5632; baseline 0.006 -20"><span class='ocrx_word' id='word_1_850' title='bbox 2089 5560 2114 5632; x_wconf 66' lang='grc'><em>8</em></span> <span class='ocrx_word' id='word_1_851' title='bbox 2136 5555 2300 5632; x_wconf 32' lang='grc' dir='ltr'><strong>δαῖθ’.</strong></span> <span class='ocrx_word' id='word_1_852' title='bbox 2327 5555 2660 5632; x_wconf 68' lang='lat' dir='ltr'><strong>XX}_I_V,__III</strong></span> <span class='ocrx_word' id='word_1_853' title='bbox 2681 5559 2831 5632; x_wconf 77' lang='lat' dir='ltr'><strong>Reg.</strong></span> <span class='ocrx_word' id='word_1_854' title='bbox 2850 5561 2919 5617; x_wconf 78' lang='grc' dir='ltr'><strong>Χ.</strong></span> 
     </span>
    </p>
   </div>
   <div class='ocr_carea' id='block_1_116' title="bbox 2081 5627 2926 5698">
    <p class='ocr_par' dir='ltr' id='par_1_116' title="bbox 2081 5627 2926 5698">
     <span class='ocr_line' id='line_1_116' title="bbox 2081 5627 2926 5698; baseline 0.002 -14"><span class='ocrx_word' id='word_1_855' title='bbox 2081 5629 2108 5672; x_wconf 73' lang='grc' dir='ltr'>δ</span> <span class='ocrx_word' id='word_1_856' title='bbox 2136 5627 2331 5684; x_wconf 87' lang='lat' dir='ltr'><strong>Ezech.</strong></span> <span class='ocrx_word' id='word_1_857' title='bbox 2365 5627 2609 5698; x_wconf 81' lang='lat' dir='ltr'><strong>XXXIV,</strong></span> <span class='ocrx_word' id='word_1_858' title='bbox 2639 5627 2787 5688; x_wconf 52' lang='lat' dir='ltr'><strong>Luc:</strong></span> <span class='ocrx_word' id='word_1_859' title='bbox 2811 5631 2926 5690; x_wconf 80' lang='lat' dir='ltr'><strong>XV.</strong></span> 
     </span>
    </p>
   </div>
   <div class='ocr_carea' id='block_1_117' title="bbox 3281 5725 3308 5742">
    <p class='ocr_par' dir='ltr' id='par_1_117' title="bbox 3281 5725 3308 5742">
     <span class='ocr_line' id='line_1_117' title="bbox 3281 5725 3308 5742; baseline 0 0"><span class='ocrx_word' id='word_1_860' title='bbox 3281 5725 3308 5742; x_wconf 71' lang='grc' dir='ltr'>ιι</span> 
     </span>
    </p>
   </div>
  </div>
