4142 6296
514 196 661 262 m1

1800 145 1815 159 ι
1836 144 1845 147 ἠ
1904 190 2187 253 JOANNIS
2226 192 2423 251 SCOTI

3663 197 3847 256 1188

510 319 665 376 dehis
687 340 717 388 ς·
763 335 887 375 vera
935 318 1081 373 enim
1125 315 1322 373 dicam.
1372 306 1512 371 Dum
1568 328 1743 372 essem
1810 312 2099 386 aliquando
2128 321 2175 381 Α
2204 311 2470 389 nolentes,
2498 311 2761 382 quaedam
2790 284 2917 367 vero
2962 311 3228 381 volentes,
3250 327 3280 368 a
3306 312 3450 369 malo
3477 323 3603 384 post
3624 330 3841 386 pauca

506 410 660 483 iuxta
689 409 928 477 Cretam,
961 415 1181 463 sanctus
1211 402 1509 465 introduxit
1552 421 1638 462 me
1672 405 1903 478 Carpus,
1933 408 2016 461 vir
2044 416 2100 461 et

508 505 555 561 si
586 505 710 575 quis
729 503 1001 575 alius,per
1026 499 1249 555 multam
1277 501 1566 571 puritatem
1599 500 1766 569 animi
1799 500 1867 555 ad
1888 498 2129 560 divinas,

507 595 747 651 visiones
795 592 948 647 valde
977 599 1331 663 opportunus.
1369 591 1436 645 Et
1460 592 1676 661 quidem
1702 605 1875 662 neque
1901 590 2103 645 sanctis

510 686 896 759 mysteriorum
946 682 1229 739 sacriﬁciis
1275 682 1595 747 conabatur,
1641 682 1744 739 nisi
1794 683 1945 753 prius
1998 680 2100 752 ipsi

422 792 427 795 '
509 777 808 836 secundum
837 783 963 832 ante
991 773 1261 845 perfectas
1309 774 1584 828 orationes
1619 786 1805 829 sacras
1830 782 1884 827 et
1913 771 2098 842 propi-

509 870 685 925 ciatas
711 867 918 921 visione
942 852 1471 937 supermanifestata.
1498 862 1722 917 Dicebat
1760 861 1945 933 igitur,
1970 876 2101 918 con-

511 942 784 1019 tristatuni
809 973 867 1015 se
894 957 1183 1028 aliquando
1230 955 1523 1012 infidelium
1574 954 1826 1033 quodam.
1860 938 2099 1009 Tristitia

513 1063 693 1119 autem
720 1061 858 1117 erat,
891 1052 1017 1123 quia
1060 1050 1129 1105 ab
1154 1049 1393 1109 Ecclesia
1442 1048 1531 1104 ille
1577 1048 1845 1120 quendam
1898 1046 2099 1103 bonum

512 1142 746 1211 seduxit,
761 1132 937 1197 adhuc
954 1140 1110 1195 laetis
1133 1140 1263 1210 ipsis
1279 1140 1468 1195 diebus
1489 1138 1900 1194 consummatis.
1926 1135 2100 1207 Opor-

512 1237 662 1293 tebat
696 1246 988 1307 utrumque
1022 1234 1281 1289 divinitus
1323 1232 1813 1306 superglorificare.
1848 1238 1904 1286 et
1933 1230 2101 1285 Deum

515 1327 836 1384 salvatorem
868 1323 1395 1396 conprehendentem
1423 1322 1799 1394 accipientem,
1829 1335 1953 1377 eum
1983 1319 2104 1390 qui-

511 1418 633 1474 dem
684 1417 1022 1472 convertisse
1050 1456 1064 1483 ,
1125 1416 1268 1471 hunc
1316 1429 1446 1470 vero
1495 1415 1741 1475 bonitate
1781 1412 2003 1478 vicisse.
2047 1421 2104 1468 et

484 1492 623 1589 1“non
666 1510 971 1583 relinquere
1018 1508 1373 1573 admonitum,
1432 1515 1488 1561 et
1533 1521 1632 1578 per
1674 1504 1840 1560 vitam
1885 1518 2103 1571 omnem

512 1617 685 1673 usque
714 1601 893 1669 hodie,
942 1607 996 1654 et
1022 1598 1104 1654 sic
1125 1598 1179 1654 in
1211 1597 1445 1654 divinam
1474 1612 1568 1654 eos
1600 1597 1812 1673 ducere
1843 1595 2106 1667 cognitio-
2144 1654 2145 1659 η

2203 406 2312 458 vim
2365 403 2622 459 facientes
2656 402 2897 465 simulet
2941 404 3355 476 interrogantes.
3413 404 3560 459 Dixit
3620 416 3842 463 autem

2208 496 2440 567 Carpus,
2471 497 2707 568 seipsum
2732 495 2985 551 delectari
3012 498 3263 552 deorsum
3289 498 3591 565 videntem,
3610 513 3837 554 eorum

2207 601 2412 656 autem,
2437 606 2573 659 quac
2604 605 2839 655 sursum,
2879 588 3145 662 negligere
3178 608 3189 643 :
3222 589 3492 663 indignari
3517 590 3711 649 autem
3759 602 3840 648 et

2203 680 2617 754 parvipendere,
2645 681 2772 751 quia
2805 696 2909 735 non
2932 680 3247 735 ceciderunt
3269 682 3405 753 jam,
3438 693 3492 739 et
3524 685 3605 739 rei
3642 686 3836 740 toties

2207 760 2738 843 superadjicientem,
2770 780 2823 825 et
2852 756 2958 827 non
2980 756 3246 827 valentem
3270 776 3607 841 contristari,
3644 785 3702 831 et
3727 775 3829 830 fa-

2207 866 2383 936 tigari.
2408 864 2474 919 Et
2498 865 2870 936 respicientem
2893 864 2981 919 vix
3007 864 3195 941 videre.
3210 865 3424 935 quidem
3455 867 3659 924 iterum
3685 885 3829 926 cae-

2202 946 2340 1023 lum,
2367 957 2507 1011 sicut
2527 965 2581 1011 et
2603 957 2752 1026 prius
2768 956 3016 1011 videbat:
3042 942 3225 1011 Iesum
3249 965 3427 1013 autem
3453 957 3823 1017 miserentem

2207 1043 2358 1113 facti,
2386 1061 2652 1119 exurgere
2697 1062 2865 1125 super
2892 1046 3113 1125 caelesti
3159 1044 3379 1119 throno,
3423 1058 3479 1103 et
3509 1065 3689 1120 usque
3718 1068 3825 1109 eos

2208 1138 2651 1205 descendentem,
2696 1122 2916 1194 manum
2939 1122 3196 1211 optimam
3226 1153 3526 1211 praeStare,
3551 1154 3607 1198 et
3633 1159 3815 1216 ange-

2206 1229 2288 1287 los
2317 1247 2438 1286 cum
2471 1233 2586 1302 ipso
2620 1232 2948 1303 accipientes
2976 1232 3139 1288 alium
3175 1220 3392 1289 aliunde
3428 1237 3708 1306 recepisse
3734 1238 3813 1291 vi-

2208 1336 2319 1387 ros,
2344 1330 2398 1376 et
2418 1321 2599 1395 dicere
2614 1320 2791 1397 carpo
2809 1310 2998 1378 Iesum
3031 1342 3043 1377 :
3066 1320 3225 1378 Manu
3241 1322 3353 1392 jam
3381 1334 3506 1381 ante
3527 1329 3813 1398 praeordi-

2209 1426 2337 1469 nata
2363 1429 2498 1486 puer
2544 1414 2840 1470 secundum
2891 1430 2977 1469 me
3031 1402 3326 1471 residuum.
3384 1415 3619 1475 Paratus
3656 1420 3807 1476 enim

2210 1521 2329 1562 sum
2382 1507 2577 1562 iterum
2633 1522 2733 1577 pro
2789 1506 3123 1587 hominibus
3159 1492 3493 1567 resalvandis
3551 1512 3689 1581 pati.
3746 1511 3810 1567 Et

2209 1597 2511 1654 adamabile
2557 1599 2688 1653 mihi
2753 1600 2888 1665 hoc,
2942 1615 3046 1679 non
3102 1598 3222 1655 aliis
3280 1602 3633 1673 peccantibus
3711 1605 3813 1663 bo-

514 1710 665 1759 nent,
690 1689 1075 1763 tanquamjam
1095 1698 1149 1745 et
1172 1699 1381 1745 certum
1405 1688 1690 1744 exstinctis
1711 1685 2466 1758 ipsisjudicatisBminibns.
2519 1688 2900 1772 Verumtamen
2954 1691 3112 1756 vide,
3163 1692 3208 1749 si
3273 1693 3410 1749 bene
3475 1695 3674 1751 habere
3739 1699 3813 1751 ti-

514 1793 571 1843 et
615 1784 1074 1841 irrationabilibus
1125 1781 1397 1837 ferocibus
1441 1781 1496 1836 in
1563 1780 1680 1851 lege
1729 1778 1875 1849 justa
1920 1791 2111 1853 sapere

517 1879 744 1936 coactis.
775 1876 881 1932 Sed
910 1877 963 1930 in
993 1876 1171 1944 seipse
1200 1889 1308 1941 non
1339 1874 1490 1943 prius
1517 1873 1621 1928 hoc
1650 1874 1884 1945 patiens,
1928 1868 2110 1925 nescio

519 1972 790 2043 quomodo
806 1978 933 2024 tunc
950 1968 1172 2023 multam
1189 1966 1456 2037 quandam
1476 1964 1875 2021 inclementiam
1901 1972 1954 2017 et
1970 1976 2111 2016 anta-

515 2060 814 2118 ritudinem
848 2060 1115 2124 intexens,
1153 2056 1454 2110 inﬁrmatus
1485 2062 1570 2109 est
1597 2054 1816 2124 quidem
1856 2052 1935 2109 sic
1971 2050 2111 2106 male

518 2151 746 2207 babeus.
792 2148 1027 2219 Vespera
1086 2147 1230 2202 enim
1283 2154 1424 2200 erat.
1477 2144 1637 2199 Circa
1680 2152 1859 2199 autem
1904 2144 2110 2198 medias

519 2253 728 2308 noctes,
784 2240 994 2299 solebat
1020 2238 1164 2295 enim
1196 2238 1249 2292 in
1282 2238 1383 2292 hoc
1425 2245 1635 2308 tempus
1678 2237 1794 2308 ipse
1828 2251 1896 2292 ex
1928 2236 2109 2306 seipso

519 2335 587 2389 ad
612 2333 825 2389 divinas
855 2331 1043 2386 laudes
1092 2330 1368 2401 evigilare,
1422 2330 1594 2399 surgit
1638 2329 1879 2401 quidem,
1932 2344 2110 2399 neque

520 2422 727 2479 somnis
767 2422 816 2477 ei
842 2420 1068 2476 multum
1092 2419 1471 2484 existentibus,
1507 2428 1561 2472 et
1589 2432 1805 2488 semper
1831 2416 2109 2474 offenden-

521 2518 657 2587 tium
676 2515 1019 2571 extrinsecus
1044 2512 1453 2587 perturbatione
1473 2511 1702 2575 abutens
1722 2530 1735 2565 :
1754 2521 1903 2567 stans
1928 2522 2108 2568 tamen

520 2609 577 2665 in
621 2606 861 2663 divinum
905 2600 1256 2676 colloquium,
1288 2621 1394 2660 non
1439 2612 1589 2667 recte
1620 2604 1864 2659 frenatus
1885 2614 1990 2671 est,
2021 2606 2103 2659 in-

521 2700 774 2773 dignatus
826 2706 930 2763 est,
984 2712 1092 2752 non
1138 2710 1259 2752 esse
1300 2694 1515 2769 justum
1539 2695 1751 2760 dicens,
1783 2695 1825 2749 si
1867 2695 2110 2752 viverent

518 2791 624 2846 viri
665 2790 836 2860 impii,
868 2798 923 2843 et
961 2788 1341 2843 subvertentes
1366 2788 1481 2843 vias
1525 2787 1736 2841 Domini
1763 2794 1942 2842 rectas
1964 2799 2012 2840 ι.
2044 2786 2112 2863 Et

520 2887 659 2942 haec
716 2884 920 2948 dicens,
953 2881 1110 2955 petiit
1151 2883 1170 2914 ί
1227 2897 1256 2935 a
1289 2881 1399 2936 Deo
1438 2880 1561 2953 igne
1599 2880 1833 2950 quodam
1891 2880 2107 2953 caelesti

521 2976 807 3046 utriusque
852 2975 908 3029 in
959 2972 1125 3029 semel
1198 2972 1697 3041 immisericorditer
1766 2972 2109 3044 requiescere

519 3071 680 3124 vitas.
712 3067 859 3125 Haec
909 3078 1092 3123 autem
1141 3066 1325 3122 dicens
1356 3067 1431 3120 ait
1458 3076 1676 3136 putasse
1705 3067 1887 3122 videre
1932 3067 2112 3143 subito
2139 3048 2183 3115 C

523 3161 766 3226 domum,
796 3159 852 3214 in
886 3174 993 3231 qua
1024 3158 1243 3229 quidem
1269 3158 1466 3223 stabat,
1493 3174 1813 3215 concussam
1846 3160 2018 3229 prius,
2043 3174 2112 3216 ex

522 3258 667 3306 tecto
721 3250 776 3304 in
821 3249 927 3306 duo
962 3248 1139 3304 media
1193 3248 1443 3314 divisam,
1481 3254 1538 3303 et
1588 3248 1875 3320 quemdam
1923 3264 2110 3321 rogum

521 3342 727 3400 multae
772 3342 906 3397 lucis
956 3339 1008 3395 in
1056 3351 1345 3411 conspectu
1377 3355 1497 3406 suo,
1524 3349 1579 3393 et
1607 3326 1787 3405 talem,
1829 3341 2116 3398 videbatur

523 3435 668 3489 enim
707 3442 944 3488 ceterum
973 3432 1072 3487 sub
1101 3433 1321 3487 aethere
1342 3430 1514 3498 locus,
1547 3448 1611 3487 ex
1631 3433 1853 3489 caelesti
1893 3434 2115 3505 regione

521 3526 777 3600 usquead
807 3540 867 3580 se
895 3510 1329 3591 descendentem,
1348 3524 1552 3578 caelum
1577 3534 1755 3580 autem
1772 3526 1943 3596 ipsum
1962 3526 2115 3582 reﬂa-

523 3630 712 3689 grans,
766 3624 821 3668 et
851 3615 902 3668 in
935 3613 1097 3667 dorso
1119 3612 1252 3667 caeli
1284 3614 1455 3684 ipsum
1484 3612 1669 3668 Jesum
1702 3615 1886 3670 multis
1924 3617 2114 3671 huma-

522 3705 834 3764 niformiter
875 3704 975 3776 ipsi
1004 3702 1339 3759 adstantibus
1371 3704 1596 3775 angelis.
1626 3705 1694 3759 Et
1729 3707 1863 3762 haec
1896 3696 2116 3778 quidem

522 3800 725 3856 vidisse
768 3800 1153 3864 desursum,et
1190 3815 1249 3855 se
1286 3799 1495 3854 mirari.
1547 3800 1808 3856 Deorsum
1847 3818 1976 3857 vero
2032 3804 2114 3857 in-

524 3912 757 3957 curvans
804 3895 1013 3966 Carpus
1046 3912 1059 3948 :
1090 3893 1371 3961 Videbam,
1422 3895 1617 3965 inquit,
1647 3905 1701 3951 ct
1732 3904 1933 3951 terram
1986 3912 2113 3966 pro-

523 3986 769 4050 fundam.
824 3987 937 4043 Hoc
964 3987 1032 4043 ad
1062 3985 1338 4062 tristitiam
1375 3996 1458 4040 est
1487 3986 1726 4049 chasma,
1782 3994 1837 4043 et
1869 3989 2116 4043 tenebro-

524 4078 645 4141 sum
675 4088 1006 4153 Separatum,
1037 4086 1093 4134 et
1116 4077 1331 4155 quidem
1352 4076 1500 4132 viros
1528 4077 1668 4145 illos,
1696 4078 1892 4149 quibus
1912 4079 2117 4135 calum-

526 4175 799 4237 niabatur,
850 4180 978 4226 ante
1010 4168 1077 4225 ab
1109 4168 1226 4238 ipso
1252 4155 1405 4236 juxta
1433 4167 1682 4223 ostiolum
1716 4169 1932 4223 stetisse
1958 4170 2118 4224 cbas-

527 4274 690 4328 matis
710 4268 1090 4333 subtremulos,
1117 4265 1368 4329 miseros,
1400 4272 1602 4317 tantum
1633 4262 1867 4317 nondum
1898 4264 2115 4319 descen-

527 4363 717 4420 dentes
757 4376 787 4415 a
819 4358 1158 4430 propriorum
1214 4354 1408 4424 pedum
1454 4353 1821 4419 instabilitate.
1853 4352 2114 4409 Deorsum

2210 1780 2284 1847 bi,
2309 1781 2362 1835 in
2386 1781 2666 1836 cliasmate
2696 1792 2889 1838 etcum
2917 1784 3261 1853 serpentibus
3294 1786 3629 1841 mansionem
3650 1802 3813 1843 com-

2210 1880 2422 1929 mutare
2449 1882 2471 1913 ³
2496 1872 2633 1943 ejus,
2680 1889 2819 1943 quae
2869 1882 2950 1927 est
2986 1890 3105 1937 cum
3153 1874 3262 1941 Deo
3293 1885 3347 1930 et
3376 1876 3593 1946 Optimis
3619 1886 3674 1934 et
3702 1877 3815 1932 liu—

2211 1966 2389 2031 manis
2431 1965 2453 1997 ³
2480 1965 2703 2053 angelis.
2750 1965 2894 2049 llaec
2921 1976 3065 2032 sunt,
3097 1982 3234 2039 quae
3260 1983 3359 2041 ego
3383 1970 3605 2025 audiens
3632 1969 3817 2027 credo

2211 2071 2340 2111 vera
2371 2072 2513 2113 esse.

2214 2242 2333 2301 Tito
2361 2242 2599 2313 pontiﬁci
2643 2240 2664 2273 ’⁵
2696 2242 3036 2313 interroganti
3065 2234 3159 2313 per
3199 2242 3487 2313 epistolam,
3536 2260 3671 2314 quae
3710 2260 3812 2301 sa-

2281 2315 2506 2385 pientiae
2535 2315 2744 2378 domus,
2770 2314 2887 2383 quis
2928 2325 3116 2378 crater,
3155 2323 3201 2367 et
3227 2315 3315 2384 qui
3343 2314 3439 2367 cibi
3464 2325 3509 2367 et
3546 2323 3731 2383 potus.

2284 2428 2521 2496 Sanctus
2573 2427 2790 2498 quidem
2820 2422 3158 2494 Timotheus,
3189 2443 3221 2483 ο
3263 2420 3401 2507 bone
3431 2424 3576 2494 'l‘ite,
3620 2427 3810 2485 nescio

2212 2536 2280 2581 an
2303 2520 2431 2591 quid
2460 2520 2800 2590 cognitorum
2823 2521 2956 2592 mihi
2980 2521 3403 2592 tbeologicorum
3430 2520 3807 2592 symbolornm

2210 2612 2439 2683 recessit
2498 2611 2830 2683 relinquens.
2899 2611 3005 2686 Sed
3056 2613 3108 2667 in
3178 2594 3470 2685 symbolica
3538 2611 3810 2683 theologia

2209 2704 2349 2761 bene
2364 2703 2748 2767 discrevimus,
2772 2717 2961 2758 omnes
2975 2700 3307 2773 eloquiorum
3333 2690 3397 2757 de
3423 2702 3538 2758 Deo
3553 2701 3811 2757 aestima-

2213 2793 2389 2849 tiones
2425 2808 2545 2849 esse
2590 2792 2774 2849 multis
2801 2801 3194 2848 monstruosas.
3250 2792 3463 2848 Etenim
3516 2793 3572 2847 in
3617 2809 3812 2850 conse-

2213 2888 2435 2960 quentia
2475 2886 2902 2965 contaminatam
2938 2895 3282 2955 extergentes
3306 2880 3810 2958 imperfectionibus

2214 2978 2544 3043 animarum,
2593 2975 3027 3047 quandocunque
3082 2991 3315 3053 arcanae
3363 2976 3589 3047 sophiae
3625 2987 3810 3048 patres

2212 3085 2315 3142 per
2334 3070 2599 3142 quaedam
2626 3068 2835 3141 occulta
2890 3078 2947 3125 et
2970 3070 3194 3125 audacia
3240 3069 3553 3140 aenigmata
3582 3067 3811 3123 manife-

2213 3152 2364 3218 stant
2384 3152 2645 3228 divinam,
2675 3169 2732 3216 et
2757 3161 3061 3232 mysticam,
3084 3169 3139 3215 et
3168 3160 3367 3214 inviam
3393 3159 3688 3214 immundis
3714 3174 3805 3213 ve-

2224 3255 2466 3310 ritatem.
2507 3252 2801 3325 Propterea
2853 3268 2958 3309 non
2986 3252 3254 3309 credimus
3297 3251 3448 3306 multi
3502 3251 3573 3306 de
3611 3252 3805 3307 diﬁnis

2215 3344 2490 3416 mysteriis
2512 3343 2829 3399 rationibus.
2867 3341 3314 3414 Contemplamur
3332 3334 3483 3397 enim
3510 3341 3805 3397 solummo-

2216 3433 2285 3489 do
2308 3451 2370 3491 ea
2400 3450 2522 3489 cum
2552 3432 2998 3489 connaturalibus
3028 3432 3182 3488 nobis
3218 3432 3567 3488 sensibilibus
3591 3432 3808 3505 symbo-

2215 3525 2303 3581 lis.
2333 3522 2559 3595 Oportet
2587 3534 2765 3579 antem
2798 3532 2852 3578 et
2874 3533 3133 3578 cxuentes
3162 3539 3223 3578 ea
3280 3524 3331 3578 in
3367 3526 3675 3595 semetipsis
3700 3542 3803 3581 nu-

2216 3619 2286 3673 da
2307 3626 2360 3672 et
2391 3633 2521 3685 pura
2553 3617 2691 3670 facta
2721 3617 2921 3681 videre.
2953 3618 3043 3672 Sic
3064 3616 3208 3671 enim
3239 3617 3289 3671 in
3320 3598 3806 3690 contemplantibus

2217 3710 2541 3780 aperirent"
2566 3710 2780 3780 quidem
2826 3709 3027 3765 fontem
3061 3710 3202 3764 vitae
3242 3709 3295 3763 in
3327 3711 3566 3780 seipsum
3601 3709 3801 3781 fusum,
3897 3690 3909 3699 ’

2217 3803 2354 3856 etin
2407 3800 2584 3871 seipso
2635 3794 2867 3855 Stantem
2918 3800 3189 3866 videntes,
3221 3810 3275 3855 et
3317 3808 3480 3856 u‘nam
3531 3804 3802 3872 quandam

2215 3895 2494 3961 virtutem,
2526 3893 2795 3964 simplam,
2823 3908 2919 3964 per
2942 3893 3171 3962 seipsam
3195 3902 3416 3959 motam,
3444 3911 3545 3964 per
3568 3898 3804 3967 seipsam

2216 3999 2550 4061 operantem,
2583 3988 2816 4057 seipsam
2860 4002 2965 4041 non
2992 3987 3356 4054 deserentem,
3390 3990 3487 4045 sed
3520 3990 3803 4044 scientiam

2217 4081 2458 4136 omnium
2506 4080 2851 4135 scientiarum
2888 4080 3285 4134 subsistentem
3312 4121 3327 4145 ,
3376 4090 3432 4135 et
3462 4097 3680 4152 semper
3706 4098 3803 4152 per

2218 4173 2448 4240 seipsam
2488 4169 2959 4238 contemplantem.
3011 4169 3274 4241 Oportere
3323 4154 3485 4242 igitur
3525 4182 3579 4226 ct
3622 4173 3720 4242 ipsi
3747 4181 3805 4229 et

2217 4259 2338 4315 aliis
2373 4259 2510 4330 apud
2544 4274 2641 4313 nos
2687 4260 3109 4323 aestimavimus,
3142 4269 3402 4331 quantum
3432 4261 3685 4332 possibile
3715 4280 3803 4318 es-

2218 4364 2319 4418 set,
2344 4351 2603 4422 replicare
2638 4352 2928 4407 variabiles
2955 4351 3322 4408 deformitates
3351 4352 3418 4409 de
3452 4355 3563 4411 Deo
3585 4347 3802 4425 symbo-

526 4465 709 4511 autem
762 4469 792 4506 a
823 4453 1101 4505 ehasmate
1151 4454 1430 4515 serpentes
1459 4460 1669 4516 repere,
1694 4454 1749 4498 et
1773 4446 1917 4499 circa
1950 4448 2114 4516 pedes
2147 4422 2192 4483 Ῑ)
2225 4443 2360 4499 lit-ae
2389 4458 2575 4498 sacrae
2611 4441 2964 4513 ﬁgurationis.
2991 4442 3143 4511 Quod
3171 4444 3314 4498 enim
3344 4454 3496 4500 extra
3540 4463 3656 4499 eam
3696 4448 3801 4502 hoc

527 4560 717 4602 eorum
741 4540 1066 4611 suppositos,
1085 4538 1371 4607 aliquando
1400 4535 1615 4605 quidem
1642 4535 1936 4601 retrahere,
1966 4538 2113 4592 invo-

527 4634 670 4689 lutos
720 4630 877 4684 simul
919 4637 969 4681 et
1001 4632 1355 4695 aggravantes
1396 4632 1449 4678 et
1482 4625 1774 4688 trahentes,
1824 4626 2112 4696 aliquando

530 4738 707 4783 autem
738 4723 988 4777 dentibus
1016 4728 1108 4774 aut
1150 4717 1343 4789 palatis
1375 4727 1753 4783 tumescentes,
1790 4728 1884 4773 aut
1920 4723 2115 4775 subur-

529 4826 740 4890 gentes,
766 4822 820 4869 et
847 4827 1058 4882 semper
1094 4812 1146 4865 in
1186 4809 1457 4863 tristitiam
1481 4807 1773 4866 immittere
1795 4814 2110 4867 machinan-

529 4919 632 4965 tes.
688 4908 820 4963 Esse
870 4913 1049 4959 autem
1085 4912 1140 4958 et
1186 4902 1333 4955 viros
1378 4901 1637 4970 quosdam
1677 4902 1731 4957 in
1778 4904 1957 4957 medio
1986 4919 2106 4957 cum

528 4999 889 5073 serpentibus,
922 5006 1108 5053 contra
1138 4995 1285 5050 viros
1321 4993 1746 5064 superadjectos,
1797 5003 2111 5050 concutien-

531 5103 612 5149 tes
631 5091 789 5150 simul
819 5094 874 5147 et
892 5091 1266 5146 subvertentes
1289 5094 1343 5140 et
1363 5086 1749 5156 percutientes.
1779 5085 2110 5143 Videbantur

527 5193 708 5240 autem
740 5197 861 5239 esse
903 5182 971 5236 ad
996 5178 1432 5249 interrogandum
1465 5176 1561 5242 illi,
1602 5179 1862 5247 quaedem
1890 5179 2108 5247 quidem

2222 4537 2368 4595 omni
2400 4535 2635 4606 repletur
2662 4534 2960 4590 incredibili
2987 4546 3042 4591 et
3070 4537 3340 4592 lictil’ortni
3372 4540 3795 4607 monstrositatc,

2222 4638 2407 4699 utpote
2437 4628 2489 4681 in
2523 4626 2958 4696 supercssentiali
2984 4622 3199 4697 quidem
3230 4630 3405 4683 divina
3427 4631 3791 4700 generatione,

2218 4727 2466 4773 ventrem
2510 4710 2604 4769 Dei
2652 4715 3005 4784 corporaliter
3047 4716 3214 4771 Deum
3268 4719 3561 4788 gignenteni
3612 4716 3795 4771 refor-

2219 4808 2441 4872 mantis,
2482 4814 2536 4861 et
2563 4806 2786 4860 verbum
2837 4805 2891 4859 in
2917 4807 3041 4861 aéra
3070 4806 3344 4877 profusum
3371 4823 3429 4861 ex
3454 4805 3616 4861 corde
3644 4806 3800 4862 virili

2216 4897 2514 4952 eruetantis
2546 4897 2740 4966 ipsum,
2772 4904 2825 4951 et
2870 4897 3113 4967 spiritum
3142 4901 3465 4970 exspiratum
3494 4896 3563 4952 ab
3584 4912 3684 4952 ore
3706 4894 3815 4955 de-'

2218 4989 2528 5055 scribentis,
2564 4998 2616 5044 et
2646 4989 2793 5043 sinus
2821 4987 2931 5043 Deo
2981 4989 3237 5045 fecundos
3264 4990 3468 5061 gremio
3500 5000 3801 5060 gestantes,

2216 5085 2386 5142 Deum
2408 5084 2572 5138 lilium
2598 5082 2950 5161 corporaliter
2976 5082 3129 5161 nobis
3154 5082 3442 5151 laudantis,
3474 5096 3569 5141 aut
3592 5085 3808 5157 planta-

2200 5182 2313 5263 tim
2346 5181 2481 5236 haec
2517 5176 2816 5248 ﬁgurantis,
2847 5158 2901 5231 et
2927 5158 3151 5233 arbores
3177 5178 3439 5248 quasdam
3486 5187 3544 5234 et
3577 5177 3807 5236 frutices
3868 5256 3877 5261 -

1846 5291 2099 5355 vanus
2139 5258 2543 5354 ‘tisci‘tosss.

602 5380 1699 5471 ιΒῌΑρειίξ..,ξΑΗγῗςρῃιῃηρηίεαιξοηα
1744 5368 1791 5437 ’Β
1843 5391 2269 5447 commutatione.
2350 5388 2369 5419 ³
2416 5397 2462 5443 et
2523 5387 2767 5441 humanis
2815 5401 2925 5443 om.
2968 5383 3078 5439 BH.
3154 5386 3367 5443 ‘lndex
3425 5386 3553 5443 Tito
3596 5405 3809 5447 summa

528 5454 811 5518 sacerdoti.
886 5456 907 5488 '
938 5454 1029 5510 ΑΕ
1082 5464 1411 5523 apparerent.

560 5649 585 5677 ο
609 5650 635 5681 ι
666 5638 785 5694 Act.
814 5634 947 5697 Xlll.

2041 5546 2247 5615 NOTA.
