4142 6296
374 338 515 411 1189

1276 345 1533 406 vensro
1561 318 1849 407 orntum
1889 342 1947 404 s.
1991 326 2289 403 namss
2320 342 2722 402 EPISTOLAE.

3513 344 3649 405 H90

374 472 431 524 et
452 465 622 520 ﬂores
656 471 710 519 et
761 444 975 521 radices
999 440 1425 535 praemittentis,
1456 470 1549 518 aut
1571 461 1748 519 fontes
1794 477 1961 537 aqua.
1988 466 2038 527 Α
2065 460 2282 517 dentem
2328 470 2429 530 per
2482 445 2718 531 t‘yp'ica'm
2751 464 2998 520 coenam.
3050 462 3262 520 Etenim
3296 458 3431 523 erat
3459 442 3645 529 conseo'

376 572 502 613 rum
531 548 855 622 emanantis,
892 565 986 609 aut
1012 553 1354 610 claritatibus
1372 553 1713 624 processivas
1741 552 1961 614 luminis

374 646 774 718 generationes,
816 653 908 700 aut
951 642 1086 700 alias
1123 644 1385 715 quasdam
1424 634 1957 713 superessentialinni

374 736 806 807 theologicorum
849 732 1249 789 manifestorias
1304 746 1489 789 sacras
1543 731 1959 802 descriptiones.

375 829 579 885 Deinde
605 826 970 899 iinvislbilium
1012 825 1108 880 Dei
1142 824 1629 895 providentiarum,
1652 824 1761 877 'aut
1793 824 1959 877 dono-

374 934 519 983 rum,
561 926 655 972 aut
705 914 1346 981 manifestationum,“aut
1371 915 1647 978 virtutum,
1699 921 1795 968 aut
1830 930 1958 985 pro-

370 1002 689 1079 prietatum,
715 994 1152 1077 percussionum,
1182 1005 1663 1068 aut‘mansiimum,
1707 1012 1802 1058 aut
1830 1016 1961 1074 pro-

372 1101 704 1165 cessionum,
756 1098 1284 1161 aut'disc‘retionum,
1317 1103 1410 1150 aut
1439 1096 1728 1160 unitatum,
1766 1097 1960 1150 huma-

374 1205 502 1245 num
548 1188 865 1257 ﬁgmentum
924 1186 1034 1241 Deo
1079 1197 1133 1240 et
1186 1185 1503 1249 bestiarum,
1549 1188 1605 1239 et
1647 1185 1962 1239 animalium

376 1272 633 1345 aliorum,
664 1287 721 1334 et
767 1280 1095 1351 germinum,
1136 1286 1189 1341 et
1224 1277 1459 1347 lapidum
1508 1278 1714 1330 variam
1762 1275 1962 1331 forma-

378 1374 583 1428 tionem
608 1372 1094 1441 cireumﬂngentis,
1130 1372 1427 1425 etomatus
1455 1369 1504 1424 ei
1532 1368 1843 1433 muliebres,
1874 1376 1966 1425 aut

376 1464 689 1520 barbaricas
732 1470 1008 1519 armorum
1052 1462 1293 1517 facturas
1323 1462 1970 1534 circttmponentis,ilgti-

376 1553 566 1609 lariam
615 1563 708 1609 aut
746 1550 1138 1616 conﬂatoriam,
1168 1562 1233 1607 ut
1262 1554 1458 1609 artiﬁci
1502 1553 1743 1618 ‘cuida’m,
1794 1550 1964 1624 appo-

377 1647 575 1710 nentis,
606 1654 662 1700 et
680 1659 849 1714 equos
883 1655 939 1699 et
962 1656 1157 1700 currus
1182 1644 1230 1700 ei
1255 1653 1311 1701 et
1348 1646 1570 1701 thronos
1618 1646 1969 1701 substernen-

379 1738 473 1802 tis,
519 1745 574 1791 et
618 1734 962 1805 quotidianas
1023 1752 1179 1793 escas
1254 1738 1514 1808 quasdam
1573 1736 1968 1808 pulmentiﬁca's

2063 562 2255 619 quens,
2284 552 2389 605 non
2438 551 2611 606 solum
2638 550 3062 609 incontaminata
3093 544 3279 611 multis
3299 552 3496 616 salvari
3526 577 3649 615 san—

2066 634 2152 694 'cta
2178 649 2510 707 sanctorum,
2549 642 2643 697 sed
2672 643 2854 698 ethoc
2881 645 3173 700 humanam
3190 648 3357 703 vitam
3387 666 3491 706 non
3527 642 3651 722 par;

2063 729 2270 785 tibilem
2303 729 2463 786 simul
2494 741 2545 788 et
2570 748 2673 788 non
2713 735 2967 805 partitam
2997 735 3405 807 subsistentem,
3434 740 3655 814 proprie

2062 824 2243 892 seipsa
2283 823 2493 879 divinas
2517 824 2807 881 illuminari
2841 824 3099 884 scientias
3132 846 3144 883 :
3177 838 3233 885 et
3281 832 3384 887 hoc
3432 835 3662 911 quidem,

2065 912 2403 982 impassibile
2445 915 2660 970 animae
2685 916 2737 969 in
2766 914 2957 986 simpla
2983 925 3037 972 et
3086 917 3273 973 intima
3305 920 3651 980 deiformium

2064 1004 2392 1074 agalmatum
2438 1018 2723 1077 segregare
2783 1007 3111 1076 spectacula.
3161 1007 3426 1068 Passibile
3474 1023 3657 1069 autem

2065 1092 2180 1166 ejus
2219 1090 2647 1151 connaturaliter
2677 1094 2928 1150 famulari
2958 1097 3118 1153 simul
3158 1108 3212 1154 et
3233 1096 3452 1156 extendi
3482 1102 3534 1156 in
3573 1105 3654 1159 di-

2065 1182 2347 1242 vinissima
2401 1184 2857 1256 praemachinatis
2923 1186 3225 1256 typicorum
3284 1189 3657 1260 symbolarum

2065 1275 2602 1348 perforatatiortibus,
2630 1272 2712 1332 'sic
2735 1285 2966 1349 cognata
3015 1276 3323 1345 huiusmodi
3351 1283 3537 1352 genuit
3566 1297 3657 1340 ve-

2066 1362 2267 1423 lamina
2322 1378 2375 1424 et
2406 1366 2701 1423 declarant
2754 1369 3080 1440 quicumque
3113 1378 3169 1425 et
3219 1378 3345 1427 ante
3386 1374 3655 1432 velamina

2068 1452 2223 1514 extra
2244 1458 2578 1530 theologiam
2606 1452 2949 1515 manifestam
2975 1460 3364 1531 relinquentes,
3388 1465 3442 1518 in
3464 1464 3658 1537 seipsis

2068 1553 2367 1608 reformaut
2401 1550 2810 1608 similitudinem
2843 1554 3112 1623 quandam
3157 1555 3223 1610 a‘d
3247 1554 3661 1629 intelligentiam

2070 1657 2128 1698 se
2151 1642 2327 1697 dictae
2353 1641 2660 1713 theoIOgiae
2688 1642 3160 1698 manuducentem.
3185 1643 3250 1700 Et
3270 1644 3404 1702 haec
3435 1648 3665 1706 visibilis

2072 1731 2440 1786 universitatis
2465 1730 2652 1786 mundi
2675 1731 2905 1798 factura,
2930 1730 3215 1790 invisibilis
3239 1734 3333 1792 Dei
3360 1738 3662 1808 praemissa

375 1829 772 1899 praeparautis,
821 1836 878 1883 et
926 1829 1221 1894 bibentem,
1255 1839 1311 1883 et
1360 1829 1702 1895 inebriatum,
1744 1838 1800 1883 et
1833 1845 1976 1884 som-
2005 1823 2052 1883 Β
2080 1834 2182 1890 eSt,
2212 1825 2351 1879 sicut
2373 1823 2449 1877 ait
2470 1822 2687 1890 Paulus,
2725 1833 2780 1878 et
2808 1820 2935 1879 vera
2954 1816 3121 1880 'ratio.
3153 1825 3388 1885 Proinde
3429 1839 3487 1886 et
3512 1831 3664 1889 theo-

378 1917 679 1983 uolentum,
726 1926 785 1972 et
842 1918 1177 1989 crapulatum
1235 1919 1689 1974 transformantis.
1746 1918 1886 1986 Quid
1923 1920 2005 1981 si,

378 2010 501 2077 quis
526 2009 674 2064 (ﬂeat
696 2010 826 2077 iras,
861 2011 1128 2078 tristitias,
1159 2012 1308 2066 varia
1340 2013 1672 2082 iuramenta,
1702 2012 1966 2078 insanias,

376 2100 805 2168 maledictiones,
861 2100 1484 2169 furores,-multiformia
1515 2114 1571 2159 et
1607 2102 1825 2173 obliqua
1886 2119 1970 2159 re-

374 2191 635 2262 pulsionis
678 2194 885 2264 peccati
913 2195 1339 2263 promissionum
1368 2194 1721 2265 sophismata,
1779 2196 1834 2249 in
1864 2186 1968 2251 Ge-

376 2284 492 2340 nesi
533 2285 806 2355 gigantum
836 2299 1089 2356 pugnam,
1137 2300 1236 2355 per
1281 2298 1445 2356 quam
1477 2284 1779 2341 deliberare
1808 2301 1873 2341 ex
1905 2286 1969 2340 ti-

378 2384 533 2427 more
558 2374 757 2428 dicitur
776 2374 1087 2443 potentibus
1124 2374 1229 2430 illis
1271 2375 1421 2439 viris,
1460 2376 1601 2431 hanc
1642 2376 1968 2431 aediﬁcatio-

380 2477 506 2517 nem
550 2479 657 2519 non
711 2463 907 2532 injuria
947 2466 1304 2534 quorumdam
1335 2466 1591 2533 aliorum,
1639 2467 1732 2522 sed
1760 2482 1858 2538 pro
1886 2481 1971 2522 sas

382 2550 492 2608 lute
518 2562 707 2609 eorum
737 2553 1196 2620 ma‘ehinautibus,
1237 2563 1293 2611 et
1334 2556 1619 2623 consilium
1652 2555 1779 2612 illud
1812 2555 1968 2626 juxta

380 2643 591 2699 caelum
610 2644 668 2698 in
692 2644 817 2699 dolo
842 2651 895 2702 et
921 2644 1233 2701 seduCtione
1255 2644 1442 2701 Achab
1466 2654 1738 2717 paratum,
1765 2655 1821 2702 et
1841 2652 1971 2703 ean;

384 2733 618 2788 tieorum
654 2733 965 2790 materiales
985 2742 1040 2791 et
1064 2733 1338 2790 adulteras
1361 2735 1558 2791 multas
1585 2737 1892 2806 passiones,
1915 2732 1970 2793 et

379 2838 741 2895 quaecunque
766 2826 869 2880 alia
893 2822 1073 2882 omnia
1124 2827 1345 2884 audacis
1377 2836 1502 2883 sunt
1525 2829 1739 2886 divinae
1766 2828 1973 2887 forma-1

384 2916 546 2997 tionis
584 2931 739 2973 sacre
764 2919 1062 2987 composita
1090 2919 1416 2975 declarativa
1457 2921 1791 2977 occultorum
1846 2936 1971 2993 pro-

382 3006 618 3063 blemata
644 3016 699 3062 et
726 3006 1079 3079 multiplicata
1108 3019 1164 3064 et
1190 3011 1389 3080 partita
1412 3012 1679 3067 unitatum
1700 3020 1757 3067 et
1784 3026 1974 3070 caren-

385 3100 520 3155 tium
546 3100 811 3169 partibus,
826 3108 883 3154 et
913 3100 1192 3172 iigurativa
1212 3109 1267 3156 et
1290 3102 1641 3159 multiformia
1670 3105 1972 3162 carentium

2076 1914 2180 1987 logi
2204 1918 2470 1987 quaedam
2496 1916 2714 1987 quidem
2745 1917 2975 1972 civiliter
2993 1928 3046 1973 et
3071 1919 3317 1991 legaliter
3343 1923 3662 1995 inspiciunt,

2070 2008 2333 2077 quaedam
2375 2017 2555 2061 autem
2610 2008 2892 2077 purgative
2954 2017 3008 2063 et
3066 2009 3489 2068 incontaminate
3538 2032 3553 2068 :
3609 2009 3666 2073 ei

2073 2100 2337 2171 quaedam
2381 2099 2597 2168 quidem
2629 2100 2941 2155 humanitus
2964 2098 3018 2154 et
3047 2101 3244 2169 medie,
3273 2105 3538 2174 quaedam
3568 2122 3665 2163 au-

2074 2194 2179 2241 tem
2215 2186 2649 2256 supermundane
2694 2196 2749 2242 et
2775 2189 3102 2258 perfective:
3134 2199 3190 2246 et
3214 2201 3325 2248 tum
3356 2194 3570 2264 quidem
3597 2184 3665 2255 ei

2071 2272 2283 2348 legibus
2336 2275 2831 2345 manifestatorum,
2879 2286 2993 2334 tum
3048 2296 3179 2337 vero
3227 2266 3295 2338 ex
3328 2286 3666 2346 occultorum

2072 2365 2281 2438 legibus
2333 2367 2630 2421 secundum
2669 2370 3111 2438 consequentiam
3164 2375 3457 2445 suppositis
3494 2380 3667 2435 sacris

2075 2455 2248 2511 literis
2273 2465 2329 2510 et
2371 2456 2733 2513 intellectibus
2763 2466 2816 2514 et
2841 2460 3143 2519 animabus.
3178 2462 3296 2520 Non
3319 2467 3464 2521 enim
3492 2469 3664 2526 histo‘L

2078 2549 2215 2603 riam
2261 2542 2489 2614 nudam,
2514 2550 2609 2604 sed
2632 2550 2851 2605 vitalem
2880 2552 3049 2608 habet
3089 2555 3478 2625 perfectionem
3506 2574 3667 2632 prae-

2072 2638 2246 2710 posita
2271 2639 2354 2693 eis‘
2394 2639 2553 2692 simul
2587 2641 2784 2705 omnis,
2824 2650 2880 2696 et
2908 2656 3006 2714 per
3029 2647 3210 2699 omnia
3255 2649 3413 2704 ratio.
3436 2648 3668 2721 Oportet

2074 2729 2240 2798 igitur
2258 2737 2313 2782 et
2335 2743 2452 2794 nos,
2477 2740 2574 2798 pro
2593 2730 2835 2800 populari
2856 2732 2923 2787 de
2947 2734 3076 2804 ipsis
3096 2739 3457 2808 susceptione,
3470 2720 3660 2813 palam

2075 2834 2358 2875 sacrorum
2381 2818 2748 2891 symbdlorum
2780 2831 3023 2879 sanctam
3060 2826 3515 2895 pulchritudinem
3538 2849 3663 2906 perv

2073 2906 2311 2976 mittere,
2369 2919 2424 2965 et
2465 2925 2571 2966 non
2624 2927 2879 2983 spernere
2907 2929 2994 2981 ea,
3041 2917 3347 2975 divinorum
3395 2926 3521 2979 cum
3550 2925 3666 2983 sint

2077 3000 2460 3055 eharaeterum
2500 3008 2726 3071 p‘oscere
2769 2990 3146 3075 formationes,
3168 3019 3222 3064 et
3251 3010 3512 3084 imagines
3546 3032 3666 3074 mas

2076 3092 2307 3149 nifestae
2354 3109 2679 3149 arcanorum
2707 3105 2762 3152 et
2806 3102 3303 3169 superna-turalium
3340 3107 3669 3176 speculami;

383 3189 578 3257 formis
595 3197 651 3245 et
671 3190 897 3262 ﬁguris?
918 3188 1157 3259 Quorum
1180 3192 1227 3246 si
1261 3193 1383 3263 quis
1407 3193 1592 3248 videre
1621 3196 1858 3263 potuerit
1881 3196 1967 3251 in-
1995 3186 2043 3253 Ο
2072 3203 2224 3243 num-
2247 3188 2460 3243 Etenim
2482 3204 2587 3244 non
2609 3191 2779 3245 solum
2807 3198 2826 3232 ι
2849 3194 3319 3262 superessentialia
3347 3198 3571 3270 lumina,
3600 3206 3665 3259 et

386 3290 473 3337 tus
516 3282 782 3338 occultam
830 3282 1308 3354 pulchritudinem,
1358 3284 1605 3340 inveniet
1643 3287 1869 3358 mysﬁca
1913 3292 1969 3343 et

380 3370 667 3428 deiformia
688 3374 893 3437 omnia,
924 3385 982 3428 et
1005 3373 1156 3427 multi
1182 3372 1467 3446 theologici
1490 3375 1711 3432 luminis
1742 3378 1964 3448 repleta.

381 3460 499 3518 Non
580 3464 724 3519 enim
789 3465 1120 3519 arbitramur
1196 3465 1480 3520 manifesta
1543 3466 1967 3537 compositorum

381 3565 606 3627 propter
625 3557 800 3626 seipsa
832 3554 1137 3622 reformari,
1165 3557 1442 3624 praetendi
1459 3568 1638 3611 autem
1665 3565 1791 3614 ante
1812 3572 1967 3628 prae-

386 3653 554 3712 tenta,
576 3654 631 3701 et
669 3645 924 3700 invisibili
955 3644 1121 3699 multa
1141 3644 1386 3711 scientia,
1418 3657 1478 3699 ιιι
1522 3660 1641 3700 non
1672 3647 1968 3705 immundis

384 3737 547 3795 facile
581 3746 800 3808 accepta
848 3738 959 3792 sint
999 3737 1385 3792 sacratissima.
1417 3736 1562 3794 Solis
1587 3747 1768 3794 autem
1808 3755 1966 3796 reve-

386 3828 565 3885 lentur
619 3828 917 3885 divinitatis
972 3828 1200 3884 sinceris
1275 3829 1654 3895 amatoribus,
1712 3839 1967 3900 tanquam

389 3932 604 3977 omnem
630 3918 887 3989 puerilem
911 3919 1253 3989 phantasiam
1283 3919 1338 3973 in
1364 3918 1539 3974 sacris
1565 3919 1825 3986 symbolis
1852 3920 1968 3974 for-

390 4011 755 4077 mantibus,et
789 4011 994 4071 idoneis
1018 4011 1398 4067 transcendere
1420 4009 1762 4079 simplicitate
1777 4011 1966 4077 animi,

391 4109 446 4157 et
489 4101 937 4171 contemplativae
955 4101 1167 4156 virtutis
1186 4099 1603 4170 opportunitate,
1628 4100 1696 4153 ad
1719 4099 1967 4168 simplum

390 4205 447 4252 et
507 4195 966 4267 supernaturalem
1004 4205 1059 4250 et
1092 4195 1539 4267 praecollocatam
1605 4195 1970 4265 symbolorum

390 4289 693 4345 veritatem.
726 4286 832 4346 Sed
859 4289 1041 4358 itaque
1075 4298 1129 4343 et
1154 4288 1257 4342 hoc
1276 4286 1576 4356 intelligere
1603 4296 1836 4357 oportet,
1869 4287 1971 4342 du-

389 4380 585 4450 plicem
628 4393 749 4436 esse
782 4380 1153 4452 theologorum
1193 4379 1539 4435 traditionem
1581 4397 1593 4432 :
1637 4394 1798 4434 unam
1850 4380 1970 4449 qui-

393 4470 516 4526 dem
550 4484 804 4525 arcanam
850 4481 905 4525 et
952 4471 1256 4542 mysticam,
1307 4470 1534 4525 alteram
1572 4485 1695 4525 vero
1743 4469 1969 4525 manife-

2074 3280 2387 3349 invisibilia,
2415 3289 2471 3337 at
2496 3282 2817 3354 simpliciter
2845 3284 3025 3340 divina
3053 3289 3245 3359 typicis
3273 3295 3659 3360 pervariantur

2072 3372 2351 3447 symbolis,
2398 3376 2538 3432 sicut
2568 3376 2998 3447 supernaturalis
3026 3378 3169 3438 Deus
3213 3383 3354 3453 ignis
3381 3386 3578 3455 dictus,
3604 3396 3663 3446 et

2073 3466 2371 3522 invisibilia
2433 3467 2529 3522 Dei
2589 3467 2803 3539 eloquia
2856 3470 3043 3542 ignita.
3093 3470 3321 3546 Insuper
3367 3483 3549 3532 autem
3603 3480 3664 3536 et

2073 3559 2423 3616 invisibilium
2497 3560 2657 3617 simul
2711 3570 2767 3617 et
2836 3563 3283 3621 "intellectualium
3346 3569 3661 3641 angelorum

2073 3650 2363 3708 deiformes
2410 3663 2638 3710 ornatus
2691 3653 2857 3711 variis
2923 3654 3114 3714 formis
3153 3660 3549 3730 describuntur,
3601 3672 3661 3722 et

2072 3745 2254 3800 nmltis
2283 3747 2567 3817 speciebus
2587 3755 2644 3804 et
2666 3748 2841 3818 igneis
2876 3747 3289 3821 ﬁgurationibus
3319 3755 3360 3809 '.
3391 3754 3460 3813 Et
3501 3755 3663 3815 aliter

2072 3843 2285 3904 Oportet
2328 3839 2557 3892 eandem
2608 3839 2748 3909 ignis
2795 3840 3083 3912 imaginem
3108 3842 3264 3913 juxta
3301 3848 3665 3917 superintelli-

2073 3929 2306 3995 gentiam
2332 3930 2427 3983 Dei
2456 3932 2926 4003 dictamjexcipere
2950 3952 2961 3987 :
2987 3934 3143 3990 aliter
3168 3947 3346 3993 autem
3365 3943 3661 4007 secundum

2073 4015 2244 4084 ipsam
2295 4017 2644 4073 invisibilium
2692 4021 2807 4090 ejus
2849 4024 3309 4091 providentiarum
3340 4039 3432 4082 aut
3488 4033 3661 4088 ratio-

2074 4118 2201 4161 ntJm
2235 4125 2249 4162 :
2282 4117 2337 4165 et
2373 4109 2531 4165 aliter
2579 4111 2633 4165 in
2689 4112 2912 4182 angelis.
2963 4115 3030 4169 Et
3069 4131 3188 4171 eam
3226 4119 3441 4189 quidem
3473 4128 3666 4182 secun-

2074 4198 2199 4252 dum
2230 4214 2446 4255 causam
2475 4243 2488 4264 ,
2543 4200 2702 4256 istam
2742 4218 2873 4258 vero
2913 4205 3209 4261 secundum
3236 4208 3656 4287 subsistentiam,

2071 4287 2213 4343 hanc
2242 4303 2371 4343 vero
2395 4292 2692 4346 secundum
2722 4294 3189 4365 participationem
3218 4338 3235 4364 ,
3277 4309 3333 4355 et
3370 4302 3472 4358 alia
3503 4294 3663 4365 aliter

2073 4379 2366 4434 secundum
2404 4380 2538 4436 haec
2588 4384 2794 4440 theoria
2846 4393 2902 4439 et
2949 4386 3299 4456 disciplinalis
3334 4389 3356 4422 ³
3387 4394 3661 4455 ordinatio

2073 4471 2423 4528 intentionem
2456 4476 2626 4543 ponit.
2665 4475 2733 4531 Et
2777 4491 2881 4531 non
2919 4487 2978 4531 ut
3004 4483 3475 4550 consequebantur
3503 4480 3662 4546 sacra

392 4571 535 4616 stam
578 4569 635 4617 et
680 4563 946 4619 notiorem
980 4582 995 4618 :
1030 4573 1087 4619 et
1111 4575 1234 4618 eam
1275 4562 1490 4633 quidem
1516 4563 1888 4635 ‘symbolicam
1914 4570 1969 4619 et
1997 4548 2046 4609 Ῑ)
2073 4562 2312 4633 symbola
2341 4562 2694 4632 confundere,
2718 4566 2812 4621 sed
2838 4548 3226 4624 convenienter
3252 4587 3315 4627 ea
3340 4577 3540 4643 causis,
3571 4558 3667 4636 aut

390 4654 767 4726 periectivam,
791 4656 930 4711 hanc
949 4670 1081 4712 vero
1123 4655 1551 4725 pbiiosophicam
1582 4664 1636 4709 et
1666 4654 1974 4725 approbati-

391 4762 537 4810 vam,
567 4758 623 4802 et
648 4747 1027 4818 complectitur
1044 4745 1240 4804 eﬁ'abili
1266 4746 1557 4805 ineffabile.
1581 4747 1647 4802 Et
1666 4746 1813 4801 aliud
1850 4746 1972 4815 qui—

393 4837 515 4892 dem
532 4836 750 4907 ,patitur
769 4846 826 4892 et
863 4838 1078 4907 indiget
1097 4838 1362 4895 dictorum
1391 4839 1638 4894 veritatis
1669 4854 1685 4892 :
1714 4837 1815 4892 hoc
1845 4852 1977 4893 vero

394 4929 513 4999 agit
542 4940 597 4984 et
627 4929 859 4988 collocat
887 4932 999 4987 Deo
1040 4930 1399 4988 ineliabilibus
1426 4931 1699 4986 doctrinae
1729 4932 1974 4987 introdu-

399 5019 685 5077 ctionibus.
725 5022 793 5078 Et
817 5024 1038 5093 quidem
1086 5037 1264 5092 neque
1313 5022 1606 5076 secundum
1664 5032 1973 5077 sanctorum

399 5111 781 5181 mysteriorum
820 5113 1012 5171 teletas
1052 5114 1143 5169 alii
1193 5114 1487 5168 secundum
1528 5126 1649 5173 nos.
1676 5112 1765 5166 alii
1789 5113 1977 5182 legalis

403 5199 707 5259 traditionis
736 5204 878 5259 sacri
908 5204 1154 5273 magistri
1183 5204 1488 5258 divinorum
1513 5201 1736 5256 defuere
1762 5205 1982 5273 symbo-

401 5289 578 5345 lorum
606 5309 621 5344 :
649 5291 743 5347 sed
773 5302 831 5348 et
869 5294 1268 5349 sacratissimos
1310 5292 1529 5364 angelos
1554 5310 1650 5364 per
1676 5296 1981 5365 aenigmata

401 5380 582 5436 divina
604 5382 832 5452 mystice
854 5383 1215 5453 producentes
1234 5383 1499 5448 videmus,
1524 5377 1774 5457 et'ipsunt
1797 5376 1981 5439 Iesum

399 5473 457 5528 in
498 5474 769 5544 parabolis
822 5473 1239 5545 theologantem,
1269 5482 1324 5529 et
1370 5473 1558 5531 deifiea
1590 5476 1844 5546 mysteria
1875 5482 1983 5530 tra-

2072 4654 2466 4719 subsistentiis,
2500 4665 2592 4711 aut
2620 4659 2942 4726 virtutibus,
2989 4668 3081 4714 aut
3124 4663 3425 4733 ordinibus,
3459 4679 3550 4724 aut
3581 4671 3663 4726 di-

2073 4744 2724 4817 gnitatibuszreplicare,
2777 4763 3005 4818 quorum
3056 4760 3182 4805 sunt
3233 4754 3665 4817 manifestatoria

2072 4839 2391 4908 composita.
2421 4839 2485 4894 Et
2514 4849 2571 4894 ut
2600 4856 2704 4896 non
2730 4841 2866 4895 ultra
2895 4842 3037 4912 quod
3068 4855 3283 4915 oportet
3309 4852 3666 4912 extendamus

2075 4930 2128 4984 in
2158 4930 2288 5001 ipsis
2312 4972 2327 4998 ,
2371 4930 2484 5002 jam
2519 4934 2795 5003 proposita
2839 4934 2995 4989 nobis
3025 4936 3274 5005 quaestio
3321 4943 3559 4998 scienda.
3599 4944 3668 5001 Et

2080 5020 2329 5086 dicimus,
2357 5022 2483 5091 quia
2516 5024 2692 5077 omnis
2731 5038 2857 5103 esca
2895 5022 3186 5093 perfectiva
3235 5037 3315 5083 est
3352 5031 3667 5087 nutriendo—

2080 5127 2223 5178 rum,
2254 5111 2725 5183 imperfectionem
2746 5128 2933 5167 eorum
2959 5122 3015 5168 et
3040 5112 3394 5186 indigentiam
3431 5123 3661 5189 replens,

2080 5212 2134 5257 et
2170 5202 2443 5258 inﬁrmum
2473 5218 2694 5269 curans,
2727 5213 2781 5258 et
2814 5204 2978 5258 vitam
3018 5218 3206 5259 eorum
3248 5210 3578 5276 custodiens,
3604 5222 3667 5268 'et

2082 5292 2276 5350 ﬂorere
2305 5293 2533 5360 faciens,-
2558 5303 2615 5350 et
2643 5309 2931 5361 renovans,
2958 5303 3016 5350 et
3050 5295 3212 5352 vitale
3238 5297 3318 5352 eis
3345 5300 3665 5359 beneﬁcium

2058 5420 2059 5423 η
2085 5386 2311 5451 donans,
2339 5395 2395 5442 et
2419 5384 2735 5456 simpliciter
2760 5387 3168 5451 contristantem
3207 5399 3264 5442 et
3294 5389 3664 5460 imperfectum

2088 5493 2351 5550 respuens
2369 5519 2386 5545 ,
2403 5493 2406 5496 ‘
2426 5487 2481 5535 et
2511 5477 2769 5534 laetitiam
2796 5492 2981 5534 eorum
3009 5489 3065 5536 et
3092 5481 3482 5551 perfectionem
3508 5486 3532 5517 ⁸
3555 5482 3666 5540 lar-

1705 5610 1971 5685 vitatas,
1991 5612 2393 5673 LECTIONES.

476 5705 492 5735 ⁸
538 5704 626 5761 ΒΕ
679 5709 812 5761 sola.
909 5707 930 5737 ¹
962 5704 1047 5760 BE
1092 5704 1552 5775 fulgurationibus.

401 5775 446 5841 Ε
471 5790 658 5834 eorum
700 5787 747 5832 et
776 5776 1149 5853 perfwtionum
1182 5775 1431 5847 largiens.

1658 5710 1680 5746 ⁸
1712 5703 1756 5759 Η
1785 5704 2203 5775 disciplinabilis.

2287 5704 2312 5739 ι
2347 5705 2542 5774 SicA;
2593 5705 2683 5761 ΒΗ
2734 5721 2923 5763 eorum
2982 5707 3355 5781 perfectiomtm
3397 5712 3664 5787 largiens;
