4142 6296
509 256 645 313 1191

1890 233 2173 294 JOANNIS
2207 230 2403 311 SCOTI
2432 264 2455 267 η

2812 192 3011 205 ἠέρα-σω-

3014 198 3281 225 "mw--
3296 211 3311 220 ν

3652 235 3848 294 1193

507 368 683 440 giens.
724 361 874 421 Bene
915 359 1080 431 igitur
1124 353 1505 427 supersapiens
1545 361 1602 407 et
1655 348 1856 422 Optima
1902 346 2092 417 sophia
2121 358 2170 416 Α
2196 346 2638 440 proventientibus
2657 345 2875 440 copiose
2899 344 3003 415 eis,
3029 353 3084 401 et
3112 359 3218 401 non
3243 344 3632 440 deficientibus
3657 364 3843 421 epu—

509 456 581 513 ab
606 454 834 527 eloquiis
871 450 1140 512 laudatur,
1169 453 1381 501 cratera
1417 443 1705 515 mysticum
1748 447 2011 505 statuens,
2042 444 2099 493 et

508 562 727 606 sacrum
771 542 853 599 eis
893 548 1079 611 potum
1125 535 1475 617 profundens,
1525 532 1698 611 magis
1748 538 1931 586 autem
1971 535 2097 583 ante

512 640 617 705 hos
641 634 842 691 solidas
869 644 1027 686 escas
1060 640 1372 698 proponens
1398 664 1414 692 ,
1457 632 1514 678 et
1541 636 1668 677 cum
1694 619 1913 677 excelsa
1939 631 2097 689 prae-

509 726 783 785 dicatione
827 723 945 793 ipsa
997 718 1368 774 desiderantes
1423 729 1482 770 se
1525 714 1729 785 optime
1773 719 1829 766 et
1870 709 2097 782 pulchre

505 816 851 878 desiderans.
903 808 1183 882 Duplicem
1217 806 1384 878 igitur
1410 819 1593 860 escam
1629 803 1811 859 divina
1834 801 2097 873 sapientia

508 908 765 985 proponit
795 923 811 960 :
842 918 1008 959 unam
1042 899 1261 971 quidem
1303 896 1531 985 solidam
1562 906 1618 950 et
1643 893 2096 985 manducabilem,

511 1001 746 1057 alteram
776 1008 908 1051 vero
935 990 1214 1047 humidam
1260 997 1316 1044 et
1362 984 1643 1058 profusam
1666 1025 1684 1053 ,
1716 994 1773 1040 et
1802 984 1855 1038 in
1887 992 2097 1039 cratere

510 1092 743 1168 porrigit
767 1086 1023 1162 providas
1045 1100 1172 1140 suas
1202 1081 1497 1137 bonitates.
1547 1078 1669 1168 Ipse
1708 1077 1874 1168 igitur
1916 1084 2099 1131 crater

511 1166 782 1242 rotundus
809 1179 933 1234 dum
963 1175 1034 1230 sit
1058 1182 1115 1229 et
1142 1171 1433 1242 repandus,
1464 1166 1768 1240 symbolum
1796 1166 1870 1222 sit
1897 1179 2103 1235 expan-

509 1290 608 1334 sae
637 1271 795 1331 simul
822 1278 879 1326 et
904 1269 958 1324 in
997 1265 1177 1323 omnia
1201 1261 1586 1320 circumeuntis
1613 1260 1731 1316 sine
1755 1258 2022 1331 principio
2047 1266 2104 1313 et

510 1364 761 1422 infinitae
784 1361 976 1416 horum
1003 1356 1245 1411 omnium
1274 1351 1667 1425 providentiae.
1710 1350 2101 1406 Verumtamen

510 1456 773 1530 quoniam
796 1452 874 1507 ein
924 1447 1104 1503 omnia
1134 1445 1482 1518 proveniens,
1516 1449 1698 1498 manet
1733 1441 1788 1497 in
1813 1440 2016 1521 .seipsa,
2048 1446 2106 1495 et

509 1528 624 1611 stat
644 1528 699 1605 in
722 1543 1042 1604 immutabili
1068 1551 1297 1617 naturae
1325 1538 1703 1603 similitudine,
1724 1545 1779 1592 et
1811 1533 2101 1607 perfectis-

510 1645 654 1702 sima
687 1618 1104 1697 irremeabiliter
1141 1635 1319 1703 seipsa
1361 1631 1623 1689 collocata
1669 1627 2016 1684 nniformiter
2048 1633 2104 1683 et

2198 438 2268 495 lis
2291 437 2563 495 allluentia
2593 438 2856 510 largiente
2883 446 2940 495 et
2960 450 3400 510 supermanante.
3449 437 3568 496 Hoc
3604 454 3844 499 auten:

2198 543 2330 585 vere
2375 512 2623 600 epulari,
2667 536 2724 584 et
2752 536 2974 601 propter
2997 527 3134 585 llaec
3161 528 3491 586 viviﬁcatrix
3523 531 3707 588 simul
3755 541 3847 589 et

2198 622 2546 697 parvulorum
2574 623 2779 689 nutrix,
2808 631 2865 678 et
2891 623 3223 690 renovatrix,
3253 634 3312 681 et
3341 623 3646 696 perfectrix
3681 628 3843 685 lan-

2201 717 2349 773 data.
2399 716 2710 772 Secundum
2758 714 2904 771 hanc
2951 725 3134 772 autem
3196 732 3413 773 sacram
3459 718 3840 791 epulationis

2200 806 2559 877 apertionem,
2580 796 2637 862 et
2659 807 2773 877 ipse
2796 806 3040 861 omnium
3069 808 3338 865 bonorum
3383 810 3624 867 causalis
3653 811 3840 869 Deus

2201 894 2459 953 inebriari
2486 896 2704 961 dicitur,
2730 905 2949 967 propter
2968 897 3528 968 superplenitudinem
3556 910 3611 956 et
3636 901 3836 956 intel-

2200 984 2480 1057 ligentiam
2518 984 2882 1055 epulationis:
2915 994 3010 1041 aut
3052 996 3212 1056 potus
3239 987 3527 1044 dicendum
3548 1029 3568 1054 ,
3607 990 3833 1062 epula-

2201 1074 2366 1130 tionis
2394 1074 2485 1130 Dei
2515 1072 2963 1145 perfectissimam
2987 1084 3041 1130 et
3064 1074 3395 1132 ineﬂ'abilem
3420 1079 3673 1136 deterius
3708 1082 3831 1136 im-

2202 1163 2740 1221 mensurabilitatem.
2780 1160 3015 1220 Utenim
3059 1166 3113 1220 in
3152 1166 3311 1223 nobis
3333 1170 3634 1224 secundum
3654 1172 3827 1242 quod

2201 1257 2441 1314 ebrietas
2465 1257 2816 1313 immoderata
2833 1257 3059 1329 repletio
3078 1266 3183 1324 est,
3202 1266 3260 1313 et
3275 1268 3459 1317 mente
3473 1270 3529 1318 et
3543 1265 3827 1321 sensibus

2202 1350 2430 1405 ecstasis
2448 1389 2465 1417 ,
2496 1349 2576 1405 sic
2599 1348 2896 1406 secundum
2940 1352 3085 1422 quod
3106 1351 3307 1409 melius
3331 1395 3347 1421 ,
3392 1354 3450 1410 in
3477 1354 3593 1413 Deo
3620 1356 3826 1413 ebrie-

2203 1448 2373 1496 tatem
2423 1456 2531 1497 non
2585 1440 2730 1497 aliud
2782 1442 2912 1513 quid
2980 1452 3194 1514 oportet
3259 1444 3525 1518 intelligi,
3575 1458 3824 1520 praeter

2202 1531 2759 1603 superabundantiam
2786 1542 2841 1589 et
2870 1549 3091 1590 causam
3130 1538 3539 1607 provenientem
3574 1539 3632 1596 in
3679 1542 3821 1612 ipso

2204 1624 2448 1680 omnium
2475 1625 2740 1682 bonorum
2771 1626 3291 1688 immensurabilem.
3342 1629 3453 1688 Sed
3500 1641 3559 1688 et
3604 1649 3819 1690 consc-

510 1737 624 1795 ﬁxe
647 1773 664 1802 ,
703 1722 995 1789 sic‘crater
1027 1734 1155 1783 stat.
1197 1724 1510 1782 Aedificans
1537 1730 1720 1778 autem
1751 1729 1806 1776 ct
1833 1718 2099 1791 sapientia
2128 1725 2179 1786 Β
2206 1731 2380 1788 quens
2417 1714 2695 1774 ebrietatis
2740 1718 3041 1791 sapientiae
3085 1723 3351 1790 eestasis,
3388 1727 3817 1796 supereminens

511 1829 733 1887 domum
762 1822 864 1880 sibi
892 1819 1116 1885 dicitur,
1153 1825 1209 1873 et
1237 1818 1291 1872 in
1322 1816 1469 1887 ipsas
1512 1812 1713 1873 solidas
1736 1827 1893 1869 escas
1918 1819 1972 1867 et
2002 1823 2100 1881 po—

510 1929 604 1977 tus
632 1927 689 1974 et
714 1925 927 1972 cratera
959 1924 1266 1981 proponens
1299 1925 1313 1962 :
1346 1907 1427 1963 sic
1466 1922 1589 1962 esse
1626 1905 1808 1959 divina
1846 1902 2104 1959 divinitus

511 2006 758 2084 symbola
785 2004 1109 2060 facientibus
1133 1999 1365 2065 clarum,
1391 1997 1519 2068 quia
1546 2005 1603 2052 et
1623 1994 1959 2066 providentia
1979 2006 2105 2064 per-

511 2100 814 2161 fectissima
841 2104 924 2154 est
966 2094 1085 2165 ipse
1126 2089 1343 2147 essendi
1390 2097 1447 2144 et
1486 2091 1625 2144 bene
1670 2085 1882 2143 essendi
1921 2084 2104 2140 omnia

511 2182 877 2257 causalis,'et
919 2189 975 2242 in
1004 2182 1190 2241 omnia
1225 2180 1471 2253 procedit
1497 2219 1513 2245 ,
1560 2187 1617 2235 et
1657 2178 1713 2233 in
1743 2176 1891 2234 omni
1936 2175 2017 2241 lit,
2049 2181 2107 2229 et

513 2285 765 2346 continet
789 2280 971 2338 omnia
991 2320 1007 2346 ,
1045 2276 1323 2345 etiterum
1354 2273 1471 2344 ipse
1498 2273 1553 2327 in
1579 2272 1770 2327 eodem
1796 2284 1897 2340 per
1924 2266 2105 2325 excel-

511 2378 766 2442 lentiam,
795 2359 1001 2439 nullum
1031 2370 1085 2425 in
1117 2367 1263 2424 nullo
1287 2352 1387 2438 per
1413 2364 1618 2421 nullum
1644 2371 1750 2430 est,
1778 2362 1876 2419 sed
1901 2360 2108 2417 exalta-

511 2479 605 2528 tur
629 2465 900 2530 omnibus,
932 2462 1051 2532 ipse
1079 2460 1136 2514 in
1179 2456 1359 2529 seipso
1384 2453 1637 2512 similiter
1674 2459 1730 2509 et
1762 2450 2108 2509 aeternaliter

511 2577 634 2633 ens,
663 2567 725 2616 et
745 2566 917 2622 stans,
946 2561 1003 2609 et
1046 2564 1276 2607 manens
1298 2588 1315 2615 ,
1366 2554 1422 2602 et
1448 2560 1667 2616 semper
1694 2543 1989 2606 secundum
2016 2555 2110 2597 ea-

512 2655 637 2713 dem
664 2659 721 2708 et
748 2646 911 2705 sicsic
934 2645 1162 2707 habens,
1192 2647 1251 2696 et
1272 2638 1421 2695 nullo
1471 2637 1635 2693 modo
1676 2643 1835 2693 extra
1864 2634 2107 2705 seipsum

511 2718 690 2802 factus
715 2781 732 2807 ,
767 2753 946 2810 neque
986 2733 1204 2807 propria
1257 2730 1525 2803 gravitate
1576 2736 1635 2784 et
1675 2722 2108 2784 ineommu'tabili

512 2832 800 2893 mansione
847 2838 905 2886 et
947 2827 1195 2884 bonitate
1245 2822 1513 2878 relictus:
1544 2819 1640 2876 sed
1684 2826 1741 2873 et
1782 2818 1839 2875 in
1886 2814 2106 2887 seipsa‘

512 2937 662 2986 totas
684 2933 741 2982 et
769 2918 1194 2995 perfectissimas
1221 2912 1590 2987 providentias
1621 2911 1829 2982 optime
1852 2922 2107 2979 operans,

514 3026 573 3075 et
618 3012 946 3089 proveniens
988 3010 1045 3065 in
1089 3004 1273 3064 omnia
1300 3047 1315 3069 ,
1370 3012 1427 3058 et
1477 3014 1702 3057 manens
1737 2999 1793 3054 in
1823 2998 2025 3069 seipse,
2053 3003 2115 3089 et

2208 1806 2306 1862 Dei
2329 1805 2847 1880 superintelligentia
2872 1807 3239 1881 intelligenda,
3258 1816 3552 1871 secundum
3565 1831 3736 1887 quam
3752 1827 3817 1874 et

2206 1898 2480 1956 exaltatur
2511 1899 2858 1972 intelligendo
2884 1902 3357 1975 superintelligere
3384 1920 3503 1973 ens,
3519 1918 3577 1963 et
3606 1923 3816 1979 super-

2207 1992 2528 2063 intelligitur
2567 2002 2624 2048 et
2667 2006 2831 2064 super
2865 1992 3041 2064 ipsum
3085 2009 3240 2062 esse,
3271 2005 3328 2050 et
3367 1997 3480 2068 ipse
3522 2001 3809 2067 omnium,

2208 2098 2568 2157 quaecunque
2609 2093 2758 2147 sunt,
2785 2085 2990 2155 optima
3019 2084 3297 2142 inebrians
3318 2087 3470 2142 simul
3493 2096 3548 2143 et
3574 2090 3811 2147 satians

2209 2183 2295 2232 est
2319 2174 2487 2241 Deus,
2524 2185 2779 2245 tanquam
2799 2175 3056 2247 omnium
3082 2176 3316 2248 ipsorum
3341 2177 3495 2234 simul
3516 2188 3573 2235 et
3592 2190 3801 2253 super-

2207 2266 2494 2338 plenorum
2533 2266 2993 2324 immensurabilis
3038 2269 3404 2325 universitatis
3446 2272 3809 2340 superexcel—

2208 2359 2396 2425 lentia,
2424 2368 2481 2415 et
2509 2360 2707 2416 iterum
2724 2368 2883 2416 extra
2907 2370 2964 2417 et
2994 2362 3281 2418 summitas
3303 2363 3540 2419 omnium
3576 2380 3808 2422 sursum

2208 2454 2438 2528 positus.
2466 2455 2552 2510 Ab
2579 2455 2666 2511 his
2694 2463 2877 2511 autem
2906 2455 3151 2513 volentes
3178 2466 3235 2512 et
3262 2456 3318 2512 in
3348 2472 3517 2530 regno
3545 2457 3643 2514 Dei
3671 2474 3810 2517 san-

2210 2530 2422 2601 clerum
2457 2532 2705 2601 convivia
2733 2546 2889 2618 juxta
2929 2548 3157 2603 eundem
3192 2550 3526 2620 accipiemus
3558 2551 3804 2607 modum.

2212 2634 2512 2692 Transiens
2536 2634 2705 2703 enim,
2730 2636 2826 2703 ait,
2860 2636 2975 2707 ipse
2998 2652 3098 2693 rex
3121 2637 3464 2695 discumbere
3488 2653 3585 2696 eos
3616 2639 3800 2706 faciet,

2209 2734 2269 2784 et
2314 2726 2432 2799 ipse
2478 2725 2814 2784 ministrabit
2857 2726 3003 2784 eisB.
3055 2722 3380 2800 Signiﬁcant
3433 2738 3619 2786 autem
3666 2731 3806 2787 haec

2210 2832 2555 2876 communem
2576 2819 2849 2891 quandam
2870 2828 2926 2877 et
2947 2835 3118 2892 aeque
3138 2821 3466 2878 invisibilem
3488 2830 3804 2879 sanctorum

2211 2911 2266 2967 in
2296 2910 2495 2967 divinis
2518 2910 2679 2968 bonis
2725 2913 3068 2979 societatem,
3109 2922 3165 2970 et
3198 2913 3496 2971 Eeclesiam
3526 2916 3801 2987 primoge-

2210 3003 2453 3062 nitorum
2484 3005 2885 3077 descriptorum
2922 3006 2979 3061 in
3011 3005 3201 3073 caelis,
3233 3014 3289 3061 et
3332 3006 3559 3078 spiritus
3587 3018 3806 3065 sancto-

513 3085 670 3167 staus
689 3117 904 3176 semper
922 3108 977 3156 et
1004 3097 1240 3162 motus',
1270 3109 1446 3165 neque
1475 3100 1645 3157 stans,
1667 3104 1847 3160 neque
1874 3086 2109 3144 motus'.
2136 3085 2185 3150 C
2214 3113 2336 3154 rum
2366 3096 2619 3154 omnibus
2645 3098 2869 3168 optimis
2898 3098 3192 3169 perfectos,
3221 3107 3276 3154 et
3302 3100 3541 3170 primum
3582 3100 3803 3172 optimis

515 3200 629 3259 Sed
658 3214 692 3255 ο
716 3199 761 3255 si
791 3196 916 3269 quis
943 3191 1142 3250 dixerit
1188 3188 1444 3261 providas
1488 3184 1835 3257 operationes
1865 3182 1921 3237 in
1952 3198 2110 3238 man-

515 3292 692 3356 sione,
722 3296 780 3345 et
822 3284 1162 3342 mansionem
1209 3280 1265 3341 in
1311 3276 1648 3349 providendo
1684 3274 2114 3331 connaturaliter

514 3382 683 3444 simul
722 3390 779 3438 et
825 3375 1312 3450 supernaturaliter
1360 3373 1583 3429 habens.
1636 3371 1745 3427 Sed
1772 3386 1911 3441 quae
1938 3369 2111 3426 solida

515 3489 665 3539 esca,
696 3481 917 3541 etquae
946 3464 1211 3523 humida?
1257 3462 1367 3517 llas
1406 3463 1552 3518 enim
1594 3462 1801 3530 optima
1846 3460 2112 3530 sapientia

518 3565 726 3623 donare
757 3558 918 3615 simul
946 3565 1003 3612 et
1042 3553 1329 3625 providere
1356 3551 1629 3608 laudatur.
1677 3550 1854 3621 Ipsam
1892 3549 2113 3619 quidem

520 3644 750 3715 Solidum
800 3663 980 3705 escam
1031 3643 1479 3713 compositionem
1515 3650 1731 3712 gestare
1760 3640 2001 3696 arbitror
2029 3642 2113 3695 in.

519 3741 847 3806 tellectualis
870 3749 931 3794 et
975 3734 1302 3794 nutritoriac
1336 3730 1708 3803 perfectionis,
1742 3741 1798 3787 et
1845 3731 2112 3786 naturalis

520 3831 982 3895 immutabilitatis
1007 3869 1022 3895 ,
1060 3825 1360 3884 secundum
1402 3839 1565 3894 quam
1608 3823 1790 3878 divina
1851 3823 2111 3879 constite-

521 3935 674 3992 runt,
712 3934 770 3980 et
804 3932 1079 3996 potentem
1129 3929 1188 3976 et
1228 3918 1555 3991 uniformem
1599 3926 1656 3973 et
1698 3916 2112 3987 inseparabilem

521 4020 807 4081 scientiam
848 4018 1179 4090 participant
1222 4029 1345 4070 cum
1390 4010 1843 4069 intellectualibus
1877 4010 2111 4068 sensibi-

522 4115 654 4171 lium
689 4109 1135 4180 illorum,quibus
1157 4105 1587 4177 sapientissimus
1599 4102 1797 4181 Paulus
1814 4117 1881 4158 ex
1903 4101 2117 4172 sapien-

524 4209 601 4265 tia
623 4208 917 4278 accipiens,
932 4217 1058 4259 vere
1075 4202 1307 4277 solidam
1328 4216 1509 4257 escam
1536 4199 1765 4265 tradita.
1788 4195 2115 4255 Humidam‘

525 4311 708 4358 autem
731 4298 949 4370 perfuso
975 4295 1137 4352 simul
1163 4305 1216 4349 et
1248 4294 1302 4348 in
1331 4293 1512 4349 omnia
1541 4292 1829 4362 provenire
1853 4290 2114 4346 festinan-

525 4396 596 4451 tis
624 4393 862 4456 virtutis,
893 4400 949 4446 et
976 4390 1155 4444 adhuc
1183 4402 1279 4457 per
1310 4385 1462 4441 varia
1492 4393 1548 4440 et
1592 4383 1760 4439 multa
1804 4391 1863 4438 et
1888 4383 2110 4452 partita,

526 4486 582 4542 in
627 4482 876 4552 simplam
906 4486 961 4532 et
990 4472 1095 4532 non
1148 4475 1528 4530 tremulantem
1567 4474 1805 4529 divinam
1835 4472 2112 4541 cognitio-

527 4591 650 4634 nem
680 4573 916 4627 nutritos
943 4565 1279 4621 familiares“
1308 4565 1439 4635 ipsis
1468 4566 1708 4620 bonitate
1743 4566 2117 4622 manuducen-

528 4666 619 4720 tis.
649 4662 878 4731 Propter
901 4657 1044 4727 quod
1072 4665 1130 4711 et
1159 4669 1305 4721 rore,
1335 4665 1393 4709 et
1418 4670 1581 4725 aqua,
1626 4656 1805 4710 divina
1841 4663 1897 4710 et
1927 4656 2112 4713 invisi-

525 4754 657 4813 bilia
682 4749 915 4821 eloquia,
951 4755 1008 4802 et
1035 4746 1174 4801 lacte
1209 4754 1265 4800 et
1295 4745 1441 4811 vino,
1477 4755 1534 4800 et
1559 4745 1718 4801 melle
1741 4747 2111 4819 adimaginan-

527 4859 643 4912 tur,
688 4851 912 4914 propter
961 4840 1104 4894 vitae
1154 4824 1439 4895 fecundam
1491 4854 1718 4905 eorum,
1761 4841 1905 4897 utin
1945 4856 2109 4911 aqua,

529 4941 787 4997 virtutem
817 4952 832 4990 :
865 4942 920 4991 et
945 4932 1232 4998 auctivam,
1274 4939 1333 4987 ut
1360 4932 1433 5000 in
1465 4931 1607 4988 lacte
1637 4949 1651 4986 :
1683 4943 1739 4988 et
1765 4934 2109 4990 revivilicati-

528 5043 679 5093 vam,
706 5035 766 5081 ut
808 5024 862 5081 in
901 5025 1027 5080 vino
1056 5041 1069 5077 :
1101 5032 1156 5087 et
1181 5022 1518 5095 purgativam
1554 5024 1714 5080 simul
1745 5034 1799 5081 et
1825 5024 2110 5081 custoditi-

528 5137 678 5190 vam,
708 5128 769 5176 ut
797 5120 852 5176 in
880 5118 1059 5175 melle.
1098 5118 1243 5174 llaec
1265 5117 1410 5175 enim
1441 5118 1621 5174 divina
1653 5118 1917 5191 sapientia
1946 5121 2114 5176 donat

2214 3190 2475 3261 repletos.
2520 3188 2588 3245 Et
2623 3189 2928 3248 recubltum
2960 3191 3202 3261 requiem
3231 3192 3568 3248 arbitramur
3617 3192 3800 3267 multis

2221 3285 2502 3343 doloribus
2544 3284 2715 3340 vitam
2763 3282 3045 3349 illaesam,
3075 3291 3133 3339 et
3156 3284 3633 3341 conversationem
3664 3286 3796 3341 divi-

2214 3394 2341 3434 nam
2385 3378 2441 3433 in
2485 3377 2691 3432 lumine
2739 3383 2795 3431 et
2842 3374 3064 3445 regione
3110 3374 3430 3442 viventium,
3459 3375 3612 3432 omni
3640 3390 3797 3432 sensu

2214 3484 2374 3525 sacro
2407 3468 2692 3540 repletam,
2725 3475 2782 3523 et
2805 3466 3231 3538 largissimorum
3262 3476 3319 3523 et
3343 3466 3630 3524 beatorum
3658 3469 3796 3541 opti-

2214 3575 2429 3618 morum
2462 3561 2740 3631 copiosam
2768 3559 3068 3627 dationem,
3101 3575 3201 3630 per
3225 3574 3391 3630 quam
3422 3558 3630 3616 laetitia
3654 3560 3795 3617 omni

2214 3653 2514 3723 replentur.
2565 3651 2680 3708 Hoc
2724 3654 2922 3708 autem
2949 3659 3037 3707 est
3065 3650 3447 3717 laetari,’Jesu
3485 3655 3796 3712 recumbere

2216 3760 2312 3801 eos
2355 3743 2614 3810 faciente,
2643 3753 2700 3800 et
2725 3746 3088 3810 ministrante,
3133 3754 3191 3801 et
3236 3754 3516 3802 aeternam
3558 3748 3795 3819 requiem

2215 3838 2473 3904 donante,
2502 3846 2558 3894 et
2596 3837 2987 3909 plenitudinem
3027 3841 3290 3896 bonorum
3330 3840 3693 3900 distribuente
3727 3844 3800 3901 si-

2215 3930 2330 3986 mul
2350 3941 2409 3987 et
2433 3931 2772 3989 infundente.
2811 3931 3224 4003 lnquisitionem
3251 3948 3380 3989 vero
3408 3934 3549 3991 bene
3587 3936 3719 4003 scio,
3747 3947 3798 3994 et

2215 4025 2561 4083 benedictum
2612 4022 2868 4081 somnum
2897 4025 3030 4094 Dei,
3056 4022 3124 4081 et
3151 4026 3529 4097 evigilantiam
3559 4030 3798 4099 aperuis-

2214 4135 2297 4187 se,
2329 4136 2454 4177 cum
2497 4122 2750 4188 dicimus,
2777 4121 3020 4177 divinum
3057 4136 3317 4180 somnum
3366 4137 3490 4179 esse
3531 4133 3793 4180 remotum

2215 4212 2354 4279 Dei,
2401 4221 2458 4269 et
2483 4212 2992 4269 incommunicabile
3033 4213 3264 4284 provisis
3299 4232 3312 4268 :
3343 4213 3570 4287 vigilare
3600 4227 3790 4283 autem,

2188 4291 2271 4360 'in
2295 4303 2688 4375 providendum
2715 4318 2809 4359 eos
2835 4301 3105 4369 doctrina,
3138 4311 3233 4357 aut
3260 4302 3436 4359 salute
3464 4305 3793 4375 deprecanti-

2215 4396 2319 4452 bus
2362 4410 2700 4452 succursum.
2752 4393 2918 4451 Multa
2978 4402 3158 4450 autem
3209 4394 3510 4466 theologica
3555 4398 3791 4469 symbols

2216 4488 2626 4562 praetermissa.
2656 4485 2783 4541 Ideo
2813 4483 3143 4557 superfluum
3172 4485 3506 4543 arbitrantes
3535 4502 3674 4555 esse,
3703 4504 3788 4544 ea-

2218 4582 2341 4653 dem
2385 4579 2592 4635 eisdem
2634 4574 2974 4635 revolventes
3015 4576 3363 4642 alia'videri,
3416 4578 3578 4633 simul
3632 4581 3780 4635 etiam

2217 4670 2370 4727 vobis
2399 4671 2453 4726 in
2489 4670 2646 4725 bonis
2681 4669 3041 4725 obediendum
3067 4711 3084 4735 ,
3129 4677 3187 4725 et
3225 4664 3608 4741 cognoscentes
3648 4686 3777 4738 quae

2217 4762 2435 4833 quidem
2462 4770 2591 4816 sunt
2616 4759 2900 4832 epistolae,
2918 4759 2991 4815 ab
3018 4760 3106 4816 his
3133 4775 3275 4831 quae
3301 4761 3445 4818 dicta
3468 4767 3606 4825 sunt,
3630 4761 3777 4831 quie-

2218 4853 2439 4917 scimus,
2454 4853 2813 4920 'excedentes,
2840 4862 2901 4907 ut
2925 4853 3172 4917 aestimo,
3196 4854 3250 4908 in
3277 4850 3570 4925 plusquam
3590 4852 3785 4909 nostris

2221 4941 2393 4999 literis
2443 4944 2642 4999 debita.
2679 4943 2829 5000 lianc
2864 4955 3044 5002 autem
3078 4942 3257 5000 totam
3276 4942 3515 5002 nostram
3541 4944 3789 5017 symboli-

2216 5050 2337 5090 cam
2369 5035 2691 5106 theologiam
2740 5037 3006 5093 mittimus
3030 5078 3045 5104 ,
3090 5054 3190 5107 per
3215 5052 3378 5108 quam
3409 5038 3651 5094 invenies
3675 5052 3785 5094 cum

2216 5125 2515 5194 sapientiae
2540 5127 2702 5182 domo
2730 5128 2752 5160 °
2777 5136 2832 5183 et
2856 5127 3137 5184 columnas
3176 5140 3385 5201 septem
3428 5130 3570 5188 bene
3601 5129 3787 5186 discre-

1912 5252 2171 5313 VARIAE
2205 5254 2611 5313 LECTIONES.

533 5371 680 5449 '__BH
706 5371 764 5427 in
786 5371 977 5449 seipse:
1091 5364 1181 5449 BL!
1205 5377 1565 5449 inﬁrmatus,-
1599 5360 1641 5422 E
1673 5383 1874 5449 semper
1900 5379 2093 5449 motus
2123 5372 2195 5441 (et
2224 5347 2413 5449 omni;
2516 5389 2681 5443 neque
2701 5386 2848 5429 stam
2866 5414 2881 5442 ,
2918 5390 3083 5449 neque
3111 5386 3282 5437 motus
3309 5392 3418 5436 om.
3448 5378 3608 5441 codd.
3657 5377 3679 5411 ‘
3709 5373 3789 5436 BH

533 5436 870 5498 Humanam.
956 5441 980 5473 '
1014 5436 1108 5495 Sic
1132 5437 1211 5506 E;
1261 5436 1352 5495 BH
1390 5437 1712 5508 famularer;
1754 5436 1803 5495 ⁴Α
1837 5436 2192 5511 familiariter,
2269 5436 2416 5497 "BE
2441 5436 2621 5498 domu.

605 5673 632 5703 ι
664 5661 828 5720 Hebr.
862 5663 922 5721 V.

2030 5527 2282 5657 molis.

2292 5669 2321 5714 ι
2341 5632 2481 5726 Luc.
2501 5668 2615 5738 xu,
2635 5669 2728 5727 37.
