2071 3148
180 227 251 256 H93

695 222 816 253 VERSlO
833 223 1061 254 AMBPGUORUM
1079 224 1108 252 S.
1129 222 1262 253 ΜΑΧΙΜΙ.

1740 229 1806 256 1194

181 290 225 314 tas
238 306 245 318 ,
263 288 290 312 et
304 281 416 311 solidam
430 288 520 310 escam
536 281 593 317 ejus
609 282 635 309 in
651 283 826 318 thymiamata
846 288 873 311 et
887 291 971 318 panes
986 286 1008 315 Α
1023 283 1114 310 dieare
1127 290 1174 310 eas
1190 282 1331 309 sentiendo
1344 282 1434 310 credo.
1451 282 1549 317 lnjnste
1560 288 1649 311 autem
1662 283 1810 320 aﬂligentes

180 333 277 364 divisa,
294 335 322 359 et
333 337 401 365 quae
414 329 468 356 vini
485 329 672 363 temperantia,
689 329 840 364 iterumque
853 338 922 365 quae
935 331 969 359 ab

180 378 312 405 ebrietate
322 375 366 403 Dei
380 375 498 410 crapula.
509 375 542 401 Et
554 375 622 410 haec
635 382 704 410 quac
717 383 787 402 nunc
800 376 880 408 dicta,
889 376 970 403 latius

180 423 206 450 in
222 431 252 450 ea
266 422 444 449 declarantur.
459 420 550 450 Etest.
559 425 588 447 ut
598 420 725 452 arbitror,
734 421 855 448 omnium
863 421 968 456 symbo-

178 468 291 495 licarum
307 466 502 500 theologiarum
528 460 781 502 invetttrinoptima
792 487 800 499 ,
815 470 843 493 et
868 474 969 493 conve-

177 515 257 542 niens
270 513 438 548 eloquiorum
454 513 539 541 sacris
553 513 742 541 traditionibus
757 517 785 540 et
798 513 966 541 veritatibus.

559 567 594 595 Χ.

175 614 276 643 Joanm‘
289 614 406 650 theologo
419 614 536 650 apostolo
549 618 573 641 et
590 614 763 650 evangelistae
781 613 968 641 determinato‘

414 651 441 677 in
454 649 581 677 Pathmos
593 649 707 676 insulam
715 649 736 676 '.

212 703 357 738 Appellans
380 709 485 729 sacram
511 701 640 734 animam,
664 701 854 734 dilectissime,
877 706 904 729 et
928 705 969 729 est

177 749 244 776 mihi
270 749 322 776 hoc
346 747 414 782 apud
439 752 465 775 te
486 755 567 782 supra
589 747 732 782 Apostolos
752 747 966 781 inseparabilius.

176 793 233 819 Ave
247 800 310 819 vere
327 792 514 824 dilectissime,
536 799 600 819 vere
621 792 732 819 amabili
753 796 780 820 et
794 791 967 819 desiderabili

177 841 205 864 et
219 836 317 864 dilecto
339 836 416 863 valde
431 836 616 864 dilectissime.
640 837 709 870 Quid
734 837 834 864 mirum
849 837 871 864 si
889 837 966 864 Chri-

176 885 234 908 stus
249 888 312 909 vere
331 881 413 913 dicat,
427 886 454 908 et
468 881 613 917 discipulos
628 882 719 916 injusti
733 882 887 909 civitatibus
902 889 968 909 exa-

175 927 269 962 gitent,
284 927 345 962 ipsi,
357 935 427 962 quae
438 933 511 960 sunt,
525 929 672 956 secundum
686 929 843 964 dignitatem
859 929 968 957 sibimet

176 959 408 1005 attribuentes,-et
423 981 437 1000 a
451 959 553 1001 sanctis
567 974 660 1008 polluti
675 959 796 1002 distincti
812 979 839 1002 et
853 976 967 1003 redeun-
982 959 1004 989 Β

174 1023 228 1051 tes,
244 1026 306 1046 vere
319 1019 512 1054 signiticativas
525 1021 657 1055 imagines
670 1020 696 1048 in
712 1028 743 1048 ea
761 1028 831 1055 quae
845 1025 909 1048 sunt
926 1021 966 1048 vi-

173 1066 261 1093 sibilia
277 1066 462 1095 invisibllium.
476 1067 568 1102 Neque
583 1068 655 1096 enim
675 1069 702 1096 in
724 1069 823 1096 seculis
842 1069 965 1097 venturis

172 1112 287 1141 causalis
297 1113 349 1141 erit
362 1120 395 1141 ex
412 1114 587 1149 sejustarum
599 1116 798 1150 separationum
813 1116 883 1144 Deus
896 1125 902 1143 :
915 1116 964 1143 sed

172 1164 204 1184 ex
230 1157 286 1186 Deo
309 1160 419 1187 omnino
442 1160 546 1195 seipsos
569 1165 759 1196 segregantes,
788 1161 857 1188 sicut
878 1161 962 1188 etiam

174 1202 241 1229 alios
254 1202 264 1218 ³
275 1203 396 1231 videmus
418 1204 480 1232 hinc
500 1205 556 1240 jam
576 1213 637 1233 cum
652 1205 707 1233 Deo
721 1205 815 1236 factos,
835 1206 962 1240 quoniam

174 1249 220 1283 qui
236 1254 298 1276 sunt
310 1250 433 1277 veritatis
448 1256 594 1284 amatores,
609 1252 787 1288 passibilitabe
798 1252 906 1287 quidem
920 1260 964 1279 re-

173 1294 273 1323 cedunt
291 1296 480 1330 materialium,
511 1297 537 1324 in
557 1298 629 1324 omni
644 1303 732 1325 autem
746 1298 874 1326 omnibus
887 1298 964 1326 malis

172 1339 297 1368 libertate
311 1346 339 1368 et
351 1349 442 1370 amore
464 1343 556 1370 divino
576 1345 708 1372 bonorum
728 1345 849 1373 omnium
869 1353 963 1381 pacem

172 1384 295 1420 diligunt,
313 1390 340 1414 et
353 1387 595 1417 sanctiﬁcationem
616 1397 649 1417 ex
667 1391 803 1424 praesenti
826 1390 880 1417 vita
897 1391 964 1418 inci-

172 1428 250 1463 piunt
263 1429 381 1458 fuittram
392 1452 400 1463 ,
418 1433 540 1467 angelice
558 1439 586 1461 et
604 1435 716 1469 pulchre
731 1435 758 1462 in
775 1436 862 1463 medio
876 1436 959 1463 homi<
996 1443 1001 1445 '

173 1482 236 1501 num
250 1482 453 1510 conversantes,
469 1486 531 1506 cum
547 1479 765 1514 impassibilitate
783 1482 867 1514 omni,
880 1486 907 1509 ct
923 1482 964 1508 di-

171 1521 234 1549 vina
258 1524 451 1558 nominatione,
469 1530 497 1553 et
509 1526 641 1561 bonitate,
654 1534 682 1555 et
696 1528 755 1556 aliis
769 1529 887 1564 optimis.
905 1529 959 1557 Vos

173 1566 255 1601 igitur
270 1575 322 1596 non
342 1573 370 1597 et
384 1570 407 1597 si
420 1570 564 1606 aliquando
584 1572 625 1600 sic
641 1573 775 1600 insaniam
791 1574 961 1601 ducebamiui

1021 337 1079 361 vos,
1094 334 1122 356 et
1135 329 1358 357 circumscribere
1378 329 1553 357 aestimantes
1568 337 1621 357 non
1641 334 1714 358 recte
1727 337 1810 358 evan-

1021 375 1082 411 gelii
1103 375 1186 403 solem
1202 375 1273 410 juste
1288 375 1469 403 interveniens
1483 382 1541 408 oro,
1564 375 1631 403 haec
1644 376 1810 404 dimittentes
1829 374 1831 376 ’

1021 427 1091 454 quac
1115 419 1141 446 in
1169 420 1265 455 seipsis
1290 425 1384 455 agunt,
1403 420 1430 447 in
1453 420 1552 447 bonum
1576 421 1707 453 converti,
1726 425 1754 448 et
1775 421 1810 449 ad

1022 465 1125 500 seipsos
1139 473 1188 493 nos
1201 466 1338 494 attrahere
1352 470 1379 494 et
1395 466 1516 501 recipere
1533 466 1633 494 lumen.
1649 467 1703 495 Nos
1719 472 1810 495 autem

1020 519 1073 538 non
1091 512 1244 539 econtrario
1258 512 1410 547 privatione
1429 511 1541 540 Joannis
1554 512 1698 541 clarissimi
1713 512 1809 546 radii‘.

1020 567 1092 586 nunc
1102 559 1210 593 quidem
1228 563 1401 594 praeparatos
1415 558 1441 585 in
1456 559 1585 586 memoria
1596 563 1623 586 et
1635 560 1811 588 renovatione

1021 609 1082 632 tuae
1094 612 1175 632 verae
1189 604 1340 640 theologiae
1351 625 1358 637 ,
1378 604 1457 639 paulo
1471 608 1531 640 post
1544 610 1645 637 autem,
1661 606 1721 633 dico
1737 605 1810 634 enim

1019 653 1047 677 et
1057 650 1113 685 jam
1127 650 1269 682 audacius,
1286 650 1363 677 vobis
1378 650 1443 685 ipsis
1458 650 1626 678 adunandos.
1647 651 1749 685 Dignus
1763 659 1812 679 au-
1843 688 1845 691 ν

1020 700 1073 723 tem
1089 696 1141 723 lide
1159 696 1270 723 omnino
1290 704 1348 723 sum
1360 715 1367 728 ,
1386 696 1454 723 haec
1473 696 1645 731 praecognita
1664 695 1711 723 tibi
1727 700 1754 723 et
1770 696 1811 724 di-

1020 748 1098 768 scens
1108 748 1141 767 ex
1153 740 1208 767 Deo
1215 745 1243 767 et
1254 741 1356 772 dicens,
1368 741 1430 775 quia
1442 744 1469 767 et
1477 740 1511 768 ab
1521 748 1563 773 ea,
1575 747 1645 775 quae
1657 740 1684 768 in
1696 740 1811 768 Palhmo

1020 790 1079 818 est,
1099 786 1222 813 custodia
1239 786 1386 814 dimitteris
1399 807 1406 818 ,
1427 790 1454 814 et
1470 786 1496 814 in
1511 786 1637 814 Asiacam
1653 791 1752 814 terram
1768 793 1811 814 re-

1020 831 1144 862 verteris.
1162 836 1190 858 et
1207 831 1363 867 operaberis
1383 832 1418 859 ibi
1442 832 1536 867 optimi
1558 832 1606 860 Dei
1632 832 1807 865 imitationes,

1019 880 1046 904 et
1056 877 1109 910 his,
1120 878 1165 912 qui
1183 883 1269 905 tecum
1285 882 1357 910 sunt,
1369 878 1459 906 trades
1467 879 1494 906 αἳ

1019 932 1159 962 Nobilibus
1175 934 1185 950 '
1201 936 1337 969 quondam
1358 936 1447 963 fueras
1461 941 1616 965 constrttcta
1630 937 1753 972 patronis
1764 946 1773 964 :

1055 978 1168 1009 Subdita
1180 987 1252 1006 nunc
1266 981 1351 1008 servis
1368 981 1434 1008 heu!
1454 981 1524 1009 male
1537 982 1621 1009 Roma
1634 983 1700 1011 ruis.

1018 1024 1170 1052 Deseruere
1185 1026 1221 1052 tui
1237 1031 1313 1054 tanto
1327 1032 1353 1054 te
1374 1031 1496 1062 tempore
1510 1036 1598 1063 reges,

1052 1071 1140 1098 Cessit
1152 1077 1180 1098 et
1194 1072 1226 1098 ad
1240 1072 1359 1100 Graecos
1371 1080 1469 1100 nomen
1484 1074 1623 1109 honosque
1642 1077 1713 1102 tuus.

1017 1115 1264 1151 Constantinopolis
1276 1117 1378 1146 ﬂorens
1393 1125 1462 1145 nova
1476 1118 1563 1146 Roma
1576 1123 1709 1147 vocatur:

1050 1162 1169 1191 Moribus
1183 1167 1210 1190 et
1229 1164 1313 1192 mttris
1327 1164 1411 1192 Roma
1427 1169 1532 1192 vetusta
1545 1166 1629 1193 cadis.

1016 1208 1136 1236 Transiit
1153 1210 1307 1244 imperium,
1323 1211 1477 1246 mansitque
1495 1212 1621 1246 superbia
1636 1216 1738 1246 tecum,

1050 1254 1145 1283 Cultus
1163 1256 1293 1284 avaritiae
1313 1261 1339 1284 te
1354 1258 1469 1285 ninnum
1490 1263 1600 1293 superat

1016 1300 1117 1336 Vulgus
1131 1302 1165 1329 ab
1176 1302 1306 1329 extremis
1319 1303 1477 1331 distractum
1495 1304 1618 1339 partibus
1630 1304 1718 1337 orbis,

1053 1345 1197 1374 Servorum
1213 1348 1293 1378 servi,
1310 1356 1382 1375 nunc
1401 1348 1448 1376 tibi
1470 1353 1533 1376 sunt
1550 1350 1662 1377 domini.

1016 1389 1045 1418 In
1059 1396 1086 1419 te
1099 1393 1239 1425 nobilium,
1256 1399 1393 1421 rectorum
1414 1402 1493 1422 nemo
1513 1396 1651 1428 remansit,

1051 1439 1218 1474 Ingenuique
1237 1439 1275 1466 tui
1296 1447 1360 1466 rura
1380 1439 1490 1474 pelasga
1507 1440 1608 1468 colunt.

1015 1485 1157 1512 Truncasti
1178 1485 1253 1512 vivos
1266 1485 1367 1512 crudeli
1380 1485 1489 1512 vulnere
1506 1491 1629 1518 sanctos,

1050 1530 1173 1557 Vendere
1186 1538 1259 1557 nunc
1274 1530 1368 1557 borum
1385 1535 1489 1558 mortua
1509 1532 1630 1559 membra
1652 1532 1733 1560 soles.

1014 1575 1074 1603 Jam
1086 1576 1113 1603 ni
1129 1580 1156 1603 te
1171 1576 1298 1603 meritum
1313 1576 1386 1604 Petri
1403 1577 1533 1612 Paulique
1552 1577 1665 1611 foveret,

1798 1055 1812 1085 ti

171 1613 236 1647 quid
253 1615 319 1649 pati,
334 1616 380 1643 sed
394 1620 421 1644 et
436 1618 558 1653 corporis
578 1619 720 1654 passiones
735 1619 904 1648 solutnmodo
914 1620 960 1655 ju-
975 1615 998 1647 C
1049 1621 1185 1657 Tempore
1199 1621 1255 1656 jam
1271 1621 1351 1657 longe
1366 1622 1450 1650 Roma
1474 1623 1578 1651 misella
1600 1623 1673 1651 fores
1690 1624 1714 1651 ἱ).

833 1676 959 1704 VARIAE
977 1677 1176 1706 LECTIONES.

212 1717 218 1731 '
240 1717 318 1745 index
334 1720 514 1747 circnma/uso.
534 1722 545 1737 '
562 1721 583 1748 E
596 1722 775 1752 determinato
801 1727 824 1750 et
838 1723 936 1750 credita
954 1721 1065 1751 Pnthmo
1078 1724 1187 1752 insulae.

212 1752 302 1780 lemus.
344 1753 355 1769 ⁸
369 1755 415 1782 ΑΕ
430 1756 527 1787 privari
539 1755 642 1784 Joanne
656 1757 801 1785 clarissim
816 1758 900 1785 radio.
939 1757 976 1785 'F
989 1758 1137 1787 IIubilibns.

169 1751 302 1780 videmus.
344 1753 355 1769 ⁸
369 1755 415 1782 ΑΕ
430 1756 527 1791 privari
539 1755 642 1784 Joanne
656 1757 801 1785 clarissim
816 1758 900 1785 radio.

1250 1725 1272 1752 E
1288 1725 1357 1753 sicut
1370 1730 1394 1752 et
1407 1734 1450 1753 eos
1460 1726 1505 1761 qui
1518 1731 1620 1754 suntex
1638 1726 1720 1754 altera
1732 1732 1811 1762 parte

925 1803 1050 1834 NOTAE.

206 1852 219 1862 ι·
240 1846 259 1872 Β
273 1847 359 1881 spatio
386 1848 466 1874 trium
484 1848 615 1876 linearum
631 1850 726 1877 relicto
740 1851 807 1878 haec
822 1851 900 1878 habet
916 1860 922 1878 :

233 1893 268 1916 En
281 1892 439 1926 egotttutillns
453 1894 521 1926 Qtlolt
536 1894 604 1925 mlgo
616 1896 741 1926 vocitatus,

234 1924 344 1957 Quanti-is
356 1924 486 1957 outnigenis
497 1924 624 1957 corrupms
636 1926 678 1950 sim
691 1924 834 1956 malefartis,

235 1955 276 1988 Sat
289 1958 364 1988 tamen
378 1954 440 1988 istud
449 1962 506 1985 opm
519 1954 645 1988 :crilufmlo
657 1961 723 1988 tuum
742 1954 782 1981 tibi
796 1961 926 1988 promptus,

235 1987 321 2018 sanf‘te
335 1985 441 2018 Dionysi,
454 1991 548 2018 martyr
561 1987 715 2011 celeberrime
729 1988 815 2011 Chriin
829 1995 835 2011 :

238 2015 307 2039 t'nde
318 2015 374 2045 mei,
389 2022 485 2046 quaeso,
496 2015 606 2046 prerilms
618 2018 693 2042 sacris
706 2025 796 2041 memor
808 2022 866 2045 esto,

240 2048 285 2070 Γοκ
299 2053 330 2078 qu
341 2053 399 2077 ique,
411 2048 450 2078 qui
460 2046 549 2079 legitis,
565 2048 658 2073 veniam
668 2048 726 2073 mihi
736 2054 806 2079 posco
819 2048 913 2079 petatis.

208 2089 345 2116 "ubi/ibus
361 2091 490 2124 quondam
504 2096 556 2118 cet.

202 2134 223 2161 ll
235 2143 298 2161 vero
314 2135 354 2162 sic

1076 1851 1192 1882 Explicat.
1207 1852 1336 1885 emplicral,
1349 1854 1453 1884 psallere
1462 1855 1565 1885 scriptor
1576 1858 1614 1880 ea!
1626 1861 1634 1880 :

1076 1885 1137 1908 Laus
1147 1884 1185 1909 sit.
1196 1884 1298 1914 Christe,
1307 1885 1358 1910 tibi.
1372 1885 1456 1910 Finem
1468 1887 1533 1911 adiri
1544 1893 1553 1910 .'

1075 1914 1130 1946 ljcu
1142 1914 1204 1938 male
1215 1914 1290 1946 ﬁniri,
1303 1917 1359 1943 quia
1371 1917 1477 1941 scribere
1488 1923 1533 1941 non
1546 1916 1603 1941 bene
1613 1916 1680 1941 scivi.

1075 1945 1168 1973 Penno,
1180 1946 1283 1975 gradum
1293 1947 1358 1976 siste,
1370 1947 1479 1977 quoniam
1497 1946 1557 1972 liber
1566 1948 1665 1978 explicit
1678 1948 1731 1973 ists.

1014 1986 1153 2012 Nobilibus
1170 1989 1301 2020 quom/um
1318 1993 1361 2014 cel.

1050 2030 1063 2067 lt
1080 2031 1177 2058 Codice
1194 2032 1212 2058 E
1228 2033 1277 2058 hoc
1297 2041 1404 2059 carmen
1421 2034 1553 2067 integrum
1574 2036 1756 2063 desideratur.
1770 2036 1809 2066 Eo

1014 2066 1084 2102 enim
1099 2067 1188 2092 codice
1203 2067 1271 2094 aliae
1287 2068 1416 2101 quaedem
1429 2066 1559 2102 epistolae
1571 2070 1596 2095 in
1611 2072 1743 2099 versiouis
1755 2072 1808 2100 line

1013 2101 1215 2138 additacusunt,
1237 2102 1268 2129 de
1290 2103 1386 2137 quibus
1408 2103 1483 2137 plura
1503 2105 1808 2138 disputavimnsinPro—

1012 2137 1109 2162 oetnio.
1120 2136 1214 2163 Exstat
1224 2145 1288 2164 vero
1299 2136 1551 2174 carmen’intcgruui
1560 2140 1697 2168 codicibus
1703 2141 1808 2181 BCDH'

174 2195 1813 2217 ΞΜ

643 2240 1342 2361 δοΑἪξῆΟεαοτι
1359 2228 1364 2234 ’

362 2392 1016 2455 AMBIGUORUM
1080 2391 1143 2455 S.
1207 2391 1573 2458 MAXIMI

240 2490 259 2514 Α
272 2490 411 2515 Mabillouio
421 2494 544 2521 acceptam
564 2489 638 2514 edidit
650 2488 754 2512 Thomas
767 2488 825 2512 Gale
837 2489 859 2513 in
873 2488 1013 2519 Appendice
1033 2488 1061 2512 ad
1073 2488 1171 2513 Joannis
1187 2489 1252 2514 Scott
1266 2497 1326 2521 opus
1337 2492 1368 2515 de
1383 2492 1502 2517 divisione
1513 2493 1621 2518 Naturae
1632 2502 1656 2525 [τ.
1671 2495 1737 2520 t-m.

830 2546 1129 2585 PRAEFATIO.

203 2602 316 2629 Domino
325 2602 518 2637 gloriosissimo
527 2601 698 2636 piissimoque
707 2600 795 2627 divina
805 2609 865 2635 prm
873 2603 960 2629 idente

172 2653 251 2682 atque
260 2648 403 2682 adiuvante
414 2649 499 2682 gratia
512 2648 565 2682 regi
580 2648 687 2674 Canoto
698 2646 813 2673 leuatus
825 2653 961 2676 extremus

1014 2606 1185 2632 sanctissimo
1208 2611 1287 2641 atque
1309 2607 1465 2634 bmtissimo
1489 2609 1691 2644 archiepiscopo
1713 2610 1813 2646 Quit-li

1013 2651 1114 2679 .ioanue
1145 2654 1306 2687 postulante,
1328 2654 1360 2680 de
1383 2655 1551 2687 quorundam
1575 2656 1600 2682 in
1633 2659 1811 2684 serutmihuw

173 2702 313 2722 servorum
329 2695 485 2721 Vcslrorum
501 2697 655 2727 perpetuam
676 2692 701 2718 iu
715 2692 823 2719 Christo
836 2693 959 2720 salutent.
1012 2697 1159 2725 beatissimi
1173 2699 1294 2732 Gregorii
1307 2700 1434 2734 'l‘heologi
1447 2700 1640 2736 Ambiguorum
1652 2709 1678 2735 ιιν
1690 2707 1753 2730 τηρ.
1764 2710 1810 2731 (Μ,

209 2739 265 2766 Hoc
286 2747 353 2774 opus
377 2739 484 2766 Maximi
505 2738 627 2765 inonaclti
649 2743 728 2772 atque
749 2738 864 2772 abbatis,
889 2741 959 2774 quod
1013 2743 1148 2771 intellectu
1165 2744 1321 2778 (lillicilium,
1336 2747 1570 2780 explanationibus
1586 2751 1757 2783 composuit;
1773 2751 1808 2778 dis

937 2795 1062 2823 NOTAE.

210 2843 302 2881 elsest
314 2843 460 2881 hujuslihri
472 2842 670 2881 tilulus.l_\’am_«
682 2842 787 2869 Scholia
796 2852 807 2881 _)
818 2841 962 2881 aliudoptts
1015 2844 1135 2875 Photius.
1150 2847 1271 2874 meminit
1282 2848 1413 2877 Duronius
1426 2855 1452 2877 et
1468 2850 1494 2877 in
1511 2850 1648 2878 codicibus
1664 2852 1805 2881 Vulcania

173 2883 214 2903 est
230 2878 309 2911 hujus
333 2878 450 2906 Maximi.
472 2879 571 2905 llorum
587 2878 778 2912 Ambiguorum
796 2878 852 2910 ipse
869 2879 963 2904 memi-
1013 2882 1114 2907 servari
1130 2886 1251 2909 testatur,

174 2913 214 2940 nit
228 2912 362 2942 Maximus
375 2922 487 2947 operum
501 2914 634 2942 editorum
648 2911 679 2940 ΤΣ
699 2912 728 2946 ll,
743 2920 768 2948 ι).
839 2914 961 2942 meminit
1658 2934 1752 2971 “73.1w,

783 2970 784 2973 η
1648 2967 1681 2975 ...ι
1692 2967 1696 2968 ν
1740 2967 1742 2970 -

1649 2980 1658 2990 η
1735 2980 1742 2985 ,.

1645 2992 1686 3000 ...-
1698 2996 1738 2999 -..ω
