4142 6296
537 213 677 268 H95

1905 226 2187 284 JOANNIS
2227 229 2424 288 SCOTI

3690 251 3878 304 119“.

535 350 744 406 Graeco
796 352 847 406 in
897 352 1145 408 Latinum
1199 355 1364 411 Vobis
1413 357 1726 427 jubentibus
1777 359 1942 414 edidi.
1973 359 2116 414 Diﬁi-

2232 351 2392 404 turmi
2416 345 2630 410 dicitur,
2657 345 2760 403 hoc
2785 356 2867 404 est
2885 335 3161 415 resolutio,
3188 356 3426 409 reversio
3449 370 3582 411 vero
3607 359 3868 423 θέωσις,

536 440 796 496 cillimum
845 459 1086 512 prorsus,
1135 446 1587 504 orthodoxissiine
1631 447 1862 519 Regum,
1905 449 2117 504 servulo

537 542 744 596 vestro,
795 534 1044 588 imbecilli
1102 536 1256 591 valde
1304 539 1468 592 etiam
1525 539 1575 592 in
1633 539 1860 605 Latinis,
1911 547 2118 609 quanto

535 625 707 692 magis
733 624 784 678 in
808 624 1052 691 Graecis,
1087 627 1324 684 laborem
1355 629 1678 697 injunxistis.
1709 632 1930 703 Insuper
1953 632 2116 687 etiam

534 713 842 769 accelerare
885 715 1044 770 veluti
1081 721 1294 774 erudito
1325 723 1606 792 utriusque
1650 723 1862 794 linguae
1903 725 2121 794 citoque

535 802 798 872 perﬁcere
825 805 1150 873 impcrastis.
1183 809 1287 864 Sed
1311 825 1409 879 pro
1429 811 1634 866 viribus
1661 813 1907 883 ingenioli
1942 816 2044 869 mei
2067 822 2120 869 et

536 895 860 960 acceleravi,
892 906 946 953 et
971 899 1152 954 divina
1195 902 1425 958 ducente
1463 919 1527 960 ac
1555 904 1818 976 largiente
1846 907 2016 977 gratia
2054 907 2120 962 ad

536 984 699 1046 ﬁnem
731 1003 901 1057 usque
936 991 1184 1058 perduxi.
1225 990 1498 1049 Fortassis
1533 1005 1710 1050 autem
1761 997 2122 1066 qualicunque

536 1078 781 1149 apologia
833 1081 1109 1146 defensus,
1155 1099 1259 1138 non
1293 1093 1400 1140 tam
1440 1088 1636 1143 densas
1681 1089 1939 1144 subierim
1990 1090 2123 1145 cali-

538 1169 712 1238 gines,
761 1171 861 1226 nisi
895 1173 1157 1240 viderem,
1191 1177 1491 1246 praefatum
1538 1181 1907 1235 beatissimum
1948 1181 2122 1236 Maxi-

537 1275 684 1314 mum
735 1261 1052 1331 saepissime
1098 1266 1150 1319 in
1197 1281 1451 1336 processu
1495 1271 1576 1323 sui
1621 1272 1802 1339 operis
1846 1271 2121 1326 obscuris-

535 1349 704 1406 simas
726 1353 1054 1408 sanctissimi
1089 1355 1320 1428 theologi
1351 1359 1587 1431 Dionysii
1618 1363 1973 1435 Areopagitae
1995 1378 2122 1418 sen-

539 1443 766 1505 tentias,
827 1443 981 1512 cujus
1040 1449 1368 1518 symbolicos
1428 1452 1865 1523 theologicosque
1931 1469 2122 1509 sensus

538 1548 710 1602 nuper
739 1533 904 1590 Vobis
960 1537 1208 1592 similiter
1257 1541 1573 1610 iubentibus
1633 1543 1904 1606 transtuli,
1948 1545 2121 1598 intro-

539 1625 783 1689 duxisse,
828 1629 1173 1698 mirabilique
1205 1635 1362 1688 modo
1411 1634 1753 1700 dilucidasse,
1806 1636 1856 1689 in
1888 1644 2120 1699 tantum,

537 1724 596 1772 ut
622 1719 766 1772 nullo
793 1721 952 1775 modo
973 1723 1297 1788 dubitarem,
1325 1725 1562 1780 divinam
1594 1727 1960 1794 clementiam,
1987 1742 2126 1796 quae

540 1806 814 1864 illuminat
840 1811 1157 1868 abscondita
1189 1814 1558 1877 tenebrarum.
1589 1832 1684 1870 sua
1716 1815 1970 1870 inelTabili
1999 1831 2126 1884 pro-

537 1900 775 1956 videntia
804 1903 905 1958 hoc
936 1904 1284 1974 disposuisse,
1327 1917 1384 1962 ut
1412 1922 1474 1963 ea
1514 1909 1750 1977 quidem,
1792 1922 1931 1979 quae
1972 1909 2128 1962 nobis

540 1994 775 2046 maxime
801 1995 1053 2050 obstrusa
1081 1996 1136 2050 in
1164 1999 1456 2066 praedictis
1493 2000 1634 2054 beati
1679 1999 1918 2071 Dionysii
1955 1999 2125 2064 libris,”

541 2093 635 2138 aut
660 2085 744 2140 vix
776 2087 985 2156 pervia,
1010 2105 1309 2159 sensusque
1335 2101 1549 2147 nostros
1572 2093 1755 2163 fugere
1782 2093 2127 2157 videbantur,

550 2177 808 2246 aperiret,
839 2179 1240 2249 sapientissimo
1267 2184 1512 2250 praelato
1537 2183 1771 2238 Maximo
1797 2183 2128 2239 lucidissime

540 2271 881 2340 explanante.
940 2274 1183 2344 Exempli
1237 2277 1435 2347 gratia,
1470 2286 1528 2332 ut
1573 2293 1742 2346 pauca
1785 2277 1851 2332 de
1885 2277 2130 2346 pluribus

540 2363 740 2429 dicam,
769 2368 1042 2435 quomodo
1062 2385 1229 2425 causa
1258 2371 1519 2434 omnium,
1551 2387 1688 2440 quae
1719 2371 1859 2426 Deus
1887 2381 1991 2434 est,
2021 2385 2130 2426 una

539 2457 608 2510 sit
636 2458 865 2528 simplex
887 2470 941 2515 et
965 2461 1243 2532 multiplex
1281 2482 1292 2517 :
1335 2452 1512 2533 qualis
1534 2466 1604 2519 sit
1630 2465 1923 2534 processio,
1950 2464 2002 2518 id
2025 2472 2126 2529 est,

539 2549 918 2620 multiplicatio
939 2555 1154 2632 divinae
1178 2557 1442 2626 bonitatis
1469 2574 1566 2628 per
1591 2558 1795 2621 omnia,
1820 2572 1959 2627 quae
1983 2566 2128 2620 sunt,

541 2655 570 2694 a
596 2657 806 2698 summo
838 2660 1007 2714 usque
1029 2646 1306 2713 deorsum,
1333 2664 1431 2718 per
1451 2649 1757 2720 generalem
1781 2648 2020 2704 omnium
2047 2661 2133 2702 es-

539 2735 768 2787 sentiam
805 2736 1003 2804 primo,
1038 2737 1292 2810 deinceps
1328 2755 1424 2808 per
1463 2756 1663 2812 genera
1699 2737 2131 2810 generalissima,

542 2823 734 2878 deinde
758 2840 855 2893 per
884 2843 1083 2896 genera
1117 2829 1480 2898 generaliora,
1509 2831 1633 2886 inde
1658 2845 1755 2900 per
1775 2829 1986 2900 species
2011 2842 2134 2897 spe-

543 2917 792 2971 cialiores
815 2933 988 2988 usque
1013 2921 1080 2976 ad
1097 2922 1306 2991 species
1326 2923 1742 2993 specialissimas
1763 2936 1860 2991 per
1883 2918 2133 2975 diﬁ‘eren-

544 3007 648 3060 tias
676 3010 1143 3080 proprietatesque
1165 3012 1519 3068 descendens.
1541 3012 1608 3067 Et
1635 3013 1851 3078 iterum,
1869 3009 2127 3079 ejusdem,

2226 433 2325 488 hoc
2351 443 2432 488 est
2464 435 2752 491 deiﬁcatio.
2785 438 2849 492 Et
2872 454 2978 508 qua
3003 443 3231 506 ratione,
3259 460 3397 512 quae
3424 457 3550 500 sunt
3576 449 3870 502 maxima

2223 523 2688 592 multiplicatione,
2728 527 2947 582 minima
2981 539 3105 584 sunt
3133 532 3347 598 virtute,
3378 551 3515 603 quae
3547 552 3690 590 vero
3740 540 3873 592 rui-

2223 612 2854 686 nima-multiplicatione,
2888 621 3122 674 maxima
3149 622 3366 676 virtute.
3411 625 3550 690 Quid
3581 650 3867 700 καταφα-

2220 711 2364 764 τικήν
2382 714 2436 759 et
2463 707 2776 778 ἀποφατικὴι
2799 709 2970 764 dicam
2993 712 3257 783 θεολογίαν,
3280 715 3330 766 in
3356 716 3551 782 quibus
3575 720 3866 774 maxime

2223 795 2482 863 praedicti
2527 797 2670 851 beati
2703 799 2940 870 Dionysii
2990 800 3347 871 Areopagitae
3388 805 3862 873 profundissima

2224 890 2672 961 divinissimaque
2736 895 3048 950 admiranda
3109 906 3192 950 est
3243 898 3582 968 disputatio?
3643 901 3858 967 Quum

2224 985 2370 1039 clare
2401 987 2732 1056 pulchreque
2759 989 2951 1057 aperit,
2985 992 3277 1058 quomodo,
3306 1006 3427 1045 cum
3462 994 3608 1046 inter
3640 1009 3698 1047 se
3743 1010 3863 1063 0p-

2224 1078 2433 1146 positae
2478 1078 2738 1148 valdeque
2795 1080 3099 1135 contrariae
3156 1083 3467 1147 videantur,
3529 1085 3598 1137 ad
3653 1101 3854 1138 unum

2227 1175 2406 1223 tamen
2455 1183 2775 1251 consensum
2821 1173 3160 1239 perveniunt,
3194 1182 3270 1236 ut,
3318 1173 3442 1226 dmn
3488 1189 3594 1227 una
3637 1186 3847 1241 neget.

2225 1257 2394 1314 altera
2420 1259 2725 1323 conﬁrmet,
2775 1269 3064 1331 utrumque
3088 1263 3139 1316 in
3170 1275 3402 1334 utraque
3429 1267 3803 1320 contineatur
3827 1283 3846 1332 ;

2225 1354 2298 1408 ita
2321 1353 2394 1416 ﬁt,
2422 1363 2478 1407 ut
2497 1362 2550 1409 et
2569 1361 2886 1429 καταφατικὴ
2911 1372 3017 1408 non
3041 1357 3347 1421 conﬁrmet,
3364 1359 3506 1426 quod
3535 1362 3848 1433 ἀποφατική

2227 1445 2480 1513 abnegat,
2512 1460 2685 1514 neque
2726 1449 3007 1520 ἀποφατική
3039 1448 3288 1518 abneget,
3333 1449 3475 1516 quod
3521 1455 3847 1522 καταφαηή

2227 1535 2476 1590 aﬁirmat.
2521 1537 2585 1591 Et
2628 1554 2731 1590 non
2775 1537 2945 1590 solum
2989 1537 3086 1591 bas
3129 1539 3260 1590 duas
3313 1539 3580 1591 maximas
3614 1540 3845 1594 theolo-

2227 1627 2346 1697 giae
2375 1635 2559 1695 partes
2599 1627 2650 1679 in
2685 1627 2812 1690 Deo,
2844 1627 2936 1681 sed
2963 1628 3123 1681 etiam
3161 1629 3214 1682 in
3240 1629 3385 1682 omni
3413 1637 3671 1683 creatura
3702 1643 3842 1686 esse

2160 1703 2202 1761 Β
2234 1717 2686 1771 manifestissimis
2719 1717 2954 1772 declarat
2987 1718 3281 1788 exemplis;
3329 1733 3425 1788 per
3454 1735 3548 1774 eas
3586 1735 3840 1790 namque

2230 1809 2450 1863 Ordines
2496 1809 2810 1864 caelestium
2838 1810 3200 1864 essentiarum
3247 1819 3299 1864 et
3332 1812 3723 1866 discernuntur
3772 1821 3842 1867 et

2231 1901 2570 1955 ordinantur.
2620 1901 2685 1954 Et
2714 1917 2821 1970 qua
2856 1902 3064 1955 ratione
3099 1903 3237 1956 Deus
3275 1902 3474 1957 dicitur
3516 1919 3739 1957 movere
3771 1911 3839 1958 et

2234 1991 2459 2054 moveri,
2494 1992 2618 2044 dum
2656 1993 2722 2044 sit
2754 1992 3122 2046 immutabilis.
3161 1992 3227 2047 Et
3251 1995 3395 2062 quod
3420 2009 3517 2048 nec
3537 1994 3836 2047 sensibilis

2232 2098 2329 2152 per
2358 2097 2575 2136 sensum
2609 2082 2749 2137 Dens
2776 2084 2991 2144 sentiat,
3020 2098 3119 2139 nec
3147 2084 3493 2155 intelligibilia
3522 2099 3622 2154 per
3647 2084 3834 2138 intel-

2231 2171 2451 2236 lectum,
2506 2189 2604 2228 nec
2634 2173 2908 2228 sensibilia
2951 2189 3048 2243 per
3092 2175 3432 2238 intellectum,
3463 2191 3560 2229 nec
3603 2175 3824 2230 intelli-

2232 2268 2416 2339 gibilia
2448 2284 2544 2338 per
2570 2284 2808 2330 sensum,
2843 2270 2932 2322 sed
2955 2269 3138 2323 omnia
3168 2269 3218 2321 in
3250 2269 3474 2322 aeternis
3496 2268 3608 2321 suis
3635 2268 3826 2322 ratio-

2235 2361 2394 2416 nibus
2420 2363 2837 2430 contemplatur.
2887 2362 2961 2417 De
3007 2363 3214 2416 unitate
3245 2377 3456 2431 quoque
3484 2363 3647 2415 trium
3676 2359 3831 2416 divi-

2234 2470 2428 2509 narum
2488 2453 2953 2517 substantiarum,
3011 2455 3184 2523 deque
3251 2453 3424 2507 tribus
3495 2452 3825 2506 substantiis

2233 2547 2447 2602 divinae
2476 2547 2695 2600 unitatis
2719 2546 2879 2600 veluti
2921 2545 3307 2616 mysticissimo
3344 2544 3672 2598 mirabiliter
3701 2543 3822 2597 dis—

2232 2647 2386 2708 putat
2414 2637 2669 2692 senario:
2703 2645 2755 2690 et
2785 2635 2949 2690 multa
2994 2635 3118 2698 alia,
3162 2650 3300 2704 quae
3339 2637 3616 2689 studiosus
3660 2647 3818 2704 prae-

2235 2731 2402 2786 sentis
2431 2729 2610 2798 operis
2664 2729 2833 2782 lector
2879 2727 3130 2784 inveniet.
3185 2728 3537 2782 ιύσσϐέστατε
3587 2737 3612 2764 ι
3661 2725 3821 2794 igitur

2234 2824 2462 2894 Regum,
2511 2836 2668 2890 opus,
2701 2821 2844 2890 quod
2875 2820 2942 2874 ad
2982 2833 3322 2874 communem
3367 2817 3668 2873 catholicae
3697 2814 3817 2870 tidei

2235 2914 2685 2969 illuminationcm
2714 2911 2954 2981 jussistis
2992 2911 3134 2976 ﬁeri,
3159 2912 3453 2967 altissimae
3479 2907 3821 2964 auctoritatis

2237 3007 2464 3062 Vestrae
2519 3005 2724 3075 judicio
2765 3019 2869 3059 non
2931 3005 3198 3074 respuatis
3246 3003 3512 3065 roborari,
3563 3010 3621 3054 et
3679 3000 3821 3056 inter

542 3099 758 3154 divinae
787 3101 1056 3168 videlicet,
1079 3103 1335 3160 bonitatis
1358 3104 1534 3174 qualis
1562 3105 1632 3160 sit
1660 3103 1922 3165 reversio,
1950 3101 2004 3157 id
2025 3108 2132 3164 est,
2161 3071 2205 3134 Ο
2238 3098 2435 3155 similia
2467 3113 2630 3154 sanae
2660 3097 2938 3151 doctrinae
2983 3096 3340 3150 instrumenta
3378 3095 3566 3162 recipi,
3590 3109 3712 3148 cum
3753 3106 3817 3147 ex

543 3193 891 3262 Congregatio
907 3209 1002 3262 per
1013 3196 1226 3250 eosdem
1241 3196 1442 3266 gradus
1457 3196 1523 3251 ab
1540 3196 1747 3251 inﬁnita
1763 3211 1950 3251 eorum
1963 3235 1975 3259 ,
1994 3207 2134 3262 quae

542 3290 687 3345 sunt,
715 3284 972 3352 variaque
1010 3285 1455 3355 multiplicatione
1487 3303 1656 3357 usque
1693 3287 1760 3340 ad
1788 3283 2129 3353 simplicissi-

545 3389 684 3428 mam
708 3379 947 3432 omnium
978 3379 1264 3444 unitatem,
1295 3396 1436 3450 quae
1464 3380 1515 3434 in
1537 3382 1642 3436 Deo
1662 3388 1746 3435 est
1771 3379 1984 3434 etDeus
2013 3385 2134 3444 est;

540 3463 615 3518 ita
647 3475 766 3518 utet
798 3467 937 3522 Deus
966 3469 1144 3522 omnia
1176 3470 1265 3532 sit,
1292 3479 1348 3523 et
1375 3470 1554 3524 omnia
1583 3472 1721 3524 Deus
1748 3470 1874 3524 sint.
1907 3469 1970 3523 Et
1997 3482 2136 3538 quo—

543 3554 706 3609 modo
719 3558 992 3623 praedicta
1008 3559 1225 3627 quidem
1243 3558 1422 3614 divina
1445 3561 1498 3614 in
1516 3560 1698 3614 omnia
1718 3560 1992 3630 processio
2011 3561 2138 3616 ἀνα-

2241 3189 2693 3261 praeclarissimis
2747 3188 3078 3243 Graecorum
3120 3186 3357 3244 fontibus
3406 3202 3513 3241 non
3565 3186 3820 3241 dubitetis

2243 3283 2516 3353 derivari"
2542 3282 2597 3336 lu
2642 3282 2839 3350 quibus
2871 3283 2913 3338 si
2952 3281 3078 3351 quid
3125 3281 3430 3352 incognitae
3458 3281 3638 3335 adhuc
3671 3279 3815 3336 nobis

2236 3376 2515 3432 doctrinae
2549 3375 2878 3437 inveniatur,
2916 3375 3229 3429 auctoribus
3272 3375 3404 3446 ipsis
3433 3383 3516 3429 est
3557 3375 3810 3444 deputan-

2236 3467 2384 3529 dum,
2408 3467 2530 3535 quia
2565 3481 2721 3520 nemo
2747 3463 2887 3518 aliud
2920 3464 2975 3517 iu
3005 3465 3104 3518 hoc
3134 3479 3297 3532 opere
3327 3476 3474 3520 recte
3503 3465 3633 3518 mihi
3665 3463 3816 3517 debet

2240 3555 2497 3620 tribucre,
2527 3556 2628 3610 nisi
2670 3555 3008 3610 solummodo
3034 3556 3352 3624 simpliciter
3386 3555 3744 3612 transtulisse.

891 3889 894 3891 _
968 3756 1372 3878 JOANNIS
1427 3757 1698 3860 seen
1753 3760 2100 3882 vnaslo
2158 3699 2804 3860 AMBIGUORUM
2864 3757 2940 3866 s.
3016 3753 3422 3854 MAXIM].

625 3980 982 4038 Sanctissimo
1026 3999 1090 4039 ac
1134 3986 1449 4042 beatissimo
1498 3987 1910 4060 archiepiscopo
1954 3988 2137 4061 Cyzici
2164 3992 2702 4055 Dpraeoccupastts,
2754 3999 2850 4053 per
2878 3998 3039 4052 quam
3087 3979 3291 4037 Christi
3348 3981 3629 4037 Ecclesiae
3679 3982 3814 4052 digni

547 4074 742 4132 Joanni
771 4073 1035 4130 Maximus
1062 4077 1280 4133 humilis
1308 4077 1628 4134 monachus.

619 4165 935 4221 Laudantur
981 4167 1225 4236 quidem,
1258 4177 1313 4223 et
1364 4168 1615 4224 fortassis
1641 4170 1806 4240 juste,
1858 4172 1925 4225 ab
1957 4173 2132 4225 omni-

545 4259 667 4326 bus,
691 4258 780 4326 qui
802 4257 939 4312 bona
961 4266 1185 4328 propter
1205 4258 1442 4313 studium
1467 4259 1744 4316 doctrinae
1771 4262 2134 4329 promptiores

548 4359 750 4414 amant,
794 4357 850 4404 et
874 4350 1232 4421 disciplinam,
1275 4366 1414 4420 quae
1459 4353 1510 4406 in
1538 4354 1616 4408 eis
1647 4362 1747 4417 est,
1792 4353 2134 4409 sollicitiores

550 4441 813 4512 cogitant,
849 4439 913 4494 ad
959 4440 1213 4496 meliores
1255 4449 1310 4496 et
1354 4441 1638 4496 meliorum
1669 4443 1960 4514 magistros
1989 4459 2136 4498 accc-

557 4534 779 4597 denles;
831 4533 956 4601 quia
999 4547 1095 4600 per
1143 4534 1619 4602 interrogationem
1649 4535 1946 4603 sapientum
1978 4535 2139 4590 disci-

551 4625 752 4697 plinam
784 4633 1099 4679 reverenter
1125 4625 1475 4693 accipientes,
1501 4627 1709 4694 seipsos
1735 4627 1802 4682 ab
1830 4627 2136 4696 ignorantia

547 4725 606 4772 et
638 4715 907 4785 imperitia
930 4723 984 4768 et
1011 4730 1197 4770 earum
1224 4715 1512 4786 cpprobrio
1540 4717 1790 4772 liberant.
1825 4719 1927 4773 Vos
1955 4731 2136 4776 autem

549 4807 675 4878 quis
699 4806 858 4876 digne
885 4803 1118 4860 laudarit
1145 4805 1369 4860 sermo?
1408 4807 1515 4860 Aut
1545 4807 1667 4876 quis
1703 4808 2004 4874 hominum,
2032 4808 2136 4863 etsi

550 4898 941 4971 intelligentiae
985 4899 1416 4968 experimentum
1453 4901 1744 4972 accipiens,
1777 4911 1993 4957 vestrae
2023 4901 2136 4955 vir-

550 4995 683 5048 tutis
715 4991 1140 5063 magnitudinem
1187 4994 1412 5050 idoneus
1447 4995 1722 5051 inveniet?
1755 4997 1888 5064 Quia
1931 4995 2131 5065 proba-

469 5127 472 5132 .
548 5083 684 5140 biles
711 5084 894 5140 ovium
925 5084 1325 5140 rationabilium
1369 5096 1616 5155 pastores
1643 5089 1768 5141 dum
1801 5087 1942 5150 sitis,
1977 5092 2030 5138 et
2063 5084 2131 5138 ad

548 5190 842 5248 supernum
869 5179 1010 5236 ovile
1024 5178 1246 5236 vocibus
1270 5178 1478 5234 ﬁstulae
1499 5179 1798 5248 spiritualis
1821 5193 1914 5232 eas
1940 5177 2137 5232 dueere

552 5276 608 5322 et
630 5269 975 5325 introducere
1005 5269 1193 5332 nostis,
1222 5269 1554 5338 singularem
1588 5270 1638 5330 δ.
1673 5269 1860 5324 multis
1889 5269 2139 5339 impossi-

544 5355 733 5426 bilem,
759 5361 1018 5430 mysticae
1071 5360 1379 5416 divinorum
1431 5361 1695 5418 scientiae
1759 5360 2134 5416 habitudinem

2236 4079 2528 4148 ﬁdelesque
2550 4077 2933 4149 gubernacula,
2961 4077 3115 4132 navis
3136 4077 3190 4131 in
3216 4077 3456 4142 modum,
3479 4077 3816 4148 disciplinatc

2235 4169 2468 4240 dirigitis
2521 4184 2642 4224 cum
2665 4183 2830 4223 onere
2857 4168 2998 4230 ﬁdei,
3031 4168 3356 4237 divinaeque
3386 4168 3814 4223 conversationis

2237 4265 2434 4318 decore
2457 4262 2522 4315 ad
2551 4271 2761 4330 portum
2785 4260 2996 4314 divinae
3025 4259 3337 4325 voluntatis,
3370 4274 3467 4330 per
3489 4275 3638 4315 mare
3659 4260 3811 4315 seculi

2241 4352 2630 4409 tentationibus
2678 4351 2939 4406 illaesam.
2991 4352 3066 4406 De
3117 4351 3200 4404 his
3233 4360 3435 4416 autem,
3492 4366 3632 4420 quae
3672 4351 3811 4406 vobis

2239 4443 2454 4513 cognita
2488 4451 2633 4505 sunt,
2668 4457 2899 4513 quorum
2944 4443 3105 4498 etiam
3143 4443 3436 4512 magistros
3486 4457 3580 4496 vos
3621 4443 3810 4498 consti-

2241 4535 2344 4589 tuit
2391 4535 2692 4600 Dominus,
2751 4551 2856 4589 non
2911 4533 3084 4590 solum
3129 4536 3532 4606 sapientiores,
3603 4537 3646 4591 si
3699 4535 3807 4604 quis

2240 4634 2480 4680 vestrum
2509 4635 2530 4664 α
2567 4634 2650 4680 est
2672 4625 2895 4679 omnino
2916 4628 3211 4682 secundum
3242 4627 3522 4681 scientiam
3553 4626 3796 4695 superior,

2241 4720 2336 4775 sed
2375 4728 2429 4775 et
2483 4719 2628 4775 nullo
2676 4719 2886 4789 dignos,
2936 4728 2992 4774 et
3045 4721 3260 4788 penitus
3312 4720 3488 4775 omnis
3541 4717 3796 4787 imperitos

2241 4811 2544 4875 doctrinae,
2587 4809 2691 4865 ﬁde
2739 4811 3048 4864 inveniendi
3089 4812 3218 4880 quid
3262 4811 3439 4866 nobile
3474 4811 3626 4863 etiam
3665 4806 3802 4876 apttd

2243 4903 2622 4969 immundosd,
2657 4903 2798 4959 sicut
2823 4903 2966 4960 soliti
2993 4905 3147 4969 estis,
3185 4904 3455 4974 indignum
3479 4903 3805 4971 interrogare

2241 5010 2348 5052 non
2375 4995 2590 5050 ducitis.
2617 4997 2692 5050 Ac
2712 5011 2807 5065 per
2833 4995 2935 5049 hoc
2967 4997 3238 5066 accipiens
3261 5006 3315 5050 et
3337 5012 3434 5066 ego
3453 4993 3806 5049 venerabilem

2244 5098 2481 5140 vestram
2510 5087 2818 5157 epistolam,
2851 5088 3091 5141 scribere
3119 5087 3268 5142 vobis
3286 5087 3564 5157 jubentem
3598 5087 3662 5140 de
3687 5101 3808 5140 uno-

2243 5188 2458 5246 quoque
2512 5177 2792 5232 dubiorum
2835 5179 2990 5233 vobis
3042 5189 3065 5217 θ
3111 5178 3482 5248 Οθρίιιιιοτιιιη
3533 5179 3586 5232 i-n
3641 5177 3800 5232 sancti

2245 5267 2482 5338 theologi
2531 5267 2778 5339 Gregorii
2837 5268 3196 5333 sermonibus,
3233 5271 3297 5324 de
3346 5271 3542 5339 quibus
3588 5268 3807 5323 studium

2245 5361 2532 5429 habebam,
2564 5363 2779 5432 quando
2810 5378 2933 5419 cum
2963 5363 3412 5420 convenientibus
3437 5377 3610 5430 eram,
3643 5363 3809 5418 reddi-

2079 5447 2388 5533 NOTAE.’

579 5539 584 5639 ς
619 5577 644 5607 α
683 5565 815 5639 Ead:
859 5584 930 5621 m.
966 5567 1033 5621 ad
1055 5583 1227 5639 marg.
1258 5571 1435 5625 adscr.
1461 5567 1726 5625 Piiuime.
1769 5568 1875 5626 Sed
1912 5569 2153 5627 Joannes

551 5633 745 5689 Scottis
775 5635 980 5693 Graeca
1008 5633 1244 5700 allectat,
1279 5649 1338 5692 ut
1361 5640 1503 5695 alibi.

623 5703 650 5744 ιδ
691 5703 824 5759 Male
845 5708 971 5775 legit
995 5708 1102 5766 οἵαν
1131 5725 1226 5778 pro
1254 5707 1353 5764 οἷα.

1785 5789 1810 5836 .r’

2322 5583 2343 5609 ο
2389 5571 2465 5626 Ex
2507 5587 2655 5626 more
2677 5569 3037 5634 Graecorum;
3068 5587 3164 5640 pro
3190 5570 3350 5624 vobis.

2326 5641 2353 5681 αἱ
2392 5642 2568 5713 Credo
2594 5643 2795 5712 legerat
2821 5645 3073 5713 ἀσὲμνους
3103 5655 3200 5711 pro
3227 5645 3464 5711 ἀσήμοις.

2324 5724 2346 5751 ε
2381 5712 2623 5770 Graecus
2647 5724 2825 5769 textus
2849 5712 2985 5779 ἡμῖν,
3019 5715 3184 5768 nobis.
