4142 6296
301 330 447 393 1197
1341 332 1591 394 VERSIO
1630 334 2096 397 AIIBIGUO‘BUM
2135 336 2195 395 S'.
2240 338 2506 398 MAXIMI.
3446 342 3586 401 H98

308 453 423 501 tam
495 452 625 503 tunc
685 445 947 503 rationem
1001 446 1305 518 scripturae
1368 451 1711 506 commendo.
1782 448 1893 506 Vos
1925 454 1976 514 Α
2000 465 2190 509 mones
2216 455 2709 524 supereminentem
2746 473 2853 513 non
2884 458 3090 514 habens
3128 455 3586 523 manifestaretur,

307 538 529 609 quidem
586 539 780 598 merito
823 540 1041 595 virtutis
1078 540 1310 597 miratus
1354 556 1508 609 sum,
1571 551 1627 598 et
1673 542 1727 597 in
1776 543 1892 613 ipsa
2000 546 2047 604 si
2097 562 2207 602 non
2253 548 2400 603 onmi
2431 548 2542 603 fere
2568 549 2808 622 syllabae
2839 552 3120 609 decentem
3162 552 3405 608 inserens
3448 550 3595 607 noti-

310 632 517 687 claram
553 640 717 701 atque
766 631 1036 688 excelsam
1067 631 1284 688 Christo
1322 632 1625 704 placentem
1654 644 1893 687 vestram
2002 640 2155 703 tiam,
2187 639 2255 694 ad
2283 639 2648 708 pulcherrima
2694 649 2751 697 et
2795 641 2946 697 utilia
2989 651 3277 713 sequentes
3324 641 3591 707 ducendo,

310 724 738 796 hospitalitatem
780 716 1224 798 laudavi,‘magis
1245 714 1377 783 vero
1404 741 1503 796 per
1529 742 1745 782 omnem
1775 740 1894 781 mo-
2003 729 2115 786 ullo
2138 733 2297 786 modo
2334 730 2665 801 disceptandi
2713 731 3126 805 relinqueretur.
3171 732 3287 788 Non
3335 734 3415 789 sic
3462 733 3596 788 haec

311 816 439 872 dum
469 830 568 885 per
592 830 689 871 vos
721 817 857 871 etin
882 816 1037 872 vobis
1073 817 1433 888 gloriﬁcatum
1460 820 1770 882 Dominum,
1803 815 1897 889 qui
2006 824 2208 880 habent
2253 839 2313 880 se
2368 823 2545 897 iunge,
2597 826 2690 882 sed
2733 836 2788 881 et
2839 826 3132 883 intellectui
3170 841 3477 883 sermonem
3509 840 3599 882 sa-

311 907 439 965 l‘ecit
485 922 582 971 vos
605 908 675 964 ad
713 907 819 964 hoc
850 908 1048 980 dignos
1078 909 1221 975 ﬁeri,
1270 910 1631 979 donatumque
1671 912 1740 965 ab
1782 911 1900 979 ipso
2006 916 2219 986 pienter
2246 908 2601 982 constituunt,
2626 926 2681 971 et
2703 931 3008 973 sermonem
3038 917 3311 973 excelsum
3350 915 3603 972 excelsus

309 999 590 1066 virtutem,
618 1000 711 1068 qui
731 998 848 1059 suis
869 1001 1046 1056 servis
1074 1011 1105 1042 ι
1128 1017 1226 1071 per
1249 1010 1430 1058 vestra
1454 1017 1621 1072 opera
1652 1004 1901 1058 veritatis
2008 1009 2379 1075 supereminet
2398 1007 2721 1068 intellectus,
2766 1017 2827 1062 ut
2853 1007 3099 1064 excelsus
3132 1008 3347 1065 excelso
3383 1023 3599 1065 annun-

313 1100 505 1162 aperte
554 1092 1016 1163 pulchritudinem
1079 1093 1412 1159 manifestat,
1469 1111 1638 1166 usque
1699 1096 1765 1150 ad
1813 1109 1903 1153 me
2008 1100 2191 1161 tietur,
2222 1109 2279 1155 et
2305 1100 2552 1156 veritatis
2582 1099 2972 1171 aliquantulum
3001 1116 3069 1156 ex
3090 1101 3355 1156 ambobus
3385 1100 3603 1157 interim

311 1200 566 1255 parvum,
616 1194 674 1241 et
717 1184 865 1243 nullo
910 1185 1153 1253 dignum,
1200 1196 1266 1242 ct
1310 1188 1604 1251 indoctum,
1650 1196 1705 1243 et
1751 1187 1899 1243 omni
2010 1192 2219 1255 multis,
2246 1192 2531 1247 autetiam
2565 1191 2839 1258 omnibus,
2880 1192 3024 1246 invia
3068 1191 3381 1263 magnitudo
3422 1182 3607 1247 osten-

312 1278 522 1335 nudum
542 1277 769 1333 omnino
807 1278 1110 1335 virtut’eet
1156 1279 1405 1335 scientia.
1433 1279 1514 1337 Ac
1541 1295 1636 1351 per
1661 1282 1767 1337 hoc
1805 1281 1908 1336 hu-
2012 1285 2189 1339 datur.
2223 1283 2294 1340 Ut
2329 1299 2459 1340 vero
2504 1281 2793 1340 manifesta
2843 1283 3001 1339 nobis
3044 1282 3117 1338 sit
3166 1284 3343 1338 omnis
3391 1298 3606 1349 eorum,

316 1370 556 1426 miliatos
599 1370 987 1437 considerans,
1045 1372 1310 1442 meipsum
1359 1374 1607 1444 accipere
1665 1382 1906 1429 vestrum
2013 1391 2153 1447 quae
2201 1377 2343 1433 dicta
2399 1386 2543 1445 sunt,
2585 1377 2914 1445 obscuritas,
2962 1379 3101 1449 ipsa,
3155 1384 3215 1432 ut
3269 1393 3328 1432 se
3381 1376 3606 1443 habent,

317 1470 671 1533 praeceptum
713 1463 1012 1520 secundum
1049 1464 1308 1521 virtutem
1345 1465 1739 1535 compuleram,
1781 1465 1907 1519 dum
2012 1471 2157 1526 beati
2209 1470 2676 1526 considerabimus
2724 1470 2907 1525 verba.
2956 1466 3150 1534 Parca,
3186 1468 3382 1538 inquit,
3423 1477 3478 1520 ut
3521 1480 3611 1522 co-

316 1556 377 1611 in
410 1555 559 1611 nullo
601 1556 927 1611 temerarius
958 1557 1291 1613 aestimabor
1319 1558 1504 1614 multis
1532 1560 1700 1614 vestri
1731 1558 1907 1627 gratia
2016 1562 2304 1634 aperatori,
2326 1571 2375 1616 et
2402 1578 2505 1615 non
2530 1561 2692 1615 habeo
2718 1561 2978 1632 quomodo
2999 1560 3199 1632 fugiam
3221 1567 3610 1630 superveniunt,

320 1647 529 1704 faciens
560 1663 887 1715 sermonem,
934 1650 1029 1706 sed
1082 1659 1140 1707 et
1159 1666 1255 1707 vos
1285 1663 1496 1723 gratam
1524 1661 1580 1708 et
1620 1651 1908 1708 amabilem
2016 1664 2107 1709 aut
2130 1654 2390 1724 quomodo
2429 1671 2534 1709 non
2560 1670 2593 1707 a
2615 1652 2726 1708 Deo
2748 1653 2959 1720 cadam,
2985 1661 3230 1722 gravatus
3260 1650 3434 1721 pueris
3465 1647 3610 1704 deri-

320 1740 704 1803 obaudicntiae
748 1743 1056 1799 mercedem
1079 1743 1329 1813 accipere
1360 1745 1669 1814 expectanti
1699 1755 1911 1799 vestras
2014 1734 2274 1816 pictilibus
2297 1755 2389 1801 aut
2414 1746 2766 1801 deﬂuentibus
2788 1746 2842 1800 in
2872 1756 3087 1799 terram.
3106 1742 3250 1819 Haec
3273 1743 3477 1806 dicens,
3504 1755 3612 1821 not)

320 1831 571 1887 videlicet
620 1833 896 1892 orationes
922 1834 1158 1891 intentas
1203 1846 1463 1893 consuete
1507 1836 1799 1903 donabitis,
1850 1844 1913 1891 ut
1941 1822 1989 1884 Β
2018 1837 2085 1891 de
2113 1852 2170 1892 se
2190 1836 2306 1907 ipso
2334 1836 2578 1914 omnino,
2601 1836 2692 1890 sed
2714 1851 2812 1905 per
2838 1850 2899 1892 se
2927 1835 3099 1905 ipsum
3123 1836 3189 1889 de
3213 1832 3485 1889 communi
3519 1832 3616 1886 bu-

321 1926 579 1985 Christus
620 1929 904 1996 Dominus,
950 1932 1042 2000 qui
1084 1942 1170 1988 est
1215 1941 1465 2003 paratum
1497 1934 1803 1988 timentium
1851 1948 1913 1989 se
2020 1930 2279 1984 manitate
2303 1929 2561 1998 disputat,
2588 1929 2801 1992 videns,
2851 1928 2977 1997 quia
3010 1927 3210 1989 omnis,
3249 1926 3340 1994 qui
3382 1924 3614 1978 salutem

321 2017 677 2086 adiutorium,
725 2021 913 2078 veniat
957 2022 1090 2077 mihi
1141 2025 1413 2079 sermonis
1454 2023 1699 2093 adiutor;
1740 2023 1915 2095 magis
2021 2026 2186 2085 amat,
2219 2028 2313 2072 aut
2338 2018 2537 2072 actioni
2570 2018 2786 2086 penitus
2823 2026 2915 2070 aut
2956 2015 3399 2085 contemplationi
3439 2021 3618 2068 atten-

320 2118 502 2165 alllem
529 2110 757 2167 dicendo
795 2120 970 2168 totum
1000 2114 1110 2183 pie,
1149 2123 1208 2170 ut
1234 2115 1472 2172 Verbum
1509 2115 1769 2188 largiatur
1791 2132 1915 2173 vero
2020 2112 2116 2168 dit.
2144 2111 2363 2185 Absque
2388 2110 2531 2164 enim
2563 2108 2763 2163 virtute
2791 2117 2847 2165 et
2871 2109 3096 2164 scientia
3120 2107 3298 2169 nullus
3324 2106 3431 2175 ullo
3455 2106 3617 2162 modo

317 2201 470 2257 luunt.
530 2202 703 2261 Posco
745 2214 927 2261 autem
981 2221 1080 2262 vos
1131 2207 1489 2278 postulantes,
1549 2226 1618 2267 ne
1664 2217 1914 2266 ornatam
2017 2203 2313 2272 aliquando
2342 2199 2603 2269 consequi
2634 2199 2863 2254 salutem
2887 2200 3079 2268 potuit.
3106 2198 3162 2253 Si
3194 2213 3324 2268 ergo
3351 2213 3453 2266 per
3482 2212 3618 2253 con-

321 2292 602 2360 quaeratis
652 2310 684 2348 a
732 2309 820 2351 me
866 2295 1183 2375 dictionem,
1227 2299 1317 2369 qui
1356 2309 1619 2357 amantes
1666 2302 1911 2355 auditum”
2020 2295 2453 2366 templationem,
2507 2293 2706 2363 inquit,
2756 2292 3148 2348 collocatorum
3196 2291 3309 2347 Deo
3360 2298 3415 2345 et
3455 2292 3619 2345 beata

323 2396 605 2439 sermones
634 2400 743 2439 non
776 2386 972 2450 habeo,
999 2395 1056 2442 et
1098 2389 1332 2445 curiosis
1361 2391 1577 2447 bombis
1607 2392 1636 2431 ιι
1676 2393 1916 2447 ambitus
2019 2385 2422 2459 pulchritudine
2436 2384 2731 2440 irttenlium
2752 2400 2890 2440 unus
2915 2385 3243 2440 constitutus
3264 2398 3404 2448 sum,
3424 2396 3618 2453 pacem

324 2470 507 2529 facere
549 2472 756 2544 ignoro.
801 2475 1016 2533 Talium
1061 2479 1206 2534 enim
1235 2481 1607 2537 doctrinarum
1641 2483 1769 2538 dum
1813 2484 1917 2539 sim
2021 2479 2228 2535 habens
2282 2479 2338 2533 in
2406 2477 2658 2533 omnibus
2712 2486 2767 2532 et
2823 2476 3306 2532 sanctiﬁcatiouem
3334 2517 3347 2541 ,
3416 2475 3621 2545 quippe

325 2563 552 2630 inscius,
573 2573 630 2620 et
651 2580 835 2632 curae,
867 2581 1010 2637 quae
1038 2567 1091 2624 in
1121 2570 1203 2625 eis
1225 2579 1329 2636 est,
1355 2572 1782 2642 magnitudinem
1810 2589 1916 2628 non
2020 2573 2286 2643 meipsum
2313 2570 2591 2641 applicans
2620 2570 2728 2624 Deo
2761 2568 3104 2638 inseparabili
3136 2583 3231 2637 per
3252 2565 3615 2646 cognitionem

325 2657 687 2726 constituens,
724 2660 1143 2717 dilectissimum
1188 2677 1311 2719 reor
1348 2672 1510 2735 atque
1560 2665 1826 2736 optabile,
1871 2665 1918 2723 si
2022 2664 2396 2730 similitudine,
2426 2661 2829 2718 irrationabiles
2848 2660 3077 2715 virtutes
3104 2658 3619 2729 animaecogitando

324 2760 543 2811 sensum
565 2753 740 2807 sancti
774 2752 932 2823 huius
953 2762 1009 2809 et
1046 2755 1229 2826 magni
1257 2750 1526 2828 magistri,
1553 2759 1656 2815 etsi
1688 2759 1916 2815 confusa
2022 2758 2298 2817 decenter,
2331 2763 2385 2811 et
2413 2754 2581 2809 menti
2632 2754 2731 2824 per
2778 2753 3045 2809 rationem
3093 2751 3430 2815 adducenda,
3457 2759 3511 2805 et
3537 2749 3620 2807 fa-

325 2840 761 2910 explanatione,‘
788 2852 846 2900 et
892 2845 997 2909 hoc
1043 2847 1436 2918 aliquantulum
1484 2850 1916 2918 considerarim,
2023 2847 2266 2901 miliares
2307 2844 2571 2909 faciendo,
2604 2841 2847 2899 furorem
2876 2841 2996 2898 dico
3023 2852 3078 2898 et
3100 2841 3618 2912 concupiscentiam,

327 2947 435 2988 non
475 2941 653 2990 tamen
696 2936 980 3007 multiplici
1025 2953 1191 2994 versu
1220 2941 1613 3010 expositionem
1657 2942 1920 2998 honoriﬁ-
2024 2954 2144 2993 eam
2197 2937 2417 2999 quidem
2465 2936 2519 2989 in
2573 2936 2891 3002 caritateun,
2930 2949 3051 2987 cum
3098 2949 3226 2988 vero
3267 2934 3320 2987 in
3364 2932 3619 3001 gaudium

328 3027 524 3082 cando.
566 3027 873 3101 Theologus
913 3030 1059 3086 enim
1090 3032 1193 3087 iste
1216 3033 1322 3098 vir,
1364 3034 1505 3089 sicut
1535 3035 1707 3101 scitis,
1738 3036 1921 3092 brevis
2025 3023 2299 3095 mutans,
2328 3026 2596 3099 siquidem
2645 3020 2837 3098 gaudii
2889 3026 3166 3097 proprimn
3208 3034 3326 3091 est,
3375 3023 3621 3084 exultare

327 3121 673 3179 sermonibus
715 3125 843 3178 dum
884 3125 974 3189 sit,
1024 3136 1081 3182 et
1111 3127 1313 3183 multus
1348 3128 1646 3195 intellectu,
1679 3129 1920 3184 necessi-
1955 3182 1994 3195 Δ
2026 3123 2285 3178 divinitus
2329 3133 2382 3176 et
2418 3121 2633 3183 laetari,
2690 3121 2829 3174 sicut
2883 3119 3281 3190 praecxultavit
3326 3134 3391 3172 ex
3447 3129 3621 3172 matre

330 3222 500 3269 tatem
532 3216 625 3271 dat
653 3216 947 3287 explanare
996 3219 1199 3276 volenti
1247 3221 1365 3292 ejus
1396 3222 1771 3288 intentionem,
1816 3222 1920 3278 etsi
1947 3182 1994 3250 ο
2025 3213 2282 3276 Joannes,
2310 3226 2540 3284 magnus
2563 3210 2808 3266 veritatis
2833 3222 3156 3281 praecursor
3177 3220 3229 3264 et
3255 3208 3620 3281 praedicator,

329 3304 753 3367 iucundissimus
795 3317 855 3364 et
890 3310 1325 3378 sapientissimus
1363 3313 1415 3368 in
1444 3313 1633 3369 multis
1670 3314 1742 3369 sit
1774 3324 1825 3380 ο,
1866 3320 1923 3370 et
2027 3316 2123 3362 aut
2166 3306 2328 3371 sicut,
2375 3305 2503 3358 dum
2560 3304 2843 3374 quiescere
2900 3300 3030 3356 fecit
3082 3299 3475 3367 arcamilsracl
3523 3314 3621 3356 rex

328 3400 504 3471 magis
526 3401 659 3456 mihi
697 3402 943 3459 indocto.
971 3403 1030 3460 Si
1052 3419 1185 3462 vero
1212 3422 1309 3463 vos
1339 3418 1596 3465 consuete
1633 3409 1743 3464 Deo
1770 3423 1922 3465 ama-
2027 3400 2218 3455 David.
2261 3399 2318 3453 In
2376 3409 2549 3455 matre
2599 3398 2769 3463 enim,
2815 3397 2917 3452 etsi
2957 3394 3188 3452 dliiicilis
3224 3397 3384 3462 ratio,
3424 3395 3633 3467 quippe-

328 3490 453 3546 bIlis
475 3492 703 3548 moverit
733 3494 902 3559 zelus,
934 3496 1061 3551 dum
1088 3497 1177 3552 ad
1218 3497 1382 3554 breve
1410 3499 1571 3554 simul
1602 3515 1665 3555 ac
1693 3499 1916 3570 planum
2028 3492 2171 3546 invia
2198 3490 2406 3554 multis,
2437 3491 2528 3545 sed
2559 3499 2736 3545 tamen
2760 3502 2914 3555 vera,
2946 3494 3001 3543 et
3027 3490 3125 3542 nos
3154 3494 3209 3542 et
3230 3488 3372 3542 Deus
3397 3485 3620 3550 verbum

330 3597 415 3643 ea.
445 3596 586 3654 quae
628 3585 835 3657 scripta
865 3597 1013 3651 sunt,
1050 3589 1371 3659 deferimus,
1401 3608 1499 3648 nos
1536 3593 1710 3666 magis
1756 3607 1921 3664 quam
2030 3596 2238 3649 sumus,
2268 3583 2360 3654 qui
2402 3580 2795 3648 universitatis]
2822 3589 2907 3635 est
2933 3578 3109 3634 factor
3132 3588 3186 3634 et
3218 3576 3496 3644 Dominus,
3529 3576 3624 3647 qui

333 3683 505 3732 totum
540 3677 888 3737 intellectum
915 3683 1180 3756 erigimus
1226 3687 1294 3741 ad
1343 3687 1414 3753 id,
1461 3689 1603 3758 quod
1652 3688 1922 3744 excelsius
2029 3677 2248 3747 quidem
2302 3676 2354 3730 in
2397 3674 2706 3746 praesentis
2752 3671 2895 3749 vitae
2940 3679 3091 3726 statu
3114 3671 3345 3736 occulte,
3375 3668 3540 3724 veluti
3566 3668 3625 3724 in

333 3777 440 3834 est,
463 3776 767 3827 mercedem
803 3787 902 3843 per
942 3788 1000 3829 se
1028 3775 1326 3844 perfectam
1370 3780 1670 3848 accipietis,
1727 3776 1922 3835 (ιεπθιιί
2031 3776 2225 3826 matre.
2253 3774 2308 3821 et
2336 3766 2422 3818 vix
2446 3764 2721 3819 sensibilis
2767 3763 2895 3849 huic
2932 3762 3135 3816 mundo
3170 3769 3412 3831 apparet,
3439 3767 3494 3815 et
3521 3759 3627 3816 hoc

335 3857 479 3913 illius
506 3860 713 3917 scilicet
732 3864 800 3917 ad
828 3863 1113 3920 Dominum
1137 3868 1379 3922 omnium
1409 3870 1710 3934 orationes,
1735 3877 1924 3938 utpote
2033 3858 2139 3920 his»
2166 3858 2260 3926 (ἶυί
2290 3865 2416 3909 sum
2442 3854 2740 3910 εθευηάιιηι
2761 3852 3025 3907 Joannem
3055 3853 3107 3905 ίη
3136 3852 3351 3921 spirit“,
3377 3853 3627 3908 homines

337 3962 448 4003 non
478 3952 836 4009 concedentes
867 3953 984 4023 ejus
1011 3956 1224 4012 divinos
1268 3966 1324 4012 et
1361 3958 1805 4028 supernaturales
1843 3959 1927 4013 in-

2032 3962 2164 4003 vero
2182 3946 2348 4001 veluti
2375 3960 2442 4000 ex
2470 3956 2664 4007 matre,
2693 3942 2962 3997 materiali
2996 3941 3245 3996 videlicet
3269 3944 3626 3997 circumstan-

339 4041 606 4110 tellectus,
641 4046 839 4115 spretis
863 4061 928 4103 ac
949 4048 1143 4105 vilibus
1190 4051 1412 4105 tractari
1454 4048 1929 4119 contemplationi-

2034 4042 2135 4106 tia,
2168 4040 2270 4096 etsi
2301 4039 2568 4109 tantisper
2611 4038 2666 4092 in
2708 4036 2813 4102 his,
2846 4049 2987 4104 quae
3016 4042 3162 4099 sunt,
3201 4034 3472 4090 occultum
3505 4050 3627 4104 per--

227 4208 237 4216 ο
337 4133 458 4190 bus.
485 4133 894 4207 ConseQuenter
922 4148 1102 4195 autem
1144 4150 1361 4197 vestrae
1390 4139 1656 4210 epistolae
1687 4156 1786 4211 per
1810 4140 1927 4195 sin-
2037 4120 2274 4204 spiciunt
2297 4130 2545 4185 verbum.
2572 4128 2639 4184 Et
2660 4129 2715 4183 in
2740 4128 2843 4182 hoc
2872 4125 3121 4216 fortassis
3141 4120 3269 4191 sint,
3298 4126 3388 4196 qui
3417 4126 3629 4196 gaudiis

336 4227 459 4299 gula
490 4230 671 4300 capita
689 4231 1109 4304 Linquisitionem
1153 4233 1256 4290 feci
1283 4276 1297 4302 ,
1339 4243 1393 4292 et
1428 4234 1599 4290 literis
1643 4249 1924 4291 commen-
2034 4224 2261 4281 Joannis
2324 4222 2611 4276 laetantur.
2667 4218 2749 4274 Ad
2800 4214 3129 4272 ineffabilem
3181 4228 3415 4286 namque
3457 4216 3626 4299 futuri

337 4323 484 4389 dari,
529 4325 699 4381 hones
744 4335 906 4396 atque
951 4326 1335 4383 misericordes
1381 4341 1479 4383 vos
1519 4342 1731 4393 eorum,
1785 4338 1929 4397 quae
2037 4316 2207 4375 seculi
2237 4316 2485 4388 gloriam,
2516 4325 2572 4369 et
2596 4311 2926 4375 claritatem,
2976 4318 3029 4363 et
3060 4309 3226 4373 vitae,
3259 4322 3401 4378 quae
3432 4309 3484 4362 in
3509 4309 3628 4377 ipso

337 4415 483 4472 dicta
512 4426 661 4483 sum,
682 4417 893 4489 Iudices
922 4420 1047 4476 ﬁeri
1079 4421 1403 4490 deprecang_
1906 4432 1913 4439 '
2036 4417 2141 4473 est;
2175 4405 2559 4478 proprietatem
2597 4402 2669 4457 nil
2696 4400 2888 4456 matris
2908 4397 3296 4467 distatjudicio
3318 4397 3571 4454 laetantis
3602 4409 3628 4438 ⁸

776 4563 780 4566 .
886 4512 1284 4570 CAPITULUM
1324 4514 1365 4570 ῐ.
1958 4546 2013 4570 ,η
2040 4507 2355 4570 comparata
2400 4509 2658 4568 praesens
2686 4494 2820 4557 vita,
2848 4493 2900 4548 in
2931 4507 3035 4564 qua
3068 4500 3290 4563 propter
3316 4506 3415 4548 nos
3446 4490 3626 4547 inl‘an-

776 4563 780 4566 ι
888 4546 1074 4569 υηῐιι
1098 4546 1283 4570 υυυινι
1326 4546 1365 4570 ι.
1957 4546 2015 4610 D
2044 4546 2250 4570 sev-ur...
2268 4546 2297 4553 .-

665 4598 736 4638 sx
771 4598 1012 4640 saeuos:
1050 4598 1119 4639 ns
1158 4600 1606 4642 HOSPI‘I'ALITATE.
2040 4604 2123 4652 res
2148 4592 2301 4650 sensil

1993 4550 2015 4608 )
2040 4604 2123 4652 tes
2148 4546 2588 4656 sicnsibuereus,
2613 4588 2704 4660 qui
2726 4546 3058 4669 estVerbmn
3079 4546 3379 4656 perlectum
3404 4595 3460 4641 et
3480 4585 3629 4669 plus-

338 4672 396 4731 ln
416 4673 526 4763 hoc
559 4693 572 4730 :
607 4671 778 4730 Parca
808 4684 866 4729 ut
894 4679 1243 4747 cooperatori,
1270 4687 1319 4734 et
1348 4693 1453 4733 non
1477 4676 1645 4763 habeo
1669 4676 1934 4763 quorung

2043 4706 2205 4763 quam
2233 4686 2555 4760 perfectum,
2584 4691 2643 4739 ut
2661 4682 2996 4746 misericors,
3024 4664 3207 4736 infans
3235 4672 3412 4747 factus
3441 4666 3544 4736 est.
3573 4679 3632 4735 Si

410 4745 614 4846 {'15},th
1126 4748 1552 4846 Tingit‘ifffﬁi
1581 4746 1933 4846 Efﬂﬁjff"
2042 4745 2192 4846 ergo,
2221 4745 2282 4836 ut
2304 4782 2505 4836 dictum
2528 4785 2629 4840 est,
2668 4772 2790 4832 talis
2817 4776 2938 4846 quis
2960 4788 3099 4841 sum,
3130 4773 3373 4844 possibili
3404 4772 3637 4829 homini-

410 4799 621 4899 ξρῖιηηρ,
651 4799 911 4887 graia.
932 4799 1106 4888 pigra
1129 4799 1552 4899 uersi-eaad.
1578 4799 1668 4873 άίιι
1691 4799 1934 4874 detineri;-
2042 4799 2192 4899 ετξον

932 4865 1104 4903 ¹’-”””’
1136 4865 1550 4909 ’ς””’⁸””-’”’ῖ”’
1580 4865 1666 4873 ”“’
1693 4865 1901 4874 “””’⁷’”
2042 4880 2147 4936 bus
2195 4873 2489 4931 secundum
2533 4876 2878 4942 praesentem
2929 4866 3096 4921 vitam
3150 4865 3514 4921 transitoriam
3578 4865 3633 4920 in

412 4976 529 5031 Non
561 4979 614 5033 id
637 4980 811 5048 ipsum
834 4980 1022 5052 deripi,
1052 4979 1195 5052 quod
1224 4989 1308 5034 est
1351 4979 1591 5042 detineri,
1638 4979 1811 5035 visum
1852 4989 1937 5053 est
2047 4968 2230 5025 (“Vina
2258 4964 2592 5027 summitate,
2621 4960 3076 5059 neglexef‘onfew
3127 4952 3634 5059 93if?"mem_h?tﬁ'

342 5070 506 5127 beato
525 5073 652 5128 huic
672 5075 791 5129 viro
815 5091 830 5139 ;
855 5048 1029 5145 neque
1052 5048 1933 5145 sicariiitreris,probatissiine,'si
2050 5070 2188 5127 illm,
2223 5060 2490 5130 meipsum
2535 5056 2602 5111 δά
2643 5053 2890 5124 corporis
2921 5048 3396 5152 “hensjn‘itina'ls
3427 5048 3637 5152 άθῗῖάθξ

344 5162 476 5233 quid
501 5162 592 5217 tibi
620 5160 919 5235 intelligere
940 5138 1110 5234 ipsius
1125 5138 1570 5229 magnanimitate
1586 5162 1805 5231 dignum
1830 5160 1939 5216 sol-
2050 5154 2215 5221 rium,
2245 5153 2498 5221 dereptus
2529 5162 2646 5203 sum
2672 5151 2926 5217 gravatus
2964 5140 3169 5211 pueris,
3202 5138 3256 5235 id
3284 5147 3367 5194 est
3388 5138 3555 5235 curis,
3584 5147 3639 5194 et

346 5230 615 5310 licitudini
639 5230 871 5310 sit.Ndm
888 5230 1461 5327 superﬂuusvcrbis,et
1479 5230 1806 5307 intellectum
1825 5265 1942 5309 scr-
2055 5264 2087 5303 a
2118 5243 2459 5308 Deocecidi,
2491 5247 2676 5310 utpote
2702 5237 2768 5294 de
2791 5235 2907 5293 solo
2935 5247 3098 5303 regno
3126 5230 3402 5323 caelorum
3432 5230 3637 5297 coxita-

1866 5336 2131 5401 NOTAE.

422 5475 448 5505 ι
486 5463 541 5517 in
568 5461 779 5535 Graeco
802 5470 913 5523 τοῖς
937 5462 1120 5519 ἔαυτοῦ
1145 5459 1406 5533 ἰδιώμασι.
1435 5458 1484 5516 J.
1516 5459 1711 5516 Scotus
1740 5459 1937 5531 legisse

2048 5432 2057 5441 ⁸
2122 5466 2145 5499 δ
2188 5460 2243 5512 in
2267 5456 2475 5513 Graeco
2495 5452 2577 5510 δια
2617 5446 2811 5535 notha}?
2839 5446 2985 5535 ἵξεαι,
3014 5446 3050 5499 i.
3083 5460 3132 5500 e.
3169 5440 3639 5535 (asinaempatgari‘.

347 5511 562 5608 videtur
788 5511 1224 5608 «ἱιῖὸᾏᾜπερωηῖο
1257 5511 1294 5533 Γ
1481 5540 1488 5546 ’
1656 5535 1688 5608 ξ
1746 5606 1754 5608 ,
1782 5511 1822 5608 ,Π
1852 5605 1863 5608 ,
1895 5606 1902 5608 Α

2120 5530 2153 5571 ἀ
2191 5511 2540 5608 Inscitissime
2577 5524 2759 5608 vertit.
2788 5522 2843 5575 In
2869 5518 3083 5574 Graeco
3112 5511 3223 5578 τοίῖς
3263 5511 3462 5575 πέδαις.
3513 5511 3548 5565 i.
3590 5523 3640 5565 e.

424 5606 549 5683 [in
599 5595 824 5683 Graeco:
888 5595 1593 5683 ruis-atptipyorcjrouqic.
1635 5604 1796 5683 Quid
2053 5632 2060 5656 ς

2053 5598 2391 5683 compedibus
2428 5595 2667 5683 vinculis.
2739 5664 2785 5683 ω
3199 5657 3215 5674 ,
3266 5626 3271 5629 '
3364 5655 3377 5683 ζ
3430 5668 3459 5683 η
3494 5652 3622 5683 mh“.

348 5664 401 5734 1.
432 5651 1396 5758 satu;martias-jus?aia
1438 5651 1568 5746 έιιῖίῖῖ
1602 5651 1734 5744 εειῖι,
1764 5651 1943 5747 at".

2057 5651 2243 5758 ’-νε-’111
2270 5668 2710 5758 βιθεξθροιμξῆ-τξσέε
2892 5657 3337 5737 περικεχυμέμης,
3364 5655 3402 5708 io
3427 5668 3478 5710 eo
3494 5651 3646 5708 ἰιίθιίί

349 5733 438 5807 cat
467 5733 827 5822 Hermogenes
850 5733 943 5811 tib.
970 5733 1008 5805 tt
1035 5749 1099 5804 de
1131 5733 1359 5803 Formis.
1455 5733 1473 5746 ’
1718 5733 1733 5744 ’
1837 5733 1852 5747 ’
2057 5766 2092 5802 α
2122 5742 2341 5798 matrice
2366 5733 2590 5792 tenebris
2614 5733 2879 5797 obvoluta.

1941 5846 2000 5881 ’Ὗ
