4142 6296
305 384 447 448 ιω

1341 377 1594 439 VERSIO
1629 368 2093 443 AMBIGUORUM
2137 372 2197 430 S.
2238 368 2508 429 MAXIML

3445 350 3592 413 l202

246 524 257 529 ·
307 506 462 563 nullo
501 517 626 562 esse
666 502 921 567 haberet;
969 498 1326 571 pense’enim
1356 496 1677 570 perfectum,
1709 508 1901 566 quem-
1927 498 1977 556 Α
2001 506 2088 558 eo,
2127 490 2271 562 quod
2303 501 2520 559 semper
2543 491 2647 553 est,
2679 484 2820 541 bene
2847 492 2969 540 esse
2999 483 3114 547 est;
3147 472 3289 535 sicut
3314 482 3370 534 et
3393 474 3594 547 princi-

310 596 605 653 admodum
679 603 736 649 et
816 588 1110 647 ineausale.
1175 587 1379 659 Neque
1449 584 1905 659 impassibilitas,

310 689 515 762 alioqui
574 697 628 742 et
672 698 899 740 manens
940 694 968 724 α
1006 692 1063 739 et
1100 681 1368 762 inﬁnitum
1408 688 1464 735 et
1501 677 1909 735 incircumscri-

310 759 467 854 ptuni
511 786 671 835 esset.
700 776 1001 833 Nonenim
1038 774 1149 846 pati
1191 759 1516 829 naturiilitcr
1559 772 1721 835 inest,
1762 768 1913 839 quod

310 869 693 927 universaliter
740 866 1072 938 impassibile
1104 872 1225 930 est,
1272 863 1417 934 quod
1466 875 1644 931 neque
1692 866 1909 914 amatur

313 965 385 1019 ab
427 961 534 1017 alio
573 969 666 1015 aut
717 966 968 1014 movetur
1008 958 1077 1014 ad
1121 956 1269 1013 aliud
1314 954 1444 1026 quid
1487 968 1587 1025 per
1640 954 1933 1006 amorem.’

310 1052 530 1108 Nullum
578 1053 745 1123 igitur
772 1065 985 1117 eorum,
1017 1065 1159 1120 quae
1204 1054 1459 1120 generata
1508 1052 1657 1111 sunt,
1697 1049 1908 1097 motum

314 1152 456 1209 stat,
502 1151 691 1213 utpote
738 1142 971 1212 primam
1020 1149 1081 1195 et
1122 1148 1432 1195 manentem
1470 1138 1500 1179 ιι
1539 1149 1792 1199 causam,
1841 1146 1912 1189 ex

315 1249 426 1305 qua
464 1248 589 1290 esse
628 1234 734 1299 his,
765 1246 907 1302 quae
953 1239 1111 1296 sunt,
1163 1230 1337 1296 inest,
1389 1230 1628 1285 nondum
1663 1212 1932 1295 compre?

317 1325 583 1391 hendens,
617 1333 712 1379 aut
749 1324 892 1379 intra
924 1322 1279 1379 novissimum
1318 1320 1522 1377 factum
1565 1327 1651 1375 est
1698 1319 1910 1382 datum,

323 1426 418 1472 aut
466 1432 529 1471 ex
576 1415 937 1487 primogenita
982 1414 1190 1470 unitate
1232 1411 1637 1468 rationabilium
1690 1421 1914 1479 sparsor

322 1509 538 1564 sibimet
568 1522 859 1579 corporum
879 1505 1284 1577 generationem
1316 1509 1718 1572 consequenter
1748 1514 1912 1569 coap-

324 1612 446 1657 tans
516 1602 812 1657 arbitratus
870 1608 974 1655 est.
1047 1598 1114 1653 Et
1178 1596 1550 1654 testimonium
1624 1591 1913 1664 perhibent

321 1692 535 1765 Moyses
577 1700 632 1747 et
680 1691 857 1748 David
881 1699 938 1745 et
979 1689 1180 1744 Paulus
1221 1688 1422 1757 sancti,
1466 1697 1521 1742 et
1565 1685 1753 1740 eorum
1803 1681 1912 1736 Do-

322 1786 501 1841 minus
529 1784 798 1841 Christus.
831 1778 1047 1854 Moyses
1072 1781 1309 1853 quidem.
1345 1779 1428 1834 Ne
1448 1787 1617 1850 gustet
1651 1792 1717 1832 ea:
1747 1775 1914 1845 ligno,

2007 586 2157 656 pium
2184 592 2268 639 est
2301 582 2476 652 ipsum
2506 592 2650 645 esse,
2686 577 2829 649 quod
2863 573 3082 647 quidem
3104 581 3188 629 est
3214 571 3385 636 Deus,
3420 568 3512 639 qui
3540 573 3598 622 et

2008 668 2127 734 esse
2148 676 2262 741 dat,
2286 683 2340 731 et
2364 672 2504 730 bene
2527 685 2650 728 esse
2668 671 2852 735 donat,
2875 669 2998 739 jure
3023 664 3352 737 principium
3375 671 3430 719 et
3451 659 3596 717 ﬁnis.

2009 771 2087 828 Ex
2110 772 2228 843 ipso
2249 769 2395 829 enim
2422 775 2479 823 et
2506 764 2755 822 absolute
2784 761 2990 819 moveri
3029 772 3128 816 nos
3162 767 3223 814 ut
3255 773 3284 811 a
3310 752 3600 827 principio,

2009 872 2064 920 et
2116 860 2498 934 quoquomodo
2544 856 2750 913 moveri
2806 854 2873 910 ad
2925 867 3003 919 se,
3059 859 3122 906 ut
3155 849 3222 905 ad
3266 847 3453 908 ﬁnem.
3496 850 3600 901 est.

2012 956 2071 1013 Si
2109 933 2291 1012 autem
2323 961 2569 1010 movetur
2611 942 3101 1006 corrationabiliter
3145 939 3362 996 sibimet
3400 933 3609 991 intelle-

2013 1222 2180 1297 amat,
2221 1228 2429 1301 patitur
2468 1225 2690 1281 omnino
2726 1221 2796 1276 ad
2824 1221 3005 1290 ipsum
3049 1224 3110 1271 ut
3151 1211 3383 1268 amabile
3418 1220 3609 1264 exces-

2013 1341 2175 1391 sum;
2217 1299 2262 1380 si
2297 1332 2476 1377 autem
2528 1317 2751 1390 patitur,
2790 1309 3036 1384 profecto
3083 1307 3247 1363 etiam
3273 1304 3526 1367 festinat;
3560 1299 3608 1356 si

2015 1414 2256 1479 festinat,
2312 1411 2532 1467 omnino
2582 1408 2747 1464 etiam
2811 1401 3041 1458 intendit
3084 1396 3325 1453 Validum
3356 1404 3611 1469 motum;

2015 1511 2060 1568 si
2092 1517 2274 1564 autem
2308 1504 2541 1561 intendit
2576 1499 2817 1555 validum
2858 1503 3091 1559 motum,
3129 1504 3237 1546 non
3277 1496 3387 1544 stat
3412 1499 3610 1555 quouso

2017 1616 2122 1672 que
2177 1599 2273 1654 ﬁat
2323 1604 2494 1651 totum
2548 1593 2602 1647 in
2658 1599 2771 1646 toto
2825 1596 3050 1650 amato,
3106 1590 3163 1638 et
3220 1595 3251 1635 a
3294 1585 3407 1634 toto
3444 1572 3614 1632 com-

2018 1667 2434 1765 prehendatur,
2499 1683 2732 1739 libenter
2782 1686 2955 1734 totum
3010 1671 3308 1731 secundum
3366 1667 3616 1724 volunta-

2020 1796 2127 1842 tem
2143 1784 2436 1841 salutarem
2460 1777 2733 1847 accipiens
2753 1769 3335 1842 circumscriptionem,
3355 1772 3415 1819 nt
3442 1772 3616 1818 totum

322 1878 468 1934 vitae
496 1876 730 1947 primum
758 1884 1036 1947 parentem
1064 1873 1413 1937 describens;
1442 1878 1498 1926 et
1526 1869 1653 1925 alibi
1685 1867 1910 1923 dicens:
1945 1876 1993 1938 Β
2020 1885 2136 1933 toto
2162 1872 2429 1930 afﬁciam
2454 1867 2955 1931 circumscribeme,
3001 1871 3061 1918 υι
3092 1859 3239 1943 ⁸ῃίιιίι
3272 1855 3494 1914 omnino
3529 1849 3616 1910 πιθ-

327 1970 454 2025 Non
504 1971 644 2025 enim
699 1969 910 2024 uenistis
959 1984 1125 2038 usque
1170 1984 1308 2021 nunc
1367 1955 1440 2019 in
1478 1964 1705 2036 quietem
1755 1971 1804 2016 et
1855 1960 1916 2015 in

325 2060 722 2121 baeredilatem,
754 2074 911 2125 quam
943 2056 1200 2111 Dominus
1233 2056 1373 2111 Deus
1420 2064 1588 2110 uester
1624 2052 1770 2107 dabit
1816 2067 1912 2105 uo-

324 2151 425 2205 bis.
466 2150 636 2204 David
679 2163 813 2204 vero
844 2166 857 2202 :
899 2146 1151 2203 Sutiabor
1179 2128 1417 2203 clamans
1448 2144 1575 2199 dum
1611 2140 1917 2213 apparuerit

325 2241 454 2297 milii
495 2240 666 2312 gloria
722 2250 852 2304 tua,
913 2247 960 2293 et
1006 2237 1168 2292 silivit
1215 2237 1405 2303 anima,
1455 2251 1571 2290 mea
1622 2234 1692 2288 ad
1740 2232 1953 2287 Deum'

328 2335 515 2405 fortem
552 2336 846 2398 uiuentem;
886 2332 1098 2402 quando
1142 2332 1348 2385 ueniam
1372 2339 1421 2384 et
1460 2327 1722 2400 apparebo
1748 2324 1919 2382 vultui

330 2424 475 2479 Dei?
539 2423 736 2478 Paulus
772 2436 988 2491 quoque
1020 2418 1468 2488 ‘Pbilippensibus
1511 2416 1732 2486 quidem
1780 2413 1922 2469 scri-

331 2518 469 2573 bens
498 2533 512 2571 :
545 2514 601 2572 Si
633 2514 894 2586 quomodo
925 2506 1199 2567 occurram
1228 2513 1283 2566 in
1310 2510 1767 2574 resurrectionem,
1787 2522 1922 2578 quae

333 2620 410 2665 est
445 2625 510 2664 ex
555 2608 804 2673 mortuis,
847 2622 951 2660 non
996 2604 1140 2676 quod
1174 2604 1292 2674 jam
1327 2602 1638 2673 acceperim,
1676 2609 1768 2655 aut
1804 2600 1923 2666 jam

332 2700 593 2771 perfectus
637 2698 777 2762 sint;
820 2703 1032 2765 expecto
1064 2710 1202 2760 vero,
1227 2693 1272 2748 si
1302 2693 1438 2763 forte
1466 2687 1923 2762 comprehendam,

332 2794 391 2847 in
427 2808 531 2864 quo
567 2801 615 2845 et
666 2789 1068 2860 comprehensus
1103 2804 1219 2842 sum
1250 2787 1315 2841 ab
1373 2784 1503 2840 Iesu
1548 2783 1777 2839 Christo.
1825 2780 1929 2836 He-

338 2883 519 2938 braeis
551 2882 681 2937 item
713 2899 727 2935 :
760 2880 883 2951 Ipse
915 2880 1056 2935 enim
1085 2864 1290 2934 intrans
1319 2879 1377 2932 in
1406 2877 1635 2948 requiem
1684 2889 1838 2929 suam
1877 2877 1928 2926 et

338 2975 448 3045 ipse
488 2974 682 3045 quieuit
713 2975 777 3028 ab
821 2973 1063 3044 operibus
1090 2972 1224 3037 suis,
1253 2970 1413 3026 ueluti
1447 2986 1480 3024 a
1503 2968 1730 3040 propriis
1758 2964 1925 3021 Deus.

337 3065 407 3120 Et
438 3065 633 3120 iterum
679 3066 732 3119 in
776 3065 967 3119 eadem
1006 3061 1229 3133 epistola
1265 3079 1278 3115 :
1315 3059 1592 3115 Neminem
1629 3056 1928 3128 peruenisse

339 3157 410 3213 ad
451 3157 821 3229 promissioues
860 3154 1119 3211 afﬁrmat
1152 3153 1401 3209 Christus
1431 3166 1560 3207 vero
1595 3167 1608 3204 :
1655 3146 1833 3203 Venite
1859 3144 1929 3200 ad

2017 1977 2124 2025 stet
2155 1966 2292 2022 velle
2325 1980 2393 2021 ex
2432 1962 2629 2032 seipso,
2675 1959 2911 2030 seipsum
2952 1962 3123 2010 totum
3154 1964 3484 2023 cognoscere
3524 1960 3619 2001 va-

2018 2061 2181 2118 lende
2199 2040 2710 2125 circumscriptum,
2732 2051 2826 2108 sed
2852 2066 2919 2106 ex
2943 2044 3448 2106 circumscribente,
3472 2039 3618 2103 sicut

2020 2169 2116 2209 aer
2142 2165 2238 2223 per
2260 2159 2433 2205 totum
2461 2146 2796 2202 illuminatus
2827 2140 3049 2205 lumine,
3076 2146 3142 2194 et.
3158 2137 3280 2207 igne
3308 2133 3509 2189 ferrum
3539 2139 3621 2187 to-

2024 2257 2135 2304 tum
2163 2252 2277 2299 toto
2317 2238 2688 2312 liquefactum,
2715 2242 2809 2289 aut
2849 2232 2895 2288 si
2939 2230 3067 2303 quid
3098 2227 3245 2283 aliud
3291 2225 3481 2280 talium
3510 2229 3619 2280 est.

2021 2340 2102 2396 Ex
2150 2335 2347 2408 quibus
2380 2328 2710 2401 speculative
2736 2326 2997 2389 futuram,
3036 2320 3132 2377 sed
3155 2335 3261 2376 non
3285 2317 3397 2389 jam
3420 2313 3619 2369 factam

2022 2442 2079 2488 et
2123 2398 2491 2495 incorruptam
2545 2431 2591 2485 θ,
2629 2419 2808 2487 dignis
2847 2411 3106 2471 bonitatis
3148 2398 3621 2484 participationem

2023 2537 2122 2596 per
2147 2514 2554 2575 similitudinem
2605 2506 2941 2565 solummodo
2987 2503 3320 2575 accipimus,
3364 2496 3623 2569 quoniam

2025 2587 2081 2672 et
2103 2627 2265 2683 super
2278 2607 2458 2667 omnia
2481 2607 2619 2660 haec
2640 2608 2787 2665 "sunt,
2803 2613 2943 2672 quae
2969 2595 3235 2676 speranda
3257 2599 3404 2658 sunt,
3429 2587 3626 2646 merito

2028 2710 2158 2766 dum
2187 2706 2299 2762 sint
2324 2715 2535 2760 summa
2560 2695 2809 2761 visionis,
2840 2693 2983 2768 sicut
3007 2690 3270 2759 scriptum
3288 2680 3400 2751 est,
3433 2691 3489 2739 et
3520 2697 3620 2737 au-

2029 2799 2176 2856 ditus
2205 2804 2262 2853 et
2288 2791 2618 2849 intellectus.
2648 2785 2716 2841 Et
2737 2786 2842 2841 hoc
2869 2783 3059 2852 utique
3085 2790 3169 2835 est
3194 2779 3312 2849 ipsa
3334 2772 3627 2844 subiectio,

2030 2909 2139 2966 qua
2166 2892 2382 2948 divinus
2423 2884 2714 2959 Apostolus
2747 2882 2823 2937 ait
2845 2879 2995 2939 Patri
3026 2876 3223 2965 Filium
3261 2870 3630 2941 subiecturum

2031 2960 2170 3051 fore,
2199 2980 2507 3039 voluntarie
2553 2974 2828 3046 accepturi
2854 2971 3127 3043 subjectos
3147 2960 3288 3041 esse,
3314 2971 3436 3056 pgst
3462 2972 3631 3034 quam

2033 3085 2090 3134 et
2110 3091 2208 3148 per
2241 3088 2404 3145 qttam
2436 3070 2730 3128 novissima
2762 3064 2980 3121 inimica
3005 3063 3313 3118 destruetur
3341 3068 3513 3119 mors,
3541 3057 3632 3105 ut-

2008 3140 2162 3240 ‘pote
2187 3140 2550 3235 corruptionis
2575 3157 2834 3231 potentia,
2864 3170 2959 3226 per
2983 3166 3147 3225 quam
3178 3148 3247 3204 ad
3273 3160 3372 3202 nos
3394 3142 3522 3199 fecit
3545 3140 3632 3197 in-

338 3266 443 3317 me,
487 3264 663 3306 omnes
722 3249 1022 3303 laborantes
1068 3256 1115 3302 et
1159 3247 1364 3302 onerati
1399 3253 1508 3312 ,’et
1548 3258 1641 3315 ego
1667 3241 1933 3313 quiescere
1958 3241 2006 3305 C
2038 3230 2284 3324 bonum,
2312 3230 2429 3324 ξιξεο
2460 3255 2513 3309 in
2543 3230 2734 3316 ηδδίε,
2764 3247 2859 3320 qui
2898 3261 2994 3317 per
3035 3259 3095 3300 se
3130 3250 3324 3312 potens
3352 3242 3455 3301 est,
3484 3230 3637 3302 adju-

337 3357 428 3397 eos
452 3332 455 3337 “
472 3342 692 3412 faciam.
743 3338 995 3396 Nondum
1018 3353 1148 3410 ergo
1176 3337 1287 3393 ullo
1320 3336 1480 3393 modo
1505 3335 1674 3390 ullum
1718 3346 1932 3399 eorum,
1962 3333 1969 3339 '

338 3448 481 3508 quae
500 3432 641 3489 facta
668 3441 814 3498 sunt,
843 3430 1144 3487 naturalem
1167 3429 1425 3484 virtutem
1448 3427 1703 3482 adﬁnem
1726 3430 1933 3479 motam

338 3523 658 3583 stabilitavit
690 3563 706 3591 ,
774 3536 955 3593 neque
1015 3520 1391 3592 operationem
1451 3517 1738 3589 quiescere
1804 3511 1936 3569 fecit

340 3616 761 3677 contendentem
800 3628 859 3670 se
887 3629 988 3671 suo
1023 3613 1129 3668 ﬁne
1165 3622 1214 3677 ε,
1248 3626 1427 3682 neque
1448 3604 1753 3681 pasSionis,
1795 3620 1935 3677 quae

341 3709 639 3769 secundum
671 3714 879 3774 motum
924 3712 1030 3770 est,
1062 3703 1302 3759 fructum
1337 3701 1583 3763 messuit,
1626 3696 1939 3769 impassibi-

343 3802 558 3857 litatem
596 3801 717 3855 dico
750 3796 1367 3855 et'immutabilitatem.
1416 3792 1598 3850 Solius
1645 3791 1794 3846 enim
1835 3787 1934 3843 Dei

350 3904 455 3959 est,
489 3894 615 3949 ﬁnis
648 3907 768 3948 esse
798 3900 852 3948 et
880 3889 1143 3962 perfectio
1175 3898 1230 3944 et
1270 3884 1708 3957 impassibilitas;
1745 3894 1938 3936 eorum

349 3999 501 4050 vero,
533 3997 675 4054 quae
702 3981 846 4038 facta
874 3989 1018 4049 sunt,
1050 3981 1120 4036 ad
1160 3980 1322 4034 ﬁnem
1352 3973 1620 4047 principio
1657 3978 1940 4027 carentem

348 4074 599 4140 moveri,
650 4082 705 4129 et
741 4088 772 4128 a
816 4079 965 4129 tanto
1011 4070 1256 4143 perfecto
1305 4066 1413 4121 ﬁne
1460 4065 1700 4135 quietam
1755 4058 1941 4115 facere

349 4165 721 4237 operationem
745 4204 762 4230 ,
813 4171 869 4219 et
908 4163 1044 4234 pati,
1074 4161 1172 4240 sed
1220 4172 1328 4215 non
1372 4169 1509 4219 esse,
1545 4161 1640 4207 aut
1681 4166 1790 4206 non
1823 4147 1942 4205 ﬁeri

351 4258 650 4317 secundum
691 4256 984 4313 essentiam
1028 4270 1136 4310 non
1176 4260 1262 4308 est
1305 4246 1625 4307 delectabile
1664 4243 1717 4301 ἀ.
1769 4242 1944 4300 Omne

353 4352 501 4408 enim
536 4351 1121 4419 factum‘ctcreatum
1161 4363 1273 4404 non
1317 4328 1644 4400 immensum
1674 4336 1940 4410 profecto,

357 4445 590 4500 ﬁdeliter
636 4453 817 4500 autem
863 4442 1105 4517 passioni
1142 4437 1576 4496 auscultandum.
1632 4432 1749 4488 Non
1798 4424 1975 4487 enim'

356 4551 444 4602 ea,
480 4550 622 4608 quae
657 4537 956 4593 secundum
993 4533 1405 4593 conversionem
1443 4536 1499 4584 et
1539 4524 1948 4595 corruptionem

2034 3362 2200 3412 vante
2256 3349 2553 3407 secundum
2582 3359 2703 3411 nos,
2749 3336 3075 3397 voluntarie
3105 3327 3487 3390 universaliter
3521 3325 3635 3380 Deo

2038 3449 2296 3525 implente
2337 3443 2358 3482 ί
2399 3448 2456 3498 et
2496 3440 2638 3495 bene
2680 3441 2944 3509 regnante
2990 3428 3136 3502 quod
3187 3424 3328 3497 regit
3378 3423 3426 3488 Β,
3465 3418 3637 3520 otium

2039 3506 2267 3611 agendo,
2293 3548 2361 3604 ne
2387 3530 2517 3603 quid
2543 3528 2693 3593 velit,
2722 3506 2941 3598 praeter
2967 3518 3113 3592 quod
3144 3516 3260 3572 vult
3290 3512 3467 3576 Deus;
3496 3506 3642 3563 sicut

2039 3603 2167 3687 alibi
2204 3626 2427 3698 ait-ipse
2472 3623 2529 3678 in
2573 3618 2753 3691 seipse
2783 3616 3042 3676 formans,
3069 3607 3215 3680 quod
3244 3613 3491 3660 nostrum
3530 3603 3639 3698 est,

2040 3723 2279 3783 salvator
2303 3685 2373 3775 all
2402 3715 2621 3771 Patrem
2710 3706 3080 3764 Verumtamen
3106 3718 3210 3757 non
3241 3699 3375 3754 sicut
3396 3707 3489 3765 ego
3526 3685 3643 3783 uolo

2041 3779 2131 3870 sed
2159 3814 2293 3868 sicut
2322 3817 2412 3867 tu:
2436 3814 2493 3863 et
2512 3810 2637 3877 post
2662 3816 2785 3856 eum
2809 3798 3025 3854 divinus
3046 3809 3111 3850 ac
3133 3787 3398 3847 mirabilis
3421 3779 3643 3877 Paulus,

2041 3904 2207 3962 veluti
2238 3900 2475 3970 seipsuin
2504 3869 2706 3963 negans
2725 3932 2741 3957 ,
2784 3898 2840 3945 et
2867 3886 3142 3959 propriam
3175 3880 3380 3939 habere
3412 3875 3527 3946 iam
3556 3869 3643 3928 vi-

2041 4006 2154 4052 tam
2181 3992 2431 4048 nesciens
2462 4006 2476 4041 :
2513 3982 2641 4039 Viro
2670 3991 2844 4037 autem
2859 3981 2977 4050 jam
3010 3993 3115 4031 non
3142 3990 3256 4044 ego,
3288 3970 3409 4027 vivit
3441 3981 3560 4029 uero
3587 3962 3649 4020 in

2042 4103 2126 4142 me
2147 4082 2407 4140 Christus.
2442 4076 2560 4133 Non
2606 4072 2892 4130 conturbet
2927 4083 3049 4134 vos,
3091 4063 3236 4135 quod
3267 4062 3471 4117 dictum
3517 4063 3640 4121 est;
3728 4116 3733 4123 ~

2044 4193 2154 4234 non
2180 4174 2325 4231 enim
2362 4169 2689 4225 ablutionem
2732 4161 2984 4234 propriae
3013 4154 3288 4228 potentiae
3326 4149 3446 4207 ﬁeri
3492 4144 3642 4229 dico,

2048 4267 2144 4325 sed
2170 4262 2494 4337 positionem
2536 4255 2710 4329 magis
2754 4249 3051 4311 secundum
3095 4253 3343 4302 naturam
3391 4241 3556 4295 ﬁxam
3591 4243 3651 4293 et

2047 4327 2471 4415 immutabilem,
2526 4347 2582 4403 id
2632 4327 2719 4401 est
2772 4327 3545 4415 excessumintellectualem,
3590 4329 3655 4380 ut

2048 4449 2193 4505 unde
2222 4444 2376 4502 nobis
2399 4438 2649 4498 subsistit
2675 4450 2795 4491 esse
2815 4475 2831 4503 ,
2857 4442 2913 4489 et
2936 4414 3141 4486 moveri
3167 4420 3415 4494 accipere
3439 4417 3655 4475 deside-

2052 4553 2257 4603 remus,
2291 4534 2438 4590 velut
2472 4514 2705 4601 imagine
2733 4524 2995 4581 redeunte
3024 4520 3110 4595 ad
3130 4511 3431 4601 principale
3466 4522 3657 4565 exemo

354 4628 577 4684 νίτωιίε
628 4637 712 4686 θεῖ
736 4670 751 4691 ν
793 4629 881 4686 hic
919 4630 1226 4685 ἀθειθιτίῑυι·
1262 4624 1445 4697 Passio
1466 4663 1482 4690 ν
1523 4622 1619 4679 8οά
1662 4635 1725 4675 ea
1750 4660 1766 4686 ν
1816 4631 1956 4687 quae
1982 4613 2034 4673 D
2059 4634 2305 4706 plum,et
2324 4629 2463 4701 signi
2488 4626 2660 4682 instar
2678 4638 2777 4696 per
2797 4620 3023 4692 ﬁguram
3050 4617 3193 4671 bene
3214 4605 3479 4680 compaeti
3506 4602 3658 4676 prin-

356 4736 458 4793 per
503 4730 756 4777 naturam
807 4722 1058 4778 subsistit
1102 4721 1158 4776 in
1204 4721 1290 4777 bis
1317 4760 1332 4786 ,
1380 4733 1519 4789 quae
1561 4722 1731 4780 sunt;
1769 4710 1953 4768 omnia

358 4816 529 4881 enim,
571 4828 932 4887 quaecunque
989 4814 1131 4871 facta
1177 4822 1343 4878 sunt,
1392 4810 1675 4881 patiuntur
1724 4802 1956 4870 moveri,

361 4909 502 4965 sicut
555 4925 621 4966 ea
675 4926 818 4980 quae
881 4927 988 4968 non
1042 4917 1188 4975 sunt,
1257 4922 1355 4977 per
1407 4920 1467 4960 se
1533 4905 1709 4975 ipsum
1777 4905 1959 4955 motus

365 5011 459 5058 aut
495 4996 607 5075 per
632 5022 692 5062 se
727 5006 901 5078 ipsam
942 5009 1114 5063 virtus
1140 5011 1282 5060 sunt.
1330 5001 1387 5055 Si
1425 5013 1579 5070 ergo,
1607 5011 1745 5067 quae
1779 4994 1961 5067 genita

366 5104 515 5163 sunt,
553 5099 898 5156 rationabilia
938 5100 1257 5163 subsistunt,
1286 5093 1506 5151 omnino
1535 5091 1699 5147 etiam
1741 5102 1964 5144 moven-

366 5193 482 5250 tur,
508 5195 694 5259 utpote
716 5204 784 5245 ex
813 5191 1082 5263 principio
1110 5187 1405 5247 secundum
1428 5192 1677 5240 naturam
1702 5196 1799 5251 per
1819 5196 1962 5249 esse,

369 5276 439 5331 ad
464 5274 623 5333 finem
646 5279 943 5335 secundum
966 5280 1329 5351 cognitionem
1360 5290 1457 5346 per
1482 5275 1622 5330 bene
1657 5286 1778 5327 esse
1801 5280 1966 5326 mota.

370 5366 525 5427 Finis
552 5370 699 5427 enim
730 5388 943 5443 eorum,
985 5389 1125 5445 quae
1170 5379 1472 5435 moventur,
1506 5373 1684 5423 motus
1711 5364 1884 5437 ipsum
1914 5364 1969 5421 in

2059 4701 2222 4798 cipali
2256 4725 2484 4790 formae,
2505 4734 2561 4777 et
2584 4719 2844 4774 aliorsum
2876 4712 3005 4770 ferri
3027 4723 3204 4781 neque
3227 4707 3460 4763 habente
3482 4701 3549 4757 de
3568 4712 3658 4756 ee-

2062 4791 2205 4883 tero,
2238 4830 2415 4886 neque
2436 4812 2671 4875 valente,
2701 4824 2769 4864 an
2802 4805 3042 4878 apertius
3062 4799 3348 4858 dicendum
3370 4803 3426 4851 et
3450 4791 3656 4856 verius,

2064 4924 2244 4981 neque
2270 4883 2433 4979 posse
2451 4904 2685 4970 volente,
2718 4898 2914 4956 merito
2939 4896 3123 4951 divina
3150 4898 3372 4962 accepta
3397 4883 3663 4957 operatio-

2067 4973 2356 5074 ne,-magis
2379 5007 2559 5055 autem
2580 4997 2723 5052 Deus
2738 5008 2840 5064 per
2859 4986 3257 5046 deiﬁcationem
3279 4982 3444 5045 facta,
3466 4986 3521 5033 et
3541 4973 3665 5047 plus

2070 5072 2325 5151 dilectata
2356 5106 2582 5149 excessu
2604 5088 2673 5142 ab
2700 5085 2811 5150 his,
2836 5095 2976 5151 quae
3002 5074 3323 5145 naturaliter
3348 5072 3401 5126 in
3429 5085 3493 5126 ea
3512 5073 3661 5133 sunt,

2070 5195 2127 5243 et
2161 5188 2231 5242 ab
2255 5185 2363 5263 his,
2386 5197 2528 5255 quae
2551 5186 2680 5236 sunt
2702 5185 2758 5232 et
2777 5172 3169 5241 intelliguntur,
3193 5179 3292 5235 per
3318 5166 3666 5230 superantem

2073 5293 2133 5334 se
2169 5260 2398 5350 gratiam
2436 5271 2680 5346 spiritus,
2715 5273 2770 5321 et
2794 5258 3131 5321 solummodo
3153 5256 3447 5345 habentem
3473 5261 3666 5350 cpera-

2078 5336 2251 5425 torem
2272 5336 2539 5425 1ῡειιιηέῑ
2563 5357 2939 5429 accipientem,
2954 5352 3031 5407 ita
3055 5357 3116 5405 ut
3137 5347 3209 5403 sit
3231 5340 3338 5399 una
3360 5349 3418 5397 et
3437 5336 3550 5398 sola
3570 5349 3668 5409 per

1903 5477 2155 5542 NOTAE.

446 5582 554 5656 {lin
574 5582 787 5642 Graeco
808 5585 919 5656 imi
944 5587 1043 5656 καὶ
1054 5604 1219 5656 μονον,
1249 5581 1286 5637 i.
1314 5595 1365 5637 e.
1396 5580 1555 5634 immo
1578 5590 1741 5656 unum
1768 5570 1960 5656 solum.

447 5653 478 5695 ιδ
499 5654 731 5738 Pari-ten
777 5655 967 5738 solam.
1002 5645 1168 5738 Quae
1203 5645 1531 5736 sequuntur,
1571 5655 1700 5704 sunt
1733 5645 1962 5701 obseura

372 5740 500 5783 eum
534 5727 586 5781 in
614 5726 825 5783 Latinis
855 5736 966 5782 tum
1002 5729 1053 5782 in
1079 5724 1325 5781 Graecis.
1854 5754 1859 5759 μ

451 5809 473 5838 ο
508 5798 688 5856 Voluit
718 5801 920 5854 dixisse
947 5800 1112 5867 ipsam
1141 5799 1195 5851 in
1221 5811 1318 5850 suo
1345 5792 1456 5867 ﬁne
1482 5792 1732 5867 deﬁgens.

449 5868 476 5910 ἀ
502 5870 557 5925 in
589 5868 801 5929 Graeco
855 5856 1054 5938 ἄποέον,
1084 5869 1200 5941 ἱεθ.
1228 5856 1648 5932 εἰηεήᾔεειῇὸῖπε
1690 5860 1760 5917 ad
1796 5856 1967 5929 aliud,

2072 5594 2514 5703 tmgﬂl‘zebraeco
2534 5630 3007 5720 napapGapasie-au,
3036 5632 3074 5687 i.
3102 5643 3152 5687 e.
3186 5630 3507 5720 ﬁorruptam.
3594 5702 3601 5705 Α

2151 5719 2173 5760 ι
2539 5700 2950 5789 ἐᾉίίῷρηᾷἐητοςέ
2977 5706 3013 5760 l.
3049 5720 3100 5787 te.
3126 5700 3365 5789 cedente].
3436 5762 3481 5789 Δ

2153 5790 2181 5833 ⁸
2218 5768 2275 5846 lii
2301 5768 2511 5845 Craeco
2546 5768 3023 5853 adsequamur,
3053 5775 3091 5832 i.
3123 5788 3175 5830 e.
3206 5768 3344 5842 quod
3372 5768 3594 5837 regitur.

2114 5907 2205 5938 Mr:
2235 5937 2244 5945 Ι
