4142 6296
500 292 638 352 i205

1869 283 2154 343 JOANNIS
2194 284 2390 343 SCOTI

3646 278 3839 339 1281

498 407 680 463 omnia
710 404 951 475 operatio
989 400 1083 457 Dei
1112 408 1167 463 et
1210 401 1492 475 dignorum
1525 398 1658 466 Deo,
1696 413 1869 469 magis
1902 406 2080 453 autem
2109 396 2159 457 Α
2186 409 2305 455 sunt
2335 398 2529 462 omnia,
2557 413 2691 467 quae
2708 395 2763 449 in
2790 392 2947 457 caelis
2972 402 3018 446 et
3047 408 3180 462 quae
3204 407 3257 443 in
3287 400 3444 454 terra,
3468 392 3575 445 sire
3602 392 3840 445 visibi—

500 497 667 559 sulins
697 495 1014 564 Dei.utpote
1043 502 1151 547 toto
1194 501 1336 563 totos
1371 493 1561 559 dignos
1597 493 1734 547 bene
1772 506 1835 544 ac
1862 488 2084 559 pulchre

504 587 791 659 ambiente.
810 582 965 639 Omni
980 582 1122 638 enim
1138 584 1461 638 necessitate
1475 598 1569 653 per
1585 582 1761 647 omnia
1779 582 1922 635 circa
1942 579 2084 634 aliud

505 679 631 744 quid
658 677 936 746 quiescent
958 675 1282 746 potestativo
1322 684 1466 730 motu
1503 674 1592 743 qui
1629 673 1920 727 secundum
1953 670 2088 737 desi-

504 766 708 821 derium
726 775 825 830 est,
848 767 1141 822 novissimo
1157 782 1289 837 appa
1299 775 1447 820 rente
1469 766 1592 819 dato
1606 775 1657 818 ct
1673 765 2012 833 participato,
2034 770 2088 816 et

506 854 990 913 corratiOnabiliter
1015 858 1451 928 participantium
1482 856 1660 911 virtuti
1679 856 2088 925 incomprehen-

508 951 915 1015 sibiliter,utita
935 951 1127 1015 dicam,
1148 960 1337 1020 capto;
1373 950 1438 1003 ad
1478 950 1621 1021 quod
1651 948 1829 1002 omnis
1871 948 2089 1002 festinat

508 1044 844 1097 conversatio
858 1042 1053 1099 excelsi
1071 1051 1125 1099 et
1144 1043 1444 1097 intellectus
1463 1084 1477 1108 ,
1501 1052 1547 1096 et
1568 1044 1618 1096 in
1640 1042 1778 1113 quod
1793 1043 1958 1094 omnis
1980 1052 2087 1094 sta-

510 1134 746 1189 bilitatur
756 1137 1035 1206 appetitus,
1050 1145 1097 1190 et
1111 1153 1271 1207 supra
1285 1136 1423 1206 quod
1439 1134 1581 1190 nullo
1597 1136 1750 1189 modo
1767 1135 1934 1205 fertur
1954 1152 1970 1199 ,'
2003 1151 2089 1191 ne-

507 1226 752 1294 queenim
794 1224 969 1291 habet,
1005 1235 1051 1280 et
1086 1226 1154 1279 ad
1193 1226 1329 1299 quod
1360 1225 1522 1279 tendit
1579 1226 1745 1280 omnis
1795 1225 2089 1293 festinantis

508 1325 701 1382 motus,
727 1327 772 1369 et
801 1333 831 1369 a
862 1333 962 1383 quo
990 1316 1305 1370 venientibus
1326 1316 1491 1369 omnis
1524 1313 1972 1382 contemplationis
2012 1331 2094 1367 re-

507 1408 672 1478 quies,
703 1418 760 1461 ut
781 1407 855 1461 ait
875 1411 1063 1463 beatus
1090 1407 1190 1461 iste
1217 1409 1487 1478 magister.
1520 1405 1702 1475 Neque
1724 1407 1825 1461 erit
1852 1408 1977 1477 quid
2001 1423 2091 1462 ex-

512 1508 593 1573 tra
622 1500 787 1554 Deum
824 1509 949 1555 tunc
971 1498 1394 1563 manifestatum,
1426 1508 1519 1553 aut
1570 1498 1679 1553 Deo
1709 1509 1927 1553 econtra
1961 1500 2090 1553 ima-

511 1590 683 1663 ginari
715 1603 740 1630 ι
779 1590 974 1653 visum,
1007 1599 1065 1644 ut
1098 1588 1324 1658 alicujus
1372 1588 1696 1644 desidermm
1744 1591 1809 1643 ad
1854 1589 2088 1658 seip'sum

508 1668 674 1733 ﬂuere
703 1681 905 1735 erroris
933 1681 1003 1734 sit
1026 1680 1077 1746 Β,
1107 1681 1358 1734 omnibus
1398 1680 1614 1734 ambitis
1657 1681 1725 1734 ab
1754 1680 1868 1750 ipso
1899 1680 2093 1734 intelli-

2186 492 2259 545 lia
2283 492 2387 547 sive
2414 489 2712 555 invisibilia,
2734 490 2838 542 sive
2859 486 3074 552 Throni,
3091 486 3194 540 sive
3224 484 3621 539 Dominationes
3640 525 3656 547 ,
3683 486 3843 538 sive

2192 585 2543 657 Principatus,
2572 585 2675 638 sive
2717 581 3006 637 Potestates
3054 596 3072 633 :
3108 579 3285 635 omnia
3327 595 3391 631 ea:
3439 579 3552 645 ipso
3600 586 3653 629 et
3702 593 3841 646 per

2186 680 2354 749 ipsum
2401 687 2447 731 et
2487 677 2542 731 in
2578 677 2689 747 ipso
2728 683 2903 728 creata
2941 681 3082 727 sunt.
3119 669 3326 726 Causas
3370 668 3514 723 enim
3566 682 3835 733 eorum,

2188 784 2325 839 quae
2354 767 2495 823 facta
2520 774 2663 830 sunt,
2693 766 2897 820 habens
2932 772 3056 819 ante
3080 761 3259 818 secula
3300 759 3831 830 praesubstitutas,

2187 860 2460 916 voluntate
2484 859 2627 913 bona
2651 856 2942 911 secundum
2969 869 3063 908 eas
3083 851 3349 908 visibilem
3375 860 3427 905 et
3457 850 3827 907 invisibilem

2190 965 2255 1007 ex
2309 965 2415 1006 non
2457 949 2723 1005 existente
2766 945 3039 1007 substituit
3078 952 3421 1008 creaturam,
3471 942 3699 997 ratione
3751 948 3827 997 et

2191 1043 2451 1113 sapientia
2499 1043 2678 1099 omnia
2718 1038 3012 1095 secundum
3053 1044 3413 1106 opportunum
3467 1043 3698 1103 tempus
3750 1041 3825 1091 et

2192 1134 2320 1191 fecit
2358 1143 2414 1190 et
2451 1134 2597 1192 facit,
2631 1142 2684 1188 et
2710 1146 2848 1203 quae
2880 1128 3257 1185 universaliler
3285 1136 3410 1180 sunt
3441 1134 3493 1179 et
3519 1140 3677 1194 quae
3704 1139 3824 1194 per

2192 1228 2419 1301 singula.
2460 1226 2684 1281 Causam
2709 1225 2849 1280 enim
2878 1222 3206 1293 Angelornm
3235 1220 3530 1277 creationis
3556 1220 3820 1289 praedu-

2193 1322 2336 1377 xisse
2373 1318 2644 1375 credimus
2675 1331 2889 1373 causam
2927 1313 3350 1383 uniuscujusque
3394 1312 3819 1382 complentium

2196 1413 2476 1476 mundum,
2520 1410 2609 1479 qui
2658 1423 2819 1478 super
2864 1422 2959 1462 nos
2997 1414 3100 1471 est,
3152 1404 3510 1461 cssentiarum
3542 1413 3599 1460 et
3620 1405 3820 1460 virtu—

2198 1511 2340 1568 tum;
2370 1501 2635 1555 rationem
2666 1497 2938 1559 hominum
2978 1495 3239 1548 rationem
3271 1493 3706 1563 uniuscujusque
3736 1506 3817 1548 ex

2198 1594 2306 1648 Deo
2342 1608 2460 1647 esse
2499 1591 2897 1660 accipientium,
2948 1597 3007 1642 ut
3053 1603 3158 1641 non
3201 1602 3299 1657 per
3332 1586 3543 1657 singula
3588 1586 3812 1650 dicam,

2199 1684 2460 1754 siquidem
2505 1684 2616 1753 ipse
2660 1681 2869 1735 inﬁnite
2904 1695 2999 1748 per
3041 1678 3275 1748 seipsum
3306 1678 3806 1748 supereminentia,

509 1768 761 1839 gihilihus
787 1778 842 1824 et
870 1744 1215 1845 sensibilibus
1245 1771 1535 1826 secundum
1556 1744 1889 1825 ineffabilem
1922 1771 2090 1842 ipsius
2121 1744 2167 1804 Β
2200 1744 2322 1834 (μίγη
2366 1779 2436 1833 sit
2476 1744 2837 1835 ineffabilis'ct
2868 1744 3246 1845 ititelligibilis,
3278 1784 3335 1829 et
3359 1744 3536 1829 omnis
3578 1791 3807 1830 summa

510 1860 1000 1916 manifestationem
1028 1871 1082 1917 et
1117 1862 1513 1934 praesentiam;
1544 1861 1685 1917 sicut
1721 1877 1895 1933 neque
1923 1863 1974 1916 in
2006 1863 2091 1916 die

510 1952 718 2007 siderea
767 1952 966 2008 lumina
996 1962 1049 2008 et
1088 1955 1201 2024 ipsa
1246 1963 1415 2020 astra,
1461 1954 1571 2009 sole
1607 1966 1897 2024 apparente
1923 1955 2091 2009 multo

510 2054 565 2098 et
594 2044 997 2115 incomparabili
1028 2046 1246 2110 lumine,
1278 2062 1341 2101 ex
1372 2062 1477 2117 quo
1504 2047 1583 2101 eis
1610 2036 1971 2111 luminaesse,
1997 2063 2089 2100 oc-

511 2132 735 2199 cultata,
758 2144 812 2190 et
837 2150 1031 2207 neque,
1050 2136 1175 2204 quia
1200 2146 1342 2202 sunt,
1365 2144 1626 2211 quantum
1652 2136 1831 2190 sensui
1855 2135 2087 2207 cognita.

508 2225 567 2282 In
614 2226 722 2283 Deo
761 2243 884 2284 vero
931 2228 1066 2299 plus,
1115 2237 1373 2300 quantum
1419 2229 1560 2285 inter
1612 2246 1715 2284 non
1759 2238 1995 2284 creatum
2036 2238 2091 2283 et

511 2318 773 2385 creatum,
816 2318 1022 2375 inﬁnita
1067 2320 1328 2379 medietas
1373 2328 1456 2374 est
1495 2330 1546 2375 el
1585 2319 1904 2376 differentia.
1944 2320 2092 2376 Tune

512 2409 655 2463 enim
683 2425 780 2479 per
802 2412 1091 2467 essentiam
1117 2427 1323 2477 eorum,
1351 2427 1490 2482 quae
1516 2421 1660 2478 sunt,
1689 2412 2091 2468 subsistentiam

511 2502 808 2557 secundum
840 2503 1004 2574 quod,
1039 2503 1188 2577 quid,
1221 2514 1274 2558 et
1318 2504 1605 2575 quomodo,
1639 2511 1693 2558 et
1736 2496 1789 2557 in
1819 2520 1926 2576 quo
1952 2520 2091 2572 esse,

512 2598 573 2644 ut
610 2590 878 2656 arbitror,
910 2592 1174 2657 scientes,
1198 2593 1263 2647 ad
1291 2593 1418 2665 quid
1450 2594 1749 2667 appetitum
1781 2594 1959 2649 adhuc
1999 2609 2094 2664 per

511 2681 871 2749 cognitionem
915 2697 1019 2738 non
1061 2684 1432 2750 movebimus,
1476 2683 1893 2753 uniuscujusque
1943 2693 1997 2739 et
2038 2685 2091 2740 in

513 2788 840 2845 unoquoque
864 2791 1072 2845 eorum,
1098 2791 1237 2850 quae
1266 2789 1387 2848 post
1419 2779 1584 2835 Deum
1612 2789 1759 2844 sunt,
1787 2781 2093 2852 cognitione

512 2865 669 2951 nobis
688 2876 1076 2932 consummata,
1106 2877 1161 2923 et
1191 2868 1397 2924 inﬁnita
1422 2885 1485 2924 ac
1510 2869 1690 2924 divina
1716 2878 1770 2925 et
1796 2870 2094 2940 incompre-

512 2948 763 3012 hensibili
794 2956 1068 3016 fructuose
1100 2960 1254 3016 nobis
1304 2960 1781 3032 proportionaliter
1822 2948 2094 3033 proposita

513 3040 796 3105 mansione
821 3060 875 3107 et
906 3052 1336 3124 participatione.
1384 3050 1449 3107 Et
1491 3052 1594 3108 hoc
1620 3061 1722 3124 est,
1764 3054 1906 3127 quod
1935 3053 2092 3111 valde

512 3140 949 3213 philosophatum
988 3153 1072 3200 est
1113 3144 1406 3201 secundmn
1442 3142 1705 3201 deiferum
1743 3144 1886 3200 hunc
1928 3146 2097 3219 magi-

515 3222 689 3291 strum
720 3234 1014 3303 dicentem,
1045 3238 1431 3308 cognoscituros
1462 3253 1555 3291 nos
1579 3232 1889 3309 quandoque
1931 3232 2098 3309 quan-

516 3334 624 3379 tum
683 3329 877 3397 cogniti
940 3346 1119 3383 sumus
1145 3371 1158 3396 ,
1221 3316 1338 3383 cum
1399 3318 1652 3399 deiforme
1722 3330 1820 3384 hoc
1864 3338 1912 3384 et
1971 3330 2101 3384 divi-

516 3433 663 3497 num,
694 3430 929 3473 nostrum
986 3414 1219 3481 animum
1260 3429 1307 3474 et
1362 3418 1618 3473 rationem
1661 3421 1872 3492 proprio
1927 3420 2101 3475 admi-

514 3508 790 3570 scebimus,
817 3519 863 3562 et
884 3511 1056 3579 imago
1083 3520 1365 3563 revertetur
1382 3509 1450 3564 ad
1474 3510 1763 3579 principale
1785 3511 2096 3583 exemplum,

516 3597 668 3668 cujus
699 3615 835 3651 nunc
860 3599 1011 3652 habet
1051 3601 1352 3669 appetitum.
1397 3603 1471 3657 De
1512 3617 1578 3656 eo
1605 3602 1787 3672 igitur,
1819 3603 1962 3674 quod
1993 3620 2097 3659 non

517 3685 590 3740 sit
619 3676 902 3754 dispertita
942 3674 1140 3752 unitas,
1166 3696 1221 3742 et
1240 3691 1507 3758 quomodo
1533 3692 1826 3747 secundum
1855 3693 2098 3749 notitiam

517 3791 581 3832 ex
613 3777 954 3851 possibilibus
970 3772 1111 3835 nunc
1134 3782 1288 3836 nobis
1310 3780 1623 3853 Scripturae
1653 3772 2017 3842 intellectibus
2046 3795 2103 3842 et

519 3862 973 3934 disputationibus
1011 3870 1116 3925 erit
1165 3869 1465 3927 futurorum
1524 3878 1716 3941 Status,
1767 3875 1968 3931 dictum
2020 3886 2102 3932 est

510 3956 813 4025 hactenus;
842 3960 906 4015 de
928 3976 992 4015 eo
1006 3950 1164 4027 vero,
1187 3964 1475 4032 quomodo,
1500 3967 1625 4019 dum
1645 3982 1769 4035 pars
1790 3967 1882 4021 Dei
1911 3968 2097 4030 simus,

510 4053 553 4102 ἐι
580 4046 688 4104 Deo
711 4048 1038 4118 reduximus,
1072 4051 1181 4109 Deo
1221 4054 1357 4136 duce
1402 4055 1527 4111 hinc
1551 4072 1852 4113 sermonem
1886 4057 2098 4112 faciam.

590 4140 721 4209 Quis
772 4143 915 4200 enim
965 4148 1173 4202 ratione
1215 4136 1562 4205 considerans
1601 4158 1653 4205 et
1696 4151 1956 4219 sapientia
2009 4167 2101 4216 ea,

521 4247 661 4315 quae
689 4245 832 4301 sunt,
867 4236 935 4292 ab
962 4254 1049 4305 eo,
1077 4240 1217 4309 quod
1246 4257 1350 4294 non
1385 4250 1488 4307 est,
1529 4255 1557 4294 a
1594 4241 1703 4297 Deo
1742 4243 1793 4295 in
1841 4240 1917 4306 id,
1963 4242 2104 4311 quod

522 4328 624 4394 est,
654 4331 987 4396 transducta,
1021 4332 1065 4387 si
1093 4348 1189 4402 per
1219 4334 1515 4389 naturalem
1551 4349 1758 4399 eorum,
1797 4349 1934 4403 quae
1960 4341 2101 4399 sunt,

2120 3100 2170 3168 C

2193 1882 2499 1933 creaturae,
2543 1878 2595 1924 et
2643 1868 2924 1924 existentis
2969 1883 3063 1937 per
3107 1868 3341 1937 scipsam
3390 1878 3444 1930 et
3490 1868 3811 1922 intellectae

2193 1960 2528 2017 differentiae
2584 1970 2634 2013 et
2682 1957 3045 2022 discretionis,
3097 1957 3339 2026 seipsum
3400 1957 3452 2010 in
3511 1956 3801 2010 omnibus:

2193 2066 2331 2119 quae
2361 2066 2426 2105 ex
2455 2065 2521 2106 eo
2552 2060 2699 2114 sunt,
2725 2048 3055 2118 singulorum
3092 2046 3388 2117 analogiam
3414 2048 3544 2101 bene
3567 2062 3631 2100 ac
3658 2044 3800 2115 pul-

2193 2142 2323 2198 chre
2382 2141 2673 2196 ostendens
2715 2139 2738 2178 ά
2798 2147 2853 2195 et
2901 2137 3293 2207 multiplicans;
3334 2145 3385 2192 et
3436 2136 3485 2189 in
3534 2136 3787 2204 seipsum

2192 2235 2371 2289 omnia
2406 2232 2787 2303 recapitulans,
2811 2246 2908 2300 per
2928 2245 3088 2301 quem
3116 2238 3172 2282 et
3204 2243 3340 2291 esse,
3360 2236 3412 2282 et
3428 2239 3788 2297 permanere,

2194 2336 2247 2381 et
2278 2341 2344 2381 ex
2373 2341 2497 2394 quo,
2533 2338 2669 2394 quae
2693 2324 2870 2393 genita
2899 2331 3042 2383 sunt,
3073 2331 3126 2377 et
3153 2322 3218 2376 ad
3251 2335 3405 2389 quem
3430 2320 3604 2388 genita
3628 2325 3795 2382 sunt,

2192 2429 2247 2477 et
2272 2420 2544 2476 manentia
2575 2429 2628 2473 et
2665 2430 2809 2475 mota
2835 2416 3161 2487 participant
3191 2414 3382 2469 Deum.
3414 2410 3605 2469 Omnia
3636 2411 3791 2467 enim

2192 2512 2537 2582 participant,
2565 2525 2631 2565 eo
2658 2509 2798 2579 quod
2829 2524 2897 2563 ex
2919 2509 3030 2562 Deo
3058 2504 3199 2573 facta
3228 2512 3388 2565 sunt,
3416 2502 3796 2572 proportiona-

2193 2603 2319 2667 liter
2344 2601 2536 2666 Deum,
2568 2601 2682 2657 sive
2710 2615 2805 2669 per
2830 2598 3183 2661 intellectum,
3216 2597 3332 2651 sive
3356 2594 3647 2657 rationem,
3673 2591 3795 2646 sive

2195 2710 2433 2760 sensum,
2465 2693 2579 2749 sive
2599 2703 2801 2748 motum
2827 2690 3061 2754 vitalem,
3093 2689 3204 2744 sive
3226 2685 3597 2748 essentialem,
3618 2695 3673 2741 et
3691 2686 3790 2740 ha-

2193 2786 2366 2842 bitum
2396 2785 2871 2853 opportunitatem,
2905 2791 2963 2838 ut
2989 2797 3184 2851 magno
3222 2790 3278 2836 et
3325 2780 3513 2835 divino
3558 2779 3786 2834 manife-

2197 2876 2387 2932 stalori
2439 2875 2693 2947 Dionysio
2737 2874 2949 2929 videtur
2997 2874 3373 2943 Areopagitae.
3413 2871 3792 2940 Unusquisque

2197 2981 2330 3037 ergo
2376 2964 2787 3036 intelligibilium
2824 2975 2878 3020 et
2920 2963 3320 3019 rationabilinm
3367 2963 3681 3033 angelorum
3732 2969 3790 3016 et

2198 3059 2479 3117 hominum
2510 3074 2606 3130 per
2628 3073 2771 3121 eam,
2802 3072 2905 3127 qua
2938 3065 3155 3117 crewts
3200 3063 3316 3121 est,
3362 3056 3649 3118 rationem,
3688 3067 3790 3125 qua

2201 3151 2256 3206 in
2288 3150 2399 3207 Deo
2419 3159 2519 3213 est,
2547 3159 2602 3203 et
2628 3149 2695 3203 ad
2725 3147 2890 3202 Deum
2927 3157 3031 3213 est,
3064 3161 3192 3216 pars
3232 3154 3317 3209 est
3344 3155 3401 3206 et
3431 3146 3631 3201 dicitur
3671 3144 3787 3213 Dei,

2198 3258 2295 3315 per
2323 3258 2476 3300 suam
2508 3241 2951 3295 anteexistentem
2980 3238 3032 3295 in
3064 3238 3196 3301 Deo,
3244 3236 3386 3292 sicut
3431 3237 3637 3292 dictum
3683 3244 3783 3302 est,

2200 3349 2439 3391 causam.
2483 3334 2686 3403 Itaque,
2723 3332 2769 3387 si
2798 3330 3091 3386 secundum
3134 3329 3306 3399 ipsam
3351 3337 3690 3391 moveretur,
3732 3328 3782 3381 in

2198 3426 2311 3485 Deo
2340 3424 2513 3489 ﬁeret,
2550 3424 2601 3478 in
2637 3438 2743 3493 quo
2778 3421 3043 3483 essentiae
3072 3434 3200 3475 suae
3227 3418 3365 3474 ratio
3395 3429 3521 3472 ante
3544 3419 3704 3481 inest,
3732 3426 3789 3473 ut

2200 3514 2253 3571 in
2280 3516 2545 3587 principio
2571 3524 2626 3570 et
2651 3529 2834 3578 causa,
2879 3521 2933 3585 et
2975 3512 3171 3567 nullius
3221 3508 3448 3579 alicujus
3493 3518 3619 3565 ante
3665 3524 3780 3580 pro-

2200 3607 2379 3676 prium
2410 3605 2733 3677 principium
2758 3602 3094 3659 desiderium
3130 3601 3374 3670 accipere
3401 3599 3595 3663 vellet,
3625 3612 3786 3668 neque

2201 3694 2449 3752 retineret
2479 3712 2507 3751 a
2544 3695 2673 3758 Deo,
2704 3695 2797 3751 sed
2842 3694 3013 3765 magis
3056 3708 3153 3764 per
3203 3707 3343 3756 eam,
3393 3707 3535 3762 quae
3575 3691 3641 3745 ad
3671 3705 3789 3744 eum

2202 3798 2304 3856 est,
2334 3789 2681 3847 intentionem
2715 3787 2854 3843 Deus
2894 3788 3067 3854 ﬁeret,
3099 3795 3153 3842 et
3189 3801 3318 3857 pars
3361 3783 3457 3841 Dei
3504 3785 3785 3859 diceretur,

2201 3880 2573 3951 participando
2594 3878 3018 3936 connaturaliter
3048 3877 3240 3943 Deum,
3277 3884 3463 3947 utpote
3498 3875 3784 3930 secundum

2203 3983 2454 4031 naturam
2502 3974 2774 4042 sapienter
2821 3986 2885 4029 ae
2930 3970 3326 4026 rationabiliter
3366 3983 3463 4038 per
3513 3966 3785 4038 pulchrum

2204 4077 2409 4121 motum
2449 4079 2604 4119 suum
2643 4070 2963 4132 accepturus
2990 4060 3312 4131 principium
3333 4066 3386 4114 et
3416 4071 3660 4120 causam,
3687 4070 3782 4109 non

2207 4157 2413 4213 habens
2436 4157 2692 4211 aliorsum
2720 4156 2787 4210 de
2813 4163 2995 4210 cetero
3012 4161 3143 4223 post
3175 4168 3329 4207 suum
3373 4150 3693 4222 principium
3725 4147 3784 4203 ad

2207 4251 2495 4314 rationem,
2533 4265 2631 4317 per
2667 4262 2829 4319 quam
2856 4255 3156 4310 crearetur,
3186 4259 3470 4300 ascensum
3500 4250 3556 4297 et
3586 4242 3782 4296 restitu-

2209 4341 2407 4396 tionem
2430 4340 2713 4411 movendi,
2746 4350 2835 4394 aut
2860 4340 3128 4411 quomodo
3160 4345 3486 4400 moveretur,
3528 4335 3581 4390 in
3620 4333 3781 4389 divino

523 4417 786 4501 inﬁnitam
817 4414 1169 4478 differentiam
1213 4434 1265 4479 et
1309 4427 1621 4480 varietatem
1661 4425 1953 4495 prudenter
1993 4426 2107 4479 ani-
2132 4459 2185 4518 Β
2212 4432 2462 4487 videlicet
2481 4431 2768 4495 desiderio,
2799 4441 2944 4487 motu
2969 4446 3066 4487 suo
3095 4429 3269 4500 ipsum
3305 4428 3465 4482 tinem
3504 4425 3781 4494 accipiente

524 4526 644 4568 tuae
696 4514 1165 4584 contemplativnm
1204 4516 1514 4583 adduceret,
1543 4525 1598 4571 et
1633 4517 1940 4586 inquisitiva
1984 4532 2108 4572 con-

524 4590 1137 4670 discerneret‘ratione,
1185 4596 1281 4674 per
1326 4608 1753 4678 intelligentiam,
1809 4610 2103 4664 secundum

525 4692 689 4762 Quam
728 4702 909 4746 creata
956 4703 1081 4746 sunt
1126 4710 1362 4761 causam,
1405 4712 1507 4751 non
1535 4699 1728 4751 multas
1757 4710 2107 4768 cognosceret

525 4795 716 4840 Causas
746 4800 905 4839 uuam
942 4801 1181 4852 causam,
1214 4802 1421 4854 eorum,
1444 4794 1588 4859 quae
1620 4788 1756 4844 facta
1785 4798 1931 4857 sunt,
1964 4795 2107 4847 inse-

524 4874 837 4957 parabiliter
890 4876 1300 4932 cumdiscrelam
1336 4890 1356 4918 ε
1392 4877 1743 4935 din‘erentiam
1786 4899 1883 4952 per
1920 4899 2104 4937 eorum

525 4972 581 5020 et
619 4964 759 5019 inter
786 4982 844 5020 se
871 4966 1099 5022 invicem
1132 4977 1188 5023 et
1215 4970 1389 5041 seipsa
1438 4972 1773 5027 inconfusam
1814 4973 2111 5043 proprieta-

519 5043 668 5121 ‘tem;
699 5065 751 5113 et
780 5058 995 5125 iterum,
1028 5076 1184 5116 unam
1214 5062 1431 5129 multas,
1455 5058 1691 5120 omnium
1723 5066 1788 5118 ad
1820 5081 1941 5120 eum
1973 5066 2107 5121 rela-

527 5140 693 5219 tione,
724 5169 819 5223 per
838 5155 1068 5226 seipsum
1092 5157 1370 5212 inconfuse
1389 5157 1707 5221 subsistens,
1737 5173 1899 5210 unum
1926 5171 2109 5212 essen-

520 5236 654 5301 tiale
674 5258 726 5299 et
740 5264 902 5302 llllllm
917 5248 1272 5304 subslantiale
1292 5250 1378 5303 Elei
1402 5258 1455 5303 et
1478 5248 1648 5305 Patris
1668 5250 1830 5304 Deum
1848 5247 2102 5316 Verbum,

526 5322 722 5394 merito
742 5340 1064 5409 principium
1093 5350 1144 5396 et
1171 5355 1386 5395 causam
1412 5343 1672 5406 omnium,
1713 5341 1769 5394 in
1803 5356 1904 5408 quo
1932 5354 2107 5395 creata

2212 4526 2447 4581 divinam
2488 4524 2769 4590 visionem,
2803 4533 2861 4578 ut
2898 4523 3124 4579 Basilius
3162 4520 3401 4577 declarat
3432 4518 3485 4572 in
3531 4518 3776 4584 interpre-

2215 4616 2417 4670 tatione
2446 4616 2498 4669 in
2541 4623 2785 4669 sanctum
2830 4615 3145 4684 prophetam
3189 4612 3402 4675 Isaiam,
3453 4609 3633 4677 dicens
3668 4605 3765 4658 sic:

2215 4706 2482 4761 Sabbatlta
2537 4715 2709 4759 autem
2756 4721 2873 4758 vera
2931 4713 3051 4758 sunt
3097 4702 3319 4772 reposita
3362 4701 3560 4770 requies
3599 4690 3762 4764 populo

2212 4797 2328 4864 Dei,
2350 4814 2490 4867 quae
2509 4797 2715 4867 quidem
2738 4812 2820 4858 co,
2847 4794 2984 4866 quod
3011 4809 3134 4848 vera
3162 4802 3282 4845 sunt
3301 4832 3316 4855 ,
3348 4787 3518 4858 recipit
3556 4784 3686 4837 Deus
3724 4788 3766 4833 et

2214 4889 2512 4958 manifestat
2538 4903 2741 4941 summa
2774 4880 3038 4940 Sabbatha
3064 4883 3269 4955 quietis,
3311 4880 3399 4935 ille
3437 4877 3516 4932 cui
3562 4872 3771 4928 mundus

2215 4978 2497 5049 cruciﬁxus
2550 4989 2648 5043 est,
2685 4976 2952 5032 discedens
2992 4974 3221 5044 profecto
3260 4990 3292 5025 a
3335 4965 3631 5029 mundanis,
3660 4972 3698 5016 et
3726 4963 3773 5016 iu

2213 5072 2482 5141 praprium
2510 5070 2681 5124 locum
2722 5066 3013 5140 spiritualis
3053 5064 3236 5135 quietis
3271 5076 3568 5124 occurrens,
3612 5056 3664 5108 in
3692 5070 3776 5124 quo

2216 5165 2387 5234 factus
2414 5181 2517 5219 non
2537 5164 2652 5236 jam
2686 5160 2973 5215 movebitur
3012 5176 3043 5212 a
3088 5174 3184 5211 suo
3212 5153 3346 5218 loco,
3378 5154 3503 5206 dum
3544 5150 3609 5204 sit
3645 5145 3777 5201 silen-

2215 5256 2344 5310 tium
2374 5267 2420 5309 et
2452 5271 2556 5325 pax
2585 5252 2724 5307 circa
2756 5252 2903 5305 illum
2938 5259 3151 5304 statuat.
3199 5243 3448 5301 Omnium
3474 5236 3777 5325 igiturlocus

2215 5324 2488 5419 dignorum
2519 5346 2613 5400 tali
2636 5342 2951 5399 beatitudine
3002 5340 3138 5395 Deus
3188 5345 3291 5404 est,
3335 5332 3621 5391 secundum
3659 5324 3775 5400 quod

2066 5450 2314 5513 NOTAE.

599 5585 626 5614 ι
665 5573 722 5629 In
751 5572 962 5628 Graeco
990 5572 1407 5633 ἆντισηκοῦσοαι.
1444 5569 1480 5625 i.
1514 5585 1565 5626 e.
1605 5567 1955 5640 aeqttipa‘rtiﬁ.

599 5642 629 5715 Ρ
669 5641 1105 5715 LegisseScotus
1147 5640 1592 5715 videturdoltéa-n
1618 5658 1631 5707 ;
1658 5641 1752 5697 sed
1800 5644 1853 5697 in
1896 5642 2104 5698 Graeco

514 5711 678 5769 tedito
707 5709 855 5767 citat
883 5713 1120 5775 δελεάση,
1149 5712 1184 5765 i.
1220 5727 1267 5767 e.
1302 5709 1532 5765 alliceat.

2279 5590 2302 5615 ι
2344 5573 2387 5628 1.
2419 5587 2468 5627 e.
2503 5571 2887 5627 coexistentem.

2276 5645 2302 5685 ιλ
2340 5645 2397 5699 ln
2428 5644 2635 5700 Graeco
2667 5639 2993 5714 δαινύμενον,
3019 5645 3169 5694 verte
3196 5633 3568 5707 pertransieus.
