4142 6296
273 267 296 320 Ι
311 267 423 322 205

1367 271 1617 328 VERSIO
1655 272 2116 332 AMBIGUORUM
2157 275 2216 332 S.
2259 275 2524 332 MAXlMl.

3424 278 3568 333 1206

269 393 534 458 scriptum
577 395 650 442 est
677 405 692 442 :
725 387 852 442 Esto
885 389 1012 442 mihi
1053 391 1108 442 in
1148 387 1312 444 Deum
1349 399 1690 460 protectorem
1733 407 1782 448 et
1825 393 1881 446 in
1908 395 1956 454 Α
1983 393 2136 462 quasi
2173 407 2399 448 securus
2427 393 2595 447 Deum
2620 393 2957 448 constituens
2980 391 3359 458 concionator;
3403 393 3572 463 siqui-

271 482 454 536 locum
504 483 762 534 munitum
811 481 1050 534 solvendi
1096 498 1193 534 me.
1253 481 1406 550 Apud
1445 498 1606 554 quem
1653 483 1881 540 firmiter

272 575 524 630 muniunt
575 576 810 628 rationes
849 575 986 628 fixae
1019 583 1164 639 sunt,
1188 589 1285 643 per
1315 590 1449 644 quas
1489 577 1653 632 etiam
1685 592 1881 648 cogno-

273 681 435 720 scere
461 667 636 719 omnia
667 673 790 718 ante
819 666 1219 734 generationem
1260 680 1448 720 eorum
1499 667 1714 730 dicitur,
1769 683 1880 724 me-

273 758 387 812 rito
415 759 466 811 iu
496 759 612 826 ipso
654 767 700 809 et
746 758 884 826 apud
933 758 1108 828 ipsum
1158 760 1516 818 existentibus
1563 777 1660 832 per
1705 763 1878 832 ipsam

272 848 563 900 veritatem
593 847 864 908 omnibus,
900 849 999 902 etsi
1031 864 1094 902 ea
1127 849 1332 912 omnia,
1381 858 1434 904 et
1475 865 1614 920 quae
1655 861 1780 904 sunt
1825 859 1882 906 et

271 953 418 1005 quae
449 935 626 990 futura
653 947 801 1001 sunt,
835 955 940 992 non
966 940 1124 993 simul
1159 941 1270 995 suis
1311 942 1512 1007 causis,
1563 951 1620 996 ut
1666 944 1882 1012 ceguita

271 1039 454 1082 sunta
484 1027 612 1090 Deo,
645 1029 694 1082 in
726 1030 1017 1084 essentiam
1060 1031 1288 1087 adducta
1337 1043 1480 1098 sunt,
1531 1035 1622 1088 sed
1669 1035 1881 1104 singula

270 1139 523 1191 quaeque
549 1131 853 1191 opportuno
887 1131 1128 1191 tempore
1163 1127 1458 1180 secundum
1488 1125 1762 1182 Creatoris
1795 1145 1882 1184 sa-

271 1211 538 1280 pientiam
579 1211 802 1280 pulchre
823 1209 976 1278 juxta
998 1229 1183 1268 eorum
1221 1231 1416 1269 causas
1440 1227 1622 1272 creata
1660 1229 1806 1282 sunt,
1828 1231 1884 1276 et

273 1313 380 1370 per
411 1317 469 1356 se
500 1317 619 1356 esse
658 1303 973 1372 operatione
1005 1307 1306 1375 accipiunt;
1335 1309 1590 1376 quoaiam
1623 1311 1740 1382 ipse
1765 1313 1883 1382 qui-

275 1393 404 1446 dem
430 1408 644 1462 semper
667 1395 960 1448 secundum
994 1397 1363 1464 Operationem
1411 1409 1494 1456 est
1534 1413 1764 1466 creator,
1818 1419 1882 1458 ea

275 1499 412 1538 vero
453 1485 692 1551 potentia
727 1487 942 1554 quidem
989 1497 1133 1551 sunt,
1169 1491 1484 1557 operatione
1530 1501 1710 1546 autem
1753 1511 1884 1550 nou-

276 1573 440 1638 dum;
485 1575 609 1643 quia
656 1591 827 1646 neque
873 1587 1094 1645 possunt
1131 1579 1324 1634 horum
1357 1583 1516 1636 simul
1551 1599 1672 1638 esse
1706 1585 1884 1638 infini-

279 1674 394 1718 tum
421 1676 474 1720 et
498 1667 674 1732 finita,
707 1683 881 1739 neque
907 1669 1012 1724 ulla
1050 1673 1188 1726 ratio
1220 1675 1519 1744 approbare
1569 1677 1884 1734 manifesta-
1927 1675 1930 1679 ’

274 1756 447 1822 hitur,
483 1759 672 1813 horum
707 1761 867 1814 simul
903 1777 1023 1819 esse
1050 1748 1556 1822 valens-essentiam
1601 1779 1654 1824 et
1696 1786 1882 1840 super-
1917 1751 1959 1809 Β

275 1847 590 1917 eSseutiale,
619 1861 673 1906 et
701 1854 754 1906 iu
797 1853 1027 1922 idipsmn
1069 1857 1268 1911 ducere
1306 1875 1491 1914 menso
1537 1859 1880 1926 immensum,

276 1951 332 1995 ct
363 1945 436 2006 ei,
465 1945 608 2013 quod
641 1947 692 1998 in
721 1945 906 2002 habitu
939 1959 1044 2016 est,
1078 1953 1220 2019 quod
1264 1963 1414 2008 caret
1455 1955 1788 2022 habitudine,
1828 1965 1886 2012 et

277 2036 424 2102 quod
462 2038 660 2092 nullam
693 2039 854 2094 habet
884 2042 934 2095 in
967 2059 1025 2097 se
1049 2047 1358 2114 categoriae
1387 2050 1620 2116 speciem
1651 2048 1884 2104 afﬁrma-

281 2135 392 2179 tam
425 2138 475 2182 et
505 2145 596 2196 per
626 2147 812 2185 einues
837 2149 928 2188 eas
958 2135 1352 2214 categoriarum
1389 2139 1636 2195 videlicet
1676 2143 1884 2212 species

277 2219 595 2274 constituto.
635 2221 827 2276 (latitia
855 2225 1020 2289 enim,
1049 2242 1188 2296 quae
1209 2240 1390 2286 creata
1417 2240 1562 2294 sunt,
1585 2234 1882 2288 secundum

280 2313 574 2364 essentiam
601 2321 653 2366 et
683 2318 1088 2383 generationem
1125 2320 1347 2374 omnino
1375 2321 1424 2374 iu
1454 2323 1708 2388 omnibus
1739 2323 1886 2390 affir—

283 2409 501 2454 mantur
533 2417 626 2469 per
653 2403 876 2470 formas,
914 2419 966 2461 et
1007 2409 1362 2466 existentibus
1384 2427 1594 2478 eorum,
1625 2430 1763 2480 quae
1788 2432 1885 2470 ex-

286 2491 557 2545 trinsecus
611 2504 738 2547 sunt
787 2496 930 2550 circa
980 2514 1122 2562 eam,
1181 2501 1479 2556 rationibus
1521 2505 1884 2560 continentur.

285 2581 509 2635 Sublata
549 2583 728 2653 itaque
756 2602 962 2640 summa
992 2601 1043 2641 et
1075 2589 1376 2645 abdicativa
1411 2591 1570 2646 Verbi
1598 2595 1883 2666 theologia,

285 2675 579 2736 secundum
627 2691 787 2747 quam
842 2695 1016 2749 neque
1067 2681 1266 2737 dicitur
1320 2699 1494 2754 neque
1555 2687 1882 2758 intelligitur,

285 2781 460 2833 neque
501 2777 584 2821 est
629 2770 849 2824 omnino
899 2773 1025 2842 quid
1073 2775 1231 2829 alicui
1287 2777 1646 2846 cognitorum,
1695 2782 1888 2835 merito

285 2861 754 2928 superessentiale,
787 2879 961 2934 neque
993 2883 1019 2920 a
1047 2869 1276 2938 quodam
1303 2863 1410 2924 ullo
1437 2853 1596 2928 modo
1625 2873 1674 2926 in
1708 2874 1888 2944 aliquo

285 2950 669 3020 participatur;
723 2957 926 3012 multae
963 2974 1162 3013 causae
1206 2976 1308 3014 una
1359 2977 1522 3016 causa
1566 2974 1668 3028 est,
1699 2973 1753 3020 et
1781 2976 1887 3020 una

288 3039 508 3095 multae.
553 3042 685 3099 Nam
715 3049 1010 3102 secundum
1041 3049 1237 3106 bonam
1272 3069 1336 3108 ac
1381 3055 1660 3124 pulchram
1701 3057 1754 3112 in
1798 3072 1884 3122 ea,

1983 483 2105 538 dem
2136 483 2424 538 universae
2455 483 2530 538 rei
2562 483 2884 552 principium
2917 492 2970 538 et
3001 483 3160 538 finem
3187 483 3280 551 qui
3311 484 3362 538 in
3394 485 3572 555 seipse

1980 574 2162 640 videt,
2199 573 2496 630 subsistere
2524 574 2738 628 credit:
2774 573 3098 644 principium
3130 573 3346 644 quidem
3368 616 3383 642 ,
3417 575 3573 646 quasi

1983 666 2107 720 inde
2163 667 2438 736 accipiens
2497 675 2552 721 et
2604 668 2896 723 essentiam
2949 681 3048 736 per
3097 667 3570 738 participationem

1983 756 2232 812 naturale
2286 757 2522 824 bonum;
2563 757 2726 813 finem
2779 772 2930 822 vero,
2964 757 3128 812 veluti
3173 773 3270 828 per
3306 758 3573 828 cognitio-

1984 867 2104 905 nem
2145 851 2310 921 ipsius
2343 851 2594 922 principii
2641 859 2696 905 et
2736 851 3068 922 appetitum,
3099 849 3467 916 iaudabilem,
3507 849 3576 905 ad

1983 942 2157 1012 ipsum
2190 943 2305 998 sine
2335 957 2523 996 errore
2553 942 2842 996 ducentem
2872 957 2996 994 cum
3030 941 3378 996 festinatione
3407 941 3576 1010 perﬁ-

1983 1035 2132 1088 ciens
2165 1049 2404 1094 cantnn,
2441 1049 2537 1102 per
2567 1049 2728 1102 quem
2761 1033 2820 1085 ﬁt
2851 1033 2992 1086 Deus
3019 1048 3086 1086 ex
3117 1033 3247 1096 Deo,
3281 1031 3422 1086 Deus
3453 1044 3578 1088 esse

1985 1126 2287 1196 accipiens;
2315 1126 2506 1180 merito
2525 1117 2820 1180 secundum
2843 1124 3129 1194 imaginem
3153 1124 3384 1179 naturali
3407 1125 3572 1188 bono,

1984 1217 2258 1274 voluntate
2285 1258 2300 1282 ,
2349 1232 2444 1286 per
2473 1217 2700 1270 virtutes
2739 1214 2948 1268 addens
2979 1213 3388 1270 similitudinem
3414 1255 3429 1282 ,
3477 1227 3578 1286 per

1987 1307 2206 1361 insitam
2261 1308 2326 1360 ad
2377 1306 2660 1378 preprium
2714 1305 3040 1376 principium
3094 1306 3468 1360 ascensionem
3524 1311 3583 1361 et

1988 1400 2435 1456 familiaritatem.
2469 1402 2536 1456 Et
2565 1400 2820 1471 impletur
2847 1401 2911 1456 de
2935 1410 3117 1456 cetero
3143 1401 3196 1456 in
3225 1401 3344 1472 ipso
3365 1408 3582 1470 aposto-

1989 1492 2124 1548 licus
2146 1508 2325 1546 sermo
2353 1493 2538 1548 dicens
2566 1510 2579 1546 :
2609 1491 2670 1545 In
2695 1493 2804 1562 ipsa
2836 1493 2970 1546 enim
2993 1493 3208 1547 vivimus
3237 1501 3286 1546 et
3315 1497 3582 1546 movemur

1989 1596 2035 1638 et
2066 1602 2264 1639 smnus.
2325 1585 2411 1640 Fit
2450 1585 2594 1640 enim
2635 1585 2688 1638 in
2730 1585 2837 1640 Deo
2871 1601 2968 1656 per
2995 1585 3373 1641 excellentiam
3424 1593 3578 1638 ante-

1991 1675 2074 1730 exi
2112 1684 2312 1730 tentem
2357 1675 2412 1728 in
2447 1674 2558 1730 Deo
2590 1675 2862 1730 cssentiae
2901 1676 3164 1730 rationem
3197 1689 3304 1730 non
3335 1687 3585 1730 corrum-

1987 1781 2122 1836 pt'llS
2147 1807 2162 1829 ,
2215 1775 2269 1822 et
2315 1777 2561 1820 movetur
2601 1767 2653 1820 in
2695 1767 2805 1821 Deo
2835 1751 3131 1821 secundum
3163 1765 3580 1836 praecedentem

1988 1857 2040 1910 in
2083 1857 2192 1912 Deo
2236 1858 2372 1912 bene
2419 1873 2539 1912 esse
2585 1857 2870 1924 rationem,
2924 1871 3022 1927 per
3047 1857 3276 1912 virtutes
3325 1869 3581 1926 operans,

1987 1959 2040 2003 et
2091 1949 2223 2002 vivit
2272 1947 2325 2001 in
2382 1948 2492 2003 Deo
2542 1947 2840 2004 secundum
2893 1947 3310 2018 praecedentem
3365 1947 3418 2000 in
3471 1945 3582 2000 Deo

1988 2053 2201 2110 semper
2231 2056 2351 2096 esse
2389 2041 2673 2094 rationem.
2735 2039 2832 2094 Hic
2871 2039 3088 2108 quidem
3131 2039 3244 2108 jam
3285 2035 3582 2096 secundum

1991 2132 2376 2202 impassibilem
2410 2129 2564 2184 valde
2596 2131 2842 2184 habitum
2875 2129 2926 2184 id
2959 2131 3132 2200 ipsum
3171 2128 3390 2183 sibimet
3421 2134 3474 2179 et
3501 2125 3602 2179 in-'

1989 2223 2390 2277 conuuutabilis
2417 2231 2499 2276 est
2529 2240 2543 2276 :
2577 2222 2629 2274 iu
2661 2221 2844 2276 futuro
2874 2236 3001 2276 vero
3049 2220 3234 2276 seculo
3283 2215 3584 2274 secundum

1990 2316 2170 2369 datam
2207 2314 2416 2370 theosin
2449 2312 2758 2382 praedictas
2797 2311 2851 2366 in
2891 2311 3002 2366 Deo
3034 2309 3419 2366 antecedentes
3447 2323 3582 2363 cau-

1989 2421 2098 2466 sas,
2135 2405 2304 2477 magis
2351 2413 2530 2458 autem
2581 2403 2776 2470 Deum,
2815 2405 2868 2458 in
2916 2420 3024 2474 quo
3071 2419 3268 2459 causae
3317 2404 3584 2458 bonorum

1990 2499 2264 2570 praefixae
2293 2509 2442 2564 sunt,
2475 2498 2530 2554 in
2561 2498 2789 2552 caritate
2819 2513 3010 2553 atuans
3037 2507 3091 2552 et
3123 2497 3496 2553 saltttaturus:
3531 2501 3587 2551 et

1991 2603 2072 2648 est
2104 2609 2231 2662 pars
2262 2593 2376 2654 Dei,
2412 2599 2474 2646 ut
2499 2599 2586 2646 est
2611 2605 2706 2660 per
2733 2591 3003 2646 essentiae
3035 2606 3166 2646 suae
3197 2591 3248 2644 in
3280 2591 3390 2646 Deo
3419 2590 3587 2645 ratio-

1991 2701 2139 2752 nem,
2165 2696 2217 2740 ct
2251 2695 2308 2740 ut
2337 2687 2512 2742 bonus
2533 2699 2634 2755 per
2661 2685 2797 2746 bene
2825 2683 3038 2740 essendi
3072 2683 3126 2738 in
3159 2683 3268 2737 Deo
3293 2683 3583 2747 rationem,

1991 2789 2046 2846 et
2075 2789 2134 2832 ut
2163 2779 2306 2834 Deus
2332 2793 2428 2850 per
2457 2791 2673 2847 semper
2699 2775 2912 2832 essentli
2951 2775 3240 2838 rationem,
3275 2774 3468 2828 merito
3492 2785 3586 2827 eas

1991 2871 2296 2928 honorans.
2347 2877 2404 2924 et
2449 2869 2745 2924 secundum
2789 2881 2883 2922 eas
2923 2881 3192 2936 operans,
3251 2875 3305 2918 et
3351 2881 3446 2934 per
3492 2877 3587 2920 eas

1991 2966 2230 3034 seipsum
2259 2963 2474 3032 quidem
2505 2961 2618 3018 Deo
2649 2962 2752 3016 soli
2783 2977 2880 3031 per
2911 2968 3079 3016 totum
3113 2959 3379 3024 inserens,
3417 2957 3584 3011 Deum

1992 3074 2122 3114 vero
2162 3057 2336 3113 solum
2379 3056 2598 3112 sibimet
2625 3071 2722 3126 per
2751 3063 2922 3108 totum
2953 3061 3006 3107 et
3045 3051 3348 3122 imaginans
3385 3059 3440 3104 et
3475 3043 3586 3101 for-

287 3149 426 3201 quae
449 3145 594 3201 sunt,
623 3139 781 3194 unius
809 3149 862 3195 et
894 3141 1169 3198 factricem
1201 3154 1257 3199 et
1279 3147 1732 3204 continuatrieem
1755 3165 1882 3219 pro-
1916 3127 1961 3188 (ἶ
1993 3166 2173 3213 mans,
2215 3151 2288 3204 ita
2321 3159 2390 3204 ut
2428 3159 2484 3202 et
2515 3148 2630 3218 ipse
2669 3148 2739 3202 sit
2771 3146 2944 3217 gratia
2984 3153 3037 3198 et
3075 3151 3302 3200 vocetur
3343 3141 3502 3206 Deus,
3531 3149 3587 3195 et

285 3226 590 3282 cessionem
617 3229 818 3286 multae
847 3247 970 3301 upa.
1001 3233 1105 3289 Per
1134 3251 1261 3290 vero
1294 3237 1346 3290 in
1393 3254 1556 3292 unum
1593 3239 1886 3296 multorum

285 3321 694 3375 conversoriam
718 3331 772 3377 et
795 3324 1260 3382 manuductricem
1285 3328 1600 3384 relationem
1632 3340 1684 3384 et
1708 3332 1887 3390 provi—

286 3410 544 3472 dentiam,
569 3413 711 3467 veittt
729 3415 780 3467 in
801 3417 1122 3484 principium
1146 3419 1508 3488 omnipotens,
1527 3430 1618 3474 aut
1638 3411 1884 3476 centrum

287 3512 556 3556 reetarum
589 3519 656 3557 ex
689 3519 754 3558 eo
781 3505 1046 3560 linearum
1091 3509 1354 3580 principia
1397 3514 1795 3580 praeambiens,
1831 3523 1886 3572 et

285 3597 364 3652 sic
386 3613 574 3654 omnes
595 3615 952 3672 congregans,
984 3619 1086 3655 una
1112 3604 1331 3658 multae.
1358 3603 1492 3659 Pars
1516 3607 1677 3676 igitur
1699 3623 1885 3662 sumus

288 3699 342 3744 et
369 3691 601 3745 dicimur
629 3691 749 3756 Dei,
777 3708 840 3746 eo
863 3694 1004 3762 quod
1031 3696 1300 3750 essentiae
1331 3706 1545 3752 nostrae
1569 3699 1804 3754 rationes
1831 3699 1884 3754 in

289 3782 396 3837 Deo
425 3783 876 3851 praesuhstitutae
901 3785 1040 3853 sint;
1065 3785 1292 3842 ﬂuentes
1316 3803 1442 3842 vero
1469 3788 1750 3844 desursum
1785 3792 1885 3845 ite-

291 3885 408 3921 rum
435 3869 685 3934 dicimur,
711 3885 775 3923 eo
796 3872 936 3939 quod
957 3886 1061 3925 non
1085 3873 1378 3926 secundum
1407 3874 1458 3928 in
1489 3874 1600 3928 Deo
1624 3877 1886 3944 praesub-

290 3961 570 4014 siStentem
590 3975 830 4023 causam,
847 3977 941 4032 per
962 3977 1120 4031 quam
1141 3962 1266 4018 facti
1290 3979 1495 4028 sumus,
1514 3965 1642 4017 moti
1665 3963 1879 4018 fuimus.

360 4047 668 4104 Secundum
707 4049 936 4105 alterum
976 4067 1190 4122 quoque
1229 4052 1445 4106 modum
1490 4051 1647 4105 facile
1686 4063 1770 4106 est
1798 4053 1886 4122 pie

292 4155 474 4196 amare
506 4156 692 4196 eorum
721 4183 734 4208 ,
777 4159 918 4213 quae
957 4154 1122 4210 sunt,
1173 4161 1394 4200 causam
1429 4145 1642 4200 erudito
1680 4145 1746 4200 de
1785 4146 1888 4200 hoc

291 4231 556 4287 rationem
585 4249 930 4304 percurrere.
982 4235 1039 4291 Si
1079 4219 1224 4291 enim
1266 4235 1560 4291 essentiam
1599 4237 1888 4308 unicuique

293 4323 506 4378 virtutis
535 4339 700 4377 unum
721 4325 1042 4380 subsistere
1073 4325 1167 4379 Dei
1201 4323 1434 4380 Vcrbmn
1471 4342 1576 4379 non
1609 4326 1888 4380 dubitatur

289 4447 358 4457 —
379 4432 499 4470 nam
542 4417 779 4474 essentia
808 4419 1048 4473 omnium
1085 4418 1341 4472 virtutum
1375 4417 1488 4487 ipse
1518 4427 1600 4472 est
1627 4418 1888 4474 Dominus

294 4519 479 4562 noster
508 4518 561 4563 et
593 4507 733 4564 Deus
763 4507 918 4566 Jesus
955 4511 1236 4574 Christus,
1281 4511 1419 4565 sicut
1459 4513 1720 4582 scriptum
1761 4524 1882 4568 est:
1915 4487 1966 4549 D

295 4601 397 4666 Qui
429 4600 602 4670 factus
639 4615 718 4656 est
757 4605 904 4658 nobis
946 4623 976 4658 a
1007 4605 1119 4659 Deo
1152 4605 1441 4676 sapientia,
1485 4615 1534 4660 et
1563 4607 1799 4676 just-ida,
1839 4617 1888 4662 et

292 4694 660 4764 stmctiﬁcatio,
688 4706 734 4749 et
769 4697 1092 4766 redemptio;
1125 4697 1366 4766 profecto
1401 4699 1556 4764 haec,
1581 4714 1718 4770 quae
1746 4700 1886 4755 dicta

293 4795 447 4849 sunt,
489 4785 734 4841 absolute
768 4787 820 4840 in
854 4781 1034 4856 seipse
1065 4789 1226 4843 habet
1255 4788 1410 4857 jure,
1445 4790 1534 4860 qui
1575 4799 1656 4844 est
1695 4806 1794 4862 per
1830 4805 1888 4846 se

295 4877 556 4944 sapientia
589 4883 643 4930 et
668 4871 882 4946 justitia
914 4887 966 4932 et
996 4881 1279 4944 sanctitas,
1312 4889 1364 4934 et
1399 4897 1503 4934 non
1539 4884 1680 4937 sicut
1709 4883 1760 4936 in
1795 4898 1890 4938 no-
1913 4873 1930 4882 “

296 4965 376 5018 his
401 4981 522 5021 eum
548 4969 887 5037 definitione,
915 4975 1060 5028 verbi
1092 4974 1285 5044 gratia,
1311 4973 1450 5028 sicut
1481 4976 1696 5044 sapiens
1727 4978 1885 5034 homo

300 5065 388 5113 aut
411 5057 592 5125 justus
621 5063 784 5119 homo
812 5097 881 5104 -—
909 5067 1086 5122 omnis
1133 5065 1376 5138 profecto
1424 5065 1585 5119 homo
1632 5069 1884 5124 virtutem

299 5151 593 5206 secundum
625 5154 870 5209 habitum
905 5157 1070 5224 fixtim
1105 5155 1454 5228 participans,
1483 5156 1599 5211 sine
1626 5157 1889 5227 ambigui-

303 5253 410 5298 tate
463 5241 628 5298 Deum
683 5249 970 5317 participat
1019 5250 1310 5304 essentiam
1363 5249 1662 5314 virtutum,
1723 5250 1888 5306 veluti

301 5337 562 5392 naturalis
595 5353 777 5392 semen
812 5339 934 5393 boui
961 5341 1186 5396 fideliter
1211 5357 1305 5410 per
1326 5339 1655 5410 voluntatem
1684 5341 1890 5408 colens,

301 5440 352 5484 et
382 5428 432 5482 id
463 5429 638 5500 ipsum
666 5431 958 5486 ostendens
986 5431 1251 5502 principio
1280 5431 1462 5496 tinem,
1488 5439 1542 5486 et
1569 5432 1892 5502 principium

222 5571 230 5580 .
301 5523 390 5578 fini
413 5565 426 5589 ,
463 5525 637 5594 magis
661 5539 794 5579 vero
824 5525 874 5580 id
908 5525 1082 5594 ipsum
1117 5525 1441 5597 principium
1474 5542 1593 5581 esse
1621 5535 1676 5581 et
1706 5525 1888 5592 finem,

373 5744 400 5774 ει
427 5729 484 5786 In
515 5729 728 5789 Graeco
755 5732 1028 5806 ἀδηρίτως,
1057 5733 1110 5789 id
1139 5741 1218 5791 est
1246 5734 1356 5789 sine
1382 5733 1686 5806 offensione.

1989 3244 2134 3300 Deus
2157 3245 2230 3300 sit
2259 3241 2740 3308 condescensione,
2771 3250 2826 3295 et
2854 3250 3078 3294 vocetur
3103 3255 3200 3310 per
3226 3253 3286 3292 se
3313 3237 3500 3300 homo,
3529 3241 3586 3290 et

1990 3347 2178 3392 mutuo
2210 3337 2262 3391 in
2297 3337 2400 3392 hoc
2429 3333 2624 3390 affectu
2659 3333 2980 3389 ostendatur
3010 3332 3202 3396 virtus,
3235 3343 3376 3400 quae
3404 3336 3457 3382 et
3491 3327 3590 3381 Ito-

1989 3431 2190 3484 minem
2225 3429 2334 3484 Deo
2365 3441 2462 3496 per
2487 3426 2726 3481 divinum
2756 3439 2996 3478 amorem
3031 3421 3282 3484 deiﬁcat,
3323 3427 3378 3472 et
3413 3417 3584 3471 Deum

1988 3521 2192 3576 homini
2223 3535 2320 3589 per
2351 3520 2645 3573 humanum
2693 3531 2934 3570 amorem
2985 3515 3326 3576 inhumanat,
3354 3519 3408 3565 et
3455 3507 3586 3563 facit

1987 3627 2084 3681 per
2121 3613 2318 3666 bonam
2363 3609 2776 3666 conversionem
2825 3607 2994 3661 Deum
3040 3605 3258 3674 quidem
3307 3601 3585 3656 hominem

1988 3716 2084 3770 per
2115 3700 2350 3755 hominis
2383 3699 2802 3759 deificationem,
2831 3705 2888 3752 et
2937 3695 3216 3750 hominem
3269 3693 3437 3746 Deum
3487 3703 3586 3759 per

1989 3794 2084 3848 Dei
2107 3793 2640 3848 inbumanationem.
2684 3791 2810 3845 Vult
2837 3791 2980 3844 enim
3007 3803 3223 3859 semper
3249 3793 3302 3840 et
3331 3787 3384 3839 in
3409 3782 3588 3838 omni-

1987 3884 2090 3938 bus
2121 3884 2216 3938 Dei
2246 3885 2486 3938 Verbum
2518 3891 2568 3938 et
2598 3883 2739 3938 Deus
2770 3897 2866 3936 sua
2899 3879 3340 3948 incorporatione
3369 3875 3583 3946 operari

1989 3973 2335 4044 mysterium.
2397 3973 2498 4039 Qui
2533 3986 2660 4026 vero
2691 3987 2847 4026 suum
2883 3971 3193 4038 relinquens
3223 3968 3576 4038 principium,

1989 4078 2119 4133 pars
2149 4062 2244 4118 Dei
2283 4063 2614 4118 constitutus
2645 4075 2745 4130 per
2775 4061 3098 4114 existentem
3133 4059 3186 4110 in
3219 4058 3335 4126 ipso
3363 4055 3586 4110 virtutis

1991 4155 2254 4208 rationem
2287 4153 2582 4210 secundum
2617 4151 2882 4206 redditam
2919 4165 3143 4204 causam
3175 4189 3190 4212 ,
3217 4148 3284 4201 ad
3325 4145 3399 4212 id,
3439 4145 3586 4216 quod

1991 4259 2096 4299 non
2128 4254 2234 4310 est,
2267 4243 2715 4298 irrationabiliter
2741 4241 2935 4306 fertur,
2965 4247 3116 4294 recte
3143 4239 3211 4294 de
3237 4251 3456 4292 sursum
3487 4237 3581 4291 de-

1991 4337 2159 4392 fluere
2195 4338 2416 4402 dicitur,
2451 4351 2557 4390 non
2591 4335 2658 4390 ad
2695 4349 2852 4390 suum
2883 4332 3210 4403 principium
3250 4337 3306 4384 et
3337 4343 3582 4392 causam,

1993 4444 2022 4483 a
2054 4445 2158 4498 qua
2191 4436 2247 4483 et
2279 4429 2330 4496 in
2367 4443 2470 4498 qua
2511 4435 2568 4482 et
2603 4441 2702 4496 per
2730 4439 2892 4495 quam
2924 4421 3100 4477 factus
3129 4429 3242 4484 est,
3275 4429 3490 4483 motus;
3532 4427 3588 4472 et

1992 4528 2074 4574 est
2101 4520 2153 4574 in
2184 4530 2362 4574 meatu
2401 4517 2640 4574 instabili
2670 4525 2723 4570 et
2750 4513 3148 4568 inordinatione
3177 4510 3346 4566 ﬂuxili
3373 4509 3586 4563 animae

1992 4619 2048 4668 et
2073 4611 2317 4681 corporis
2342 4626 2371 4664 a
2395 4625 2500 4664 non
2525 4617 2742 4664 errante
2769 4615 2824 4662 et
2849 4605 3106 4661 similiter
3135 4605 3366 4660 habente
3391 4617 3582 4668 causa,

1995 4705 2062 4760 ad
2093 4704 2165 4768 id,
2200 4703 2342 4774 quod
2377 4702 2576 4756 malum
2608 4710 2713 4767 est,
2747 4698 3060 4756 voluntario
3091 4705 3367 4752 momento
3399 4694 3589 4765 expul-

1994 4797 2200 4853 siouem
2225 4811 2380 4852 suam
2403 4807 2696 4866 peragens;
2717 4809 2780 4848 ex
2811 4808 2918 4862 quo
2941 4800 2994 4846 et
3027 4790 3195 4846 liuere
3217 4787 3431 4858 preprie
3452 4785 3586 4841 dici-

1995 4899 2102 4956 tur,
2144 4905 2208 4944 eo
2244 4890 2385 4960 quod
2422 4889 2474 4944 in
2501 4902 2560 4944 se
2593 4896 2773 4941 motae
2795 4885 2863 4940 ad
2895 4885 3064 4939 Deum
3103 4879 3583 4951 inseparabiliterlt

1994 4981 2206 5036 animae
2223 4995 2442 5050 gressus
2463 4977 2731 5042 faciendo,
2757 4975 2931 5030 valido
2951 4973 3246 5044 potentiae,
3266 4971 3407 5039 quod
3438 4969 3586 5022 dete-

1995 5073 2110 5128 rius
2140 5081 2224 5128 est
2255 5071 2473 5144 etquod
2499 5085 2604 5126 non
2635 5079 2738 5132 est,
2767 5082 2866 5138 pro
2896 5065 3102 5120 meliori
3121 5062 3304 5118 volens
3335 5057 3580 5114 mutavit.

2066 5164 2176 5220 Has
2228 5173 2442 5236 autem,
2499 5179 2633 5232 quas
2689 5161 2926 5215 dixeram
2967 5155 3224 5214 rationes,
3288 5152 3402 5220 ipse
3461 5149 3584 5218 qui-

1997 5255 2119 5310 dein
2163 5253 2488 5327 Areopagita
2547 5259 2764 5306 sanctus
2808 5247 3092 5316 Dionysius
3141 5237 3591 5314 praedestinatio-

1999 5363 2096 5402 nes
2148 5357 2202 5402 et
2253 5347 2466 5401 divinas
2501 5345 2803 5398 voluntates
2834 5340 3019 5396 vocari
3055 5353 3084 5394 a
3113 5336 3290 5390 divina
3319 5331 3586 5401 scriptura

1997 5457 2096 5496 nos
2138 5440 2347 5496 edocet.
2397 5437 2768 5508 Similiterque
2811 5445 2868 5491 et
2909 5434 3000 5505 qui
3040 5433 3152 5488 sint
3175 5431 3320 5486 circa
3357 5427 3588 5482 Pantae-

1995 5547 2126 5586 num
2173 5533 2353 5603 magni
2395 5529 2692 5586 Clementis
2735 5529 2991 5594 amicum,
3033 5526 3122 5595 qui
3163 5523 3340 5578 factus
3365 5526 3448 5574 est
3473 5529 3588 5572 ma-

1823 5643 2077 5702 NOTAE.
