4142 6296
525 314 661 377 4207

1876 318 2161 382 JOANNIS
2198 316 2398 380 SCOTI

3710 318 3929 379 1208

525 436 696 509 gister
745 438 1036 497 Stromatei
1073 454 1127 510 ιι,
1166 444 1377 503 divinas
1420 447 1721 504 voluntates
1760 464 1792 503 a
1831 446 2114 519 Scriptura
2142 446 2194 506 Α
2221 443 2521 510 hominum,
2547 439 2858 511 quicunque
2894 434 3096 519 nullam
3126 436 3424 495 secundum
3454 446 3737 505 motum,
3786 440 3928 510 qui

523 534 709 588 vocari
746 535 952 601 dicunt,
998 536 1119 593 inde
1157 538 1475 613 interrogati
1515 557 1544 596 a
1575 543 1899 613 quibusdam
1929 559 2116 614 super-

525 624 610 681 bis
655 626 706 678 in
749 641 937 681 eorum
980 630 1324 698 eruditione,
1381 649 1519 703 quae
1564 636 1904 690 extrinsecus
1936 643 2124 709 sunt,

526 717 797 786 quomodo
819 733 1149 791 cognoscere
1173 738 1258 788 ea,
1287 740 1427 793 quae
1453 734 1599 789 sunt,
1629 725 1797 781 Deum
1826 725 2119 781 aestimant

527 808 842 876 Christiani,
886 816 1305 886 suscipientibus
1334 818 1461 881 illis,
1496 819 1930 877 iutellectualiter
1961 819 2117 876 intel—

528 899 752 969 ligibilia
792 915 848 959 et
886 908 1514 965 sensualiter'sensibilia
1545 926 1666 966 eum
1697 927 2023 982 cognoscere
2053 928 2117 968 ea

530 1008 669 1063 quae
707 1003 852 1052 sunt.
903 998 1334 1070 Respondemus,
1357 1018 1533 1073 neque
1573 1005 1901 1061 sensualiter
1944 1006 2120 1062 sensi-

529 1080 882 1156 bilia,'neque
917 1088 1352 1146 intellectualiter
1382 1093 1788 1150 intellectualia.
1829 1094 1945 1150 Non
1973 1095 2139 1150 enim‘

532 1187 653 1229 esse
695 1177 951 1245 possibile
991 1191 1095 1246 est,
1145 1190 1207 1236 ut
1247 1184 1482 1239 ostendit
1519 1186 1679 1251 ratio,
1722 1201 1866 1253 eum,
1910 1188 2001 1257 qui
2038 1194 2123 1243 est

531 1278 697 1333 super
733 1281 819 1331 ea,
863 1283 1002 1337 quae
1039 1278 1182 1336 sunt,
1231 1286 1329 1342 per
1366 1288 1455 1339 ea,
1496 1289 1636 1343 quae
1669 1288 1818 1342 sunt,
1857 1290 1937 1337 ea.
1980 1291 2121 1347 quae

532 1363 678 1421 sunt,
705 1357 984 1428 accipere;
1013 1360 1107 1416 sed
1140 1361 1283 1417 sicut
1313 1378 1438 1419 suas
1462 1364 1766 1423 voluntates
1792 1381 2121 1437 cognoscere

534 1460 658 1500 eum
681 1449 913 1506 dicimus
949 1466 1011 1506 ea
1052 1468 1190 1523 quae
1219 1464 1365 1522 sunt,
1393 1455 1650 1514 addentes
1675 1459 1839 1515 etiam
1866 1475 1929 1515 ex
1957 1475 2121 1517 causa

535 1538 1024 1597 ratiocinationem.
1073 1544 1129 1599 Si
1171 1547 1314 1602 enim
1349 1549 1627 1607 voluntate
1664 1553 1847 1608 omnia
1888 1551 2038 1619 fecit,
2067 1561 2123 1610 et

534 1632 683 1687 nulla
721 1637 1045 1692 contradicit
1084 1640 1243 1707 ratio,
1267 1656 1595 1713 cognoscere
1638 1657 1818 1701 autem
1847 1663 1999 1703 suam
2028 1662 2121 1703 vo-

533 1723 796 1783 luntatem
823 1728 1013 1795 Deum,
1040 1746 1256 1804 semper
1290 1735 1438 1805 pium
1478 1737 1658 1792 dicere
1695 1749 1750 1793 et
1783 1737 1988 1807 justum
2014 1746 2118 1804 est,

534 1819 956 1892 unumquodque
994 1836 1131 1877 vero
1159 1838 1366 1890 eorum,
1395 1840 1533 1895 quae
1580 1827 1721 1882 facta
1763 1836 1906 1895 sunt,
1936 1828 2124 1886 volens

533 1905 696 1974 fecit;
745 1910 911 1982 igitur
955 1922 1015 1968 ut
1055 1931 1182 1971 suas
1222 1917 1531 1973 voluntates
1570 1918 1712 1975 Deus
1751 1923 2031 1992 cognoscit
2057 1937 2123 1978 ea

535 2013 677 2068 quae
698 2010 845 2068 sunt,
887 2005 1142 2074 quoniam
1186 2014 1242 2061 et
1280 2007 1465 2063 volens
1504 2023 1590 2075 ea,
1623 2025 1765 2081 quae
1799 2020 1943 2077 sunt,
1973 2011 2123 2069 fecit.

537 2090 676 2148 Hinc
699 2103 755 2147 et
779 2110 880 2165 ego
908 2098 1179 2166 aspiciens
1218 2114 1414 2155 censeo
1458 2103 1754 2157 secundum
1799 2103 1898 2159 has
1924 2105 2127 2162 dixisse

536 2182 863 2252 scripturam
880 2188 1116 2244 rationes
1143 2189 1247 2243 hoc
1267 2207 1278 2241 :
1297 2189 1680 2261 Cognoscebam
1702 2201 1751 2247 te
1770 2210 1928 2264 super
1948 2211 2126 2251 omnes

538 2272 605 2327 ad
631 2271 875 2345 Moysen,
903 2283 956 2331 et
990 2279 1055 2332 de
1081 2279 1402 2349 quibusdam
1428 2280 1565 2336 hoc:
1595 2280 1844 2353 Cognovit
1869 2283 2127 2341 Dominus

535 2367 625 2436 qui
645 2376 766 2423 sunt
786 2369 889 2434 sui,
916 2380 971 2424 et
997 2370 1191 2426 iterum
1208 2372 1310 2428 hoc
1332 2373 1398 2427 ad
1419 2375 1712 2444 quosdam:
1732 2375 1856 2431 Non
1878 2377 1997 2432 novi
2020 2395 2125 2435 vos.

538 2454 628 2511 Sic
651 2456 896 2528 profecto
917 2476 1355 2533 unumquemque
1371 2471 1464 2518 aut
1480 2465 1778 2521 secundum
1795 2467 2127 2525 voluntatem

538 2560 596 2606 et
629 2553 914 2620 rationem,
945 2565 1040 2610 aut
1065 2565 1255 2612 contra
1279 2557 1613 2615 voluntatem
1640 2567 1697 2615 et
1731 2560 1995 2616 rationem
2033 2560 2128 2617 Dei

535 2640 876 2701 voluntarius
896 2655 1076 2702 motus
1097 2647 1334 2703 divinam
1356 2649 1545 2703 audire
1562 2663 1747 2706 vocem
1762 2653 2129 2722 praeparavit.

610 2733 756 2791 Haec
805 2744 861 2792 et
901 2737 1207 2807 huiusmodi
1252 2737 1518 2795 deiferum
1561 2741 1706 2797 hunc
1754 2741 1932 2798 virum
1982 2742 2130 2799 arbi-

538 2832 656 2880 tror
703 2825 1092 2897 intelligentem
1147 2828 1328 2884 dicere
1381 2844 1399 2885 :
1464 2846 1584 2884 cum
1631 2830 1884 2901 deiforme
1935 2832 2031 2887 hoc
2083 2841 2131 2888 et

539 2917 775 2972 divinum
814 2928 1050 2988 nostrum
1096 2919 1332 2975 animum
1369 2929 1417 2975 et
1455 2922 1713 2977 rationem
1764 2924 1979 2994 proprio
2038 2924 2133 2979 ad-

539 3007 889 3075 miscebimus,
920 3017 968 3063 et
996 3010 1169 3082 imago
1206 3020 1493 3066 revertetur
1529 3012 1599 3065 ad
1634 3011 1924 3083 principale
1959 3029 2135 3069 exem-

539 3098 680 3170 plar,
723 3100 875 3171 cujus
904 3118 1042 3161 nunc
1079 3101 1231 3156 habet
1257 3104 1578 3173 appetitum;
1610 3118 1675 3159 ac
1711 3118 1810 3173 per
1835 3104 1938 3160 hoc
1976 3105 2131 3160 simi-

541 3190 666 3247 liter
702 3206 799 3263 per
840 3208 1011 3263 pauca
1057 3193 1193 3250 haec
1227 3195 1393 3250 verba
1436 3193 1797 3267 quodcunque
1844 3195 2133 3267 aliquando
2159 3174 2206 3238 ε

542 3295 754 3350 eorum,
786 3299 927 3355 quae
972 3294 1120 3352 sunt,
1169 3285 1413 3353 tetigisse
1453 3301 1762 3342 mensuram
1801 3286 2135 3344 arbitrantes

541 3376 938 3433 aestimandum
976 3377 1347 3434 doctrinaliter
1381 3379 1695 3446 retrahere,
1738 3389 1795 3436 et
1830 3382 2132 3448 rationem,

541 3465 802 3537 quomodo
825 3480 949 3536 pars
977 3466 1075 3522 Dei
1104 3483 1305 3531 sumus,
1331 3468 1623 3535 declarare,
1643 3478 1701 3524 et
1739 3468 1974 3526 futuram
2003 3471 2138 3527 bea-
2170 3457 2175 3465 ’

545 3564 635 3611 tae
654 3555 852 3625 quietis
870 3556 1253 3626 proprietatem
1287 3558 1611 3624 insinuasse,
1639 3567 1693 3615 et
1712 3561 1779 3614 ad
1806 3561 2136 3618 immobilem

546 3649 721 3720 ipsius
751 3657 806 3704 et
834 3650 1096 3719 quietem,
1130 3659 1184 3705 et
1216 3651 1363 3706 nullo
1391 3651 1552 3707 modo
1579 3654 1868 3709 cadentem
1898 3652 2136 3711 fructum

548 3742 811 3799 incitasse
832 3742 885 3797 in
917 3758 1003 3808 ea,
1040 3759 1180 3815 quae
1208 3744 1263 3799 in
1292 3745 1396 3800 hoc
1422 3754 1525 3813 est,
1568 3762 1661 3817 spe
1686 3756 1947 3818 purgatos
1977 3758 2032 3804 et
2061 3748 2144 3806 fe-

548 3834 838 3890 stinantes.
884 3834 1181 3906 Oportebat
1223 3838 1391 3905 enim,
1443 3841 1895 3909 quemadmodum
1934 3843 2002 3899 ad
2039 3842 2143 3900 hoc

547 3926 816 3982 habemus
846 3935 901 3982 et
925 3927 979 3982 in
1010 3928 1247 3983 essentia
1288 3938 1342 3986 et
1382 3932 1594 3988 ratione
1624 3934 1891 3999 notiones,
1930 3950 2027 4007 per
2056 3952 2144 3991 ra-

548 4017 751 4073 tionem
810 4027 866 4076 et
917 4028 1167 4076 naturam
1222 4032 1370 4079 recte
1414 4023 1631 4093 quidem
1674 4025 1884 4099 ingredi
1949 4027 2144 4099 simplo

548 4111 764 4177 ordine,
793 4121 850 4168 ct
878 4128 975 4169 nos
1028 4114 1147 4171 sine
1202 4115 1352 4171 omni
1395 4118 1761 4187 qualicunque
1799 4119 2141 4190 quaestione,

550 4202 697 4260 circa
723 4218 887 4274 quam
908 4206 1079 4262 solam
1105 4215 1162 4263 et
1187 4223 1414 4277 peccare
1442 4219 1599 4265 estet
1620 4210 1751 4277 falli,
1783 4210 2142 4279 deiformiter,

538 4305 815 4367 quantum
842 4298 1102 4369 possibile
1124 4307 1226 4366 est,
1250 4300 1433 4355 omnia
1458 4316 1880 4372 cognoscemus;
1904 4318 2009 4359 non
2032 4303 2144 4375 jam

552 4403 655 4460 per
686 4389 1046 4459 ignorantiam
1093 4392 1161 4446 ab
1189 4405 1275 4457 eo,
1309 4393 1401 4464 qui
1426 4393 1570 4449 circa
1614 4410 1678 4449 ea
1724 4402 1829 4462 est,
1866 4405 2017 4451 motu
2053 4396 2149 4452 de-

555 4481 712 4547 tenti,
738 4482 934 4538 merito
956 4498 1159 4554 magno
1188 4484 1370 4540 animo
1400 4495 1455 4541 et
1489 4486 1684 4542 rationi
1716 4496 1771 4544 et
1798 4489 2011 4559 spiritui
2047 4503 2146 4546 no-

2218 538 2285 593 ad
2310 536 2471 591 linem
2494 544 2595 603 est,
2625 515 2948 602 naturaliter
2972 540 3377 602 compactarum
3396 530 3478 585 eis
3499 530 3921 587 divinarum

2217 630 2489 685 rationum
2524 628 2593 683 ab
2622 628 2736 699 ipso
2761 625 3022 698 Creatore
3059 641 3157 697 per
3196 623 3594 697 negligentiam
3644 639 3921 681 corru-

2216 729 2435 792 perunt,
2452 720 2624 790 magis
2641 727 2817 773 autem
2835 718 3044 795 seipsos
3057 723 3424 786 temperanter
3438 714 3909 784 salt/avemus,

2217 810 2363 871 totos
2405 808 2926 877 inconversibiliter,
2946 818 3133 881 utpote
3171 807 3389 864 divinae
3417 824 3642 881 organa
3683 816 3915 865 natu-

2216 918 2330 969 rae,
2359 911 2414 958 et
2444 918 2563 958 esse
2592 912 2646 956 et
2678 900 2888 956 futuros
2913 916 3034 956 esse
3059 900 3317 964 scientes,
3345 914 3484 969 quos
3515 913 3630 968 per
3658 906 3895 954 totum

2222 1002 2364 1051 totus
2421 993 2846 1063 circumspirans
2890 1002 2913 1031 °
2963 991 3106 1046 Deus
3169 990 3224 1044 in
3297 990 3519 1045 modum
3567 991 3883 1056 animae,

2218 1087 2386 1142 veluti
2427 1085 2670 1141 membra
2697 1085 2939 1157 corporis
2968 1096 3247 1154 compacta
3277 1094 3328 1139 et
3357 1082 3563 1152 optima
3587 1082 3896 1139 Domino

2220 1177 2392 1234 factos
2416 1178 2483 1233 ad
2515 1177 2844 1233 voluntatem
2876 1184 3095 1241 tractat,
3112 1184 3184 1250 _et
3217 1175 3442 1245 propria
3484 1174 3708 1246 implet
3740 1174 3891 1246 glo-

2221 1274 2305 1329 ria
2334 1280 2389 1329 et
2420 1272 2773 1337 beatitudine,
2802 1271 2971 1343 vitam
2998 1270 3134 1325 dans
3170 1276 3227 1324 et
3272 1269 3485 1325 donans
3512 1277 3883 1334 aeternam,

2224 1374 2386 1436 atque
2414 1362 2760 1428 inell'abilem,
2788 1370 2843 1418 et
2882 1361 3134 1417 omnibus
3179 1360 3356 1416 modis
3399 1361 3673 1416 universa
3714 1359 3884 1417 libe-

2223 1473 2339 1514 ram
2386 1456 2693 1527 cognitione
2731 1455 3056 1511 constitutae
3096 1454 3444 1525 proprietatis
3493 1455 3877 1524 praesentis,

2223 1560 2278 1607 et
2305 1566 2402 1622 per
2431 1548 2831 1617 corruptionem
2877 1546 3205 1601 constitutae
3245 1546 3410 1600 vitae.
3441 1543 3622 1613 Quam
3684 1542 3874 1601 vide-

2224 1638 2350 1696 licet
2377 1640 2540 1694 vitam
2573 1644 2848 1693 aeternam
2888 1651 2994 1690 non
3036 1650 3129 1689 aer
3159 1635 3455 1704 inspirans,
3486 1650 3679 1704 neque
3716 1650 3872 1689 sano

2226 1730 2404 1802 guinis
2454 1728 2612 1784 rivuli
2664 1737 2821 1799 epate
2875 1726 3103 1782 ﬂuentes
3131 1727 3493 1793 constituunt,
3538 1727 3642 1782 sed
3694 1726 3867 1781 Deus

2153 1809 2199 1868 Β
2228 1831 2372 1878 totus
2419 1821 2548 1877 totis
2577 1820 2958 1890 participatns,
3003 1826 3061 1872 et
3107 1817 3326 1872 animae
3381 1817 3435 1871 in
3486 1816 3723 1873 modum
3779 1813 3865 1869 ad

2228 1930 2424 1986 corpus
2454 1913 2667 1983 animae
2720 1919 2776 1965 et
2816 1924 2914 1981 per
2964 1909 3199 1963 mediam
3249 1898 3486 1981 animam
3530 1908 3600 1964 ad
3627 1922 3865 1978 corpus

2230 2006 2423 2071 factus,
2458 2004 2599 2060 sicut
2639 2003 2789 2059 novit
2832 2002 2964 2072 ipse,
3005 2008 3065 2055 ut
3093 2016 3156 2055 ea
3186 2000 3401 2070 quidem
3431 1999 3861 2056 inconversibi—

2229 2098 2434 2153 litatem
2464 2095 2713 2166 accipiat,
2747 2093 2877 2148 illud
2912 2109 3041 2149 vero
3076 2092 3547 2157 immortalitatem,
3578 2099 3636 2146 et
3671 2099 3853 2145 totus

2231 2189 2392 2244 homo
2432 2186 2713 2242 deitieetur
2748 2199 2844 2256 per
2886 2180 3220 2239 inhumanati
3249 2184 3333 2237 Dei
3388 2181 3614 2254 gratiam
3660 2179 3845 2236 deiﬁ-

2231 2279 2436 2345 cantis;
2464 2285 2610 2332 totus
2641 2275 2855 2346 quidem
2912 2274 3074 2355 homo
3110 2287 3333 2328 manens
3374 2271 3670 2327 secundum
3706 2270 3851 2324 ani-

2230 2388 2377 2427 mam
2423 2380 2478 2427 et
2498 2385 2695 2441 corpus
2732 2385 2828 2439 per
2862 2377 3135 2434 naturam,
3188 2375 3243 2421 et
3292 2360 3639 2421 totus‘l‘actus
3686 2361 3847 2416 Deus

2233 2464 2530 2521 secundum
2558 2462 2796 2517 animam
2824 2469 2879 2516 et
2908 2474 3108 2530 corpus
3138 2474 3234 2529 per
3256 2459 3515 2530 gratiam,
3548 2465 3606 2510 et
3632 2468 3842 2509 conve-

2233 2560 2475 2614 nientem
2502 2556 2604 2612 sibi
2631 2571 2727 2628 per
2766 2563 2936 2609 totum
2967 2553 3203 2609 divinam
3245 2552 3442 2609 beatae
3485 2549 3693 2622 gloriae
3720 2546 3837 2601 cla-

2235 2652 2476 2715 ritatem,
2511 2657 2823 2720 postquam
2864 2645 3000 2701 nihil
3037 2653 3122 2700 est
3148 2643 3215 2698 ad
3247 2640 3658 2709 intelligendum
3697 2637 3836 2693 luci-

2236 2743 2358 2799 dius
2385 2750 2482 2797 aut
2514 2739 2803 2797 excelsius.
2846 2738 2986 2806 Quid
3030 2739 3173 2793 enim
3204 2739 3439 2798 οιὼσεως
3480 2733 3657 2806 dignis
3682 2745 3834 2787 ama-

2234 2832 2418 2909 bilius,
2457 2844 2745 2909 perquam
2797 2829 2939 2886 Deus
2987 2828 3091 2885 diis
3138 2827 3303 2883 factis
3358 2828 3569 2894 unitos,
3611 2825 3834 2881 omnino

2234 2908 2644 2983 universitatem
2675 2940 2826 2981 suam
2858 2922 2988 2979 facit
3011 2938 3108 2994 per
3129 2920 3466 2979 bonitatem?
3503 2919 3584 2974 Ac
3610 2933 3707 2990 per
3727 2918 3832 2973 hoc

2236 3022 2650 3079 delectationem
2681 3028 2736 3076 et
2761 3018 3069 3090 passionem
3095 3026 3151 3073 et
3187 3016 3440 3089 gaudium
3490 3014 3629 3069 bene
3658 3011 3833 3067 nomi-

2237 3116 2480 3171 naverim
2506 3114 2669 3170 talem
2696 3120 2920 3178 statum,
2943 3111 3036 3182 qui
3066 3118 3153 3166 est
3172 3124 3269 3182 per
3293 3109 3530 3164 divinam
3557 3105 3825 3169 notitiam,

2237 3216 2295 3264 et
2318 3214 2832 3278 consequentcmse
2857 3202 3095 3258 laetitiae
3126 3201 3393 3258 fructum:
3422 3196 3825 3253 delectationem

2235 3295 2455 3368 quidem
2502 3297 2723 3363 merito,
2768 3295 2894 3351 dum
2926 3285 2997 3349 sit
3028 3292 3151 3347 linis
3181 3288 3510 3346 naturalium
3559 3286 3821 3359 operatio-

2237 3404 2388 3455 num,
2418 3389 2497 3444 sic
2542 3389 2687 3443 enim
2718 3385 3133 3442 delectationem
3175 3383 3482 3448 deﬁniunt;
3526 3379 3821 3451 passionem

2238 3496 2390 3548 vero,
2418 3480 2583 3537 veluti
2625 3479 3010 3535 extendentem
3050 3478 3328 3541 virtutem,
3355 3485 3412 3531 et
3460 3474 3527 3529 ad
3577 3471 3650 3540 id,
3688 3469 3823 3541 quod

2240 3572 2392 3639 facit,
2423 3570 2501 3637 id,
2530 3571 2674 3642 quod
2702 3569 2930 3641 patitur,
2957 3569 3321 3631 inducentem,
3340 3563 3633 3621 secundum
3654 3559 3824 3616 reddi-

2244 3675 2352 3722 tam
2379 3665 2521 3719 aéris
2549 3664 2615 3719 ad
2651 3662 2825 3717 lucem
2859 3669 2916 3715 et
2966 3660 3033 3715 ad
3086 3661 3262 3730 ignem
3289 3654 3422 3711 ferri
3458 3649 3823 3725 paradigmati-

2243 3774 2364 3814 cam
2389 3773 2629 3824 causam,
2650 3765 2706 3811 et
2732 3754 3046 3811 credibilem
3071 3750 3393 3807 naturaliter
3416 3763 3482 3804 ac
3503 3756 3822 3814 vere,neque

2244 3849 2387 3905 aliud
2427 3849 2680 3918 quidesse
2707 3855 2922 3919 praeter
2946 3846 3072 3910 hoc,
3101 3858 3309 3905 eorum,
3333 3855 3476 3911 quae
3505 3846 3649 3903 sunt,
3679 3835 3820 3906 capi-

2246 3941 2416 3997 tulum
2443 3940 2572 4014 [hoc
2614 3948 2697 3996 est
2724 3931 3294 4006 consummationem],
3339 3946 3501 4002 quam
3530 3925 3821 3999 impassibi-

2246 4034 2372 4089 litas
2424 4039 2728 4103 opportune
2779 4028 3056 4099 sequitur;
3110 4026 3365 4097 gaudium
3430 4034 3645 4092 quoque
3684 4016 3816 4087 jure,

2246 4128 2372 4183 dum
2403 4125 2536 4181 nihil
2573 4124 2770 4179 habeat
2795 4110 3242 4192 contrapositum,
3285 4129 3460 4186 neque
3488 4110 3817 4185 praeteritum

2246 4233 2425 4288 neque
2452 4216 2722 4281 futurum;
2760 4213 3013 4287 gaudium
3046 4211 3193 4267 enim
3233 4208 3419 4263 dicunt
3466 4216 3640 4273 neque
3662 4198 3815 4256 tristi~

2249 4308 2381 4363 tiatn
2412 4323 2573 4363 nosse
2603 4305 2979 4378 praeteritam,
3013 4314 3187 4371 neque
3215 4314 3280 4354 ex
3309 4296 3504 4352 timore
3532 4292 3812 4349 satietatem

2248 4407 2530 4468 acceptum
2586 4397 2654 4452 iri
2694 4393 3061 4466 spectandam,
3116 4389 3258 4447 sicut
3318 4383 3627 4443 delectatio.
3676 4378 3811 4435 Unde

2249 4489 2412 4545 etiam
2454 4487 2619 4544 veluti
2652 4485 3137 4543 demonstrativam
3171 4478 3588 4552 appellationem
3624 4472 3809 4528 futurae

552 4580 724 4627 strum
745 4573 985 4627 animum
1016 4583 1070 4628 et
1097 4574 1360 4630 rationem
1384 4585 1441 4630 et
1462 4576 1734 4647 spiritum,
1763 4558 1937 4649 magis
1960 4590 2145 4652 autem
2171 4558 2225 4620 Ῑ)
2251 4579 2501 4636 veritatis
2524 4578 2907 4635 subsistentem
2940 4577 3300 4631 decreverunt
3335 4570 3536 4639 ubique
3572 4576 3623 4622 et
3651 4581 3676 4618 a
3709 4563 3803 4617 Deo

556 4663 653 4719 toti
681 4663 791 4718 Deo
837 4672 979 4718 totos
1022 4678 1121 4718 nos
1176 4665 1342 4734 ipsos,
1378 4665 1543 4721 veluti
1589 4668 1871 4738 principali
1897 4669 2143 4743 exemplo

556 4768 753 4825 nnago,
784 4754 1102 4809 accedentes
1124 4756 1174 4821 ιι,
1193 4756 1333 4810 sicut
1362 4757 1527 4811 etiam
1558 4757 1610 4812 in
1635 4773 1905 4829 sermone,
1939 4763 2031 4833 qui
2063 4771 2147 4818 est

556 4846 623 4903 de
650 4847 929 4919 grandine,
964 4848 1153 4904 edocet
1188 4849 1266 4905 sic
1314 4849 1498 4906 dicens
1528 4868 1542 4906 :
1588 4851 1655 4906 Et
1684 4870 1778 4909 nos
1816 4856 2027 4926 quidem
2059 4856 2145 4909 in-

557 4938 782 5010 effabilia
811 4938 905 4993 tua:
954 4941 1197 5011 accipiet,
1238 4950 1286 4997 et
1319 4953 1531 4998 sanctae
1574 4960 1636 4998 ac
1680 4946 1870 5018 regalis
1920 4957 2150 5002 contem-

558 5030 722 5101 platio
753 5032 1005 5086 trinitatis
1026 5032 1372 5089 illuminantis
1393 5034 1603 5106 planius
1629 5046 1677 5091 et
1709 5036 1891 5107 purius
1912 5047 1959 5092 et
1989 5037 2147 5092 totius

561 5126 658 5182 toti
687 5127 861 5182 animo
890 5128 1105 5195 mixtae,
1138 5146 1296 5201 quant
1324 5130 1481 5184 etiam
1519 5129 1685 5185 solum
1717 5147 1931 5200 regnum
1972 5127 2148 5185 caelo—

561 5233 679 5274 rum
704 5236 796 5292 ego
817 5234 985 5291 pono,
1016 5237 1139 5277 cum
1169 5221 1527 5277 delectatione
1559 5220 1857 5276 delectatur
1879 5228 1936 5275 et
1983 5220 2151 5276 laeta-

561 5320 672 5379 tur,
702 5321 761 5368 ut
788 5314 893 5380 bis,
925 5329 1064 5383 quae
1095 5323 1222 5370 sunt
1246 5314 1436 5383 ipsius,
1468 5312 1645 5367 audax
1667 5312 1988 5382 coniungam
2012 5328 2153 5383 quae

561 5420 683 5463 mea
712 5415 860 5474 sunt,
889 5408 1068 5465 omnis
1097 5416 1349 5462 creatura
1399 5404 1681 5461 rationalis
1728 5404 2043 5476 angelorum
2096 5414 2152 5463 et

2255 4672 2502 4742 inspirati
2530 4684 2825 4733 sermones,
2842 4677 2897 4724 et
2914 4683 2980 4724 ex
3001 4667 3081 4723 eis
3104 4666 3284 4722 divina
3298 4663 3566 4734 sapientes
3581 4652 3790 4727 mysteria

2254 4766 2447 4821 Patres
2468 4763 2659 4819 nostri.
2684 4761 2869 4832 Itaque
2885 4758 3338 4830 quemadmodum
3356 4757 3409 4811 in
3436 4751 3640 4809 transitu
3653 4760 3793 4817 appa-

2257 4866 2339 4913 ret
2366 4873 2464 4929 per
2488 4871 2573 4911 me
2619 4854 2916 4924 paululum,
2949 4860 3003 4907 et
3034 4850 3354 4906 naturaliter
3377 4858 3430 4904 et
3456 4861 3545 4916 per
3568 4840 3794 4915 [scriptu-

2259 4944 2401 5019 ram]
2433 4945 2621 5000 Patres
2648 4954 2925 5002 ostensum
2968 4950 3070 5007 est,
3099 4941 3370 5011 quomodo
3395 4935 3589 4992 nullum
3615 4944 3798 4995 eorum,

2256 5052 2396 5112 quae
2419 5037 2560 5094 facta
2587 5046 2730 5104 sunt,
2767 5050 3001 5106 unquam
3025 5033 3172 5089 sistis
3203 5041 3373 5096 motu,
3392 5043 3565 5100 neque
3582 5026 3629 5080 in
3653 5038 3702 5080 se
3722 5038 3797 5078 sc-

2256 5129 2494 5187 cundum
2515 5129 2753 5185 divinam
2779 5124 3198 5198 speculationem
3224 5122 3429 5191 accepit
3453 5119 3801 5189 quietcm,cum

2257 5222 2344 5279 his
2359 5237 2596 5293 quoque,
2612 5220 2883 5292 quomodo
2904 5217 3238 5289 impossibile
3263 5225 3347 5271 est
3373 5215 3424 5269 in
3450 5215 3561 5268 Deo
3588 5225 3669 5281 per
3681 5222 3804 5263 man-

2258 5314 2431 5371 sionis
2472 5313 2756 5384 dignorum
2810 5309 3130 5382 reprehendi
3184 5306 3517 5363 lirtnitatem.
3571 5297 3803 5369 Quomodo

2259 5407 2407 5463 enim
2443 5417 2527 5461 est
2548 5402 2840 5477 lpossihile,
2872 5410 2932 5458 ut
2971 5401 3075 5468 bis,
3108 5414 3247 5472 quae
3273 5398 3415 5455 dicta
3446 5402 3593 5460 sunt,
3617 5402 3802 5463 parvum

2103 5514 2355 5574 NOTAE.

636 5649 663 5679 ει
690 5638 783 5709 Sic
811 5638 861 5693 Ι.
894 5637 1108 5709 Scottis.
1142 5634 1306 5709 Vegte
1342 5646 1391 5691 et
1431 5634 1738 5694 Pantaenus
1773 5638 1865 5709 qui
1902 5638 2153 5709 magister

588 5709 665 5778 ttin
694 5707 972 5778 Clementis
1006 5707 1187 5778 Magni
1220 5705 1520 5778 Stromatei.
1784 5705 1792 5709 ’
1882 5727 1907 5743 ο

641 5777 670 5819 ὶι
703 5777 761 5832 1η
801 5779 1011 5834 Graeco
1037 5777 1112 5839 die
1132 5777 1423 5851 ἀρχετύπῳ
1451 5781 1621 5846 εἰκόνι,
1653 5787 2150 5857 προσχωρήσαντις.

2261 5633 2426 5692 Verte
2450 5637 2728 5707 principau
2755 5632 3041 5704 exemplari
3057 5633 3300 5707 Aiconent,
3320 5628 3676 5703 permittentes,
3707 5631 3798 5681 cet.

2336 5718 2357 5747 ε
2400 5704 2606 5764 Graece
2622 5704 2873 5781 περιφύς,
2896 5704 3260 5775 complectens.
