4142 6296
297 232 436 291 1209

1375 222 1623 284 VERSIO
1658 223 2117 285 AMBIGUORUM
2152 225 2209 283 S.
2249 228 2512 287 MAXIM.
2674 218 2678 221 ’
2901 262 2953 295 .c,

3405 235 3545 294 1210

293 346 563 418 quoddam
588 343 653 400 ad
675 342 1139 400 conﬁrmationem
1168 354 1233 397 ex
1257 339 1754 396 ratiocinationibus
1775 338 1868 395 de-
1893 349 1945 408 Α
1969 350 2116 397 ctum
2150 342 2562 413 providentiam,
2611 352 2664 398 et
2710 343 2775 399 de
2803 343 3073 414 diligenda
3113 344 3360 414 proximo
3399 352 3546 409 sicut

293 454 417 495 mus
445 436 791 508 adjutorium,
826 436 991 492 semel
1020 437 1074 490 in
1108 435 1219 488 Deo
1244 433 1673 489 substantialiter
1700 431 1871 489 factos

294 528 566 601 ingratam
587 534 684 598 per
712 526 1035 582 desiderium
1065 524 1340 594 accepisse
1382 525 1712 590 satietatem,
1744 525 1873 581 dum

292 620 472 675 omnis
491 620 710 675 satietas
731 618 1023 674 secundum
1050 631 1206 672 suam
1230 616 1496 673 rationem
1520 624 1579 672 et
1603 618 1879 673 deﬁnitio-

295 723 421 765 nem
465 710 754 765 constituta
792 707 1124 763 desiderium
1157 707 1458 777 extinguat,
1494 715 1550 762 et
1574 708 1873 762 secundum

295 799 430 854 duos
465 798 822 854 constituatur
858 796 1068 852 modos.
1116 796 1225 852 Aut
1268 797 1432 863 enim,
1461 811 1601 868 quae
1626 796 1872 865 subjecta

295 899 442 955 sunt,
465 888 629 943 veluti
669 902 834 956 parva
864 888 1314 944 circumscribens
1343 888 1668 944 desiderium
1690 889 1872 944 extin-

292 981 426 1050 guit,
449 987 543 1033 aut
561 994 824 1050 spernens
842 979 1008 1035 veluti
1036 980 1209 1049 turpia
1230 994 1297 1035 ac
1314 979 1575 1035 deformia
1594 979 1875 1034 abomina-y

294 1079 412 1136 tur;
443 1085 512 1126 ex
537 1070 623 1126 bis
643 1071 866 1126 satietas
892 1071 1010 1126 ﬁeri
1036 1071 1333 1126 consuevit.
1359 1069 1504 1125 Deus
1532 1085 1660 1126 vero
1679 1080 1874 1126 natura

294 1163 597 1217 subsistens
635 1161 877 1218 inﬁnitus
924 1177 989 1217 ac
1035 1163 1324 1233 pretiosus,
1371 1164 1663 1219 extendere
1702 1163 1874 1234 magis

296 1248 593 1306 fruentium
610 1266 668 1307 se
678 1266 776 1322 per
786 1252 1252 1323 participationem
1272 1253 1340 1306 ad
1360 1252 1432 1318 id,
1449 1253 1591 1322 quod
1605 1252 1872 1307 inﬁnitum

295 1351 403 1409 est,
426 1343 752 1399 desiderium
776 1345 1072 1400 consuevit.
1096 1343 1153 1399 Si
1174 1352 1354 1399 autem
1373 1343 1477 1399 hec
1502 1359 1711 1411 verum,
1735 1344 1876 1399 sicut

299 1445 356 1491 et
380 1443 486 1501 est,
511 1449 616 1491 non
642 1445 761 1491 erat
787 1437 951 1507 igitur
979 1436 1088 1504 illa,
1110 1451 1252 1508 quae
1270 1437 1414 1491 dicta
1443 1446 1559 1503 est,
1585 1438 1763 1492 unitas
1789 1451 1876 1490 ra-

302 1526 663 1593 tionabitinm,
701 1540 841 1596 quae
875 1526 1185 1582 satietatem
1225 1525 1496 1597 accipiens
1526 1538 1899 1596 perseverum.

300 1618 427 1682 tiae,
442 1631 585 1686 quae
597 1616 650 1671 in
670 1615 805 1682 Deo,
830 1616 1029 1687 partita
1043 1624 1214 1682 est,et
1232 1631 1300 1672 ex
1316 1616 1533 1687 propria
1557 1614 1877 1670 discissione

1970 431 2203 500 seipsam
2233 431 2431 501 jubens
2472 433 2809 499 mandatum,
2852 436 3146 505 prudenter
3175 452 3370 509 corpus
3401 444 3542 499 rcci-

1969 512 2091 595 pit:
2124 538 2221 594 per
2269 525 2496 579 virtutes
2531 526 2696 582 etiam
2742 526 2873 581 illud
2920 528 3171 589 famulari
3229 530 3342 590 Deo
3383 533 3546 595 allicit

1971 623 2033 671 ut
2076 630 2418 683 conservum,
2458 626 2514 672 et
2558 632 2658 688 per
2692 633 2846 673 suam
2891 622 3231 680 medietatem
3283 625 3579 686 factorctn‘

1971 706 2136 761 faciet
2162 721 2559 776 possessurum,
2584 717 2641 765 et
2665 709 2792 765 data
2827 711 3234 785 immortalitate
3275 717 3549 783 insolubili

1971 797 2187 854 vinculo
2246 799 2376 855 illud
2424 801 2527 856 sibi
2581 800 2995 870 conjuncturum
3028 846 3043 872 ,
3094 816 3153 862 ut
3206 812 3350 880 quod
3403 813 3577 871 Deus

1972 887 2210 954 animae,
2237 889 2340 944 hoc
2368 891 2547 945 anima
2577 894 2792 962 corpori
2836 893 2951 960 ﬁat,
2977 904 3033 951 et
3063 912 3203 953 unus
3231 903 3548 961 ostendatur

1973 980 2213 1033 omnium
2276 978 2519 1049 Greater,
2569 984 3048 1052 proportionaliter
3102 1002 3200 1057 per
3246 990 3553 1055 liumanita~

1975 1078 2082 1125 tem
2130 1071 2311 1127 omnia
2359 1073 2666 1145 ingrediens
2709 1090 2850 1146 quae
2893 1087 3037 1144 sunt,
3080 1080 3217 1135 etin
3248 1097 3412 1138 unum
3453 1099 3550 1140 ve-

1974 1162 2128 1218 niant
2149 1166 2320 1220 multo
2353 1181 2384 1219 a
2405 1180 2466 1221 se
2489 1167 2724 1222 invicem
2747 1170 3043 1224 secundum
3069 1180 3318 1230 naturam
3344 1177 3553 1234 distan-

1975 1253 2050 1309 tia
2103 1256 2248 1311 circa
2310 1272 2471 1312 unam
2543 1258 2777 1314 hominis
2839 1268 3108 1333 naturam,
3161 1264 3265 1319 sibi
3318 1266 3552 1324 invicem
3622 1330 3625 1335 ,

1976 1348 2378 1415 convenientia,
2421 1358 2476 1404 et
2514 1348 2575 1404 ﬁt
2616 1351 2798 1405 omnia
2844 1336 2899 1407 in
2937 1354 3188 1411 omnibus
3231 1356 3347 1426 ipse
3386 1359 3552 1427 Deus,

1978 1441 2161 1494 omnia
2198 1442 2683 1512 comprehenderis,
2742 1453 2798 1499 et
2834 1461 2998 1502 unum
3056 1448 3387 1509 substituens
3421 1454 3554 1510 sibi-

1978 1539 2109 1595 met,
2139 1543 2207 1585 eo
2253 1533 2396 1601 quod
2445 1532 2651 1588 nullum
2702 1534 2932 1606 amplius
2959 1550 3167 1605 eorum,
3215 1556 3353 1611 quae
3405 1554 3549 1611 sunt,

1977 1617 2178 1673 sinitur
2205 1620 2484 1688 possidere
2510 1632 2741 1690 motum,
2771 1633 2827 1679 et
2861 1625 3028 1696 ipsius
3067 1643 3262 1700 expers
3299 1646 3553 1702 praesen-

295 1705 483 1760 mundi
513 1706 672 1776 hujus
690 1707 1098 1778 generationem
1120 1707 1503 1772 cointroduxit,
1524 1721 1593 1760 ne
1613 1705 1954 1776 optimum];
1978 1709 2110 1776 tiae,
2137 1724 2236 1779 per
2261 1725 2424 1782 quam
2458 1722 2513 1768 et
2532 1713 2614 1769 Dii
2644 1725 2698 1770 et
2725 1714 2820 1771 ﬁlii
2849 1716 2898 1782 ιι,
2923 1726 2978 1773 et
3010 1735 3205 1791 corpus
3232 1734 3290 1779 et
3313 1725 3555 1782 membra

296 1798 499 1854 bonum
528 1797 1000 1870 circumscriptum
1048 1797 1310 1853 faciamus
1337 1806 1390 1853 et
1421 1797 1548 1863 vile,
1588 1795 1749 1851 veluti
1786 1811 1875 1851 sa.

297 1892 487 1947 tietate
510 1892 743 1962 quadam
772 1891 1216 1957 cireumﬁnitum,
1244 1897 1301 1946 et
1338 1889 1619 1946 seditionis
1648 1903 1873 1943 causam

296 1983 496 2040 factam
525 1983 652 2051 illis,
683 1998 915 2055 quorum
938 1984 1264 2040 desiderium
1289 1983 1365 2049 id,
1396 1983 1539 2053 quod
1571 1982 1875 2036 incommu-

297 2075 461 2131 labile
488 2085 592 2141 est,
626 2084 808 2131 tenere
837 2088 944 2131 non
970 2074 1163 2145 potuit.
1194 2073 1260 2127 Et
1285 2087 1354 2127 ne
1387 2074 1679 2128 vanitatem
1712 2072 1876 2127 talem

295 2168 517 2238 quidam
565 2169 632 2222 de
672 2176 855 2223 celem
898 2168 1122 2222 adorent
1174 2176 1223 2231 ι,
1259 2173 1319 2219 ut
1362 2165 1493 2219 mihi
1533 2164 1768 2230 videtur,
1808 2177 1876 2218 ea

295 2273 434 2330 quae
449 2272 556 2312 non
582 2266 710 2312 sunt
725 2256 1008 2329 fingentes,
1032 2264 1110 2322 et,
1139 2255 1287 2325 quod
1303 2269 1369 2310 eo
1393 2253 1631 2325 gravius,
1657 2254 1876 2308 beatum

296 2348 442 2403 hunc
468 2347 705 2412 Patrem,
732 2346 898 2401 veluti
938 2346 1067 2400 talia
1096 2346 1415 2415 sapientem,
1453 2344 1876 2408 calumnientur,

300 2438 359 2493 in
386 2452 494 2508 quo
523 2452 631 2493 non
655 2437 827 2491 solum
851 2451 913 2492 se
931 2452 996 2492 ex
1023 2436 1191 2506 priori
1220 2437 1402 2506 Specie
1430 2437 1568 2490 vitae
1588 2435 1799 2490 animas
1818 2435 1877 2490 in

298 2513 529 2598 corpora
561 2527 748 2583 venire
773 2526 828 2579 in
865 2526 1122 2582 ultionem
1149 2540 1357 2593 eorum,
1384 2540 1525 2596 quae
1549 2532 1676 2581 ante
1690 2539 1880 2596 perpe-

299 2627 442 2674 trata
469 2625 619 2682 sunt,
649 2616 913 2673 malorum
943 2617 1184 2673 dicentes
1211 2625 1604 2687 consequenter
1631 2624 1878 2687 possunt,

300 2710 398 2765 sed
409 2720 461 2763 et
477 2707 612 2763 alios
625 2708 886 2762 seducere
900 2706 979 2762 sic
994 2706 1218 2774 habere,
1228 2706 1617 2763 rationabiliter
1635 2706 1881 2762 conando

298 2815 396 2872 per
413 2813 765 2870 personarum
787 2791 1133 2869 probitatem,
1154 2813 1327 2869 neque
1344 2799 1482 2854 bene
1500 2812 1678 2868 neque
1690 2805 1878 2853 sancte

302 2900 547 2962 agentes,
569 2892 661 2947 sed
680 2889 824 2956 illos,
846 2891 939 2960 qui
960 2890 1041 2945 sic
1061 2890 1279 2956 habent,
1304 2889 1503 2944 habere
1522 2889 1877 2955 dimittentes,

302 2997 405 3037 nos
432 2983 535 3054 ipsi
561 2984 649 3053 pie
671 2981 1001 3037 intellectum
1024 2983 1271 3054 magistri
1294 2998 1417 3057 cum
1446 2983 1554 3048 bis,
1577 2996 1715 3053 quae
1734 2981 1879 3038 dicta

303 3085 452 3141 sunt,
488 3078 650 3132 etiam
678 3090 773 3145 per
798 3075 965 3130 alium
986 3076 1468 3146 contemplabimur
1495 3074 1731 3131 modum.

374 3165 492 3221 Non
521 3166 760 3221 arbitrer
806 3166 970 3237 igitur
1019 3168 1289 3222 humanae
1332 3181 1457 3222 eum
1509 3166 1878 3239 generationis

302 3257 414 3324 hic,
450 3258 545 3312 sed
574 3257 845 3329 ingenitae
888 3258 940 3313 ei
985 3258 1237 3314 miseriae
1284 3274 1506 3315 causam
1534 3275 1760 3315 narrare
1787 3274 1882 3316 vo-

302 3346 486 3401 luisse.
529 3347 744 3418 Lugens
770 3347 915 3403 enim
960 3348 1202 3416 corporis
1250 3349 1421 3403 nostri
1469 3347 1742 3404 miseriam
1783 3364 1882 3420 per

301 3438 406 3493 hoc
453 3438 681 3493 dicendo
730 3455 745 3492 :
806 3436 874 3514 Ο⁴
909 3438 1325 3508 conjunctionem
1383 3450 1430 3493 et
1477 3424 1878 3510 separationem,

300 3547 478 3603 quam,
516 3531 647 3585 dum
687 3533 864 3597 timeo,
908 3518 1313 3603 circumsequor,
1344 3543 1391 3587 et
1415 3533 1554 3604 quod
1579 3549 1698 3588 amo
1726 3533 1877 3603 dedi,

302 3636 358 3682 et
386 3626 614 3698 reliqua,
669 3634 725 3681 et
775 3627 940 3682 veluti
966 3629 1109 3698 apud
1165 3628 1513 3700 semetipsum
1563 3628 1875 3685 deliberans

302 3709 369 3775 de
411 3733 573 3773 causa
607 3733 817 3785 eorum,
854 3719 1051 3790 quibus
1097 3719 1538 3787 dehonestamur,
1590 3721 1877 3789 malorum,

217 3816 231 3832 ‘
303 3822 357 3866 ct
411 3821 598 3869 contra
642 3829 764 3868 eam
818 3812 1213 3883 sapientissima
1266 3814 1552 3884 prudentia
1603 3814 1884 3887 disputans

302 3917 403 3974 per
431 3904 535 3959 boc
581 3906 721 3974 quod
762 3905 929 3960 dicit:
996 3904 1142 3971 Quae
1194 3921 1317 3975 erga
1354 3920 1436 3960 me
1493 3906 1775 3975 sapientia,
1832 3914 1882 3958 et

303 3996 445 4068 quod
509 4011 757 4066 magnum
829 3996 1173 4067 mysterium?
1258 3996 1501 4061 addidit,
1560 3995 1882 4050 solutionem

302 4086 464 4157 plane
495 4082 721 4151 faciens,
772 4085 851 4141 sic
881 4102 895 4140 :
928 4087 1009 4140 An
1056 4084 1164 4140 vult
1207 4094 1407 4156 partem
1439 4099 1532 4138 nos
1555 4099 1665 4137 esse
1692 4083 1809 4148 Dei,
1835 4092 1884 4138 et

302 4179 578 4233 desursum
612 4179 849 4249 ﬂuentes,
905 4187 960 4232 ut
1013 4193 1119 4232 non
1163 4192 1256 4246 per
1297 4176 1605 4246 dignitatem
1643 4174 1881 4242 excitati,

302 4282 350 4324 et
375 4268 622 4323 caelestia
661 4266 1097 4338 contemplantes;
1130 4266 1477 4336 despiciemus
1505 4264 1805 4321 Creatorem
1827 4267 1884 4321 in

1977 1807 2033 1853 et
2054 1812 2189 1868 pars
2208 1800 2302 1856 Dei
2323 1810 2379 1856 et
2402 1802 2595 1858 horum
2622 1805 2816 1860 similia
2846 1816 2901 1862 et
2926 1822 3111 1867 sumus
3139 1823 3195 1867 et
3217 1814 3447 1872 dicimur
3466 1834 3550 1885 ea,

1979 1903 2120 1958 quae
2153 1891 2222 1945 ad
2248 1892 2547 1960 linemest,
2587 1893 2850 1952 relatione
2898 1899 3109 1957 divinae
3151 1907 3587 1974 speculatiouis..i

2049 1978 2318 2047 Quoniam
2348 1981 2517 2052 igitur
2539 1993 2596 2039 et
2626 1986 2731 2042 hoc
2755 1999 2809 2042 et
2840 1989 2894 2043 in
2928 1991 3031 2047 boc
3062 1993 3225 2051 homo
3254 1996 3431 2057 lactus
3451 2011 3553 2068 est,

1978 2069 2034 2125 in
2059 2072 2237 2164 primo
2263 2088 2393 2128 vero
2415 2084 2570 2144 patre
2605 2091 2691 2144 eo,
2744 2083 2888 2149 quod
2927 2095 3176 2153 paratum
3222 2098 3307 2146 est
3349 2092 3417 2147 ad
3461 2108 3560 2164 po-

1978 2161 2224 2251 tentiam,
2253 2164 2455 2219 abusus
2489 2175 2576 2220 est
2615 2168 2685 2222 ad
2725 2170 2944 2237 malum,
2998 2176 3332 2236 transferens
3373 2197 3441 2238 ex
3462 2161 3556 2253 eo,

1979 2254 2123 2323 quod
2166 2268 2490 2311 concessum
2527 2266 2632 2326 est,
2668 2260 2738 2315 ad
2785 2262 2859 2330 id,
2905 2267 3047 2336 quod
3090 2270 3421 2339 prohibitum
3449 2285 3558 2344 est,

1979 2344 2304 2401 desiderium
2331 2375 2404 2386 —
2427 2348 2628 2403 etenim
2655 2360 2776 2407 erat
2802 2367 2902 2423 per
2926 2371 2986 2412 se
3025 2368 3237 2433 potens,
3262 2371 3316 2418 et
3361 2363 3560 2421 adhae-

1980 2448 2102 2491 rere
2137 2433 2388 2501 Domiuo,
2429 2446 2484 2492 et
2527 2438 2582 2492 in
2618 2442 2869 2512 Spiritum
2922 2445 3071 2516 ﬁeri;
3113 2452 3413 2510 adhaerere
3432 2447 3559 2521 me-

1980 2526 2186 2592 retrici,
2215 2536 2272 2582 et
2297 2528 2354 2582 in
2379 2542 2578 2600 corpus
2596 2532 2724 2588 ﬁeri
2756 2536 3007 2594 seductus
3053 2541 3232 2614 elegit,
3282 2555 3336 2600 et
3379 2547 3560 2603 divina

1978 2626 2037 2674 et
2090 2620 2246 2674 beata
2298 2621 2509 2677 visione
2572 2623 2758 2683 volens
2817 2629 3052 2700 seipsum
3120 2635 3371 2705 expulit,
3436 2639 3558 2707 sic,

1980 2708 2108 2764 dum
2141 2721 2290 2767 esset
2321 2711 2464 2768 Deus
2503 2715 2700 2785 gratia,
2736 2726 2892 2775 terra
2930 2720 3049 2777 ﬁeri
3088 2738 3186 2793 per
3230 2726 3559 2786 voluntatem

1979 2804 2391 2876 praehonorans
2411 2835 2484 2848 --
2506 2810 2779 2880 sapienter
2824 2813 2986 2870 simul
3034 2823 3091 2871 et
3135 2818 3561 2878 misericorditer

1981 2901 2038 2949 et
2079 2909 2212 2951 suae
2256 2900 2639 2956 convenienter
2686 2902 2915 2960 bonitati
2961 2915 3181 2964 nostrae
3224 2909 3414 2967 salutis
3443 2911 3560 2969 dis-

1983 2983 2242 3056 pensator
2264 2987 2432 3057 Deus,
2458 2991 2819 3049 inrationabili
2858 2997 3027 3053 motui
3050 2998 3430 3058 intellectualis
3452 3003 3563 3059 vir-

1905 3066 1952 3130 C
1984 3084 2139 3144 tutis,
2157 3094 2298 3151 quae
2323 3081 2380 3135 in
2408 3083 2567 3139 nobis
2586 3094 2691 3151 est,
2719 3099 3137 3157 consequentem
3168 3101 3468 3161 opportune
3482 3092 3562 3148 af-

1983 3167 2103 3224 ﬁxit
2132 3170 2447 3240 vindictam,
2474 3173 2607 3231 illud
2631 3177 2804 3247 ipsum
2832 3177 3078 3237 fortassis
3118 3181 3273 3252 juxta
3298 3186 3561 3243 rationem

1981 3264 2214 3333 puniens
2238 3274 2441 3333 morte,
2462 3282 2562 3338 pro
2589 3284 2698 3339 quo
2722 3271 3016 3327 secundum
3056 3275 3297 3331 animum
3327 3277 3426 3333 soli
3446 3276 3565 3335 'Deo
3668 3258 3669 3261 η

1984 3355 2222 3410 debitam
2273 3357 2518 3415 caritatis
2585 3361 2914 3432 projecimus
2960 3364 3260 3432 virtutem,
3314 3377 3377 3422 ut
3430 3369 3565 3426 nihil

1982 3457 2264 3515 amantes,
2298 3463 2396 3519 per
2443 3452 2751 3522 passionem
2803 3455 3127 3527 quandoque
3178 3460 3565 3529 poenitentiam

1985 3548 2236 3608 agentes,
2287 3541 2457 3608 adid,
2504 3545 2648 3614 quod
2673 3553 2781 3611 est,
2829 3546 3025 3602 iterum
3056 3551 3283 3607 eandem
3307 3553 3566 3610 reducere

1984 3630 2319 3689 disceremus
2347 3634 2632 3691 virtutem.
2676 3637 2826 3706 Quod
2873 3639 3089 3710 quidem
3114 3643 3414 3713 procedens
3447 3661 3565 3701 ma-

1984 3722 2236 3780 nifestius
2279 3723 2412 3781 facit
2453 3726 2641 3785 dicens
2687 3746 2699 3783 :
2734 3727 2837 3787 Sea
2890 3733 3019 3787 mihi
3070 3736 3281 3805 quidem
3335 3754 3428 3808 per
3470 3739 3566 3795 hoc

1981 3816 2187 3869 videtur
2210 3817 2342 3872 nihil
2369 3819 2453 3873 hic
2476 3819 2728 3875 bonorum
2756 3840 2865 3878 esse
2888 3824 3046 3892 ﬁdele
3074 3828 3370 3885 hominibus
3398 3848 3565 3903 neque

1982 3905 2400 3977 longaevitatem,
2427 3922 2481 3966 at
2524 3913 2571 3967 si
2609 3915 2735 3984 quid
2774 3917 2945 3996 aliud,
2988 3929 3036 3973 et
3068 3922 3165 3975 hoc
3216 3923 3341 3980 bene
3370 3927 3563 3996 artiﬁci

1982 3996 2152 4060 verba,
2181 4007 2229 4051 et
2267 4014 2472 4053 omnem
2515 4002 2833 4058 intellectum
2869 4021 3146 4076 superante
3170 4014 3427 4082 sapientia
3453 4034 3567 4073 ma-

1983 4084 2250 4176 chinatum
2280 4097 2376 4153 est,
2407 4088 2701 4145 deludendo
2726 4108 2819 4146 nos
2865 4095 3170 4166 visibilibus,
3217 4102 3271 4156 in
3319 4103 3567 4176 aliudque

1984 4175 2141 4232 aliter
2165 4185 2527 4235 transmutatis
2569 4192 2617 4236 et
2664 4189 3134 4244 transmutantibus
3158 4231 3174 4258 ,
3204 4203 3251 4247 et
3283 4210 3492 4253 sursum
3519 4209 3567 4254 et

1983 4270 2227 4326 deorsum
2247 4271 2549 4343 ferentibus,
2574 4285 2623 4332 et
2643 4277 3002 4345 titubantibus,
3029 4290 3075 4335 et
3100 4283 3406 4355 priusquam
3427 4305 3568 4346 cont-

304 4362 586 4417 luctatione
606 4379 668 4417 ac
693 4377 889 4434 pugna,
916 4378 1050 4432 quae
1072 4368 1255 4414 contra
1273 4374 1462 4431 corpus
1483 4369 1580 4427 est,
1613 4360 1683 4412 ad
1706 4359 1881 4429 ipsum

1984 4373 2373 4473 pre/tendantur
2399 4382 2704 4438 abeuntibus
2732 4394 2780 4439 et
2809 4385 3128 4457 fugientibus
3150 4430 3166 4458 ,
3198 4400 3254 4444 ut
3297 4393 3351 4448 in
3380 4392 3461 4447 his
3486 4392 3567 4447 in-

303 4474 505 4528 semper
524 4458 902 4527 aspiciendam,
932 4466 980 4512 et
1006 4455 1340 4527 conjunctam
1380 4454 1738 4524 inﬁrmitatem
1784 4471 1884 4510 nu-

305 4553 552 4606 trituram
570 4567 680 4606 esse
717 4554 1004 4624 dignitatis.
1049 4553 1130 4606 Ac
1155 4550 1201 4607 si
1247 4550 1329 4606 sic
1357 4550 1557 4605 diceret
1588 4566 1601 4602 :
1628 4549 1883 4619 quoniam

303 4642 522 4711 quidem
547 4657 614 4698 ex
643 4643 823 4698 anima
866 4652 924 4698 et
947 4655 1179 4715 corpore
1212 4656 1309 4712 per
1351 4640 1648 4698 bonitatem
1694 4656 1726 4696 a
1772 4640 1883 4698 Deo

303 4738 479 4794 factus
535 4747 623 4793 est
672 4739 856 4804 homo,
903 4738 959 4792 in
1009 4739 1113 4794 hoc
1164 4735 1530 4802 meditabitur,
1560 4734 1731 4806 quod
1778 4735 1881 4790 sibi

306 4831 589 4891 rationalis
624 4840 683 4887 et
726 4830 1107 4886 intellectualis
1152 4830 1276 4885 data
1330 4830 1404 4884 sit
1451 4830 1657 4895 anima,
1683 4829 1882 4900 quippe
1918 4830 1921 4835 ’

306 4923 602 4978 secundum
639 4922 931 4993 imaginem
959 4920 1207 4978 facientis
1233 4935 1354 4976 eam
1391 4921 1704 4989 substituta,
1738 4937 1880 4993 quae

309 5025 407 5081 per
432 5010 758 5067 desiderium
811 5013 1070 5084 quidem,
1137 5022 1304 5068 et'ex
1350 5019 1458 5067 tota
1510 5013 1711 5080 virtute
1756 5014 1881 5070 uni-

311 5101 574 5155 versalem
613 5104 900 5159 caritatem
946 5104 1176 5159 ﬁrmiter
1213 5103 1382 5158 Deum
1413 5103 1719 5174 cognitione
1756 5118 1882 5174 pos—

310 5193 491 5259 sidet,
537 5202 595 5247 et
672 5196 968 5251 secundum
1031 5194 1439 5251 similitudinem
1491 5194 1886 5251 deiﬁcationem

312 5290 580 5363 accipiet.
637 5293 934 5349 secundum
976 5307 1106 5349 vero
1152 5289 1539 5361 discipliualem
1588 5291 1657 5347 ad
1706 5290 1888 5364 subje-

1989 4469 2176 4525 stabile
2195 4480 2243 4525 et
2268 4474 2570 4527 anomalum
2592 4476 3019 4547 contemplantes,
3042 4481 3113 4534 ad
3133 4480 3371 4550 futuram
3396 4494 3567 4545 trans-

1989 4576 2191 4617 eamus.
2243 4560 2383 4627 Quid
2408 4563 2547 4616 enim
2569 4563 2859 4633 faceremus
2882 4568 2935 4622 in
2964 4573 3245 4639 praesenti,
3269 4573 3395 4628 dum
3421 4575 3568 4630 nobis

1989 4652 2058 4706 ad
2089 4651 2213 4706 bene
2240 4652 2498 4722 agendum
2527 4669 2629 4708 non
2656 4668 2978 4727 permaneat,
3003 4670 3206 4717 tantum
3239 4665 3289 4719 ei
3325 4665 3567 4720 attribui~

1988 4763 2127 4812 mus,
2154 4755 2202 4801 et
2245 4746 2320 4801 sic
2369 4765 2463 4803 nos
2503 4765 2626 4820 erga
2658 4751 2831 4820 ipsum
2872 4752 3143 4810 delectatio
3169 4766 3217 4811 et
3243 4774 3392 4813 error
3414 4759 3567 4815 habet

1988 4837 2221 4893 servituti
2247 4837 2550 4907 subjiciens,
2579 4842 2653 4893 ita
2675 4850 2731 4894 ut
2756 4842 2887 4896 nihil
2915 4844 3103 4901 melius
3126 4864 3287 4919 neque
3311 4850 3565 4906 excelsius

1986 4929 2343 5000 praesentibus
2363 4929 2653 5000 intelligere
2689 4933 2973 5003 valeamus,
3001 4948 3049 4992 et
3075 4940 3120 4992 si
3144 4940 3271 4995 haec
3297 4943 3568 5000 audientes

1989 5030 2038 5076 et
2068 5020 2332 5075 credentes
2353 5023 2639 5078 sicundum
2662 5025 2939 5095 imaginem
2970 5027 3063 5081 Dei
3093 5046 3184 5084 nos
3212 5032 3381 5101 factos
3405 5034 3569 5102 fuisse

1991 5128 2201 5168 sursum
2253 5114 2600 5169 attendentem
2653 5124 2702 5169 et
2764 5116 2834 5169 ad
2878 5118 3101 5187 seipsam
3147 5122 3457 5177 trahentem.
3501 5119 3571 5179 Et

1994 5204 2191 5260 iterum
2240 5206 2293 5260 in
2330 5219 2583 5262 sermone
2624 5206 2691 5260 ad
2719 5206 2922 5264 urbane
2946 5209 3210 5276 viventes,
3239 5213 3424 5269 dicens
3451 5232 3467 5269 :
3500 5214 3568 5271 Ut

1993 5298 2245 5365 sciamus,
2274 5297 2410 5354 nihil
2450 5315 2544 5353 nos
2571 5314 2682 5354 esse
2720 5298 2791 5354 ad
2831 5316 3005 5356 veram
3049 5304 3358 5363 sapientiam
3389 5316 3439 5362 et
3463 5309 3575 5379 pri-

1837 5405 2089 5467 NOTAE.

294 5590 299 5593 _
384 5536 409 5565 ει
451 5525 508 5579 In
535 5524 745 5580 Graeco
770 5514 1062 5595 Καὶίμὰτην
1099 5519 1270 5595 lauros
1308 5506 1441 5595 ςινεξ
1470 5512 1662 5580 «iam»
1691 5521 1882 5595 _0se_1ri-

311 5601 503 5661 ζουσιν,
542 5595 684 5665 quod
711 5589 1160 5648 Verteudumerat
1186 5590 1253 5644 Et
1299 5592 1497 5663 {rustra
1538 5606 1653 5647 eam
1690 5589 1885 5664 [unita-

316 5666 447 5740 tem]
475 5664 716 5725 deinceps
738 5664 1065 5734 praedicant,
1103 5668 1207 5718 cet.

1986 5511 1994 5517 ’
2049 5523 2093 5600 μ’
2147 5522 2354 5600 Deliae
2380 5535 2464 5600 re“
2482 5520 2591 5600 egit
2622 5519 2891 5579 Maximus
2916 5523 3282 5600 in‘Prooemio
3308 5527 3374 5600 ad
3407 5541 3575 5600 quae-

1993 5592 2199 5649 stiones
2229 5592 2302 5646 ἰηΔ
2321 5592 2380 5645 S.
2430 5589 2796 5663 Scripturam,
2825 5601 2882 5663 et
2914 5594 3075 5661 alibi;
3102 5596 3272 5654 fusius
3300 5599 3372 5654 ibi
3400 5589 3577 5654 innuit

1989 5678 2052 5722 se
2078 5673 2347 5738 acturum,
2379 5660 2524 5733 quod
2557 5660 2655 5741 ‘bic
2682 5662 2830 5725 fecit.
2861 5662 2922 5721 V.
2962 5660 3217 5726 PhOtium
3245 5669 3315 5726 ad
3354 5669 3414 5725 P.
3446 5670 3572 5729 498.
