4142 6296
621 282 757 346 ﬁll

1984 278 2271 341 JOANNIS
2308 276 2510 337 SCOTl

3790 240 3979 344 .1212

620 412 783 463 mam,
817 410 907 451 sea
941 410 1009 449 aa
1048 406 1219 463 ipsum
1246 408 1449 464 semper
1493 393 1827 448 intendamus
1856 389 2203 457 solummodo,
2232 409 2282 464 Α
2312 402 2385 446 est
2412 391 2469 445 in
2493 388 2703 445 Christo
2726 428 2742 456 ,
2768 389 3031 446 suscitans
3051 405 3170 446 eum
3195 406 3263 451 ea:
3301 392 3531 447 mortuis
3556 432 3576 459 ,
3608 401 3661 447 et
3690 409 3835 450 eum
3872 414 3978 453 α-

619 499 667 546 et
695 505 1007 561 quaeramus
1035 487 1124 558 qui
1172 487 1293 542 inde
1338 496 1458 540 sunt
1498 485 1862 556 splendoribus
1899 499 2198 548 coruscare,

618 581 874 652 siquidem
901 596 993 650 per
1031 578 1453 649 inaequalitatem
1484 577 1764 631 visibilium
1788 585 1838 632 et
1865 575 2201 629 titubantium

616 669 909 727 transducit
960 684 1052 722 nos
1081 669 1137 722 in
1184 685 1245 723 ea
1284 682 1416 740 quae
1441 675 1581 720 stant
1632 676 1679 719 et
1730 674 2054 735 permanent.
2085 662 2200 718 Non

618 758 814 832 igitur,
847 767 907 813 ut
954 758 1190 815 arbitror
1211 798 1225 823 ,
1259 757 1458 826 ipsius,
1488 771 1627 826 quae
1654 755 1950 810 secundum
1977 767 2200 824 genera-

616 849 820 904 tionem
855 847 1207 902 humanitatis
1229 855 1331 911 est,
1363 860 1559 908 causae
1585 846 1636 898 in
1661 844 1882 910 talibus,
1914 852 1973 897 ut
1997 844 2198 899 dictum

615 949 719 1007 est,
761 939 1017 1010 Magister
1062 938 1194 993 facit
1235 936 1678 1000 declarationem,
1718 934 1814 990 sed
1865 935 1980 1004 ipse
2027 948 2199 1005 usque

613 1040 738 1105 post
756 1030 1162 1103 generationem
1196 1036 1439 1083 nostram
1476 1037 1738 1098 aggravat
1767 1027 1929 1080 vitam
1970 1024 2201 1081 infelici-

616 1124 744 1178 tatis
770 1131 990 1194 pr0pter
1011 1122 1535 1194 praevaricationem
1561 1160 1576 1185 ,
1622 1118 2073 1189 quemadmodum
2101 1132 2197 1172 cu-

612 1217 813 1273 riosius
842 1226 1007 1287 atque
1041 1213 1579 1269 studiosiusdivinas
1602 1212 1771 1282 ipsius
1816 1211 2008 1265 literas
2052 1209 2199 1280 cogi-

613 1309 853 1365 tantibus
879 1314 965 1363 est
1000 1307 1362 1362 manifestum.
1397 1305 1558 1361 Istius
1585 1306 1732 1361 enim
1761 1318 1982 1359 causam
2014 1304 2156 1357 unde
2178 1341 2196 1368 ,

610 1411 667 1457 et
695 1415 792 1471 per
820 1400 980 1471 quid,
1011 1410 1067 1454 et
1110 1416 1177 1454 ex
1230 1415 1358 1472 quo,
1399 1408 1455 1454 et
1499 1408 1717 1470 propter
1763 1397 1893 1468 quid
1940 1396 2199 1467 pet-bace

612 1493 773 1548 nobis
816 1493 1021 1547 addidit
1076 1492 1273 1557 verba,
1318 1502 1535 1562 propter
1578 1507 1698 1548 eam
1766 1490 2196 1545 administratam

607 1594 851 1642 nostram
894 1586 1174 1656 sapienter
1204 1600 1234 1639 a
1285 1586 1394 1639 Deo
1436 1586 1663 1639 salutem
1693 1583 2016 1650 declarans;
2050 1583 2197 1639 illius

605 1689 757 1740 vero,
783 1674 836 1728 in
866 1689 972 1744 quo
996 1674 1137 1729 facta
1166 1683 1249 1729 est
1276 1675 1533 1745 mysterio
1554 1715 1567 1739 ,
1599 1674 1882 1728 insinuans
1912 1673 2193 1739 virtutem,

2301 482 2424 536 dere
2443 480 2642 555 faciens
2664 482 2727 536 in
2751 481 2939 536 dextra
2958 498 3057 536 sua
3084 482 3140 536 in
3160 483 3491 553 caelestibus,
3512 504 3687 557 super
3714 505 3972 548 osum

2297 570 2650 642 principatum
2670 580 2717 624 et
2735 580 3043 640 potestatem
3062 580 3110 627 et
3132 572 3368 629 virtutem
3394 585 3442 629 et
3461 576 3963 645 dominatiam,

2300 671 2349 717 et
2381 677 2532 721 omne
2562 677 2749 719 nomen
2779 662 3109 716 nominatum
3155 680 3261 719 non
3290 665 3477 739 solumd
3494 668 3552 722 in
3581 670 3789 727 seculo
3812 673 3961 740 hoc,

2298 752 2390 807 sed
2410 753 2569 808 etiam
2615 751 2672 808 in
2712 751 2915 822 futuro.
2944 751 3012 805 Et
3052 755 3230 809 omnia
3258 754 3398 810 dedit
3441 758 3538 812 sub
3571 761 3753 828 pedes
3786 764 3959 832 ejus,

2299 854 2347 901 et
2379 861 2495 899 eum
2533 844 2676 899 dedit
2708 853 2863 911 caput
2894 861 3051 914 super
3101 847 3281 899 omnia
3309 846 3621 915 Ecclesiae,
3651 868 3816 922 quae
3859 868 3953 909 est

2300 952 2488 1006 corpus
2513 936 2626 1006 ejus
2648 945 2699 989 et
2729 934 3000 1005 plenitudo
3030 934 3164 1005 ejus,
3212 939 3389 993 omnia
3428 940 3486 995 in
3530 944 3803 999 omnibus
3835 946 3951 1001 ins-

2297 1030 2506 1102 plentis.
2533 1031 2598 1085 Et
2618 1037 2741 1099 post
2768 1029 3046 1098 aliquanta
3070 1030 3297 1087 iterum:
3325 1031 3447 1101 Ipse
3465 1034 3611 1089 dedit
3644 1041 3951 1107 quosdm

2296 1122 2506 1195 quidem
2530 1122 2827 1192 Apostolus,
2852 1126 3108 1193 quosdam
3148 1140 3270 1178 vero
3295 1123 3615 1196 Prophetas,
3640 1135 3943 1200 quosda.

2298 1212 2698 1283 Evangelistas,
2767 1216 3025 1284 quosdam
3077 1224 3313 1282 pastores
3355 1226 3402 1269 et
3454 1221 3799 1287 magistros,
3859 1226 3938 1279 ad

2299 1303 2644 1374 cognitionem
2674 1302 2991 1358 Sanctorum
3020 1303 3076 1359 in
3109 1320 3239 1373 Opus
3274 1306 3781 1367 administrationis
3807 1354 3827 1377 ,
3876 1317 3936 1370 iu

2298 1393 2720 1463 aedificationem
2780 1397 3015 1464 corporis
3044 1394 3260 1457 ,σηήυὶ
3286 1438 3300 1464 ,
3339 1397 3507 1455 donec
3556 1418 3937 1463 occurramus

2299 1500 2477 1539 omnes
2524 1485 2580 1538 in
2625 1487 2880 1541 unitatem
2925 1486 3051 1554 ﬁdei
3072 1527 3087 1551 ,
3117 1497 3165 1540 et
3197 1490 3509 1559 cognitionis
3540 1489 3676 1547 Filii
3704 1493 3845 1560 Dei,
3875 1496 3933 1551 in

2297 1574 2472 1629 uirum
2518 1575 2830 1644 perfectum,
2879 1577 2936 1630 in
2982 1592 3283 1632 mensuram
3330 1582 3519 1636 aetatis
3551 1582 3930 1651 plenitudinis

2299 1665 2497 1721 Christi
2523 1679 2541 1717 :
2574 1676 2631 1720 ut
2650 1666 2763 1736 jam
2788 1682 2895 1721 non
2919 1667 3087 1722 simus
3109 1668 3317 1739 paruuli
3341 1671 3687 1738 ﬂuctuantes,
3719 1686 3777 1728 et
3814 1679 3929 1731 cin-

604 1762 776 1818 altero
818 1764 1107 1818 verborum
1156 1779 1286 1818 usus
1331 1773 1408 1818 est
1442 1765 1633 1829 modo,
1670 1764 1837 1818 totam
1862 1764 1944 1818 sui
1995 1764 2064 1818 de
2092 1764 2188 1818 hoc

2299 1755 2661 1825 cumteramur
2692 1756 2833 1809 omni
2861 1766 3009 1811 uento
3041 1758 3316 1813 doctrinae
3356 1761 3409 1815 in
3458 1764 3694 1832 nequitia
3726 1766 3926 1820 homi-

601 1855 751 1928 piam
774 1855 1106 1912 voluntatem
1136 1856 1354 1913 faciens
1391 1855 1778 1922 manifestam;
1812 1856 1953 1909 sicut
1999 1855 2051 1909 in
2101 1869 2190 1917 eo,

601 1950 696 2021 qui
741 1958 827 2006 est
853 1950 908 2005 in
933 1952 1178 2024 γινάθλια,
1209 1952 1263 2006 id
1290 1960 1373 2005 est
1408 1951 1742 2016 nativitates,
1794 1963 2045 2005 sermone
2079 1963 2193 2002 ma-

602 2042 830 2098 nifestat
868 2040 1059 2096 dicens
1091 2060 1104 2095 :
1147 2043 1370 2097 Animus
1402 2043 1560 2112 igitur
1578 2042 1696 2112 jant
1724 2050 1773 2095 et
1802 2056 2009 2105 sensus,
2043 2040 2118 2093 sic
2161 2055 2194 2092 a

601 2148 656 2187 se
684 2131 904 2185 inuicem
934 2132 1146 2185 discreti
1169 2133 1395 2201 prapriis
1423 2132 1839 2198 deﬁnitionibus,
1871 2132 2010 2184 intus
2038 2138 2195 2183 stete-

603 2231 760 2289 runt,
809 2231 858 2275 et
913 2223 1166 2276 creatoris
1241 2220 1389 2276 Verbi
1438 2224 1854 2293 magnitudinem
1905 2225 1959 2275 in
2006 2222 2193 2291 seipsis

602 2312 860 2384 ferebant,
889 2314 1100 2368 silentes
1154 2312 1442 2368 laudabant
1496 2314 1940 2385 magniﬁcentiam
1982 2314 2189 2385 magni-

602 2405 714 2460 ooci
754 2405 1173 2475 praedicatores,
1220 2407 1451 2461 nondum
1500 2422 1617 2461 vero
1657 2415 1770 2460 erat
1817 2407 2074 2461 concretio
2129 2422 2194 2460 eo;

600 2495 865 2567 utrisque,
912 2510 1075 2569 neque
1120 2498 1376 2569 quaedam
1404 2499 1637 2553 mixtura
1684 2501 2072 2552 contrariorum
2104 2515 2192 2553 sa-

597 2586 829 2657 pientiae
875 2588 1092 2659 majoris
1134 2598 1182 2643 et
1224 2588 1366 2643 circa
1392 2601 1614 2644 naturas
1636 2590 1833 2645 multae
1856 2591 2190 2661 perfectionis

598 2678 829 2746 indicia,
857 2696 1022 2752 neque
1064 2694 1240 2736 omnes
1269 2682 1501 2736 thesauri
1531 2682 1775 2737 bonitatis
1815 2685 2028 2755 cogniti.
2073 2683 2191 2739 Hoc

598 2781 774 2826 autem
796 2773 971 2825 volens
999 2773 1194 2842 artifex
1221 2773 1427 2827 uerbum
1456 2774 1746 2840 ostendere,
1776 2774 1975 2828 animal
2003 2791 2186 2842 unum,

597 2878 663 2916 ea:
689 2863 936 2918 invisibili
959 2865 1077 2917 dico
1109 2875 1155 2918 et
1188 2864 1373 2918 visibili
1403 2875 1617 2930 natura,
1644 2866 1906 2920 hominem
1931 2877 2073 2921 creat
2093 2907 2109 2934 ,
2138 2878 2189 2923 et

596 2971 661 3009 ea:
687 2957 909 3009 materia
945 2956 1153 3027 quidem
1194 2958 1451 3026 accipiens
1478 2972 1664 3027 corpus
1694 2957 1813 3027 jam
1844 2967 1966 3013 ante
2000 2960 2189 3013 substi-

596 3054 709 3097 tuta
738 3085 754 3111 ,
797 3061 829 3098 a
872 3047 1041 3116 seipso
1096 3060 1212 3100 vero
1270 3048 1429 3103 vitam
1480 3048 1734 3118 imponit;
1781 3050 2185 3106 intellectualem

2297 1863 2442 1911 num,
2472 1847 2528 1901 in
2555 1846 2750 1901 astutia
2795 1846 2864 1903 ad
2893 1856 3061 1902 artem
3090 1850 3287 1904 erroris
3316 1863 3336 1903 :
3361 1853 3573 1906 veridici
3620 1867 3812 1909 autem
3864 1857 3923 1910 in

2294 1938 2536 2003 caritate,
2565 1954 2862 1995 crescamus
2911 1939 2966 1993 in
2991 1955 3108 1995 eum
3137 1958 3232 2010 per
3253 1945 3452 2011 omnia,
3481 1945 3570 2016 qui
3610 1957 3688 2001 est
3739 1958 3922 2019 caput

2294 2027 2557 2094 Christus,
2584 2045 2648 2087 ea:
2673 2046 2776 2101 quo
2800 2046 2953 2085 omne
2981 2046 3172 2101 corpus
3197 2036 3620 2106 compaginatum
3654 2047 3707 2093 et
3731 2041 3919 2094 cotto-

2295 2129 2469 2173 catum
2493 2134 2586 2188 per
2610 2134 2813 2175 omnem
2841 2120 2906 2174 ab
2937 2136 2996 2174 eo
3028 2122 3558 2189 administrationem,
3587 2132 3916 2184 secundum

2299 2228 2459 2280 opera
2470 2213 2664 2269 tionem
2690 2215 3084 2287 unuscujusquc
3112 2220 3341 2285 membri,
3365 2221 3731 2277 incrementum
3759 2243 3907 2281 cor-

2292 2304 2438 2375 poris
2473 2304 2602 2373 facit
2623 2306 2678 2359 in
2716 2306 3135 2375 aediﬁcationem
3162 2311 3346 2364 suimet
3366 2312 3417 2365 in
3435 2313 3729 2369 dilatione.

2365 2396 2486 2452 Non
2510 2399 2742 2454 aestimo
2770 2400 2836 2453 de
2862 2408 3048 2454 cetero
3071 2400 3309 2470 alicujus.
3329 2402 3564 2473 indigere
3584 2404 3904 2463 testimonii

2293 2491 2385 2562 pie
2426 2491 2614 2547 vivere
2670 2502 3086 2564 cognoscentem
3135 2494 3205 2548 ad
3256 2493 3756 2551 manifestationem
3804 2513 3903 2555 se-

2294 2583 2532 2638 cundum
2564 2582 2907 2639 Christianos
2939 2597 3068 2638 vere
3096 2584 3341 2640 creditae
3391 2587 3660 2651 veritatis,
3708 2601 3904 2657 aperte

2293 2673 2594 2730 discentem
2629 2689 2727 2745 per
2760 2673 2931 2730 illud:
2962 2673 3104 2741 Quia
3144 2684 3191 2729 et
3237 2676 3466 2731 membra
3516 2687 3565 2732 et
3610 2694 3799 2748 corpus
3842 2689 3899 2734 et

2290 2764 2561 2836 plenitudo
2588 2782 2771 2821 sumus
2816 2768 2994 2821 omnia
3022 2767 3081 2822 in
3125 2768 3365 2823 omnibus
3402 2767 3669 2837 impleatis
3694 2770 3899 2826 Christi

2295 2858 2389 2913 Dei
2418 2862 2706 2914 secundum
2733 2869 2856 2914 ante
2902 2860 3079 2916 secula
3104 2862 3159 2915 in
3198 2860 3310 2915 Deo
3335 2871 3383 2915 et
3432 2858 3599 2917 Patre
3630 2863 3900 2917 occultant

2292 2951 2609 3008 voluntatem
2655 2956 2990 3025 recapitulati
3034 2958 3091 3010 in
3134 2957 3306 3027 ipsum
3350 2970 3443 3027 per
3487 2955 3540 3009 F
3542 2958 3697 3012 ilium
3738 2976 3897 3013 suum

2292 3061 2340 3107 el
2392 3052 2677 3106 Dominum
2723 3051 2909 3106 Jesum
2973 3051 3241 3107 Christum
3294 3053 3580 3108 Dominum
3634 3065 3894 3110 nostrum.

593 3152 796 3208 quoque
825 3139 1056 3191 animam
1102 3149 1148 3193 et
1177 3138 1455 3210 imaginem
1494 3140 1593 3195 Dei
1638 3143 1775 3197 novit
1820 3143 2024 3197 verbum
2049 3185 2063 3211 ,
2102 3160 2184 3200 υε-
2212 3142 2258 3204 C
2290 3142 2605 3214 Mysterium
2640 3144 2785 3198 enim
2825 3144 3094 3198 occultum
3136 3153 3257 3198 erat
3279 3159 3308 3197 a
3353 3146 3555 3201 seculis
3579 3155 3638 3200 et
3666 3163 3697 3201 a
3724 3163 3889 3219 gene-

593 3230 690 3284 luti
726 3233 984 3303 quendam
1014 3235 1267 3287 mundum
1293 3238 1598 3303 secundum,
1645 3236 1701 3290 in
1725 3253 1886 3305 parvo
1912 3253 2182 3310 ntagnum,

591 3325 650 3379 in
675 3333 815 3380 terra
855 3327 1060 3391 statuit,
1086 3327 1329 3398 angelum
1356 3329 1541 3395 aliaat,
1566 3330 1899 3385 adoratorem
1936 3333 2181 3400 mixtum,

592 3425 649 3471 et
676 3416 902 3487 reliqua.
933 3417 990 3471 In
1014 3432 1081 3473 eo
1116 3434 1268 3485 vero,
1299 3420 1391 3489 qui
1431 3429 1518 3475 est
1548 3421 1600 3474 in
1644 3429 1805 3494 φῶτα,
1847 3424 1949 3477 hoe
1978 3434 2063 3478 est
2090 3424 2185 3479 ba-

590 3508 1141 3578 ptismata,sermone
1164 3526 1178 3562 :
1205 3508 1464 3574 Quoniam
1492 3512 1725 3575 stchaec,
1748 3522 1837 3565 aut
1868 3515 1983 3567 hoc.
2016 3513 2184 3583 Opor-

591 3597 729 3651 tebat
785 3612 905 3651 vero
957 3613 1063 3651 non
1109 3598 1224 3663 Itis,
1273 3601 1363 3667 qui
1401 3616 1611 3654 sursum
1653 3613 1803 3666 sunt,
1854 3603 2184 3658 solummodo

591 3690 958 3745 adorationem
984 3691 1367 3759 circumscribi,
1400 3693 1489 3745 sed
1517 3709 1627 3746 esse
1670 3696 1925 3764 quosdam
1951 3706 1997 3749 et
2034 3697 2187 3750 dcor-

590 3797 708 3839 sum
759 3782 1099 3851 adaratores,
1145 3792 1200 3836 ut
1245 3783 1584 3838 intolerenlur
1624 3786 1799 3838 omnia
1847 3785 2016 3855 gloria
2047 3786 2180 3854 Dei,

589 3877 839 3951 quoniam
860 3887 909 3931 et
934 3877 1059 3945 Dei;
1089 3888 1135 3932 et
1156 3888 1428 3950 propterea
1458 3888 1670 3935 creatur
1694 3880 1847 3933 homo
1874 3896 2034 3934 manu
2067 3882 2180 3947 Dei,

588 3970 967 4041 honoriﬁcatus
1007 3972 1165 4026 etiam
1207 3972 1452 4041 imagine.
1486 3970 1631 4026 Haec
1678 3972 1895 4041 quidem
1938 3971 2189 4028 sufﬁcere
2231 3988 2235 3992 ‘

589 4065 860 4136 suscipio,
892 4066 995 4120 etsi
1039 4081 1203 4136 parva
1235 4066 1603 4131 constituant,
1652 4081 1756 4119 non
1786 4066 2007 4120 omnino
2049 4081 2182 4121 con-

590 4157 824 4213 tentiose
855 4158 1209 4225 discernenti,
1257 4169 1311 4214 et
1338 4158 1677 4213 solummodo
1708 4174 1949 4229 pugnare
1978 4158 2185 4229 glorio-

589 4267 708 4306 sum
741 4266 847 4305 non
868 4250 1132 4320 judicanti
1157 4291 1172 4317 ,
1201 4254 1271 4305 ad
1308 4253 1696 4307 ostendendam
1732 4260 1899 4304 totam
1935 4250 2182 4321 Magistri

590 4352 654 4403 de
684 4349 787 4414 bis,
821 4364 962 4419 quae
985 4348 1128 4402 dicta
1163 4356 1307 4413 sunt,
1347 4346 1784 4418 intelligentiam.
1819 4344 1874 4400 Si
1907 4356 2086 4399 autem
2117 4347 2184 4401 de

587 4444 687 4498 hoc
710 4483 726 4510 ,
769 4444 1039 4513 quomodo
1075 4442 1166 4496 Dei
1214 4442 1513 4511 portionem
1544 4439 1795 4510 Magister
1828 4452 1922 4492 nos
1947 4439 2179 4503 vocavit,

2290 3235 2610 3301 rationibus,
2660 3249 2803 3289 nunc
2840 3244 3018 3290 autem
3067 3235 3472 3290 manifestatum
3516 3253 3618 3308 per
3653 3238 3774 3294 Filii
3800 3239 3890 3295 Dei

2289 3340 2473 3381 veram
2519 3337 2575 3382 et
2620 3325 2912 3397 perfectam
2956 3327 3494 3392 inltumanationem,
3525 3330 3620 3398 qui
3668 3330 3767 3384 sibi
3795 3333 3887 3384 ad.

2288 3419 2475 3475 unavit
2493 3421 2786 3475 secundum
2801 3421 3161 3475 substantiam
3186 3422 3692 3492 inseparabiliteret
3712 3423 3884 3479 incon-

2285 3513 2407 3569 fuse
2449 3522 2691 3568 nostram
2734 3524 3004 3577 naturam,
3054 3523 3109 3567 et
3154 3527 3254 3568 nos
3301 3528 3397 3584 per
3441 3529 3587 3579 eam,
3642 3529 3779 3584 quae
3815 3530 3883 3570 ex

2285 3608 2444 3663 nobis
2486 3617 2541 3661 et
2585 3616 2768 3662 nostra
2811 3616 2917 3672 est,
2965 3606 3405 3663 intellectualiter
3451 3617 3508 3663 et
3551 3609 3885 3665 rationaliter

2286 3702 2579 3754 animatum
2607 3708 2849 3754 sanctam
2886 3713 3039 3753 suam
3069 3713 3313 3764 carnem,
3355 3700 3522 3755 veluti
3562 3717 3655 3772 per
3690 3703 3882 3772 primi-

2287 3794 2390 3847 tias
2417 3791 2633 3847 sibimet
2664 3791 2930 3861 copulavit
2959 3831 2972 3856 ,
3015 3801 3070 3845 et
3102 3807 3275 3847 unum
3304 3800 3360 3847 et
3394 3792 3626 3862 idipsum
3671 3795 3882 3851 sibimet

2285 3901 2405 3942 esse
2424 3900 2522 3956 per
2544 3900 2696 3941 suam
2727 3887 3114 3940 humanitatem
3145 3887 3398 3959 dignatus
3421 3897 3537 3953 est;
3567 3893 3711 3944 sicut
3732 3904 3878 3959 prae-

2284 3977 2613 4033 destinatum
2640 3986 2725 4031 est
2753 3986 2882 4031 ante
2915 3977 3095 4032 secula
3134 3977 3187 4031 in
3222 3978 3339 4047 ipso
3365 3994 3488 4034 esse
3513 3980 3682 4038 veluti
3716 3999 3873 4038 tuem-

2283 4071 2380 4125 bra
2415 4069 2658 4139 corporis
2699 4068 2806 4132 sui,
2844 4070 2894 4121 in
2951 4070 3167 4123 modum
3213 4071 3424 4125 animae
3472 4072 3538 4126 ad
3587 4089 3783 4145 corpus
3825 4076 3873 4131 ia

2284 4160 2475 4229 spiritu
2506 4159 2903 4229 compaginavit
2935 4160 3036 4213 sibi
3086 4169 3141 4214 et
3170 4161 3429 4227 contulit,
3460 4171 3516 4218 et
3543 4163 3599 4218 in
3630 4182 3872 4222 mensura

2283 4250 2495 4303 induxit
2525 4250 2717 4303 aetatis
2759 4249 3052 4319 spiritualis
3092 4252 3389 4307 secundum
3440 4256 3617 4323 ipsum
3642 4258 3869 4326 plenitu-

2284 4341 2468 4394 dinis:
2505 4340 2743 4395 ostendit
2783 4340 2970 4407 etiam,
3018 4358 3114 4397 nos
3161 4346 3214 4397 in
3263 4347 3368 4400 hoc
3406 4342 3580 4402 factos
3618 4350 3799 4415 fuisse,
3824 4359 3872 4406 et

2284 4438 2410 4485 ante
2441 4431 2619 4484 secula
2653 4446 2778 4503 erga
2821 4447 2918 4487 nos
2960 4435 3216 4504 optimam
3250 4436 3341 4490 Dei
3380 4438 3733 4506 voluntatem,
3771 4456 3869 4498 non

592 4507 920 4604 repugnatur
945 4573 961 4597 ,
1003 4507 1374 4602 multipliciter
1406 4507 1654 4601 quidem:
1660 4527 1776 4597 jam
1824 4529 2074 4599 superius
2109 4530 2180 4584 de
2211 4507 2259 4566 Ῑ)
2287 4525 2654 4594 accipiendam
2686 4540 2781 4594 per
2810 4526 3042 4596 aliquam
3072 4530 3387 4595 novitatem,
3425 4534 3722 4588 secundum
3747 4551 3866 4604 pro-

588 4628 691 4680 hoc
719 4624 926 4677 reddita
955 4631 1039 4676 est
1072 4622 1227 4675 ratio.
1258 4621 1329 4676 Ut
1355 4632 1534 4675 autem
1571 4620 1779 4674 ﬁdelior
1800 4619 1895 4673 ﬁat
1920 4620 2179 4689 spiritua-

587 4715 730 4768 libus
753 4713 1082 4766 contendens
1111 4712 1310 4776 verbis,
1342 4721 1563 4766 sanctus
1592 4723 1645 4767 et
1673 4713 1863 4768 beatus
1888 4712 2178 4783 Apostolus

587 4803 788 4862 Paulus
810 4801 1077 4857 occultam
1106 4803 1157 4855 in
1187 4802 1297 4856 Deo
1327 4812 1452 4856 ante
1498 4803 1681 4857 secula
1712 4803 1938 4858 laudans
1967 4805 2179 4873 sapien-

588 4898 755 4963 tiam,
787 4907 843 4951 et
882 4909 1095 4950 omnem
1130 4894 1468 4950 tenebrosam
1498 4894 1788 4949 humanam
1837 4898 2000 4952 vitam
2056 4896 2177 4949 illu-

588 4991 826 5054 minans,
855 4996 909 5043 et
938 4987 1277 5059 ignorantiae
1301 4987 1589 5058 caliginem
1619 4988 1907 5042 animabus
1931 4988 2176 5057 abigens,

588 5067 664 5139 (ιέ
686 5082 791 5138 hoc
834 5078 1099 5137 satisfaeit
1127 5078 1396 5150 Ephesiis,
1443 5079 1629 5133 dicens
1670 5079 1818 5132 haec
1860 5096 1873 5131 :
1924 5076 1990 5131 Ut
2037 5077 2177 5133 Deus

586 5174 801 5231 Domini
831 5174 991 5229 nostri
1017 5172 1144 5227 Iesu
1188 5168 1421 5235 Christi,
1476 5169 1638 5224 Pater
1667 5169 1888 5239 gloriae,
1920 5169 2007 5221 det
2033 5167 2178 5223 vobis

586 5268 828 5338 spiritum
858 5267 1146 5338 sapientiae
1172 5273 1221 5318 et
1248 5260 1602 5328 reuelationis,
1624 5264 1678 5314 in
1705 5261 1999 5331 cognitione
2021 5260 2134 5330 ejus
2155 5275 2175 5315 :

587 5359 914 5433 illuminatos
944 5356 1122 5413 oculos
1164 5354 1335 5409 cordis
1363 5355 1551 5420 vestri,
1603 5361 1659 5407 ut
1689 5354 1868 5408 sciatis
1910 5368 2016 5419 vos,
2043 5368 2178 5423 quas

588 5463 656 5509 stt
683 5469 797 5523 spes
818 5450 1105 5506 vocationis
1131 5448 1271 5519 ejus,
1296 5457 1343 5501 et
1372 5463 1505 5518 quae
1535 5445 1750 5500 divitiae
1769 5443 1968 5515 gloriae
1996 5446 2179 5498 haere-

588 5542 771 5597 ditatis
826 5541 942 5611 ejus
995 5542 1051 5595 in
1105 5539 1335 5604 sanctis,
1382 5549 1429 5592 et
1488 5551 1622 5607 quae
1672 5535 1738 5590 sit
1790 5535 2176 5605 supereminens

589 5630 895 5704 magnitudo
931 5632 1134 5685 virtutis
1180 5630 1292 5700 ejus
1334 5630 1389 5682 in
1419 5644 1535 5693 nos,
1584 5628 1850 5683 credentes
1887 5626 2171 5683 secundum

594 5704 942 5804 Operationem
1001 5726 1221 5793 potentis
1270 5723 1473 5777 virtutis
1518 5723 1662 5791 ejus,
1724 5740 1882 5795 quam
1929 5730 2173 5793 operatus

2281 4618 2453 4687 priam
2515 4630 2642 4670 vero
2698 4618 3004 4685 rationem,
3058 4620 3110 4673 in
3159 4620 3544 4689 plenitudinem
3594 4626 3739 4679 venit
3772 4643 3869 4695 per

2284 4707 2447 4763 alium
2498 4707 2738 4777 profecto
2792 4708 3157 4764 introductum
3209 4711 3854 4770 mirabilioremmodttm.

2282 4798 2580 4869 Oportebat
2612 4798 2756 4853 enim
2784 4797 2953 4853 Deum
3001 4802 3237 4869 quidem,
3280 4803 3494 4859 sibimet
3523 4802 3719 4859 similes
3757 4820 3860 4863 nos

2282 4888 2573 4945 facientem
2604 4931 2616 4953 ,
2672 4891 2933 4946 habentes
2974 4894 3228 4948 bonitatis
3278 4894 3440 4965 ipsius
3472 4893 3865 4965 participaliter

2280 4989 2439 5033 acuta
2466 4980 2720 5051 insignia,
2750 4992 2806 5034 et
2838 4981 2892 5035 in'
2918 4996 2977 5038 se
3000 4997 3123 5038 esse
3143 4993 3269 5037 ante
3293 4984 3465 5041 secula
3490 4985 3785 5052 videntem,
3809 4998 3863 5046 et

2279 5073 2334 5128 in
2365 5074 2509 5128 hunc
2541 5075 2761 5131 omnino
2794 5077 3163 5132 beatissimum
3206 5083 3367 5135 linem
3411 5081 3716 5147 ducentem,
3754 5096 3864 5138 mo-

2281 5167 2409 5221 dum
2445 5166 2604 5223 nobis
2648 5182 2747 5239 per
2784 5168 2984 5223 bonum
3039 5186 3193 5224 usum
3246 5172 3588 5229 naturalibus
3618 5174 3864 5243 potentiis

2279 5258 2638 5328 largientem,
2683 5260 2901 5314 herniae
2948 5274 3080 5316 vero
3119 5262 3423 5320 voluntarie
3468 5265 3613 5320 hunc
3656 5266 3863 5323 modum

2279 5349 2583 5420 expellente
2621 5365 2719 5420 per
2755 5351 3067 5406 abusionem
3118 5354 3454 5410 naturalibus
3492 5356 3769 5427 potentiis,
3808 5368 3865 5413 ut

2278 5459 2385 5499 non
2428 5444 2586 5519 longe
2633 5457 2664 5498 a
2711 5442 2823 5499 Deo
2861 5444 3017 5499 fieret
3060 5447 3411 5517 peregrinans
3467 5448 3649 5517 homo,
3706 5448 3861 5506 alium

2277 5528 2622 5593 introducere
2655 5536 2818 5607 priori
2840 5520 3231 5591 mirabiliorem
3250 5546 3305 5591 et
3325 5537 3664 5603 diviniorem,
3696 5553 3860 5610 quan-

2278 5636 2394 5684 tum
2439 5644 2526 5693 eo,
2567 5628 2710 5698 quod
2752 5639 2836 5683 est
2873 5629 3168 5685 secundum
3198 5638 3471 5699 naturam,
3515 5631 3662 5702 quod
3711 5647 3862 5703 super

2278 5729 2524 5779 naturam
2550 5727 2625 5776 est
2661 5720 2923 5788 superius.
2981 5719 3044 5777 Et
3086 5720 3187 5777 hoc
3220 5728 3305 5776 est
3343 5722 3745 5779 secretissimae
3769 5721 3860 5783 Del
