2071 3148
162 145 248 176 i213

695 139 814 168 lERSiO
832 139 1063 168 AMBIGUORUM
1084 140 1112 168 S.
1133 140 1265 169 MAXiMl.

1737 142 1808 171 Hl'i

162 201 207 230 ad
228 201 351 230 homines
375 197 609 235 peregrinationis,
630 200 759 231 quantum
773 202 867 221 omnes
881 195 970 221 credt-
984 199 1006 228 Α
1021 196 1123 230 species
1139 201 1200 223 ante
1215 203 1313 230 corpus
1326 199 1367 224 est
1381 196 1481 229 anima,
1498 200 1543 223 aut
1562 203 1677 231 corpus;
1691 199 1807 233 speciem

166 255 250 278 mus.
269 246 441 281 mysterium;
457 244 478 270 si
496 242 578 274 enim,
595 241 680 275 inquit
694 240 799 267 divinus
814 239 969 274 Apostolus,

165 294 289 327 primum
310 294 488 324 testamentum
512 291 625 313 maneret
648 286 892 316 intontuminutum,
918 292 970 310 non

163 341 345 374 quaereretur
368 334 473 361 secundi
498 333 580 359 locus.
617 332 721 358 Etenim
746 331 871 357 omnibus
894 338 970 365 prae-

164 384 278 412 clarum
300 386 350 413 est,
374 379 507 415 quomodo
530 379 555 405 itt
581 378 688 405 Christo
703 377 802 404 factum
819 377 844 403 in
861 376 912 403 iine
928 383 969 403 se-

166 429 228 457 culi
248 427 415 463 mysterium,
438 425 496 452 sine
522 424 603 451 dubio
624 424 649 450 in
673 423 805 458 principio
831 422 913 449 seculi
941 422 968 449 in

165 474 262 509 primo
292 476 403 507 parente
429 469 667 505 praevaricationis
697 473 737 495 est
766 467 921 503 approbatio
942 472 970 494 et

166 518 380 547 consummatio.
402 516 510 544 Utiliter
530 523 593 550 ergo
617 515 716 541 dictum
740 520 781 541 est
799 522 813 540 a
842 513 968 549 Magistro

164 564 256 600 partis
285 570 335 589 vos;
362 560 509 588 secundum
538 559 656 586 redditos
686 559 805 590 modos;
830 563 856 585 et
881 558 968 584 ontttis

169 610 309 644 ingenuus
324 611 350 634 et
379 606 497 633 attimatn
516 609 542 632 et
558 604 740 631 membrorum
762 602 870 629 tttodnnt
889 610 968 629 acce-

168 654 245 690 perit
265 653 304 680 sic
324 652 422 679 dictam
447 657 551 682 vocem,
580 649 678 676 nullam
701 648 751 675 sibi
775 647 966 683 cogitationum

169 699 322 734 nequitiam
340 697 465 728 aﬂ‘erens,
488 695 576 722 sciens
599 695 712 729 idipsuttt
733 701 794 721 esse
816 693 966 720 membrum

168 750 200 773 et
217 748 319 780 partem
334 744 360 770 itt
378 743 482 770 talibus.
504 741 532 768 Si
547 742 618 768 enim
632 740 719 776 partio
741 740 861 775 corporis
879 739 966 767 subsi-

167 792 221 818 stit
234 790 392 821 membrum,
407 789 493 823 portio
507 792 597 815 autent
612 787 724 822 idipsum
746 791 787 814 est
805 791 832 813 et
846 794 918 821 pars,
940 786 966 813 id

169 836 262 871 ipsutn
280 835 368 869 itaque
382 834 532 861 membrum
558 836 585 859 et
608 840 671 867 pars
693 836 743 858 est.
773 830 800 858 Si
825 835 914 858 autem
940 831 965 857 id

169 881 260 916 ipsutn
280 880 428 907 membrum
450 883 491 906 est
504 883 531 906 et
544 886 622 913 pars,
639 878 818 905 membrorum
836 884 899 903 vero
917 884 963 903 cu-
980 867 1001 897 Β

168 926 284 953 nudatio
308 930 335 951 et
358 924 515 958 compositio
529 931 627 958 corpus
645 923 708 949 facit
721 921 888 957 organicum,
904 929 962 948 eor-

168 963 223 1008 pus
246 977 334 1000 antctn
358 972 515 1007 organicnm
536 970 642 997 animae
666 969 769 996 unitnnt
793 968 963 995 intellectuali

169 1019 309 1046 hominem
321 1017 468 1053 perfectum
485 1016 600 1043 ostendit
614 1024 619 1041 :
636 1015 717 1050 igitur
729 1019 833 1048 partem
849 1013 965 1040 hominis

169 1065 216 1099 qui
232 1065 296 1092 dicit
317 1071 377 1092 esse
398 1065 514 1090 animam
541 1069 588 1089 seu
614 1069 712 1095 corpus
739 1068 786 1087 seu
816 1059 965 1087 membrum

168 1111 240 1146 ejus,
255 1120 268 1138 a
285 1112 397 1139 veritate
411 1118 462 1137 non
477 1109 624 1137 aberrabil.
647 1108 674 1136 Si
690 1113 780 1135 autem
799 1107 965 1135 intellectua-

172 1157 206 1184 lis
217 1158 332 1189 animae,
344 1161 434 1191 utpote
445 1156 571 1188 hominis,
585 1155 706 1182 subsistit
716 1162 813 1188 corpus
824 1160 963 1189 organum,

172 1211 220 1239 per
236 1207 321 1230 totum
335 1210 399 1230 vero
415 1209 513 1236 corpus
526 1205 580 1228 tota
594 1200 707 1235 impleas
722 1200 810 1226 anima
832 1199 923 1226 vivere
941 1198 965 1225 ei

172 1255 202 1276 et:
217 1249 317 1277 moreri
337 1249 389 1279 dat,
406 1252 436 1275 ut
455 1247 549 1282 simpla
568 1254 614 1281 per
629 1250 753 1273 naturam
767 1249 794 1272 et.
809 1245 965 1279 incorpora-

172 1296 217 1327 lis,
232 1303 283 1322 non
297 1294 486 1328 condispertita
507 1297 553 1320 aut
572 1291 697 1319 conclusa
718 1291 743 1318 in
759 1298 802 1323 eo,
818 1290 864 1317 sed
878 1289 925 1317 ιοιί
941 1292 967 1317 et

172 1341 317 1375 unicuique
330 1339 512 1366 membrorum
527 1338 595 1372 ejus,
609 1337 649 1363 sic
662 1335 799 1363 consuevit
809 1342 868 1362 eam
882 1334 968 1377 spsci-

170 1393 235 1420 perc
260 1385 337 1420 juxta
359 1383 519 1410 naturaliter
541 1381 689 1415 subjectatn
719 1381 769 1407 sibi
801 1380 966 1415 acceptivam

172 1431 335 1465 Operationis
350 1429 455 1456 animae
472 1428 612 1460 virtutem,
627 1430 681 1453 tota
696 1432 825 1461 praesens
840 1423 966 1452 differen-

174 1481 214 1503 tcr
233 1483 291 1503 eam
311 1474 469 1509 accipientia
484 1473 602 1500 membra
614 1470 853 1507 proportionaliter
868 1470 901 1497 ad
919 1470 966 1497 ob.

173 1521 351 1548 servationem
362 1527 443 1547 unum
455 1519 512 1546 lieri
523 1525 619 1553 corpus
631 1517 749 1552 adjungit
761 1525 769 1549 ;
787 1516 966 1543 introductum

1022 249 1086 269 vero
1108 241 1186 268 aliam
1213 243 1308 268 horum
1330 246 1472 277 utrumque
1497 243 1641 270 secundum
1657 243 1761 272 animae
1774 245 1808 272 ad

1022 294 1118 321 corpus
1130 287 1360 321 compositionem,
1374 293 1419 314 aut
1432 289 1551 322 corporis
1565 290 1598 316 ad
1616 289 1730 316 animam
1744 297 1807 324 per-

1021 333 1088 365 ﬁcit,
1108 337 1153 359 aut
1167 334 1294 367 patientia
1317 335 1424 361 omttino
1443 335 1492 361 hoc
1507 334 1607 362 faciunt
1619 339 1665 362 aut
1678 335 1807 363 naturali-

1021 381 1062 405 ter
1074 378 1225 406 existentia.
1246 378 1280 405 Et
1292 379 1314 405 si
1326 379 1432 413 quidem
1449 380 1589 413 patientia,
1611 380 1749 415 patiuntur
1768 381 1804 413 id,

1020 423 1090 457 quod
1110 431 1161 450 non
1185 428 1271 456 erant,
1290 424 1414 456 existere,
1428 429 1455 451 et
1470 430 1694 460 corrumpuntur;
1708 425 1731 453 si
1743 433 1807 453 vero

1020 468 1179 495 naturaliter
1192 469 1345 502 existentia,
1367 477 1472 504 semper
1483 471 1534 498 itoc
1546 478 1589 503 eo,
1602 472 1671 505 quod
1685 472 1807 499 naturale

1019 519 1071 547 est,
1100 514 1219 548 profecto
1240 516 1442 549 operabnntur,
1472 521 1499 543 et
1526 524 1660 551 nunquam
1687 517 1808 552 quiescet

1019 560 1107 586 anima
1120 560 1329 595 coincorporari,
1343 568 1428 595 neque
1441 561 1615 588 coinanimari
1628 569 1732 597 corpus.
1754 562 1808 591 Sed

1019 613 1071 633 non
1094 610 1144 638 est,
1160 611 1188 633 ut
1203 607 1330 637 arbitror,
1345 607 1477 641 passionis
1488 611 1534 633 aut
1546 608 1662 641 partintn
1677 609 1807 636 naturalis

1017 652 1151 686 potentiae
1168 672 1175 684 ,
1199 652 1345 679 secundum
1374 652 1484 679 alterius
1506 652 1604 679 coitum
1627 653 1659 680 ad
1684 653 1808 687 alteram,

1019 697 1101 724 totius
1114 697 1260 724 secundum
1276 698 1390 731 speciem
1407 697 1553 732 plenitudo,
1571 698 1616 725 sed
1638 698 1664 724 in
1685 699 1749 733 ipsis
1771 699 1808 726 si-

1017 744 1070 771 mul
1085 745 1228 771 secundum
1240 746 1354 779 speciem
1366 749 1446 772 totam
1460 746 1640 780 generationis
1651 750 1701 773 est.
1714 746 1808 774 Nonne

1018 790 1099 824 igitur
1112 790 1254 824 possibile,
1268 790 1324 817 sine
1339 791 1511 825 corruptione
1533 799 1565 817 ex
1590 791 1679 825 specie
1695 791 1721 818 itt
1745 799 1807 826 spe-

1016 835 1083 862 ciem
1098 836 1279 862 transmitlere
1291 836 1503 871 qualemcunque
1515 836 1649 870 speciem?
1663 836 1690 863 Si
1704 841 1805 871 autent,

1016 882 1078 916 quia
1090 886 1150 916 post
1160 886 1273 908 mortem
1286 885 1313 908 et
1323 881 1482 908 solutionem
1499 881 1618 916 corporis
1630 886 1671 909 est
1681 882 1769 909 anitna
1781 887 1808 910 et

1016 928 1149 960 subsistit,
1161 927 1264 959 dicunt,
1277 927 1357 954 etiam
1370 931 1432 953 ante
1442 935 1538 961 corpus
1552 935 1610 954 esse
1622 935 1680 954 eam
1697 935 1773 962 posse
1782 932 1809 955 et

1017 974 1174 1006 subsistere,
1184 974 1389 1004 inconsiderate,
1398 978 1427 999 ut
1435 973 1498 1000 mihi
1507 973 1622 1004 videtur,
1633 974 1702 1000 ratio
1713 980 1806 1001 eorum

1017 1019 1145 1053 procedit.
1169 1018 1224 1045 Non
1237 1019 1306 1045 enim
1325 1018 1418 1045 eadem
1430 1024 1471 1046 est
1482 1019 1663 1054 generationis
1673 1024 1700 1045 et
1714 1027 1806 1047 essen-

1018 1064 1071 1091 tiae
1087 1064 1164 1090 ratio.
1182 1064 1218 1090 Ea
1237 1063 1321 1095 enim,
1337 1064 1443 1098 quando
1454 1084 1460 1096 ,
1473 1068 1500 1091 et
1511 1064 1555 1090 ubi
1570 1071 1645 1095 esse,
1660 1068 1688 1091 et
1698 1064 1731 1090 ad
1745 1064 1809 1098 quid

1017 1114 1059 1137 est
1074 1118 1080 1135 :
1092 1117 1121 1136 ea
1137 1116 1201 1135 vero
1215 1116 1285 1141 esse,
1302 1114 1328 1136 et
1342 1109 1415 1143 quid,
1440 1113 1468 1136 et
1478 1110 1612 1144 quomodo
1629 1117 1688 1137 esse
1699 1114 1750 1142 est,
1763 1111 1808 1137 de-

1018 1154 1112 1182 clarat.
1129 1153 1158 1181 Si
1174 1158 1263 1181 autem
1283 1154 1343 1186 hoc,
1355 1158 1397 1182 est
1409 1154 1516 1188 quidem
1534 1162 1651 1189 semper,
1666 1160 1807 1190 postquam

1019 1199 1057 1232 ﬁt,
1078 1207 1128 1234 per
1139 1199 1285 1227 essentiam
1316 1200 1417 1232 anima,
1437 1200 1576 1228 enimvero
1603 1208 1655 1228 non
1674 1201 1805 1235 absoluta,

1018 1253 1066 1281 per
1081 1245 1293 1280 generationem,
1316 1246 1362 1272 sed
1379 1253 1439 1273 cum
1461 1244 1650 1280 conjunctione
1677 1248 1806 1282 temporis

1018 1295 1046 1318 et
1067 1290 1129 1323 loci,
1151 1295 1179 1317 et
1194 1290 1226 1317 ad
1246 1289 1357 1325 aliquid.
1372 1289 1429 1317 Non
1446 1291 1516 1317 enim
1534 1291 1692 1326 simpliciter
1709 1292 1807 1320 dicitur

1019 1336 1108 1362 anima
1125 1340 1183 1370 post
1204 1339 1317 1362 mortem
1332 1335 1452 1371 corporis
1469 1335 1526 1371 ipsa
1539 1336 1638 1368 anima,
1654 1337 1699 1364 sed
1718 1337 1807 1365 homi-

1018 1380 1061 1407 nis
1074 1380 1175 1412 anima,
1191 1384 1218 1407 et
1228 1379 1367 1414 cujusdam
1382 1380 1499 1408 itominis
1511 1381 1599 1408 anima
1613 1389 1620 1413 ;
1636 1374 1715 1409 habet
1735 1383 1805 1410 enim

1019 1429 1046 1452 ει
1068 1429 1127 1460 ροδι
1142 1432 1239 1459 ροτῃιιε
1262 1425 1302 1453 sic
1318 1425 1434 1460 speciem
1461 1434 1537 1454 suam
1557 1431 1638 1454 totam
1659 1429 1805 1456 secundum

1019 1471 1139 1498 habitum
1155 1471 1235 1498 veluti
1250 1472 1334 1506 partis
1358 1472 1540 1507 praedicatam
1555 1464 1710 1500 humanam.
1723 1474 1804 1502 Simi-

1019 1515 1081 1545 liter
1101 1523 1190 1545 autem
1205 1522 1232 1545 et
1254 1526 1363 1553 corpus,
1385 1523 1518 1546 ntortuunt
1530 1519 1636 1554 quidem
1660 1527 1708 1556 per
1730 1526 1801 1548 natu-

173 1572 213 1596 est
238 1569 263 1596 in
287 1575 412 1602 magnum
434 1571 461 1594 et
484 1564 617 1592 ineffabile
636 1563 849 1591 Christianorum
871 1562 967 1589 beatae
981 1555 1002 1586 C
1019 1570 1087 1595 ram,
1115 1571 1168 1589 non
1182 1570 1246 1590 vero
1271 1563 1422 1591 absolutum
1445 1571 1493 1598 per
1516 1555 1727 1599 generationem,
1750 1566 1806 1594 Non

175 1616 229 1650 spei
246 1614 415 1650 mysterium,
430 1616 458 1640 et
468 1612 557 1646 parvis
573 1615 601 1637 et
616 1610 761 1638 secundum
777 1616 836 1640 nos,
854 1615 981 1642 magnas-

173 1667 198 1687 ct
224 1668 305 1694 supra
326 1667 374 1686 tios
399 1665 452 1685 non
479 1657 580 1684 alienas
603 1655 738 1690 accipiens
764 1653 964 1685 similitudines,

173 1706 215 1739 qni
232 1705 349 1739 quietam
366 1709 393 1730 et
404 1704 471 1730 bene
484 1701 589 1729 facilem
605 1701 638 1728 de
653 1700 749 1727 talibus
762 1699 850 1726 adhuc
863 1698 963 1726 intelli-

173 1751 287 1785 geniiam
308 1749 418 1777 creavit.
438 1748 476 1776 Ac
497 1748 530 1775 de
547 1747 608 1780 hoc,
625 1746 696 1781 quod
709 1745 814 1772 animae
825 1748 887 1772 ante
903 1751 964 1771 cor-

172 1804 236 1832 pora
254 1797 412 1828 subsistant,
425 1793 636 1821 irrationabiiem
650 1792 801 1827 opinionem
818 1790 961 1824 reliquens,

175 1844 310 1870 nobiscum
324 1841 416 1868 credat
431 1839 546 1867 Domino
558 1837 659 1865 dicenti
677 1836 709 1863 de
727 1836 780 1867 itis,
804 1835 849 1869 qui
874 1835 901 1861 in
925 1842 964 1862 re-

175 1888 366 1915 surrectionem
398 1889 528 1921 surgent,
563 1891 616 1911 non
644 1890 723 1918 posse
750 1882 817 1909 mori
854 1886 964 1916 propter

176 1933 257 1968 ipsius
284 1932 407 1959 videlicet
425 1930 641 1966 pnrgatissimam
662 1929 724 1963 jure
746 1927 884 1954 novissimi
909 1926 963 1952 dati

178 1976 418 2004 tnattil‘estationem
445 1981 471 2003 et
498 1973 742 2010 participationem.
780 1971 813 1997 Et
843 1970 961 1996 iterant:

178 2024 276 2055 Omnis,
301 2024 346 2058 qui
371 2022 428 2050 vivit
450 2027 473 2049 et
497 2021 576 2049 tredit
602 2021 628 2046 in
650 2027 699 2049 me,
724 2026 774 2044 non
794 2016 921 2042 morietur
936 2016 962 2041 in

177 2076 314 2097 (telet'mtm.
342 2068 417 2102 Quod
441 2068 559 2103 quidem,
581 2066 601 2093 si
623 2069 684 2092 ante
707 2064 783 2090 tieret
807 2061 961 2096 aliquando,

177 2116 336 2152 impossibile
357 2120 439 2147 esset,
460 2119 488 2141 ut
507 2119 568 2141 ante
581 2114 670 2140 datum
683 2115 734 2143 est,
750 2118 796 2145 per
810 2107 963 2136 conversio-

177 2172 232 2191 nem
256 2163 390 2197 quandam
411 2161 624 2196 qualemcunque
646 2158 765 2192 recipere
786 2160 909 2182 mortem.
930 2154 963 2181 Et

177 2214 248 2236 extra
265 2208 400 2235 naturales
415 2215 466 2234 non
481 2206 633 2242 egrediatur
652 2203 778 2233 rationes,
796 2208 842 2235 per
860 2199 963 2226 vanita-

179 2261 226 2282 tem
249 2262 301 2282 ltOlI
325 2254 484 2280 existentem
500 2252 532 2278 de
547 2251 635 2277 anima
660 2249 811 2284 opinionem
836 2246 962 2273 divinitus

178 2299 318 2326 admirans.
340 2299 367 2325 Si
387 2298 458 2324 enim
473 2295 589 2324 hominis
606 2299 704 2330 partes,
718 2293 787 2320 sicut
799 2296 862 2318 ante
876 2290 963 2317 reddi-

179 2352 228 2373 lliiii
243 2350 292 2378 est,
305 2352 402 2379 corpus
414 2348 440 2370 et
451 2343 538 2370 aninta
550 2342 757 2371 constituuntur,
769 2341 860 2373 partes
872 2340 961 2362 autem

178 2392 325 2420 necessario
346 2390 504 2417 relationem
531 2387 564 2414 ad
586 2385 684 2420 aliquid
710 2383 861 2418 accipiunt;
879 2385 962 2408 totum

179 2438 243 2464 cnitn
259 2437 338 2463 habet
351 2434 461 2461 omnino
475 2432 731 2468 praedicamentnm.
758 2429 831 2461 Quae
846 2433 908 2453 vero
923 2426 962 2453 sic

180 2482 298 2508 dicuntur
315 2481 348 2507 ad
360 2480 470 2514 aliquid,
485 2485 578 2506 eorum
596 2480 668 2506 sunt,
681 2481 751 2508 quae
768 2472 845 2500 simul
861 2471 959 2506 ubique

179 2532 204 2554 et
214 2533 317 2560 semper
330 2526 475 2552 secundum
492 2523 689 2558 generationem
705 2523 775 2550 sunt,
788 2517 960 2552 quemadmo-

181 2573 236 2600 dum
255 2575 344 2606 partes
365 2571 480 2604 speciem
496 2573 577 2595 totam
592 2568 661 2593 coitu
679 2563 828 2599 perﬁciunt,
844 2561 900 2589 sola
921 2562 957 2588 in-

180 2616 319 2651 telligentia
343 2616 374 2641 ad
400 2615 451 2641 hoc
470 2612 677 2649 dignosccndunt
693 2630 699 2640 ,
722 2609 784 2643 quid
810 2607 841 2634 sit
865 2613 957 2634 secun-

181 2664 237 2691 dum
250 2661 392 2689 essentiam
406 2657 621 2692 unumquodque,
635 2665 647 2682 a
662 2663 689 2682 se
700 2654 812 2681 invicem
821 2656 957 2687 separata;

181 2707 291 2734 animam
305 2706 385 2740 igitur
398 2708 425 2731 et
439 2710 536 2737 corptts
551 2701 646 2729 merito
661 2703 749 2735 partes
762 2697 876 2724 hominis
892 2697 961 2723 itttcr

181 2760 205 2779 se
226 2751 341 2778 invicem
369 2754 432 2777 ante
455 2747 600 2776 subsistere
623 2744 805 2779 temporaiiter
830 2747 875 2769 aut
902 2746 960 2776 post

181 2797 331 2829 subsistere,
346 2794 509 2830 impossibile
531 2796 581 2825 est,
605 2790 702 2825 alioqui
720 2789 788 2816 ratio
811 2788 866 2819 illa,
891 2794 960 2822 quae

181 2844 213 2875 sic
229 2844 326 2871 dicitur
350 2844 383 2871 ad
401 2841 500 2878 aliquid
518 2841 643 2868 solvetur.
664 2838 695 2866 Et
711 2838 815 2868 iterum,
831 2835 852 2862 si
871 2843 918 2872 per
931 2842 959 2862 se

1017 1608 1088 1635 enim
1105 1609 1264 1643 simpliciter
1287 1610 1385 1638 dicitur
1408 1618 1505 1645 corpus
1530 1615 1589 1645 post
1609 1612 1805 1647 separationent

1017 1654 1051 1682 ab
1065 1655 1155 1682 aninta
1179 1663 1288 1689 corpus,
1304 1656 1349 1683 sed
1371 1655 1488 1684 hominis
1500 1647 1607 1691 corpus,
1626 1662 1653 1685 et
1665 1658 1806 1693 cnjusdant

1018 1701 1134 1728 hominis
1159 1708 1275 1735 corpus,
1301 1701 1352 1728 etsi
1378 1706 1581 1736 corrumpatur,
1610 1707 1636 1729 et
1661 1703 1686 1730 in
1707 1714 1749 1735 ea,
1772 1712 1804 1730 ex

1016 1746 1112 1781 quibus
1127 1750 1179 1778 est,
1193 1746 1289 1773 resolvi
1301 1745 1433 1774 elementa
1448 1751 1627 1779 consuescat;
1646 1748 1806 1776 habetenint

1016 1796 1043 1818 et
1058 1791 1096 1819 sic
1120 1791 1196 1825 quasi
1224 1792 1339 1826 speciem
1360 1797 1441 1818 totam
1462 1799 1536 1819 suam
1560 1793 1706 1820 secunduttt
1730 1794 1806 1820 habi-

1016 1843 1084 1871 tum,
1097 1839 1179 1866 veluti
1196 1839 1281 1873 partis
1299 1839 1480 1874 praedicatam
1501 1839 1654 1866 humanam.
1671 1838 1698 1866 ltt
1714 1840 1806 1866 antim-

1015 1885 1065 1912 bus
1081 1884 1170 1918 itaque
1191 1884 1307 1916 habitus,
1334 1884 1422 1910 aninta
1447 1884 1506 1911 dico
1526 1888 1553 1911 et
1575 1891 1699 1919 corpore,
1722 1884 1805 1911 vcinti

1017 1930 1098 1956 totius
1117 1928 1220 1955 formae
1245 1929 1377 1955 humanae
1400 1932 1503 1962 partes,
1530 1928 1745 1962 inseparabiliter
1765 1930 1806 1956 in-

1016 1973 1148 2004 tellectus,
1176 1974 1343 2000 demonstrat
1367 1978 1394 2000 et
1417 1972 1495 1999 simul
1519 1979 1612 1999 eorum
1639 1974 1758 2006 genesin,
1778 1980 1806 2001 et

1015 2017 1161 2044 secundum
1195 2016 1340 2043 essentiam
1370 2017 1402 2042 ad
1427 2023 1456 2042 se
1481 2015 1594 2042 invicem
1627 2016 1803 2044 differentiam

1014 2062 1141 2095 ostendit,
1163 2062 1235 2089 nullo
1253 2062 1331 2089 modo
1344 2061 1490 2089 secundum
1504 2061 1648 2088 essentiam
1668 2061 1693 2088 in
1709 2063 1748 2089 eis
1764 2063 1805 2089 itt-

1014 2109 1079 2136 sitas
1102 2108 1240 2135 offendens
1263 2107 1390 2135 rationes.
1415 2107 1497 2142 igitur
1515 2107 1625 2133 omnino
1640 2106 1804 2142 impossibile

1013 2164 1111 2191 corpus
1124 2161 1169 2183 aut
1184 2156 1300 2183 anitnam
1323 2155 1443 2182 invenire
1458 2159 1503 2181 attt
1516 2155 1605 2182 dicere
1624 2156 1682 2183 sine
1697 2156 1801 2189 habitu,

1015 2202 1093 2229 simul
1142 2202 1213 2229 enim
1250 2209 1309 2228 cum
1350 2201 1437 2228 altero
1473 2200 1652 2227 introducitur
1689 2201 1802 2235 alicujus

1014 2254 1073 2273 esse
1089 2247 1211 2273 alterum.
1236 2245 1327 2280 itaque
1343 2245 1365 2272 si
1389 2245 1501 2272 alterunt
1523 2244 1650 2272 subsistat
1664 2250 1726 2273 ante
1737 2246 1802 2273 aite-

1013 2301 1081 2322 rnnt.
1110 2292 1243 2326 quomodo
1261 2296 1290 2318 ut
1319 2291 1431 2326 alicujus
1450 2291 1801 2321 auscultandum?Habitus
1839 2312 1845 2315 .

1012 2339 1082 2365 enim
1102 2337 1275 2367 immutabilis
1291 2342 1340 2364 est.
1357 2336 1492 2365 Hactenus
1506 2338 1539 2365 de
1554 2337 1605 2364 itis.
1621 2338 1653 2365 Et
1669 2339 1801 2374 siquidem

1012 2392 1026 2410 a
1053 2384 1165 2410 veritate
1194 2391 1283 2410 sermo
1307 2390 1358 2409 non
1386 2383 1517 2415 recossit,
1545 2384 1599 2410 Deo
1627 2385 1728 2418 gratias
1754 2392 1802 2418 per

1011 2432 1114 2455 vestras
1140 2428 1276 2454 orationes
1297 2428 1328 2454 ad
1350 2427 1418 2455 bene
1448 2428 1648 2463 intelligendum
1673 2430 1798 2461 ducenti;

1010 2473 1032 2501 si
1047 2481 1109 2499 vero
1130 2473 1225 2499 alicubi
1250 2482 1263 2499 a
1278 2473 1504 2506 veritatet'eﬁcit,
1528 2482 1575 2500 vos
1598 2473 1743 2501 reforntate
1757 2482 1800 2501 ra-

1011 2517 1092 2544 tionis
1102 2517 1274 2551 diligentiam,
1292 2525 1323 2543 ex
1340 2516 1394 2543 Deo
1408 2516 1499 2542 talium
1513 2517 1634 2552 inspirati
1648 2518 1798 2545 scientiam.

1272 2582 1470 2610 CAPITULUM
1492 2582 1533 2609 lii.

1251 2645 1285 2664 EX
1311 2644 1398 2665 EODEM
1427 2644 1557 2665 BERIONE.

1012 2694 1039 2722 In
1053 2695 1120 2722 hoc:
1135 2694 1203 2721 Dum
1215 2694 1291 2720 etiam
1306 2702 1321 2720 η
1332 2694 1416 2728 seipsa
1428 2693 1548 2720 materies
1559 2692 1608 2727 fert
1620 2692 1798 2720 inordinatum

1289 2729 1366 2756 veluti
1380 2729 1520 2763 inﬂuxum.

1048 2787 1067 2812 A
1073 2786 1172 2813 rbitror
1180 2792 1297 2820 quoque,
1306 2790 1474 2819 praesentem
1481 2784 1612 2812 sermonis
1624 2784 1797 2812 intentionent

1012 2830 1111 2867 prioris
1125 2830 1288 2858 intellectum
1308 2831 1408 2858 habere
1418 2830 1537 2865 capituli.
1555 2829 1622 2864 Quia
1635 2830 1705 2858 enim
1718 2837 1796 2865 prae‘
