4142 6296
541 172 684 231 1215

1828 163 2120 222 JOANNIS
2157 161 2354 220 SCOTI

3734 161 3941 218 sese

537 283 771 343 termisit
795 294 1026 356 piurnna
1054 287 1243 337 contra
1272 278 1532 334 materiae
1555 285 1829 335 amatores
1859 286 1912 334 ct
1938 292 2127 347 corpo-
2155 281 2203 340 Α
2232 290 2301 330 ne
2331 276 2383 327 in
2411 273 2643 328 sanitate
2673 272 2920 344 corporis
2948 272 3254 338 conﬁdant,
3283 279 3340 329 et
3378 270 3737 328 distillando
3764 291 3936 330 mn»-

534 378 637 443 ris,
667 378 803 434 haec
830 374 1057 437 addidit,
1106 381 1165 426 ut
1214 371 1343 427 hinc
1385 379 1607 442 possent
1648 371 1735 441 pie
1769 372 2123 427 intentionem

538 469 725 526 Sancti
760 474 1177 541 perscrutantes
1208 465 1479 538 conjicere
1509 465 1608 520 sic.
1651 464 1916 533 Quoniam
1943 465 2126 520 incor-

535 561 909 635 ruptibilitatis
935 568 991 615 et
1036 556 1459 615 immortalitatis
1506 558 1907 629 pulchritudine
1946 573 1978 612 a
2017 556 2128 613 Deo

536 652 867 710 clarificatus
910 649 1087 705 factus
1123 658 1204 705 est
1248 647 1432 713 homo,
1477 648 1775 703 materialis
1805 663 1935 703 vero
1980 645 2126 703 circa

537 759 597 803 se
643 753 870 800 naturae
910 742 1302 813 turpitudinem
1338 740 1689 797 intellectuali
1740 739 2127 810 pulchritudini

534 851 896 911 praeponens,
936 835 1137 892 oblitus
1169 844 1254 891 est
1287 835 1519 891 decorae
1561 835 1857 891 secundum
1891 833 2127 890 animam

536 927 848 1002 dignitatis,
888 925 1062 996 magis
1115 932 1296 979 autem
1338 922 1473 989 Dei,
1520 916 1756 977 animam
1793 922 2130 978 deiformiter

535 1016 839 1079 lormantis,
868 1013 1044 1088 [omne
1063 1013 1203 1084 quod
1217 1012 1362 1086 fecit]
1387 1013 1655 1069 sententia
1678 1013 1921 1085 dignum,
1937 1028 2130 1069 secun-

536 1108 663 1164 dum
707 1105 946 1162 divinum
979 1104 1245 1174 judicium
1277 1113 1518 1159 nostram
1565 1103 1842 1175 sapienter
1878 1103 2130 1159 adminis—

536 1207 644 1255 trat
682 1196 936 1264 salutem,
973 1195 1283 1266 colligitque
1312 1195 1570 1261 fructum,
1616 1210 1719 1251 non
1752 1195 1923 1251 solum
1957 1196 2128 1266 ipsam

534 1289 781 1361 corporis
831 1286 1238 1358 corruptionem
1299 1295 1356 1342 et
1407 1287 1639 1342 mortem
1698 1294 1753 1342 et
1795 1287 1863 1341 ad
1911 1300 2129 1341 onmem

534 1372 844 1455 passidnem
871 1378 1336 1452 promptissimum
1353 1386 1557 1435 motum
1575 1386 1630 1433 et
1647 1378 2126 1450 opportunitatem,

536 1473 633 1531 sed
676 1480 733 1529 et
778 1480 933 1528 extra
962 1479 1017 1527 et
1045 1470 1190 1527 circa
1222 1485 1347 1527 eum
1390 1470 1688 1526 materialis
1737 1464 2007 1526 essentiae
2042 1469 2129 1524 in-

534 1560 734 1620 stabile
779 1570 837 1620 et
893 1560 1203 1618 anomalum
1245 1570 1302 1618 et
1346 1561 1414 1617 ad
1457 1562 1799 1618 alienandum
1844 1559 2026 1617 ferens
2073 1568 2131 1617 et

2233 368 2323 423 bili
2356 382 2537 423 rerum
2581 381 2742 421 cursu
2785 382 2885 435 per
2918 378 3103 421 carum
3142 365 3389 421 defectus
3436 365 3823 422 exaltemtur
3852 369 3923 435 ι,

2230 459 2358 514 dum
2390 473 2648 530 praesens
2677 458 2891 525 steterit
2911 458 3042 522 vita,
3067 468 3123 512 et
3152 457 3204 512 in
3229 456 3392 512 talem
3419 457 3921 527 corruptionem

2231 550 2750 615 circumvolvantur,
2782 549 2930 604 circa
2955 564 3119 620 quam
3149 549 3438 627 conversio
3458 557 3546 605 est
3575 557 3640 603 et
3678 559 3924 603 muta-

2228 644 2453 713 bilitas;
2495 644 2622 700 dum
2674 644 2746 699 sit
2785 646 2890 699 hoc
2915 645 3207 709 incertum,
3235 642 3364 712 quid
3403 657 3473 697 ex
3503 656 3785 713 corpore
3840 650 3919 698 et

2230 737 2471 794 exterius
2517 752 2698 792 rerum
2738 735 3175 792 dissimilitudine
3226 750 3290 790 ac
3315 735 3774 805 perturbatione
3805 735 3913 791 eis

2230 830 2531 902 contingat.
2571 828 2687 885 Hoc
2728 829 2875 884 enim
2902 828 3142 884 arbitror
3188 826 3373 882 dicere
3412 840 3541 880 eum
3574 840 3695 896 per
3735 826 3897 890 hoc,

2230 924 2357 979 dum
2383 941 2416 978 a
2437 924 2609 993 seipsa
2632 923 2872 976 materies
2908 920 3008 991 fert
3034 919 3423 983 inordinatum,
3468 933 3574 991 pro
3593 932 3673 973 eo
3708 918 3897 988 quod

2231 1026 2334 1081 est,
2360 1016 2487 1072 dum
2518 1014 2619 1071 sub
2649 1014 2998 1085 corruptione
3020 1024 3077 1067 et
3108 1010 3471 1067 mutabilitate
3504 1020 3594 1064 est
3623 1009 3759 1065 hoc
3796 1018 3895 1063 to-

2232 1118 2369 1175 tum,
2419 1117 2474 1164 et
2499 1122 2696 1177 corpus
2731 1105 3057 1162 humilitatis
3102 1104 3415 1170 induamur,
3462 1112 3515 1159 et
3557 1115 3767 1174 aeque
3805 1118 3888 1159 ex

2232 1202 2349 1273 ipso
2383 1216 2481 1272 per
2525 1200 2744 1255 insitam
2787 1200 3157 1254 infirmitatem
3207 1196 3395 1252 multis
3443 1197 3627 1253 modis
3683 1197 3883 1254 malis

2231 1291 2571 1363 subjicimur,
2596 1305 2663 1345 ne
2685 1290 2753 1344 ab
2778 1290 3010 1345 invicem
3063 1303 3382 1359 separemur
3405 1301 3505 1357 per
3525 1302 3679 1354 eam,
3712 1303 3882 1358 quae

2232 1385 2375 1440 circa
2400 1395 2500 1439 nos
2547 1391 2650 1447 εει,
2700 1380 3165 1452 inaequalitatem,
3213 1379 3310 1435 sed
3359 1379 3535 1451 magis
3580 1378 3877 1450 prudenti

2233 1476 2565 1547 cogitatione
2607 1473 2841 1530 naturali
2892 1472 3118 1544 collegio
3166 1472 3617 1543 inaequalitatem
3680 1472 3875 1542 plane

2233 1566 2518 1633 faciamus,
2551 1565 2781 1622 aliorum
2817 1566 3058 1621 defectus
3082 1566 3285 1619 nostris
3310 1564 3444 1635 ipsis
3471 1563 3876 1634 adimplentes

536 1653 721 1721 facile,
745 1657 863 1712 sive
881 1664 1010 1711 tunc
1036 1656 1206 1737 ipsam
1230 1652 1486 1729 [videlicet
1509 1654 1765 1730 animam]
1789 1656 1898 1712 Deo
1914 1663 2135 1726 propter
2162 1644 2210 1709 Β
2236 1657 2773 1737 superabundantiis.
2824 1657 3056 1728 Propter
3101 1657 3207 1713 hoc
3256 1656 3506 1712 fortassis
3565 1672 3870 1728 praesens

534 1736 1300 1819 praevaricationem'nostro
1347 1746 1564 1817 corpori
1606 1748 2017 1816 commiscente,
2076 1758 2133 1805 et

534 1838 605 1893 ad
638 1838 982 1895 alienandum
1024 1853 1172 1905 eam,
1209 1838 1289 1894 sic
1336 1852 1566 1911 corpore
1611 1840 1680 1896 ad
1721 1841 2028 1911 passionem
2076 1847 2134 1895 et

430 1932 435 1936 ’
535 1930 939 2001 corruptionem
987 1939 1045 1987 et
1098 1930 1322 1989 omnino
1358 1932 1708 2000 solutionem,
1749 1935 1891 1991 sicut
1933 1943 2136 1991 morta-

534 2021 669 2079 lium
695 2024 749 2079 in
771 2024 1026 2094 paradiso
1058 2025 1281 2097 pellium
1309 2024 1555 2082 declarat
1577 2028 1831 2093 amiCtus,
1860 2030 2135 2085 inserente

529 2117 858 2187 potentiam,
897 2115 1053 2187 juxta
1100 2119 1243 2188 quod
1288 2119 1551 2191 scriptum
1603 2131 1706 2188 est,
1763 2124 1891 2194 quia
1913 2124 1974 2179 'et
2020 2126 2134 2196 ipsa

535 2214 782 2259 creatura
808 2204 1045 2276 subjecta
1079 2217 1155 2262 est
1190 2200 1517 2278 εον·νῲιίοηὶ
1563 2210 1764 2277 nolens,
1790 2212 1884 2266 sed
1924 2223 2137 2284 propter

534 2297 899 2369 subjicientem
928 2300 985 2355 in
1005 2317 1131 2372 spe;
1160 2316 1254 2359 seu
1289 2316 1354 2357 ex
1378 2302 1666 2374 principio,
1702 2321 1801 2377 per
1826 2308 2136 2377 praescien-

535 2391 669 2447 tiam
717 2393 797 2449 sic
845 2407 968 2450 eam
1003 2404 1250 2462 creante,
1290 2408 1517 2471 propter
1562 2399 1871 2469 praevisam
1903 2400 2138 2456 hominis

534 2483 1082 2554 praevaricationem,
1113 2486 1188 2541 ita
1215 2496 1277 2542 ut
1302 2487 1561 2560 patiendo
1600 2499 1657 2545 et
1687 2489 1926 2544 vitiando
1956 2505 2054 2561 per
2079 2504 2138 2546 se

535 2573 593 2629 in
621 2588 947 2630 consensum
983 2575 1153 2646 ipsius
1198 2586 1253 2632 et
1270 2579 1525 2651 propriae
1578 2579 1858 2652 dignitatis
1905 2582 2136 2648 veniret,

535 2672 593 2721 et
621 2664 1226 2749 inseparatereciperet
1264 2670 1332 2725 ad
1373 2685 1571 2742 corpus
1600 2680 1656 2727 et
1683 2671 1915 2743 seipsam
1940 2672 2139 2727 iterum

537 2754 809 2811 affectum.
834 2755 1095 2814 Cencedit
1115 2760 1261 2815 enim
1290 2760 1726 2833 sapientissimus
1752 2763 1894 2818 vitae
1920 2768 2139 2818 nostrae

534 2847 806 2919 provisor,
840 2846 1164 2905 naturaliter
1215 2852 1296 2906 uti
1327 2866 1490 2923 saepe
1518 2854 1681 2908 rebus
1707 2853 1942 2927 propriis
1980 2854 2140 2909 moti-

535 2938 639 2995 bus
670 2938 738 2993 ad
767 2948 1010 2995 nostram
1043 2941 1480 3011 temperantiam,
1530 2943 1802 2999 interdum
1832 2945 2023 3001 insane
2044 2958 2139 3001 eas

535 3037 866 3097 tractantes,
890 3042 959 3086 ex
994 3009 1315 3089 confusione
1355 3040 1410 3088 et
1433 3033 1844 3105 perturbatione
1871 3035 2016 3090 circa
2044 3048 2141 3090 eas
2166 3009 2212 3075 ί)

537 3128 594 3177 et
617 3133 682 3177 ex
711 3120 814 3188 eis,
837 3123 904 3178 ad
950 3122 1026 3189 id,
1074 3122 1218 3193 quod
1245 3122 1477 3178 amabile
1514 3132 1598 3179 est
1640 3124 1939 3179 secundum
1980 3132 2141 3179 natu-

536 3224 680 3278 ram,
727 3201 1002 3269 adducens
1031 3212 1251 3269 interim
1301 3222 1551 3270 nostrum
1594 3214 2035 3271 irrationabilem
2068 3215 2140 3271 ad

537 3318 603 3359 ea
629 3318 769 3376 quae
795 3306 1104 3377 praesentia
1150 3315 1279 3362 sunt
1317 3321 1580 3363 amorem.
1616 3307 1815 3363 Tribus
1852 3308 2000 3367 enim
2027 3309 2144 3363 exi-

537 3396 811 3453 stentibus
877 3398 1279 3455 univcrsalibus
1330 3401 1553 3468 modis,
1613 3415 1712 3471 per
1768 3416 1907 3472 quos
1951 3402 2143 3458 dicunt

539 3487 751 3546 erudite
780 3497 994 3543 nostras
1022 3490 1206 3543 sanari
1230 3490 1532 3559 passiones,
1560 3506 1660 3561 per
1685 3491 1926 3562 singulos
1951 3493 2143 3550 modos

541 3578 817 3650 sapienter
856 3579 1164 3633 inordinato
1212 3581 1492 3645 materiae,
1546 3582 1799 3639 ordinate
1842 3586 2140 3639 secundum

543 3686 708 3741 super
731 3685 831 3726 nos
867 3679 925 3726 et
972 3668 1253 3727 meliorem
1286 3673 1574 3738 rationem,
1625 3677 1692 3729 ad
1723 3676 1995 3747 cognitam
2029 3678 2143 3734 Deo

541 3762 743 3818 bonam
770 3759 1162 3832 pulchramque
1195 3762 1610 3833 perfectionem,
1645 3766 1945 3836 gubernata
1989 3766 2144 3823 mali-

543 3851 654 3908 tiae
683 3851 999 3924 passionum
1041 3854 1358 3925 gravedine,
1406 3856 1864 3912 medicamentum
1900 3859 2139 3930 ponitur.

542 3943 653 4000 Aut
696 3944 841 4000 enim
921 3946 1467 4002 antecommissorum
1515 3957 1865 4019 peccatorum
1912 3966 2144 4022 poenam

540 4042 870 4105 repetentes,
896 4049 1128 4106 quorum
1157 4051 1328 4109 aeque
1359 4051 1534 4108 neque
1564 4039 1850 4110 vestigium
1883 4040 2145 4097 memoria

544 4126 847 4183 detinemus
882 4136 1107 4200 propter
1156 4128 1563 4206 ignorantiam;
1592 4128 1852 4191 lfortassis
1897 4146 2029 4187 vero
2058 4122 2146 4188 re-

545 4217 854 4286 cordantes,
880 4228 1244 4291 opportunam
1278 4219 1491 4275 delictis
1523 4221 1812 4275 restituere
1852 4222 2146 4278 correctio-

545 4323 672 4363 nem
702 4323 812 4365 non
843 4310 1223 4374 sustinuimus,
1268 4324 1364 4365 seu
1395 4310 1663 4375 nolentes,
1695 4327 1789 4366 seu
1823 4327 1930 4367 non
1956 4312 2144 4368 valen-

2234 1761 2498 1804 concessa
2533 1757 2617 1803 cst
2665 1746 2976 1803 conversari
3021 1745 3313 1812 anomalia,
3351 1755 3410 1801 ut
3450 1748 3869 1803 ostenderetur

2234 1840 2480 1907 rationis,
2513 1856 2654 1912 quae
2688 1841 2741 1895 in
2787 1841 2945 1896 nobis
2982 1848 3091 1905 est,
3122 1839 3388 1910 potentia,
3420 1841 3869 1911 praehonorans

2234 1933 2486 1991 omnibus
2531 1933 2806 1988 virtutem.
2852 1932 3107 1990 Omnium
3149 1933 3296 1987 enim
3327 1933 3601 1988 hominum
3635 1933 3863 1990 eadem

2234 2035 2320 2082 est
2354 2028 2600 2097 corporis
2630 2033 2681 2080 et
2724 2040 2932 2092 eorum,
2980 2039 3121 2096 quae
3164 2034 3316 2080 extra
3358 2034 3495 2090 sunt,
3537 2025 3866 2081 conversib

2235 2128 2292 2174 et
2318 2116 2669 2183 mutabilitas,
2698 2133 2836 2188 quae
2857 2117 2963 2172 fert
2982 2127 3037 2172 et
3062 2117 3252 2183 fertur,
3279 2126 3329 2172 et
3347 2116 3685 2171 solummodo
3718 2116 3854 2170 hoc

2237 2209 2429 2266 stabile
2471 2210 2713 2280 possidet
2753 2225 2818 2266 ac
2849 2210 3090 2278 ﬁrmum,
3141 2209 3284 2281 quod
3329 2208 3571 2264 instabile
3620 2216 3717 2264 est
3758 2222 3846 2266 ac

2235 2298 2491 2355 minim
2771 2350 3176 2426 CAPITULUM
3211 2369 3301 2426 1v.

2476 2476 2711 2517 EJl‘SDEIl
2750 2477 2817 2516 EX
2858 2476 3100 2517 SEBHONE
3138 2477 3193 2517 IN
3231 2474 3592 2516 Α’ῙἮΔΝΔΕΙῙΙΙ.

2238 2551 2297 2608 In
2330 2551 2479 2609 hoc:
2512 2551 2637 2607 Non
2684 2554 2823 2607 enim
2864 2551 3179 2678 hazetbqpid
3207 2550 3372 2605 altius
3413 2566 3573 2622 quam
3618 2551 3847 2606 omnino

2967 2641 3018 2677 ια
3056 2640 3082 2677 8
3111 2662 3123 2676 .

2967 2640 3123 2677 ιαυθι.

2310 2714 2539 2771 Videtur
2574 2714 2709 2769 mihi
2748 2727 2844 2785 per
2875 2714 3012 2770 haec
3054 2713 3353 2770 absolvisse
3397 2713 3466 2769 ab
3496 2712 3646 2769 omni
3684 2727 3842 2768 could

2238 2806 2486 2878 parativo
2528 2813 2581 2860 et
2618 2804 2912 2861 diseretivo
2942 2813 2999 2860 et
3051 2804 3436 2876 quoquomodo
3481 2804 3642 2860 aliter
3690 2803 3844 2860 dicto

2239 2897 2430 2954 habitu
2470 2897 2721 2953 edoctum
2756 2898 2863 2954 iste
2895 2896 3069 2954 deifer
3108 2896 3383 2969 Magister.
3424 2898 3565 2954 Nam
3607 2899 3843 2955 imaeu-

2243 2992 2359 3045 sttm
2411 3002 2533 3045 esse
2585 2988 2744 3044 talem
2794 2989 3075 3045 orationis,
3107 2988 3346 3059 speciem
3387 2989 3595 3055 dicunt,
3641 2989 3735 3058 qui
3780 2989 3839 3044 in

2239 3083 2440 3141 talibus
2473 3083 2748 3154 sapientes
2792 3091 2939 3147 sunt,
2970 3091 3028 3138 et
3071 3083 3213 3139 hanc
3250 3098 3411 3154 posse
3439 3082 3837 3152 incomparabi-

2210 3173 2364 3230 eliter
2391 3188 2553 3245 super
2578 3173 2759 3231 oninia
2789 3187 2910 3229 esse
2935 3173 3139 3241 dicere,
3164 3173 3365 3246 quippe
3392 3173 3653 3229 virtutem
3678 3174 3834 3229 habet

2242 3265 2701 3337 supereminentis
2732 3267 3059 3337 negationis.

2785 3359 3189 3417 CAPITULUM
3228 3359 3294 3415 V.

2317 3465 2550 3507 EIUSDEM
2587 3466 2657 3507 EX
2694 3464 2983 3508 ΕΡΙΤΔΡΗΙΟ
3021 3468 3074 3506 IN
3113 3466 3357 3508 SANC'I'UM
3395 3464 3758 3515 ATHLNASIUI.

2243 3541 2302 3598 In
2334 3544 2439 3598 hoc
2467 3559 2484 3613 _:
2516 3542 2616 3613 (iui
2644 3543 2806 3612 igitur
2836 3541 3041 3597 licitum
3071 3542 3195 3612 fuit,
3224 3559 3316 3613 per
3342 3543 3601 3598 rationem
3631 3551 3679 3596 et
3705 3557 3826 3613 con-

2314 3611 2705 3680 templationem
2753 3611 3140 3682 pertranseunti
3186 3611 3464 3668 materiam
3512 3623 3560 3667 et
3616 3611 3824 3665 carnale

2250 3742 2255 3747 ε
2315 3685 2436 3747 hoc,
2463 3683 2568 3736 sive
2594 3682 2826 3736 nimbum
2850 3693 3046 3752 oportet
3077 3684 3273 3748 dicere,
3305 3685 3409 3738 sive
3436 3682 3684 3752 velamen,
3708 3696 3822 3733 cunt

2319 3745 2430 3807 Deo
2464 3752 2603 3824 ﬁeri,
2650 3762 2695 3806 et
2745 3745 3029 3823 purissimo
3076 3745 3273 3808 lumine
3326 3745 3528 3818 teneri,
3583 3745 3826 3824 quernum

2316 3822 2562 3894 possibile
2596 3832 2672 3877 est
2712 3822 2976 3894 humanae
3018 3834 3259 3894 naturae,
3294 3824 3477 3879 beatus
3519 3822 3617 3877 iste
3656 3838 3825 3877 ascen-

2319 3893 2466 3949 Sione
2495 3894 2634 3957 hinc,
2670 3904 2727 3965 et
2749 3963 2755 3965 _
2779 3893 2926 3947 illinc
2971 3893 3334 3963 dei/icatione,
3380 3896 3443 3948 de
3476 3911 3587 3962 qua
3626 3908 3823 3965 synaers

2316 3964 2681 4034 philosOplmri
2722 3963 2973 4027 donatur,
3004 3962 3063 4019 et
3090 3981 3247 4033 super
3287 3965 3614 4019 materialem
3657 3962 3824 4017 duali-

2318 4033 2478 4089 tatem
2510 4034 2629 4102 ﬁeri
2658 4048 2753 4103 per
2778 4033 3096 4088 intellectam
3124 4037 3178 4088 in
3206 4036 3442 4089 trinitate
3469 4036 3737 4089 unitatem.

2318 4126 2432 4198 Ego
2463 4124 2680 4197 quidem
2712 4142 2819 4181 non
2854 4142 3073 4197 possum
3106 4126 3364 4182 deficiens
3406 4128 3612 4183 habere
3654 4127 3817 4183 reddi-

2249 4225 2361 4272 tam
2403 4217 2469 4273 de
2511 4220 2713 4271 virtute
2749 4228 3064 4272 sanctorum
3108 4216 3348 4288 Magistri
3392 4218 3690 4281 rationem,
3727 4217 3819 4273 etsi

2248 4309 2502 4379 quidam,
2554 4317 2611 4363 ut
2652 4307 2971 4379 scripsistis,
3019 4309 3124 4363 hoc
3167 4308 3527 4371 arbitrantur,
3571 4323 3671 4378 per
3706 4309 3814 4373 hoc,

545 4406 632 4455 tes
652 4404 876 4471 propter
911 4398 1213 4481 ingenitum
1252 4399 1495 4456 malitiae
1535 4399 1816 4467 habitum;
1868 4416 1963 4458 seu
1989 4403 2141 4458 inlir-
2170 4399 2225 4461 D
2252 4403 2465 4483 ratione
2493 4410 2549 4455 et
2575 4400 3031 4471 contemplatione
3062 4400 3423 4465 solummodo,
3456 4401 3576 4456 sine
3603 4400 3814 4465 actione,

548 4488 798 4545 mitatem
827 4479 1146 4561 purgamur,
1178 4499 1273 4546 aut
1299 4499 1640 4560 praesentem
1665 4502 1719 4547 ct
1741 4492 2084 4550 distributam
2112 4507 2136 4538 α

547 4581 814 4638 malitiam
860 4585 1198 4653 repellimus,
1226 4594 1280 4640 et
1321 4585 1518 4642 iterum
1547 4587 1614 4642 ad
1640 4586 1884 4642 habitum
1929 4588 2144 4645 futurae

546 4674 695 4730 vitae
721 4674 1115 4744 praediscimus
1141 4677 1389 4745 aspicere
1417 4694 1432 4743 ;
1474 4687 1566 4732 aut
1594 4678 1749 4733 ﬁrma
1779 4679 2064 4736 tolerantia
2090 4690 2147 4736 et

547 4763 640 4835 pia
668 4762 988 4818 fortitudine
1038 4764 1285 4820 mirabile
1324 4767 1628 4837 exemplum
1670 4768 1792 4824 aliis
1836 4770 2147 4827 hominibus

550 4854 691 4911 alius
717 4855 972 4926 proponit
997 4856 1181 4924 homo,
1232 4856 1498 4927 siquidem
1528 4858 1797 4925 excelsus,
1823 4872 1917 4916 aut
1949 4861 2141 4916 intelli-

550 4944 729 5015 gentia
756 4951 921 5016 atque
941 4944 1140 5001 virtute
1160 4946 1445 5019 gloriosus,
1474 4956 1529 5004 et
1551 4947 1776 5006 idoneus
1793 4967 1891 5023 per
1905 4953 2141 5023 seipsum

549 5037 919 5109 imperterrita
979 5049 1170 5096 contra
1242 5052 1480 5098 terrores
1532 5043 1724 5113 copula
1791 5043 2142 5100 manifestare

549 5126 766 5186 interim
820 5130 1091 5187 occultam
1140 5133 1447 5189 veritatem.
1493 5134 1767 5191 Admonet
1800 5136 1986 5207 itaque
2022 5149 2139 5202 eos,

548 5220 643 5293 qui
666 5221 974 5295 nihilsupra
1003 5234 1349 5296 praesentem
1368 5227 1539 5285 vitam
1558 5229 1864 5301 intelligere
1889 5236 2138 5300 possunt,

2250 4502 2375 4565 post
2395 4482 2566 4547 Deum
2593 4493 2992 4547 transeuntium
3018 4493 3189 4563 ipsam
3218 4492 3399 4547 dicere
3417 4493 3811 4564 philosophiam;

2248 4601 2280 4641 c
2306 4584 2580 4639 contrario
2609 4598 2739 4638 vero
2766 4594 3106 4655 compactam
3135 4584 3335 4640 actioni
3366 4599 3549 4640 veram
3580 4585 3709 4638 circa
3728 4598 3802 4648 ea,

2250 4694 2389 4751 quae
2418 4674 2564 4744 sunt,
2595 4693 2782 4734 eorum
2826 4688 2882 4733 et
2920 4678 3310 4749 judicationem
3342 4689 3396 4732 et
3442 4675 3798 4748 operationem,

2250 4784 2413 4840 quam
2462 4767 2861 4840 philosophiam
2915 4768 3088 4824 solam
3136 4782 3264 4824 vere
3320 4765 3667 4839 plenissimam
3708 4777 3803 4833 ego

2250 4861 2442 4916 saltem
2463 4862 2634 4916 audax
2652 4860 2878 4927 dclinio,
2901 4862 3072 4932 magis
3093 4868 3280 4930 aperte
3295 4856 3642 4914 introduxisse
3655 4869 3765 4909 eam
3779 4865 3803 4895 ο

2250 4948 2513 5021 suscipio,
2532 4951 2745 5006 ratione
2765 4959 2820 5007 et
2841 4951 3296 5021 contemplatione
3315 4947 3503 5020 corrigi
3519 4961 3638 5001 eam
3659 4947 3812 5001 mani-

2250 5044 2455 5099 festans
2469 5042 2519 5097 ἀ.
2542 5044 2754 5115 Quippe
2777 5044 2971 5100 rationi
2992 5043 3279 5114 conjuncta
3295 5042 3514 5100 omnino
3528 5040 3747 5106 actione,
3762 5047 3813 5096 et

2244 5136 2602 5208 judicationc,
2649 5152 2790 5208 quae
2828 5138 2881 5192 in
2915 5138 3029 5209 ipsa
3059 5144 3165 5203 est,
3191 5152 3290 5208 per
3322 5131 3811 5205 contemplationem

2250 5229 2976 5302 comprehensmSiqnidem
3018 5228 3247 5286 rationis
3292 5236 3398 5296 est,
3433 5227 3683 5286 ordinare
3711 5240 3815 5283 cor-

2068 5337 2319 5398 NOTAE.

626 5463 652 5526 ξ
680 5450 886 5526 graece
909 5453 1200 5526 νεμομένην,
1228 5452 1268 5508 i.
1299 5468 1349 5510 e.
1377 5455 1739 5526 depascentem
1764 5471 1875 5510 nos.

626 5521 655 5560 δ
686 5519 909 5595 Rectius
932 5519 1011 5595 ita
1029 5519 1289 5580 vertisset
1314 5542 1327 5579 :
1361 5519 1454 5580 nec
1481 5535 1692 5595 propter
1721 5543 1897 5583 rerum
1917 5542 2139 5582 suarum

555 5606 764 5656 cursum
796 5591 851 5645 in
880 5592 1138 5662 o/fensum
1164 5604 1346 5651 contra
1371 5590 1593 5671 eos,'qui
1618 5596 1731 5654 istis
1760 5608 1964 5667 carent,
1992 5596 2140 5656 exal-

2248 5463 2441 5512 tentur.

2319 5539 2341 5568 °
2372 5527 2578 5585 Graece
2615 5527 2783 5591 αὐτὸν,
2820 5543 2960 5581 eum.
3566 5584 3567 5587 η

2318 5598 2342 5639 ιι
2366 5599 2573 5657 Graece
2602 5600 2995 5671 ἀποφηνάμενον,
3021 5594 3464 5677 manifestantem.
3544 5668 3549 5673 ἡ
