4142 6296
284 362 421 424 m7

1324 358 1569 413 \‘ERSIO
1605 353 2068 414 AMBIGUORUM
2110 353 2168 412 S.
2211 353 2477 411 MAXIMI.

3410 353 3570 442 tate.

286 478 433 552 poris
459 483 690 540 motum,
719 468 1070 526 veluti-freno
1108 467 1340 537 quodam
1374 477 1522 524 recta
1570 469 1862 527 ratiocina—
1893 469 1941 529 Α
1967 467 2194 524 virtutes
2221 467 2456 522 divinam
2473 462 2689 520 sibimet
2703 471 3019 531 eoaptavere
3043 463 3272 520 formam
3291 466 3514 523 omnino
3533 486 3578 538 :~_.

287 569 438 625 tione
466 567 535 622 ab
561 581 648 631 eo,
687 563 778 634 qui
820 571 905 618 est
946 562 1012 614 ad
1059 559 1563 628 incnnsequentiam
1587 574 1636 626 ι,
1685 568 1866 616 meatu

287 655 698 728 disciplinaliter
726 658 1019 715 retentum,
1045 648 1521 717 contemplationis
1543 664 1696 714 vero,
1728 665 1867 718 quae

287 750 428 806 bene
470 745 738 802 intellecta
769 751 931 810 atque
972 741 1207 795 discreta
1249 747 1395 804 sunt,
1435 740 1732 808 prudenter
1771 755 1868 793 ex-

290 845 478 900 tollere
512 829 843 911 judicando,
862 847 1118 907 tanquam
1149 835 1325 890 lucem
1356 833 1742 897 clarissimam,
1772 848 1870 902 per

287 949 474 989 veram
516 931 800 988 scientiam
834 929 1006 998 ipsam
1037 927 1322 994 veritatem
1353 927 1644 981 ostendens
1678 926 1727 978 δ.
1773 924 1869 980 llis

289 1024 552 1079 ambobus
594 1021 833 1076 maxime
872 1027 1093 1074 creatur
1137 1018 1317 1072 omnis
1355 1017 1572 1086 sapiens
1615 1016 1788 1070 virtus
1817 1023 1872 1070 et

287 1114 612 1176 custoditur,
659 1113 729 1168 ab
770 1112 858 1166 bis
894 1111 1060 1166 etiam
1111 1108 1492 1163 manifestatur
1537 1123 1636 1178 per
1677 1123 1872 1178 corpus

292 1216 399 1260 non
433 1213 574 1268 tota;
622 1218 732 1258 non
774 1201 920 1255 enim
955 1200 1166 1270 capitur
1207 1213 1456 1268 corpore,
1489 1199 1614 1254 dum
1649 1199 1721 1253 sit
1747 1200 1873 1252 cha-

291 1299 473 1346 racter
501 1290 712 1345 divinae
741 1289 1038 1359 potentiae,
1065 1289 1158 1343 sed
1185 1287 1448 1356 quaedam
1493 1302 1703 1353 eorum,
1735 1301 1873 1356 quae

293 1382 466 1454 ipsius
491 1390 636 1445 sunt,
673 1382 916 1435 umbrae.
951 1380 1019 1434 Et
1063 1381 1165 1436 hoc
1208 1394 1316 1434 non
1350 1388 1576 1449 propter
1615 1380 1872 1448 seipsam,

292 1473 718 1547 prepternudos
747 1486 874 1527 vero
903 1472 1072 1541 ipsius
1103 1471 1304 1542 gratia,
1331 1480 1391 1524 ut
1431 1471 1484 1524 in
1516 1470 1875 1524 imitationem

292 1563 516 1618 veniant
551 1559 832 1616 deiformis
881 1561 1046 1614 Deum
1092 1559 1428 1629 diligentiam
1470 1558 1706 1612 virorum
1749 1575 1876 1614 con-

293 1651 659 1716 versationis;
727 1659 786 1703 ttt
836 1665 935 1718 per
981 1650 1449 1720 participationem
1495 1649 1622 1703 boni
1670 1657 1726 1703 et
1773 1648 1876 1717 ipsi

295 1742 536 1796 malitiae
591 1740 983 1810 turpitudinem
1037 1741 1390 1810 deponentes,
1422 1740 1706 1812 dignorum
1767 1740 1876 1794 Deo

1972 573 2079 613 non
2107 573 2228 614 esse
2251 555 2620 613 necessarium
2642 553 2892 624 judicans
2919 570 3017 626 per
3045 570 3241 627 corpus
3270 558 3554 616 nominare

1971 633 2262 716 actionem,
2284 662 2630 718 ,cognosceus
2657 662 2764 702 non
2810 662 2933 701 eam
2968 648 3182 702 virtutis
3220 663 3338 704 esse
3360 648 3554 706 factri-

1972 754 2112 803 cem,
2137 738 2230 793 sed
2257 737 2759 802 manifestatricem,
2789 745 2843 790 et
2874 736 3210 794 solummodo
3242 737 3548 793 divinarum

1973 829 2454 900 intelligentiarum
2481 838 2536 883 et
2567 827 2991 898 disputationum
3019 826 3328 882 ministrum

2045 919 2116 975 Ut
2158 928 2338 973 autem
2384 927 2441 973 et
2490 934 2586 991 per
2631 919 2795 972 alium
2838 918 3056 972 modum
3087 917 3432 974 manifestum
3467 917 3560 973 flat

1973 1011 2116 1079 quod
2145 1011 2346 1065 dictum
2385 1017 2470 1064 est
2499 1027 2513 1063 :
2545 1009 2750 1074 dicunt,
2780 1008 2872 1078 qui
2902 1018 3212 1064 nostrarum
3257 1024 3438 1064 rerum
3477 1011 3559 1064 di-

1974 1098 2206 1169 ligenter
2235 1099 2474 1154 rationes
2504 1106 2849 1169 percurrunt,
2886 1098 3165 1152 rationalis
3191 1099 3407 1168 quidem
3437 1103 3558 1155 esse

1974 1191 2452 1261 contemplativum
2511 1197 2567 1245 et
2628 1191 2891 1244 activum.
2949 1189 3018 1244 Et
3074 1192 3556 1262 contemplativum

1974 1284 2190 1352 quidem
2250 1282 2547 1338 secundum
2597 1281 2963 1346 intellectum;
3025 1280 3224 1350 quippe
3283 1281 3446 1336 habet
3493 1296 3557 1336 ea

1976 1389 2116 1444 quae
2143 1383 2269 1428 sunt
2300 1390 2314 1426 :
2344 1373 2578 1428 activum
2601 1387 2730 1426 vero
2752 1370 3048 1426 secundum
3074 1369 3383 1436 consilium,
3413 1373 3559 1440 quod

1977 1465 2166 1522 definit
2200 1464 2504 1518 actionibus
2538 1471 2744 1517 rectam
2775 1461 3062 1516 rationem.
3095 1460 3164 1515 Et
3204 1471 3402 1517 vocant
3440 1461 3561 1531 qui-

1978 1555 2102 1610 dem
2148 1553 2655 1624 contemplativum,
2709 1551 3088 1617 intellectum;
3140 1551 3377 1624 activum
3429 1566 3562 1606 vero

1978 1645 2281 1709 rationem;
2315 1652 2370 1698 et
2418 1642 2548 1698 illud
2591 1642 2810 1712 quidem
2855 1643 3212 1712 sapientiam,
3264 1643 3395 1698 illud
3432 1657 3561 1700 vero

1978 1735 2342 1806 prudentiam.
2384 1735 2440 1789 Si
2486 1742 2666 1788 autem
2699 1735 2801 1788 hoc
2829 1749 3035 1798 verum,
3065 1750 3132 1789 ex
3159 1749 3338 1792 causa
3381 1736 3564 1804 itaque

293 1842 478 1902 partes
523 1831 677 1896 fiant,
720 1839 814 1884 aut
849 1831 1204 1900 deprecantes
1240 1829 1559 1898 adjutorium
1605 1830 1873 1899 quoddam
1909 1845 1950 1902 Β
1979 1826 2267 1888 actionem,
2298 1824 2590 1878 secundum
2617 1825 2759 1892 quod
2783 1838 3123 1894 consequens
3147 1833 3249 1889 est,
3278 1833 3334 1878 at
3361 1839 3466 1878 non
3495 1838 3562 1878 ex

293 1939 329 1980 a
380 1925 691 1995 potentibus
745 1925 1026 1993 consequi,
1077 1933 1136 1978 ut
1185 1923 1457 1978 occultum
1502 1923 1555 1976 in
1608 1921 1876 1992 profundo

295 2016 511 2071 animae
573 2014 899 2069 eximiorum
955 2011 1203 2070 affectum
1264 2029 1361 2084 per
1409 2028 1614 2096 corpus
1664 2013 1877 2067 actione

295 2105 588 2162 manifesta
618 2105 973 2174 accipientes,
1017 2105 1200 2158 omnia
1233 2104 1286 2158 in
1331 2103 1585 2159 omnibus
1632 2102 1874 2179 factam,

293 2202 350 2249 et
368 2209 466 2264 per
490 2193 674 2248 omnia
698 2195 950 2248 omnibus
969 2203 1310 2263 praesentem
1336 2193 1429 2248 Dei
1453 2193 1872 2264 providentiam,

293 2291 351 2342 et
379 2283 523 2353 ipsos
553 2283 804 2348 laudent;
840 2293 900 2336 ut
936 2283 981 2338 si
1011 2299 1170 2338 nemo
1201 2291 1369 2348 esset,
1405 2284 1496 2354 qui
1541 2284 1679 2338 bene
1716 2286 1878 2355 agere

296 2375 706 2444 deprecaretur,
735 2389 829 2428 seu
860 2374 950 2443 qui
989 2376 1056 2428 ad
1087 2376 1346 2428 virtutem
1376 2375 1624 2444 exemplo
1653 2374 1876 2429 formari

297 2463 510 2528 debeat,
543 2462 716 2532 ipsum
747 2461 918 2518 solum
947 2460 1191 2516 sufﬁcere
1221 2463 1322 2516 sibi
1353 2464 1594 2527 omnino,
1626 2478 1764 2532 quae
1794 2477 1878 2517 se-

296 2553 534 2608 cundum
585 2551 824 2606 animam
876 2561 1019 2617 sunt,
1067 2553 1326 2606 virtutum
1380 2553 1536 2608 donis
1584 2554 1874 2609 fruentem.

297 2644 366 2698 Et
393 2643 511 2698 sine
539 2658 727 2697 earum
765 2658 860 2712 per
889 2658 1086 2713 corpus
1115 2644 1185 2698 ad
1226 2644 1572 2700 manifestum
1613 2647 1878 2716 approba-

299 2734 446 2789 tione
493 2748 598 2788 non
649 2743 733 2788 est
777 2735 1130 2805 incongruum
1171 2737 1376 2790 dicere.
1422 2737 1524 2805 Qui
1576 2738 1743 2809 igitur
1791 2741 1877 2809 pie

293 2840 396 2896 per
450 2824 960 2895 contemplationem
1008 2827 1300 2898 intelligit,
1358 2831 1627 2898 quomodo
1677 2831 1878 2887 habent

295 2929 362 2971 ea
387 2929 526 2985 quae
550 2924 696 2980 sunt,
729 2926 783 2971 et
820 2931 918 2985 per
949 2918 1270 2972 rationabile
1313 2919 1598 2975 consilium
1627 2923 1877 2977 conside-

297 3016 416 3061 rate
453 3021 516 3061 ac
554 3016 701 3062 recte
731 3007 798 3062 de
829 3007 959 3076 ipsis
995 3009 1261 3064 rationem
1299 3011 1504 3075 delinit,
1545 3020 1600 3066 et
1639 3013 1876 3068 custodit

299 3100 519 3156 sibimet
554 3097 844 3168 judicium,
880 3101 1055 3170 magis
1097 3117 1224 3158 vero
1270 3103 1506 3174 seipsum
1543 3102 1748 3172 judicio
1803 3106 1875 3161 ir-

1980 1917 2208 1972 materia
2247 1915 2546 1970 nominavit
2584 1914 2840 1984 Magister
2878 1916 3166 1979 rationem,
3208 1915 3412 1970 nullam
3460 1916 3558 1970 ha-

1977 2009 2196 2063 bentem
2249 2006 2558 2076 oppositum
2610 2005 2981 2060 habitudinem
3035 2005 3352 2075 appellans;
3391 2005 3562 2059 ratio--

1979 2098 2235 2152 nobiliter
2271 2098 2418 2150 enim
2453 2105 2509 2151 et
2545 2096 2803 2160 scienter,
2854 2105 2910 2148 at
2950 2111 3054 2149 non
3085 2110 3183 2163 per
3220 2095 3563 2150 inimicitiam

1977 2195 2033 2240 et
2051 2184 2474 2248 contentionem,
2491 2184 2654 2237 instat
2673 2183 2816 2236 veris
2835 2198 2935 2236 con
2945 2182 3304 2250 templativus,
3330 2191 3386 2236 et
3407 2197 3564 2251 prae~

1979 2285 2062 2331 ter
2093 2275 2206 2345 ipsa
2239 2273 2383 2329 aliud
2411 2273 2541 2343 quid
2563 2272 2748 2328 videre
2774 2281 2996 2343 propter
3017 2287 3209 2328 eorum
3241 2272 3563 2330 delectatio-

1978 2381 2102 2422 nem
2142 2381 2249 2422 non
2275 2367 2485 2435 recipit.
2897 2407 2900 2410 .
3109 2411 3112 2414 .

2047 2455 2107 2511 Si
2133 2469 2263 2510 vero
2281 2471 2419 2525 opus
2453 2465 2537 2512 est
2560 2465 2615 2512 et
2641 2457 2797 2514 aliter
2825 2458 2929 2514 hoc
2958 2459 3432 2529 apertiusfacere,
3460 2459 3564 2514 ite-

1978 2562 2121 2614 rum,
2161 2549 2254 2618 qui
2301 2549 2597 2602 secuudum
2645 2550 2899 2604 virtutem
2946 2549 3296 2620 perfectionis
3330 2551 3566 2605 rationes

1977 2651 2256 2710 exercent,
2289 2643 2780 2714 dicunt,'quosdam
2808 2647 3044 2701 nondum
3069 2647 3134 2700 ad
3169 2647 3450 2702 materiam
3477 2662 3564 2703 sc-

1977 2736 2212 2790 cundum
2245 2735 2490 2790 habitum
2529 2737 2907 2792 communione
2935 2749 3188 2808 purgatos
3217 2740 3363 2794 circa
3394 2740 3570 2794 actio~

1977 2843 2075 2883 nes
2106 2827 2243 2883 ellici
2266 2868 2280 2893 ,
2313 2826 2440 2882 dum
2490 2829 2562 2884 sit
2592 2829 2758 2883 mixta
2792 2829 2969 2885 adhuc
2995 2830 3074 2884 eis
3100 2831 3244 2885 circa
3295 2843 3388 2896 ca,
3427 2845 3564 2899 quae

1977 2927 2123 2986 sunt,
2144 2917 2428 2988 judicatio,
2458 2929 2512 2974 et
2551 2931 2679 2976 sunt
2704 2921 3105 2985 conversibilcs,
3145 2926 3385 2996 nondum
3423 2923 3561 2978 circa
3642 2977 3648 2984 ,

1977 3009 2361 3066 convcrsibilia
2390 3011 2631 3065 habitum
2647 3012 3010 3083 dcponentes;
3037 3012 3296 3081 quosdam
3319 3027 3449 3069 vero
3471 3027 3562 3085 per

1979 3100 2195 3154 virtutis
2248 3100 2784 3169 summitatem'Dco
2840 3103 3134 3157 secundum
3180 3095 3420 3158 habitum
3469 3119 3566 3174 ap;

301 3189 804 3260 reprehensibilem,
834 3205 1049 3246 omnem
1080 3192 1239 3246 simul
1267 3195 1732 3263 comprehendens
1775 3197 1874 3252 ha-
1905 3189 1950 3251 C
1979 3193 2621 3264 proximantcs,etipsius
2649 3193 2944 3250 secundum
2967 3193 3372 3266 intelligentiam
3403 3198 3568 3252 beati-

299 3291 391 3334 net
435 3281 709 3346 virtutem,
754 3281 821 3334 ad
858 3281 995 3336 nihil
1033 3282 1178 3337 aliud
1210 3292 1331 3354 post
1377 3287 1646 3356 cognitam
1680 3288 1878 3343 verita-

301 3380 436 3436 tem,
471 3371 651 3426 adhuc
688 3379 886 3436 motus,
919 3382 974 3426 et
1001 3373 1180 3427 omnia
1208 3375 1487 3444 praeteriit
1532 3375 1874 3446 festinanter,

298 3462 494 3517 nullius
525 3462 747 3517 omnino
768 3463 1031 3518 rationem
1057 3463 1263 3520 faetens
1287 3481 1497 3533 eorum,
1521 3483 1877 3540 quaecunque

299 3555 478 3609 carnis
534 3562 588 3610 et
643 3555 824 3608 mundi
891 3563 1016 3608 sunt
1061 3563 1118 3610 et
1178 3558 1468 3626 dicuntur,
1527 3560 1875 3618 informatam

299 3643 663 3715 nabensgjam
730 3645 939 3699 ratione
999 3648 1444 3717 comprehensam
1515 3651 1632 3706 sine
1695 3669 1874 3722 pugna

300 3737 598 3804 actionem;
641 3737 841 3807 quippe
881 3752 1072 3792 omnes
1097 3739 1317 3794 sibimet
1360 3742 1740 3801 intellectualis
1782 3762 1878 3801 no-

300 3828 396 3883 stri
445 3829 848 3898 potentissimas
894 3828 1254 3898 impassibilcs
1305 3831 1545 3888 inferens
1600 3836 1873 3902 rationes,

301 3934 396 3990 per
423 3935 559 3988 quas
583 3919 761 3976 omnis
789 3920 962 3974 virtus
1003 3929 1056 3992 et
1099 3922 1325 3976 scientia
1372 3933 1456 3978 est
1503 3932 1556 3978 et
1603 3927 1874 3990 consistit,

300 4007 421 4079 iure
467 4011 593 4065 dum
643 4010 751 4065 sint
780 4010 1137 4067 rationabilis
1185 4013 1402 4068 animae
1448 4015 1723 4082 potentiae
1752 4055 1766 4080 ,
1819 4023 1878 4069 ut

300 4101 411 4158 sint
436 4101 650 4170 quidem
676 4102 896 4157 omnino
922 4118 1146 4174 corpore
1177 4119 1281 4158 non
1311 4102 1630 4173 indigentes,
1667 4113 1726 4158 ut
1751 4119 1876 4159 vere

299 4193 622 4250 manifestae
677 4195 789 4248 sint
852 4207 1075 4266 prepter
1133 4211 1328 4251 causas
1389 4195 1737 4266 praedictas,
1791 4212 1876 4251 se-

297 4284 534 4340 cundum
579 4293 790 4354 tempus
833 4301 900 4342 eo
943 4289 1020 4342 uti
1066 4303 1172 4342 non
1225 4286 1620 4357 vituperantur.
1684 4287 1877 4344 Dicunt

297 4377 444 4431 enim
487 4375 865 4431 intellectualis
911 4393 1032 4433 esse
1074 4377 1383 4448 specialiter
1423 4378 1671 4432 notiones
1715 4378 1873 4433 intel-

299 4466 604 4536 ligibilium,
636 4468 886 4535 virtutes,
921 4470 1198 4535 scientias,
1226 4470 1426 4524 artium
1454 4468 1719 4537 rationes,
1748 4485 1872 4540 pro-

298 4559 553 4628 positum,
598 4560 904 4627 consilium,
944 4562 1267 4630 generaliter
1305 4577 1430 4616 vero
1464 4561 1695 4629 judicia,
1726 4577 1872 4616 com-

297 4647 625 4717 parationes,
668 4645 846 4719 fugas,
885 4650 1196 4719 appetitus;
1241 4660 1297 4705 et
1342 4652 1606 4721 quaedam
1653 4651 1870 4721 quidem

295 4751 416 4793 esse
467 4739 636 4793 solius
690 4742 990 4795 secundum
1061 4743 1300 4796 animum
1357 4744 1873 4813 contemplationis,

296 4827 562 4896 quaedam
598 4843 728 4883 vero
755 4830 1055 4883 secundum
1089 4830 1352 4886 rationem
1395 4832 1748 4902 disciplinalis
1784 4849 1881 4904 po-

299 4919 521 4974 tentiae.
555 4918 614 4974 Si
653 4931 838 4974 autem
880 4921 1083 4981 talibus
1124 4922 1454 4982 custoditum
1496 4926 1770 4996 pr0priam
1801 4927 1880 4981 vi-

301 5015 411 5062 tam
451 5011 624 5064 sancti
667 5023 1134 5070 conservaverunt
1163 5051 1198 5081 ,,
1231 5014 1396 5083 igitur
1442 5019 1876 5087 comprehensim

299 5115 398 5171 per
440 5103 706 5158 rationem
746 5116 801 5161 et
847 5109 1362 5178 authemplatinnem
1408 5107 1602 5163 beatus
1657 5111 1758 5165 iste
1797 5112 1881 5167 vir

298 5203 510 5253 omnes,
543 5205 684 5256 quae
712 5202 838 5248 sunt
866 5199 1162 5251 secundum
1193 5197 1451 5250 virtutem
1477 5207 1534 5250 et
1569 5198 1870 5264 scientiam,

299 5280 604 5335 introduxit
650 5284 892 5341 rationes
937 5294 974 5342 ‘a
1025 5289 1230 5344 sanctis
1277 5289 1733 5356 comprehensas,
1780 5305 1878 5360 per

297 5385 438 5443 quas
475 5372 711 5427 divinam
743 5375 989 5430 notitiam
1031 5394 1128 5447 per
1163 5376 1670 5446 contemplationem
1706 5380 1876 5436 scien-

299 5467 386 5518 ter
415 5461 767 5532 accipientes,
804 5466 1100 5534 prudenter
1125 5466 1419 5522 secundum
1468 5467 1741 5526 rationem
1782 5487 1880 5542 per

1984 3284 2166 3339 tudine
2184 3283 2447 3350 fruentes,
2472 3286 2539 3340 ad
2560 3286 2764 3356 seipsos
2790 3285 3128 3342 solummodo
3154 3298 3210 3342 et
3239 3288 3403 3343 Deum
3439 3305 3566 3345 con-

1978 3389 2202 3441 versos,
2260 3376 2560 3445 rumpendo
2619 3377 2830 3432 sincere
2884 3378 3180 3434 materialis
3233 3379 3566 3436 baliitudinis

1978 3465 2214 3532 vincula,
2245 3466 2551 3522 actionibus
2573 3468 2790 3536 quidem
2836 3484 2864 3522 a
2908 3470 3132 3524 materia
3171 3469 3407 3542 perfecte
3436 3463 3568 3525 alie?

1978 3565 2200 3622 nantur,
2229 3557 2688 3628 contemplatione
2713 3573 2844 3614 vero
2871 3567 2925 3613 et
2957 3558 3070 3614 Deo
3093 3559 3387 3616 familiares
3408 3561 3564 3615 finiit.

1976 3650 2295 3721 Propterea,
2341 3650 2624 3721 inquiunt,
2671 3661 2894 3707 manent
2941 3647 3416 3732 incouvcrsibilcs,
3456 3669 3564 3712 non

1977 3741 2240 3797 habentes
2261 3740 2436 3796 adhuc
2465 3741 2530 3797 ad
2554 3743 2837 3798 materiam
2868 3742 3260 3809 habitudinem,
3282 3759 3568 3819 perquam

1976 3847 2098 3887 cum
2132 3835 2357 3888 materia
2383 3836 2700 3890 naturaliter
2723 3837 2905 3890 mobili
2925 3846 3112 3891 contra
3135 3847 3386 3892 naturam
3415 3853 3568 3892 com-

1976 3924 2180 3976 moveri
2227 3938 2293 3978 ex
2335 3927 2660 3980 necessitate
2703 3927 3015 3990 consuevit,
3047 3930 3136 3996 qui
3166 3930 3424 3982 materiae
3473 3945 3570 3998 per

1977 4012 2347 4066 habitudinem
2377 4023 2666 4068 concretus
2694 4024 2798 4078 est,
2824 4024 2877 4068 ct
2905 4017 3174 4072 maximae
3205 4018 3394 4073 videns
3430 4019 3570 4074 indi-

1975 4115 2102 4171 gere
2128 4102 2402 4171 potentiae
2442 4103 2509 4157 ad
2550 4104 2943 4172 dcpositionem
2976 4104 3269 4161 materialis
3296 4107 3569 4178 passibili-

1979 4190 2126 4254 tatis,
2149 4192 2217 4246 ab
2245 4206 2308 4246 ea
2335 4191 2552 4247 liberari
2585 4192 2873 4259 volentem,
2905 4195 2982 4254 ait
3009 4195 3264 4264 Magister
3293 4215 3306 4252 :
3339 4196 3439 4270 Gai
3469 4197 3570 4270 igi-

1976 4291 2062 4334 tur
2119 4281 2319 4337 licitum
2377 4282 2479 4351 fuit
2531 4299 2622 4350 per
2684 4285 2937 4339 rationem
2984 4295 3032 4340 et
3079 4288 3566 4358 contemplationem

1974 4374 2355 4443 pertranseunti
2398 4377 2694 4438 materiam,
2723 4385 2769 4428 et
2799 4377 3013 4430 carnale
3049 4380 3167 4441 hoc,
3191 4378 3296 4434 sive
3333 4378 3564 4436 nimbum

1976 4471 2174 4532 oportet
2205 4463 2376 4518 dicere
2404 4465 2509 4520 sive
2547 4467 2797 4531 velamen,
2828 4484 2944 4520 cum
2979 4467 3086 4537 Dea
3113 4469 3230 4537 ﬁeri
3260 4479 3367 4527 cet.

2506 4554 2902 4616 CAPITULUM
2946 4561 3027 4618 Vl.
3060 4544 3068 4555 "

2169 4661 2418 4710 QUOIIODO
2454 4662 2552 4704 εετ
2590 4665 2784 4706 NlllBliS
2819 4667 2889 4707 ΕΤ
2929 4668 3175 4722 νειωιεμ
3211 4671 3368 4714 οΑιιο.

2055 4739 2164 4795 Cur
2192 4751 2370 4795 autem
2419 4742 2651 4796 nimbum
2687 4757 2806 4799 esse
2835 4752 2892 4798 et
2919 4744 3152 4801 velamen
3191 4765 3403 4805 carnem
3435 4751 3570 4810 dicit

1985 4832 2259 4899 Magister,
2289 4833 2478 4891 videns
2507 4836 2724 4906 quippe,
2769 4837 2897 4906 quia
2932 4839 3113 4895 omnis
3141 4839 3409 4900 humanus
3452 4848 3570 4902 ani-

1988 4939 2109 4980 mus
2133 4939 2341 4990 errans,
2364 4934 2420 4981 et
2447 4940 2476 4980 a
2503 4925 2735 4984 naturali
2765 4937 2912 4984 motu
2934 4938 3079 4986 retro
3109 4933 3394 5002 aspiciens,
3421 4937 3567 4997 circa

1983 5014 2292 5084 passionem
2319 5023 2375 5070 et
2405 5030 2621 5074 sensum
2651 5030 2706 5074 et
2735 5018 3014 5075 sensibilia
3047 5031 3250 5077 motum
3277 5023 3426 5092 facit,
3458 5040 3564 5082 non

1985 5104 2190 5160 habens
2218 5103 2476 5160 aliorsum
2503 5107 2727 5173 moveri,
2764 5107 2832 5162 ab
2870 5123 2936 5162 eo
2975 5117 3145 5173 motu,
3180 5111 3271 5181 qui
3302 5113 3368 5170 ad
3395 5112 3564 5170 Deum

1986 5198 2306 5254 naturaliter
2345 5198 2472 5258 fert.
2509 5197 2789 5260 deficiens,
2825 5205 2880 5250 et
2903 5197 3084 5252 divisit
3110 5214 3329 5256 carnem
3362 5202 3414 5256 in
3441 5219 3566 5274 pas-

1984 5289 2189 5344 sionem
2227 5297 2284 5342 et
2323 5302 2562 5354 sensum,
2591 5287 2772 5342 carnis
2795 5287 2938 5343 enim
2969 5289 3240 5346 animatae
3275 5303 3565 5366 utrumque

1985 5388 2086 5446 est,
2120 5394 2217 5451 per
2247 5377 2485 5433 nimbum
2523 5375 2854 5431 et-vclamen
2896 5377 3028 5432 haec
3058 5377 3370 5437 declaravit.
3417 5382 3565 5440 Nim-

1986 5472 2086 5526 bus
2115 5469 2259 5530 enim
2299 5477 2382 5524 est
2418 5467 2698 5538 principali
2747 5477 2769 5506 ο
2819 5467 3033 5523 animae
3071 5471 3565 5540 superobumbrans

1811 5560 2056 5620 NOTAE.

369 5658 396 5687 ι
421 5644 628 5702 Graece
656 5648 884 5715 ἀτοπίαν,
917 5652 1239 5715 pravitatem.

370 5716 399 5758 δ
423 5715 732 5789 Legendqu
775 5722 1112 5788 ostendentis,
1143 5724 1345 5782 Graece
1371 5725 1726 5796 δεικνυούσης,
1753 5727 1861 5785 sci-

660 5799 928 5875 PA'l‘ROL.
975 5814 1234 5881 CXXII.

2001 5658 2146 5736 licet_
2157 5659 2392 5736 ρςωρξας.

2049 5739 2070 5770 ο
2115 5727 2205 5786 Sic
2242 5725 2309 5786 a'd
2347 5725 2588 5796 verbum,
2630 5742 2728 5800 pro
2762 5728 3102 5800 principalem
3135 5737 3356 5800 partem.

3133 5820 3213 5885 39
