2071 3148
306 137 378 165 1219

999 136 1139 165 JOANMS
1159 133 1258 166 SCOTI

1877 143 1956 171 ηευ

306 193 422 222 carnalis
434 191 534 228 passio,
554 196 580 219 et
599 198 719 220 velamen
730 196 771 220 est
783 199 861 220 error
876 192 1023 221 secundum
1039 201 1101 222 sen-
1116 197 1138 227 Α
1153 195 1213 228 slis,
1229 197 1361 230 quantum
1374 193 1530 223 hominibus
1539 194 1667 231 possibile
1676 199 1729 229 est,
1748 196 1900 233 imaginem
1915 200 1956 228 le-

305 247 376 273 sum,
393 238 586 274 superﬁcielzus
603 238 769 267 sensibilium
784 240 870 274 ipsum
884 240 1006 272 vincens,
1021 244 1050 267 et
1065 240 1099 268 ad

305 285 480 321 intelligibilia
502 285 643 312 transitum
661 285 785 313 muniens
796 291 820 311 ι.
841 284 894 313 Per
908 286 974 313 haec
988 286 1100 313 oblivio-

303 341 365 361 nem
388 332 550 361 naturalium
577 332 709 360 bonorum
734 332 871 367 accipiens
894 333 999 365 anima.
1027 334 1099 360 circa

303 381 441 410 sen'sihilia
455 385 537 408 totam
552 387 628 407 suam
643 379 826 415 operationem
838 380 982 411 convertit,
995 379 1100 406 furores

303 425 574 461 etconeupiscentias
588 429 615 452 et
626 424 820 452 delectationes
840 432 889 460 per
904 432 947 459 ea,
969 432 1039 460 quae
1061 424 1100 452 di-

302 476 345 497 cta
364 475 436 503 sunt,
457 470 615 498 inhonestas
632 469 743 496 invenit.

561 524 759 553 CAPITULUM
786 525 840 552 VII.

520 577 644 603 00031000
668 577 804 598 VOLUPTAS
833 577 888 598 Ητ-

339 627 434 657 Omnis
445 628 516 655 cnim
529 626 673 654 delectatio
689 633 794 658 eorum.
809 633 880 661 quae
893 625 1100 660 interdicuntur,

304 681 338 701 ex
353 674 479 708 passione
491 679 538 706 per
556 670 675 699 medium
689 677 799 698 sensum
813 670 847 698 ad
860 670 963 705 aliquid
974 670 1102 698 sensibile

304 717 415 745 omnino
428 716 486 745 ﬁeri
499 716 647 744 consuevit.
662 715 754 750 Neque
769 715 841 743 enim
861 715 933 743 aliud
948 715 1049 750 aliquid
1060 720 1103 743 est

304 762 457 794 delectatio,
473 768 554 796 quam
568 761 674 796 species
685 767 781 788 sensus
795 760 822 787 in
834 760 942 788 sensivo
954 767 1002 795 per
1018 760 1103 795 quod-

304 810 366 837 dam
386 808 514 838 sensibile
532 807 651 840 formati,
669 806 712 835 vel
730 806 826 834 modus
838 807 852 827 δ
871 806 994 834 sensivae
1008 813 1103 841 opera-

305 854 385 882 tionis
399 861 449 888 per
466 852 677 880 irrationabilem
698 851 945 886 concupiscentiam
968 851 1101 878 constitu-

305 904 359 927 tus.
371 898 595 933 Concupiscentia
605 898 678 925 enim
698 897 789 924 sensui
810 896 931 931 apposita
946 896 972 923 in
985 895 1102 923 delecta-

303 946 406 973 tionem
424 945 548 976 vertitur,
565 943 667 970 addcns
683 943 707 970 ei
728 943 864 977 speciem;
887 947 916 969 et
937 949 1033 969 sensus
1052 948 1102 976 per

303 989 549 1024 concupiswntiam
584 992 673 1014 motus
704 987 912 1015 delectationem
946 990 1101 1020 operatur,

303 1036 430 1072 quiddam
457 1034 585 1063 sensibile
618 1033 763 1068 accipiens.
792 1032 994 1067 Cognoseentes
1019 1032 1101 1066 igitur

303 1082 399 1114 sancti,
413 1081 477 1116 quia
489 1088 538 1116 per
551 1079 669 1107 mediam
682 1085 792 1106 carnem
805 1078 838 1105 ad
852 1077 994 1105 materiam
1009 1077 1100 1104 anima

304 1131 399 1155 contra
415 1132 539 1153 naturam
560 1129 645 1157 mota,
667 1129 803 1151 terrenam
828 1123 948 1150 induitur
972 1122 1099 1155 formam,

304 1174 361 1207 ipse
375 1172 462 1206 magis
479 1178 528 1206 per
541 1170 658 1198 mediam
674 1169 793 1196 animant
806 1168 953 1196 secundum
975 1172 1100 1195 naturam

303 1218 337 1245 ad
353 1215 435 1245 Deum
452 1220 553 1243 motam
565 1216 647 1242 etiam
668 1221 779 1241 carnem
802 1215 855 1241 Deo
872 1213 1000 1241 decenter
1015 1213 1100 1241 famu-

312 1263 352 1290 ari
369 1262 559 1290 intellexerunt
575 1266 599 1293 ε,
619 1267 667 1294 per
686 1259 884 1287 institutionem
905 1259 1034 1286 virtutum
1053 1266 1100 1287 ac-

303 1309 470 1344 eeptabilitcr
484 1308 569 1343 ipsam
586 1306 684 1334 divinis
695 1309 825 1332 ornantcs
837 1304 1028 1333 intellectibus.

556 1360 755 1389 CAPITULUM
780 1347 845 1387 vin.

386 1417 512 1442 OUGMODO
532 1416 563 1435 Εἴ
585 1414 683 1439 Ql'ANTl
703 1413 793 1434 IIOTL'S
811 1413 879 1433 SUNT
901 1413 1011 1433 ANIIME.

339 1466 407 1492 Tres
420 1465 492 1492 enim
517 1462 684 1490 universales
703 1466 792 1489 motus
814 1462 915 1489 habere
932 1461 1050 1488 animam
1072 1460 1099 1488 in

303 1518 386 1537 unum
401 1509 539 1541 collectos,
564 1515 579 1534 a
601 1507 714 1534 caritate
738 1506 888 1534 docuerunt
905 1505 935 1538 tl;
956 1513 1038 1532 unum
1059 1512 1101 1533 se-

303 1554 419 1583 cundum
439 1554 566 1586 animam,
588 1552 702 1579 alterum
716 1551 864 1579 secundum
887 1551 1032 1583 rationem,
1047 1555 1101 1578 ter-
1115 1540 1138 1572 ο

303 1603 371 1629 tium
383 1600 532 1628 secundum
548 1606 667 1625 sensum.
686 1598 717 1624 Et
740 1605 822 1624 unum
843 1597 954 1631 quidem
975 1596 1101 1631 simplum

303 1652 331 1674 et
344 1646 569 1681 interpretatione
583 1648 732 1676 carentem,
739 1651 787 1678 per
794 1650 874 1678 quem
886 1643 1024 1677 incognite
1030 1643 1100 1669 circa

303 1693 387 1718 Deum
410 1696 481 1718 mota
492 1711 499 1723 ,
517 1690 590 1717 nullo
605 1690 684 1717 modo
699 1697 733 1716 ex
749 1689 801 1716 ullo
816 1697 921 1720 eorum,
943 1696 1012 1723 quae
1027 1692 1101 1721 sunt,

305 1737 393 1770 ipsum
411 1743 460 1768 per
478 1735 665 1761 excellentiam
683 1734 830 1768 cognoscit.
847 1735 969 1760 Alterum
984 1741 1049 1760 vero
1060 1741 1102 1760 se-

303 1780 419 1808 cundum
433 1786 542 1806 causam
556 1779 721 1805 deﬁnitivam
745 1779 886 1813 incogniti,
905 1786 953 1813 per
963 1786 1042 1812 quem
1054 1786 1100 1805 na-

304 1824 427 1851 turaliter
442 1827 525 1855 mota,
540 1830 634 1849 omnes
645 1822 781 1849 naturales
793 1823 912 1850 rationes
925 1829 974 1856 per
991 1829 1101 1850 causam

305 1870 474 1898 solummodo
486 1869 597 1904 cogniti,
612 1869 675 1896 dum
696 1869 750 1896 sint
767 1869 793 1896 in
809 1876 840 1896 ea
860 1868 1037 1901 formatrices,
1049 1869 1100 1896 sibi

301 1917 354 1951 ipsi
372 1924 419 1951 per
433 1916 618 1951 operationem
639 1916 786 1942 secundum
810 1915 950 1943 scientiam
976 1915 1098 1949 imponit.

301 1962 424 1990 Tertium
440 1966 529 1989 autem
539 1961 729 1996 compositum,
749 1968 798 1995 per
810 1968 891 1995 quem
906 1968 948 1994 ea,
966 1967 1036 1995 quae
1050 1967 1100 1987 ex-

300 2012 343 2036 tra
357 2012 429 2040 sunt,
445 2012 572 2043 tangens,
587 2006 668 2034 veluti
682 2014 715 2034 ex
734 2007 893 2040 quibusdam
909 2006 993 2041 signis
1006 2005 1100 2033 visibi-

300 2055 367 2082 lium
381 2055 500 2081 rationes
517 2054 587 2088 apud
603 2054 719 2088 scipsam
736 2052 876 2084 reformat,
892 2052 1100 2087 magnanimiter

298 2108 349 2137 per
361 2101 410 2128 hos
425 2100 573 2128 secundum
591 2107 684 2127 verum
705 2104 733 2126 et
751 2099 947 2126 immutabilem
964 2099 1098 2127 naturalis

302 2150 392 2173 motus
399 2145 516 2177 modum,
528 2144 783 2180 praesensinhorum
793 2144 913 2172 seculum
923 2146 1097 2172 transcendes

300 2195 374 2217 runt.
396 2189 511 2218 Sensum
536 2190 645 2224 quidem
668 2189 827 2225 simpliciter
850 2189 1005 2224 spirituales
1024 2191 1096 2218 solas

300 2236 596 2264 rationes:sensibilium
609 2236 764 2268 habentem,
774 2243 823 2270 per
832 2236 949 2263 mediam
965 2236 1096 2263 rationem

299 2282 333 2308 ad
354 2282 472 2308 animam
498 2280 659 2313 referentes,
681 2281 814 2308 rationem
837 2288 902 2308 vero
926 2280 1097 2308 uniformiter

299 2332 349 2360 per
361 2332 444 2351 unam
458 2324 637 2358 simplamque
652 2329 733 2359 atque
748 2325 955 2359 inseparabilem
972 2322 1094 2359 prudens

300 2370 368 2396 tiam
381 2376 487 2400 eorum,
501 2375 571 2403 quae
593 2373 666 2401 sunt,
692 2369 846 2402 habentem,
866 2369 995 2404 rationes]
1005 2370 1095 2397 animo

300 2415 461 2447 adunantes,
479 2415 565 2449 ipsum
580 2416 670 2442 antem
687 2413 806 2441 animum
822 2414 894 2441 circa
909 2415 1010 2447 omnia,
1025 2422 1094 2450 quae

300 2465 374 2493 sunt,
389 2465 462 2488 motu
478 2467 545 2495 pure
561 2460 725 2492 absolutum,
745 2464 773 2487 et
783 2459 817 2487 ab
833 2459 889 2495 ipsa
904 2461 1052 2493 secundum
1064 2468 1094 2488 se

300 2505 417 2534 naturali
429 2506 587 2541 operatione
600 2505 720 2540 quicum)
733 2505 788 2532 Deo
799 2504 955 2537 offerentes,
969 2513 1018 2540 per
1032 2513 1093 2532 eum

300 2552 492 2580 universaliter
505 2553 537 2579 ad
552 2553 637 2579 Deum
652 2552 877 2585 conscendentes,
899 2553 947 2579 toti
969 2557 1024 2580 toto
1040 2552 1094 2579 Deo

299 2600 432 2627 contineri
448 2607 497 2635 per
510 2599 635 2635 Spiritum
647 2599 720 2635 digni
735 2599 800 2627 facti
812 2603 894 2633 sunt,
911 2603 996 2626 totam
1005 2600 1093 2627 caele-

337 2691 474 2718 B‘Graece
493 2693 707 2727 ὰποτειχὶζουσα,
722 2691 740 2718 i.
761 2697 787 2718 e.
809 2691 954 2718 obstruent.

339 2728 353 2746 ἱ)
373 2726 460 2764 gout};
475 2726 622 2764 Gala-tuos;
638 2726 859 2764 Graece'rpérroc.

339 2767 350 2780 ε
373 2761 483 2787 ltcctius
496 2762 614 2788 meditati
634 2766 704 2787 sunt.

338 2796 352 2815 ἀ
371 2796 471 2822 Graece
491 2797 665 2827 φωτισθέντες,
688 2796 794 2824 eruditi.

494 2797 669 2833 ῃωτισθέντεῆ
688 2796 794 2833 eruditi.
817 2795 955 2826 Sententia
969 2796 1068 2833 pendet
1082 2804 1096 2823 a

302 2830 385 2856 verbo
401 2830 580 2863 ascenderunt,
600 2831 669 2864 quod
682 2831 812 2864 sequitur.
970 2830 976 2839 ⁷

1151 245 1252 273 rentes,
1273 244 1301 267 et
1321 244 1423 267 tantum
1443 241 1612 269 attrahentes
1632 241 1723 269 divina
1747 243 1856 276 notitia,
1870 245 1895 272 si
1913 246 1958 274 fas

1150 290 1193 313 est
1204 286 1256 313 hoc
1268 285 1369 318 dicere,
1382 291 1511 320 quantum
1525 286 1574 321 ipsi
1586 288 1694 315 attracti
1707 288 1762 316 Deo
1770 289 1865 318 inserti
1877 297 1954 319 sunt.

1151 331 1249 358 Dicunt
1261 332 1343 364 enim,
1355 331 1426 358 inter
1435 338 1465 358 se
1477 331 1592 359 invicem
1600 339 1660 360 esse
1670 334 1856 370 paradigmata
1866 335 1955 364 Deum

1150 381 1178 404 et
1191 377 1338 409 hominem,
1352 381 1379 404 et
1394 380 1498 404 tantum
1513 377 1615 405 homini
1631 378 1715 406 Deum
1730 386 1779 413 per
1793 380 1955 409 misericor-

1152 422 1223 449 diam
1241 421 1395 454 humanari,
1416 426 1546 456 quantum
1568 423 1650 450 homo
1675 424 1794 458 seipsum
1819 425 1879 454 Deo
1905 434 1954 461 per

1152 467 1293 494 caritatem
1308 465 1477 494 confortatus
1496 469 1676 501 consecravit,
1695 473 1724 495 et
1736 473 1845 497 tantum
1861 478 1877 497 a
1896 472 1953 499 De.

1152 513 1288 541 hominem
1311 513 1459 540 secundum
1481 513 1603 541 animum
1630 515 1687 549 rapi
1711 514 1745 541 ad
1769 515 1951 552 incognitum.

1152 563 1282 593 quantum
1293 558 1374 586 homo
1390 557 1552 586 iuvisibilem
1564 563 1662 586 natura
1677 559 1761 586 Deum
1776 568 1826 595 per
1837 561 1953 590 virtqu

1151 605 1216 632 fecit
1231 603 1415 631 manifestum.

1187 649 1228 676 Ab
1247 649 1298 676 hac
1315 649 1407 683 itaque
1424 655 1473 684 per
1489 649 1621 677 rationem
1642 654 1669 678 et
1686 651 1949 686 contemplationem

1153 695 1300 723 constituta
1323 695 1510 730 philosophia,
1535 702 1584 730 per
1609 704 1691 731 quam
1717 697 1802 725 etiam
1827 700 1953 735 corporis

1153 740 1309 767 necessario
1327 740 1488 767 nobilitatur
1505 745 1619 773 natura,
1640 741 1744 776 absque
1768 749 1883 776 errore,
1908 744 1952 771 dia

1154 785 1217 812 vino
1236 785 1350 812 saueiati
1370 785 1458 813 sancti
1478 785 1630 819 desiderio,
1651 793 1700 820 per
1718 787 1816 815 insitas
1834 788 1875 815 eis
1900 795 1953 815 na-

1156 830 1257 858 turales
1276 830 1309 858 ad
1328 830 1419 858 divina
1437 830 1631 865 lntelligentias
1645 831 1727 866 digne
1740 839 1773 859 ac
1787 833 1901 867 pulchre
1916 835 1952 861 ad

1118 870 1140 900 Β
1154 875 1238 902 Deum
1263 879 1453 909 pervenerunt,
1466 882 1564 909 corpus
1586 879 1614 902 et
1638 876 1768 903 mundum
1793 877 1954 905 militariter

1152 923 1395 953 pertranseuntes,
1421 919 1472 946 sibi
1496 919 1613 946 invicem
1639 920 1708 947 haec
1730 920 1852 955 copulata
1879 929 1951 950 eon-

1152 963 1332 998 templantes,
1350 963 1481 991 mundum
1497 964 1606 998 quidem
1623 968 1751 997 naturae,
1768 973 1869 1000 corpus
1884 974 1952 994 vero

1151 1009 1260 1042 sensui,
1281 1013 1309 1036 et
1326 1009 1442 1036 alterum
1469 1009 1548 1036 alteri
1574 1011 1751 1037 succumbere
1776 1018 1827 1045 per
1849 1018 1952 1040 conoe-

1151 1055 1290 1089 quentiam
1306 1053 1419 1081 alterius
1437 1054 1471 1081 ad
1488 1054 1604 1082 alterum
1625 1054 1804 1089 qualicunque
1819 1058 1953 1091 proin-ie-

1152 1105 1216 1127 tate.
1238 1100 1271 1126 Et
1290 1098 1357 1126 nihil
1378 1099 1476 1126 horum
1494 1107 1543 1134 per
1562 1099 1675 1134 seipsum
1692 1099 1796 1127 ratione
1820 1100 1950 1128 circurn—

1150 1145 1306 1180 scriptionis
1330 1145 1480 1172 subsistere
1504 1145 1636 1177 liberum,
1658 1149 1686 1172 et
1709 1149 1786 1179 turpe
1812 1146 1952 1174 ducentes

1151 1191 1311 1219 mortalibus
1329 1195 1357 1218 et
1374 1191 1588 1225 circumscriptis
1609 1191 1745 1225 corrumpi
1770 1196 1799 1218 et
1825 1192 1947 1219 circum-

1151 1237 1233 1264 scrihi
1249 1237 1356 1264 animae
1372 1236 1526 1263 immortale
1539 1241 1566 1263 et
1578 1244 1687 1271 semper
1702 1236 1815 1268 mobile,
1829 1236 1877 1263 soli
1891 1237 1949 1264 Deo

1151 1283 1298 1311 immortali
1320 1286 1347 1309 et
1364 1283 1437 1309 onini
1457 1282 1591 1309 inﬁnitate
1608 1281 1744 1316 superiori
1764 1282 1948 1309 insolubiliter

1152 1329 1256 1363 seipsos
1271 1327 1465 1363 alligaverunt,
1481 1327 1554 1354 nullo
1573 1327 1652 1354 modo
1672 1327 1765 1353 mundi
1784 1332 1865 1361 atque
1884 1334 1946 1354 car-

1152 1376 1194 1403 nis
1217 1374 1411 1402 rel‘tuxionibus
1436 1374 1514 1401 inditi
1537 1379 1558 1400 ε.
1579 1373 1652 1401 Haec
1672 1378 1715 1400 est
1733 1374 1822 1400 omnis
1840 1373 1947 1400 virtutis

1151 1425 1179 1447 et
1193 1420 1324 1447 scientiae
1339 1419 1487 1454 plenitudo.
1504 1419 1625 1446 Aestimo
1641 1426 1723 1450 vero,
1739 1418 1802 1452 quia
1826 1422 1854 1445 et
1873 1417 1944 1444 linis.

1152 1464 1206 1494 Sed
1220 1467 1242 1493 si
1259 1465 1405 1500 aliquando
1419 1465 1492 1491 circa
1507 1472 1601 1491 eorum
1614 1484 1621 1496 ,
1635 1471 1705 1498 quae
1719 1467 1802 1495 sunt,
1825 1462 1947 1497 specula-

1152 1511 1225 1538 mina
1245 1511 1310 1538 moti
1327 1515 1390 1537 stmt
1405 1511 1492 1537 sancti
1507 1517 1514 1536 :
1531 1517 1584 1536 non
1601 1510 1627 1536 in
1645 1510 1697 1536 hoc
1712 1509 1755 1535 illa
1771 1509 1829 1543 ipsa
1845 1509 1945 1542 princi-

1153 1556 1252 1591 paliter
1266 1555 1446 1589 contemplari
1461 1560 1489 1582 et
1503 1561 1681 1589 cognoscere,
1698 1554 1768 1581 sicut
1781 1560 1846 1584 nos,
1862 1557 1946 1580 male.

1153 1604 1256 1632 rialiter
1271 1603 1336 1630 moti
1352 1606 1433 1635 sunt,
1449 1603 1495 1629 sed
1511 1606 1540 1629 ut
1555 1609 1603 1636 per
1616 1601 1707 1628 omnia
1731 1605 1757 1627 et
1776 1600 1801 1627 in
1820 1600 1945 1626 omnibus

1152 1655 1178 1677 et
1204 1650 1364 1677 existentem
1385 1653 1412 1675 et
1438 1653 1611 1683 apparentem
1635 1647 1718 1674 Deum
1745 1646 1944 1673 multiformiter

1152 1695 1313 1727 laudarent,
1332 1700 1360 1722 et
1381 1693 1495 1720 multum
1511 1693 1620 1720 sibimet
1634 1692 1822 1719 admirationis
1836 1691 1944 1726 colligo-

1152 1745 1213 1767 rent
1239 1740 1365 1767 virtutem
1391 1743 1419 1766 et
1445 1738 1650 1774 glorificationis
1673 1744 1793 1764 causam.
1817 1737 1943 1763 Animam

1151 1792 1268 1819 namque
1285 1792 1299 1811 a
1319 1785 1374 1811 Deo
1391 1784 1566 1818 accipientes,
1583 1781 1750 1809 intellectum
1767 1785 1792 1808 et
1812 1781 1944 1808 rationem

1150 1835 1179 1858 et
1194 1838 1302 1858 sensum
1319 1830 1463 1856 habentem
1474 1848 1481 1861 ,
1497 1836 1559 1855 cum
1578 1826 1740 1861 intelligibili
1755 1830 1781 1852 et
1794 1825 1864 1852 hanc
1878 1832 1944 1852 sen-

1151 1876 1257 1903 sibilem
1268 1895 1275 1907 ,
1293 1875 1364 1902 sicut
1378 1878 1406 1901 et
1430 1874 1579 1904 rationem,
1599 1879 1669 1906 quae
1687 1875 1730 1898 est
1745 1878 1793 1906 per
1809 1871 1943 1898 enuntia-

1151 1922 1252 1948 tionem
1268 1928 1329 1947 cum
1346 1927 1376 1946 ea
1387 1940 1394 1952 ,
1411 1927 1481 1953 quae
1497 1917 1716 1952 inseparabiliter
1728 1921 1786 1949 est,
1800 1920 1827 1943 et
1840 1916 1944 1943 intelle-

1151 1970 1225 1993 ctum
1253 1973 1314 1993 cum
1342 1964 1514 1992 intellectuali
1541 1962 1721 1998 passibilem,
1750 1969 1832 1996 quem
1862 1963 1943 1989 etiam

1151 2013 1323 2047 phantasiam
1339 2014 1438 2037 vocant
1452 2009 1592 2040 animalis,
1617 2016 1667 2043 per
1690 2015 1771 2042 quem
1791 2012 1819 2035 et
1842 2007 1943 2041 reliqua

1149 2059 1276 2085 animalia
1298 2063 1325 2084 et
1345 2064 1374 2084 se
1388 2057 1502 2083 invicem
1518 2060 1545 2082 et
1561 2063 1609 2082 nos
1627 2059 1655 2082 et
1676 2054 1766 2086 locos,
1783 2061 1853 2089 quos
1868 2061 1944 2088 pera-

1150 2110 1264 2138 gravere
1275 2123 1281 2135 ,
1300 2105 1486 2137 cognoscunt,
1504 2100 1576 2127 circa
1593 2107 1675 2133 quant
1694 2099 1866 2133 phantasiam
1881 2105 1943 2125 sen-

1149 2157 1207 2176 sum
1230 2148 1358 2175 constitui
1381 2147 1490 2178 dicunt,
1515 2145 1560 2180 qui
1583 2144 1645 2171 talia
1668 2144 1793 2178 sapiunt,
1811 2150 1942 2178 organum

1150 2194 1233 2228 ipsius
1257 2192 1320 2219 dum
1344 2191 1400 2224 sit,
1428 2198 1477 2226 per
1501 2190 1572 2224 quod
1593 2189 1709 2223 recipit,
1727 2196 1799 2223 quae
1817 2195 1865 2223 per
1880 2195 1943 2215 eam

1150 2239 1297 2274 imaginata
1325 2242 1408 2270 sunt,
1436 2240 1616 2271 opportunum
1641 2242 1703 2262 esse
1727 2235 1854 2261 arbitrati
1879 2238 1942 2261 sunt

1148 2285 1246 2312 horum
1268 2283 1439 2318 operationes
1459 2284 1657 2316 consequenter
1679 2288 1734 2307 non
1749 2280 1875 2310 sibimet,
1891 2279 1941 2306 sed

1148 2329 1259 2356 donanti
1283 2328 1338 2354 Deo
1348 2347 1355 2359 ,
1369 2334 1419 2361 per
1432 2334 1512 2360 quem
1537 2330 1564 2352 et
1577 2333 1611 2353 ex
1627 2333 1680 2360 quo
1696 2325 1762 2352 haec
1776 2327 1843 2353 sunt,
1862 2322 1938 2349 refe—

1147 2376 1240 2403 rendo.
1269 2374 1336 2401 Tres
1364 2373 1435 2401 enim
1460 2373 1610 2400 existentes
1637 2369 1797 2398 universales
1821 2367 1939 2401 modos,

1146 2425 1277 2455 quantum
1292 2420 1448 2448 hominibus
1462 2423 1505 2446 est
1519 2418 1664 2453 possibile,
1677 2424 1706 2445 ex
1724 2416 1778 2449 ipsa
1793 2414 1868 2441 circa
1885 2422 1921 2451 ea
1932 2435 1940 2446 ,

1146 2473 1217 2500 quae
1232 2469 1309 2498 sunt,
1326 2464 1447 2500 diligenti
1463 2463 1680 2491 consideratione
1695 2459 1793 2487 eruditi
1803 2479 1811 2492 ,
1826 2459 1855 2485 in
1878 2459 1942 2492 qui-

1146 2512 1197 2539 bus
1210 2511 1281 2539 Deus
1295 2512 1385 2538 omnia
1404 2511 1487 2543 fecit;
1506 2509 1532 2536 in
1547 2509 1599 2536 hoc
1617 2514 1733 2542 namque
1751 2512 1813 2533 esse
1828 2509 1856 2533 et
1871 2504 1942 2532 bene

1145 2563 1207 2583 esse
1222 2560 1249 2583 et
1264 2562 1370 2590 semper
1383 2562 1443 2582 esse
1459 2553 1584 2581 conditor
1596 2560 1646 2580 nos
1661 2550 1817 2583 substituit.
1830 2554 1858 2577 et
1873 2549 1942 2576 duos

1146 2602 1254 2636 quidem
1274 2607 1412 2629 extremos
1425 2608 1440 2627 a
1462 2599 1519 2628 solo
1535 2599 1589 2626 Deo
1605 2599 1715 2626 habitos
1732 2597 1740 2617 ί
1758 2600 1788 2624 ut
1809 2604 1825 2624 a
1839 2603 1942 2628 causa,

1065 2644 1189 2675 NOTAE.

1189 2694 1318 2735 {.Graece
1330 2694 1371 2720 καὶ
1385 2694 1478 2731 σαρκὸς
1493 2693 1637 2724 ἀνθολκαίς,
1649 2691 1668 2717 i.
1682 2697 1707 2718 e.
1724 2695 1748 2717 et
1763 2690 1853 2717 carnis
1869 2691 1943 2718 reni-

1149 2735 1246 2756 tentus.

1175 2738 1246 2756 mus.

1160 2738 1320 2826 e'fdGraece
1342 2768 1419 2800 μονῡῦ
1444 2765 1508 2795 θεοῦ,
1522 2763 1673 2803 ἱκομένους,
1697 2761 1715 2787 i.
1737 2768 1761 2788 c.
1778 2769 1793 2787 a
1813 2761 1869 2787 solo
1889 2760 1946 2787 Deo

1160 2807 1195 2826 Ian
1217 2804 1298 2826 entes.

1147 2804 1298 2834 pendentes.
