4142 6296
329 383 459 443 1221

1825 381 2120 440 VERSUS.
2197 395 2204 440 :

3458 391 3596 452 ma

331 502 496 557 alium
523 512 660 558 vero
685 497 924 558 medim
951 505 1010 554 et
1035 505 1222 554 nostro
1239 495 1570 569 pendentem
1601 495 1830 554 arbitrio
1856 505 1913 554 et
1935 499 1994 562 Α
2015 493 2264 566 fortassis
2291 493 2426 551 lucri
2476 495 2600 562 erit,
2629 496 2706 552 add
2733 497 2940 568 seipsos
2977 509 3148 568 aeque
3177 497 3624 580 ratiocinantem;

329 601 516 657 metu,
543 597 598 645 et
627 605 726 660 per
765 589 1006 660 seipsum
1045 588 1308 644 extremis
1347 587 1568 658 proprie
1605 587 1711 644 dici
1751 601 1909 657 prae-

330 689 564 736 stantem
583 717 598 744 ,
631 687 690 736 et
713 691 780 734 eo
801 677 1026 734 absente
1052 677 1278 732 abusive
1305 677 1384 732 eis
1413 677 1578 734 etiam
1621 677 1910 748 appellatio

330 770 696 835 constituitur,
722 767 854 822 illud
878 767 1018 824 bene
1047 782 1154 822 non
1176 767 1500 822 habentibus
1530 766 1872 834 conjunctum
1889 807 1905 835 ,

331 877 440 917 non
470 861 734 930 aliterque
758 872 920 930 posse
947 859 1140 916 adesse
1163 860 1244 914 eis
1271 867 1328 914 et
1355 858 1654 926 custodiri,
1683 874 1823 928 quae
1851 859 1908 914 in

325 952 583 1009 extremis
607 958 728 1016 est,
757 951 1080 1017 veritatem,
1117 965 1284 1021 quam
1322 949 1503 1006 facere
1543 951 1826 1006 consuevit
1853 951 1906 1006 id

323 1044 468 1114 quod
493 1051 579 1100 est
602 1045 742 1100 bene
765 1055 890 1100 esse
914 1055 1012 1111 per
1035 1042 1270 1096 medium
1297 1042 1558 1097 extremis
1583 1042 1904 1108 admixtum,

322 1147 487 1203 quam
522 1148 588 1188 ex
621 1133 738 1201 ipso
768 1131 1038 1186 ad‘Deum
1061 1119 1282 1200 semper
1307 1140 1454 1188 motu
1486 1131 1902 1195 intellexerunt,

319 1229 379 1278 et
408 1223 666 1291 deinceps
713 1221 948 1276 naturali
996 1221 1208 1278 ratione
1253 1221 1384 1276 hinc
1424 1220 1906 1290 contemplativum

321 1309 544 1366 animae
565 1309 952 1376 extendentes,
983 1318 1040 1365 et
1070 1311 1230 1366 modo
1257 1311 1492 1380 quodam
1519 1326 1630 1366 non
1655 1321 1904 1381 oportere

321 1399 758 1456 conver‘sibiliter
785 1400 862 1454 uti
891 1401 1226 1458 naturalibus
1252 1402 1656 1471 operationibus
1684 1410 1906 1472 propter

320 1503 669 1564 superantem
725 1494 1034 1550 necessario
1084 1495 1489 1564 corruptionem
1519 1533 1536 1560 ,
1587 1509 1652 1550 eo
1701 1495 1902 1561 modo,

321 1583 424 1654 qui
463 1591 548 1638 est
591 1595 689 1653 per
731 1583 1052 1640 abusionem
1089 1583 1428 1640 naturalibus
1461 1585 1756 1654 potentiis,
1785 1585 1901 1656 ipsa

321 1687 431 1728 non
469 1679 654 1728 utente
689 1673 904 1730 ratione
939 1681 1130 1744 aperte
1173 1675 1490 1742 audientes,
1519 1689 1586 1730 ac
1621 1674 1780 1744 plane
1805 1690 1902 1745 per

320 1761 604 1818 decentem
629 1771 858 1818 naturae
885 1763 1150 1820 rationem
1179 1765 1250 1819 ad
1291 1764 1466 1834 ipsius
1505 1778 1725 1832 causam
1765 1763 1898 1820 ferri

2015 585 2304 650 dicebant,
2353 597 2460 639 non
2511 597 2545 638 a
2592 584 2770 654 seipse
2817 585 3068 642 existenti
3137 589 3344 644 causali
3393 592 3460 647 ad
3507 608 3597 648 se—

2015 672 2210 742 ipsum,
2255 680 2352 728 aut
2387 672 2534 728 aliud
2572 673 2700 742 quid
2723 682 2940 742 praeter
2977 673 3148 730 Deum
3185 686 3350 744 moto,
3380 681 3596 750 quando

2015 764 2070 820 in
2101 764 2366 830 rationem
2405 764 2573 834 ipsius
2599 779 2722 820 esse
2753 765 2885 834 nihil
2926 765 3146 820 sibimet
3187 783 3222 823 a
3259 769 3470 838 seipse,
3503 782 3598 828 aut

2015 855 2084 910 ab
2108 854 2213 910 alio
2241 856 2474 926 quodam
2503 864 2722 926 praeter
2744 857 2913 912 Deum
2939 856 3220 926 acquirere
3243 862 3462 928 poterit.
3491 861 3598 918 Per

2015 949 2118 1004 hoc
2148 948 2388 1002 animum
2417 947 2635 1018 quidem
2657 933 2813 1010 circa
2853 948 3026 1002 solum
3070 947 3238 1004 Deum
3278 958 3332 1006 et
3367 952 3598 1012 virtutes

2013 1037 2131 1106 ejus
2175 1037 2428 1107 intelligi,
2473 1044 2530 1090 et
2571 1034 2824 1091 ineﬂ‘abili
2863 1036 3066 1106 gloriae
3093 1038 3442 1106 beatitudinis
3480 1039 3597 1109 ejus

2014 1129 2230 1196 addici,
2280 1129 2550 1183 rationem
2603 1143 2734 1186 vero
2778 1128 3132 1200 interpretem
3177 1130 3596 1202 intelligibilium

2015 1222 2130 1276 ﬁeri
2151 1261 2164 1286 ,
2195 1229 2254 1276 et
2278 1219 2662 1286 laudatricem,
2697 1228 2754 1276 et
2785 1220 2851 1274 ad
2883 1235 2944 1276 ea
2975 1220 3202 1276 uniﬁcos
3231 1231 3379 1278 recte
3415 1224 3598 1296 dispu-

2013 1321 2131 1368 tare
2157 1313 2346 1368 modos
2365 1351 2382 1378 ,
2415 1328 2636 1370 sensum
2671 1328 2801 1370 vero
2829 1329 2929 1384 per
2957 1314 3226 1370 rationem
3253 1317 3596 1372 nobilitatum

2013 1402 2158 1472 ipsas
2187 1403 2240 1457 in
2269 1403 2525 1473 universo
2553 1401 2862 1460 differentes
2889 1404 3117 1460 virtutes
3158 1415 3214 1458 et
3250 1407 3606 1474 operationes;

2012 1489 2400 1562 imaginantem
2425 1491 2492 1552 .in
2519 1491 2634 1558 bis,
2666 1503 2808 1561 quae
2821 1501 2998 1560 sunt,
3029 1505 3289 1562 quantum
3317 1495 3593 1564 possibile,

2010 1591 2096 1639 est
2122 1583 2338 1639 animae
2373 1583 2710 1640 annunciare
2748 1585 2991 1641 rationes
3021 1586 3280 1642 docentes
3308 1599 3332 1626 ε
3353 1627 3370 1652 ,
3402 1595 3470 1658 et,
3499 1601 3596 1664 per

2009 1673 2251 1727 animum
2278 1679 2335 1728 et
2362 1673 2632 1728 rationem
2659 1672 2828 1730 veluti
2855 1674 3034 1728 navim
3059 1673 3336 1744 sapienter
3358 1675 3598 1730 animam

2010 1763 2395 1832 gubernantes,
2423 1762 2688 1822 lubricam
2719 1765 2860 1821 hanc
2885 1773 2940 1822 et
2969 1765 3274 1822 instabilem
3298 1775 3352 1822 et
3371 1767 3426 1821 in
3451 1764 3596 1822 aliud

319 1849 654 1916 didicerunt,
687 1859 781 1916 ut,
805 1851 948 1906 unde
973 1851 1290 1922 simpliciter
1313 1854 1394 1910 eis
1423 1859 1656 1910 estesse
1689 1861 1746 1908 et
1772 1867 1900 1908 vere
1931 1850 1976 1910 Β
2003 1853 2162 1909 aliter
2211 1853 2480 1910 ferentem
2527 1861 2585 1910 et
2645 1870 2872 1910 sensum.
2913 1855 3206 1929 agitantem
3256 1857 3398 1914 vitae
3447 1856 3616 1928 viam:

320 1953 484 2010 esse,
531 1942 858 2014 quandoque
905 1942 1176 2014 adjectum
1228 1944 1520 2015 accipiant.
1573 1943 1712 2012 Quid
1762 1943 1908 2000 enim
1944 1997 1956 2015 ,

2017 1943 2178 2002 siccis
2205 1945 2644 2017 pertransierunt
2669 1945 2937 2016 vestigiis.

1745 2053 1766 2062 ”
1829 2052 2080 2110 NOTAE.

393 2151 420 2179 ι
451 2138 664 2198 Mallem
693 2142 901 2198 docent.
934 2117 1141 2200 Graece
1167 2143 1477 2211 διδάξαντες.

327 2315 3593 2358 Mm

1125 2345 1156 2355 α
1185 2345 1318 2356 --κιαα
1327 2345 1402 2358 Iw"-

2063 2341 2344 2356 _m

1246 2473 2640 2590 «ὗῈλΕΠΜΙῚῙεὶΕΜΕῦΗΕῙ

1669 2883 2134 3023 syCTro
2221 2895 2258 2972 I

1315 3047 1553 3109 LIBER
1589 3048 1970 3112 VERSUUM
2012 3049 2572 3113 PLURIMORUM.

327 3209 608 3274 VERSUS
633 3207 966 3268 JOANNIS
1005 3198 1586 3300 summa,er
1622 3210 1720 3264 AD
1744 3192 2430 3300 canotuncawvn
2465 3183 2740 3266 Fiunt:
2783 3209 3187 3268 LUDOUUICI
3222 3213 3336 3272 PII
3371 3175 3606 3276 ciuus

1353 3298 1551 3357 AVUS
1587 3300 1770 3356 FUIT
1805 3298 2132 3357 CAROLUS
2179 3300 2558 3358 MAGNUSR.

317 3456 360 3510 Ε
397 3458 504 3509 cod.
530 3461 816 3520 pervetusto
841 3453 990 3524 vatio.
1018 3455 1128 3524 ξεξοΖ
1150 3453 1194 3524 X_
1229 3451 1744 3524 vel_§l_ed._Ar_tgel9
1787 3451 2125 3524 Liui._Classlc_.
2151 3449 2293 3504 Auct.
2316 3454 2536 3524 Tomz‘i’,
2574 3456 2748 3524 p._426
2771 3471 2880 3521 sqq.
2906 3459 3011 3510 Iam
3054 3471 3299 3524 prooeunt
3336 3467 3396 3515 ad
3443 3465 3584 3517 tidem

811 3515 992 3568 eodiels
1018 3517 1296 3568 Christinae
1323 3516 1462 3574 i557,
1487 3515 1568 3566 fol.
1593 3515 1755 3578 57-65,
1787 3515 2026 3578 ejusdem,
2048 3517 2236 3579 Opinor,
2263 3529 2364 3579 quo
2417 3517 2512 3567 Mai
2547 3515 2798 3581 utebatur,
2813 3515 3085 3584 'recoguiti'.

799 3750 878 3806 De
899 3749 1104 3806 Christo
1128 3749 1399 3819 cruci/imo.
1623 3783 1626 3812 ;

400 3819 673 3900 iBellonae
701 3841 978 3911 Troasque
1001 3856 1130 3896 suos
1155 3849 1404 3896 cantarat
1431 3827 1718 3908 Homerus,
1745 3861 1750 3868 ·

497 3931 814 3988 Romuleam
842 3931 1050 4001 prolem
1074 3916 1306 3985 [inurat
1329 3929 1444 3998 ipse
1471 3929 1636 3984 Maro.

413 4028 485 4082 At
513 4040 612 4082 nos
637 4025 976 4094 caeligenum
997 4023 1142 4094 regis
1163 4021 1252 4094 pia
1281 4020 1422 4076 facta
1451 4035 1734 4084 canamus,

493 4119 762 4174 Continuo
779 4132 948 4180 cursu
973 4131 1138 4186 quem
1165 4114 1313 4170 canit
1337 4111 1486 4182 orbis
1513 4125 1702 4168 ovans.

315 4209 352 4268 5
419 4209 532 4264 Illis
555 4207 748 4264 Iliacas
771 4205 1016 4262 ﬂammas
1041 4204 1356 4272 subitasque
1379 4202 1584 4266 ruinas,

489 4299 882 4368 Trojorumque
911 4294 1094 4372 μάχας
1112 4304 1130 4336 ί
1158 4295 1338 4350 dicere
1363 4291 1520 4348 ludus
1549 4298 1688 4346 erat.

421 4389 522 4444 Ast
545 4387 702 4442 nobis
727 4386 1004 4441 Christum
1034 4383 1244 4440 devicto
1265 4381 1507 4452 principe
1536 4380 1722 4436 mundi

489 4477 762 4548 Sanguine
787 4478 1066 4548 perfusum
1090 4473 1320 4547 psallam
1353 4474 1508 4530 dulce
1539 4481 1716 4546 sonat.

421 4570 538 4626 lilii
565 4571 866 4640 composito
891 4570 1026 4626 falso
1049 4570 1148 4626 sub
1172 4568 1414 4638 imagine.
1430 4567 1546 4623 veri

316 4661 384 4718 iO
484 4661 692 4719 Fallere
713 4662 962 4718 condocti
993 4661 1242 4718 versibus
1269 4659 1548 4718 Arcadias.

417 4751 584 4808 Nobis
621 4752 878 4807 virtutem
909 4751 1084 4806 Patris
1115 4765 1409 4821 veramque
1439 4751 1684 4820 sophiam

487 4839 820 4911 Hymnizare
845 4839 976 4895 licet
1001 4840 1250 4898 laudibus
1273 4839 1506 4894 eximiis.

415 4929 723 4988 Musarum'
753 4939 971 4998 cantus,
995 4932 1153 4988 ludos
1182 4937 1506 5001 satyrasque
1521 4929 1786 5002 loquaces

491 5019 626 5090 ipsis
651 5038 782 5080 usus
805 5032 926 5080 erat
952 5022 1208 5094 plaudere
1231 5034 1328 5092 per
1351 5019 1596 5092 populos.
1715 5088 1720 5092 ε

305 5103 574 5176 £5_Dicta
611 5111 1001 5180 prophetarum
1039 5111 1195 5166 nobis
1239 5109 1602 5165 modulamine
1635 5111 1862 5180 pulchro

492 5193 744 5252 Consona
771 5202 1072 5269 procedunt
1097 5200 1370 5266 cordibus,
1399 5212 1518 5264 ore,
1547 5199 1668 5255 tide.

1929 5007 1976 5066 D

2109 3659 2264 3716 Nunc
2291 3657 2455 3730 igitur
2488 3659 2692 3718 Christi
2723 3663 3000 3732 videamus
3031 3681 3246 3724 summa
3279 3678 3519 3742 tropaea,
3595 3699 3606 3746 _-

2171 3750 2252 3822 Ac
2273 3759 2497 3810 nostrae
2525 3753 2726 3810 mentis
2749 3755 2929 3812 sidera
2954 3759 3260 3830 perspicua.

2108 3842 2250 3898 Ecce
2273 3843 2452 3900 crucis
2489 3845 2696 3916 lignum
2730 3848 3054 3916 quadratum
3097 3854 3340 3908 continet
3379 3858 3590 3925 orbem,

2001 3932 2074 3985 20
2179 3933 2238 3988 in
2259 3949 2368 4003 quo
2392 3937 2663 4004 pendebat
2688 3945 2880 4004 sponte
2903 3953 3002 3994 sua
3025 3939 3308 4006 Dominus,

2105 4021 2174 4075 Et
2209 4021 2442 4076 Verbum
2481 4023 2660 4084 Patris
2689 4025 2968 4092 dignatum
2999 4043 3214 4086 sumere
3242 4045 3464 4094 carnem

2181 4109 2240 4167 in
2267 4126 2372 4182 qua
2397 4126 2499 4181 pro
2519 4113 2676 4168 nobis
2697 4114 2874 4168 hostia
2902 4125 3056 4185 grata
3079 4117 3202 4174 fuit.

2103 4201 2298 4274 Aspice
2322 4195 2602 4260 confossas
2623 4203 2834 4276 palmas
2863 4208 3226 4284 numerosque
3251 4216 3545 4289 pedesque,

2184 4289 2472 4361 Spinarum
2495 4292 2676 4350 serto‘
2701 4301 2942 4367 tempora
2967 4299 3144 4356 cincta
3169 4301 3306 4360 fero.

2001 4380 2072 4436 25
2111 4381 2168 4438 In
2197 4383 2376 4440 medio
2404 4383 2594 4442 lateris
2625 4396 2873 4444 reserato
2901 4390 3052 4454 fonte
3077 4394 3269 4450 salutis

2180 4479 2384 4552 Vitales
2407 4479 2634 4539 haustus
2671 4484 2894 4554 sanguis
2921 4495 2978 4544 et
3004 4488 3148 4544 unda
3175 4488 3368 4548 ﬂuunt.
3423 4531 3426 4534 ~
3475 4507 3486 4518 ι

2111 4569 2268 4626 Unda
2293 4571 2438 4627 lavat
2467 4581 2638 4629 totum
2675 4576 2846 4632 veteri
2891 4581 3212 4649 peccamine
3237 4583 3514 4652 mundum,
3579 4639 3586 4646 .

2181 4660 2415 4734 Sanguis
2443 4663 2702 4720 mortales
2745 4680 2845 4722 nos
2873 4666 3004 4724 facit
3033 4684 3155 4726 esse
3191 4673 3344 4730 deos.
3377 4723 3382 4728 .
3481 4733 3486 4740 ,

2108 4749 2271 4805 Binos
2295 4751 2432 4808 adde
2459 4767 2583 4826 reos
2607 4753 2902 4823 pendentes
2927 4758 3124 4816 arbore
3145 4760 3306 4830 bina;
3407 4827 3410 4829 _

2001 4837 2071 4892 50
2174 4837 2281 4892 Par
2310 4836 2485 4894 fuerat
2512 4843 2788 4911 meritum,
2821 4847 2997 4918 gratia
3032 4849 3218 4920 dispar
3242 4852 3366 4908 erit.

2106 4925 2256 4983 Unus
2278 4943 2400 4984 cum
2427 4929 2643 4988 Christo
2672 4936 2906 5006 paradisi
2929 4937 3116 4994 limina
3145 4941 3300 5008 vidit,

2173 5018 2326 5074 Alter
2353 5018 2680 5092 sulphureae
2717 5040 2928 5098 mersus
2953 5027 3008 5084 in
3037 5029 3144 5084 ima
3177 5029 3413 5102 Stygis‘.

2105 5108 2335 5180 Eclipsis
2365 5112 2496 5168 solis
2523 5112 2682 5171 lunae
2710 5117 2988 5174 redeuntis
3013 5134 3114 5176 eoo

2119 5243 2122 5248 ι
2181 5203 2404 5262 lnsolito
2441 5222 2603 5266 cursu
2633 5211 2828 5268 sideris
2853 5214 3045 5270 umbra
3075 5215 3151 5270 fui

1605 5309 1864 5372 VARIAE
1897 5313 2302 5374 LECTIONES.
2341 5343 2346 5346 ·

404 5403 664 5492 {Glossa‘
677 5419 906 5492 pugnas:
942 5476 956 5492 Ι
990 5409 1023 5487 ’³
1055 5407 1225 5492 Carr.
1254 5405 1415 5492 Μελίη
1464 5409 1582 5492 cod.
1617 5409 1833 5492 videtur
1876 5412 2082 5470 habere
2124 5415 2265 5484 falli.
2361 5418 2384 5452 ³
2421 5417 2554 5476 Cod.
2611 5419 2935 5492 Moysarum.

1878 5555 2128 5614 NOTAE.

2001 5653 2229 5748 diog-ngf
2276 5655 2466 5714 eadem
2516 5671 2712 5718 manus
2763 5659 2831 5717 ad
2885 5659 3185 5740 marginem
3238 5663 3464 5744 codicis,
3493 5645 3584 5722 ad;

300 5483 470 5530 σοι-ιε.
533 5477 588 5510 ’³
624 5475 771 5532 Cod;
787 5476 922 5548 {agis
937 5475 1094 5550 (sic!)
1123 5477 1296 5549 glossa
1323 5477 1449 5548 pata
1473 5479 1683 5550 inferni.

384 5653 410 5682 ι
447 5641 602 5716 Liber
639 5657 881 5716 versuum
916 5646 1258 5716 plurimorum
1304 5655 1389 5706 est
1411 5645 1640 5704 "titulus.
1668 5650 1889 5708 codicis.

3035 5423 3064 5456 ⁵
3089 5424 3245 5480 Corr.
3278 5423 3403 5482 Mai.
3423 5466 3438 5496 ,
3461 5431 3584 5488 cod.

309 5707 516 5768 Versus
567 5712 794 5772 Joannis
850 5707 1216 5794 sapientissimi
1274 5723 1380 5778 cet.
1449 5735 1620 5792 usque
1673 5707 1920 5796 Carolus,
1973 5707 2245 5799 scripsit.
