4142 6296
357 355 385 408 I
398 354 500 409 233
1828 339 1993 397 VERE

1998 341 2118 398 LUS.
3464 349 3634 406 ηδι.

462 463 694 533 lmplens
715 459 966 517 vativomi
987 457 1323 528 prognostica
1351 457 1589 528 symbols
1620 455 1721 512 ceti
1947 460 1996 534 Α
2024 454 2093 510 55
2129 454 2322 527 Clausa
2346 457 2434 510 diu
2464 459 2621 512 terris
2647 459 2877 528 paradisi
2902 459 3082 514 limina
3108 461 3291 533 pandi,

466 553 702 609 Umbrae
727 561 850 606 tunc
871 550 1102 619 .pavidac
1137 548 1368 615 sparsim
1411 547 1814 618 Phlegethontis
1865 544 1932 599 ab
2139 546 2203 599 Et
2221 546 2444 600 mortale
2467 547 2488 577 ⁸
2516 562 2704 616 genus,
2728 549 2867 616 quod
2889 549 3119 604 ﬂuxerat
3145 551 3270 604 inde
3293 565 3389 619 per
3409 566 3597 617 unum,

467 641 924 702 Exiliuntcsubito,
955 640 1211 706 mirantes
1237 652 1459 705 surgere
1480 637 1652 692 lucem
1799 638 1934 709 [imo
2138 635 2310 694 Unius
2343 638 2412 691 ob
2440 649 2666 694 mortem
2693 655 2878 693 rursus
2899 655 3058 707 super
3081 651 3228 696 astra
3259 645 3458 712 redire,

467 730 658 784 Tetras
679 738 840 797 atque
864 739 1044 781 truces
1073 725 1377 794 abigentem
1413 741 1629 779 carcere
1670 725 1848 779 larvas
1889 726 1928 776 ¹.
2138 724 2252 778 Illic
2278 725 2458 780 felices
2485 728 2660 792 sedes,
2691 743 2825 796 quas
2854 739 3043 796 sponte
3068 732 3278 801 reliqui,

351 821 424 874 IO
468 818 514 876 0
534 834 700 882 mers,
733 833 878 871 mors
900 818 1070 870 vitae!
1102 815 1148 870 si
1173 831 1338 880 mors,
1367 831 1473 869 non
1512 820 1622 868 vita
1651 815 1924 878 vocanda;
2136 813 2487 882 Terrigenum
2519 816 2700 885 proles,
2723 817 2984 872 habitabit
3006 819 3128 888 jure
3147 821 3435 891 perhenn‘i,

466 908 616 973 Quod
646 914 887 976 praestat
917 906 1106 969 vitam,
1141 919 1248 959 non
1276 905 1449 959 ausim
1471 905 1650 958 dicere
1678 914 1926 960 mortem.
2031 904 2100 959 60
2138 905 2237 969 Me,
2265 922 2350 960 me
2376 910 2647 975 torquebit
2671 924 2882 978 semper
2909 924 3024 966 mea
3055 926 3218 980 prava
3249 913 3528 978 voluntas,

462 995 600 1071 Num
633 997 882 1061 tenebras
913 995 1106 1066 recipit
1133 993 1278 1046 clare
1301 992 1598 1046 substantia
1622 992 1792 1046 lucis?
2134 993 2437 1064 Languidus
2468 997 2666 1051 invidia
2697 999 2918 1063 morior,
2956 1003 3256 1069 meritoque
3284 1017 3528 1070 peruror.

459 1084 688 1140 Fervida
717 1085 798 1138 vis
821 1083 956 1154 ignis
986 1083 1200 1137 nescit'
1226 1081 1327 1136 sibi
1357 1097 1573 1158 serpere
1605 1080 1811 1151 frigus?
2137 1081 2311 1136 Unum
2341 1084 2649 1154 confugium
2676 1097 2940 1154 superest,
2972 1089 3208 1143 solamen
3243 1097 3298 1142 et
3324 1105 3487 1143 unum
3513 1107 3527 1142 :

464 1172 634 1228 Nemo
674 1182 854 1227 tamen
891 1173 1054 1225 vitam
1082 1179 1308 1231 mortem
1336 1178 1581 1238 gustasse
1610 1170 1854 1248 negarit:
2135 1170 2234 1223 Est
2259 1173 2477 1240 antiqua
2508 1175 2699 1227 domus
2731 1176 2924 1229 mortis
2970 1178 3249 1248 noctisque
3282 1178 3598 1247 profundae,

345 1263 412 1316 15
461 1264 603 1318 Mors
628 1263 809 1318 carnis
829 1263 989 1326 vitae,
1021 1260 1164 1315 vitae
1191 1260 1478 1328 morsjure
1503 1270 1757 1328 vocatur;
2132 1258 2413 1327 Judaicum
2438 1272 2641 1331 pectus,
2668 1264 2915 1318 vitiorum
2949 1263 3102 1336 plena
3131 1281 3356 1336 vorago,

467 1351 604 1406 Nam
632 1366 908 1420 compassa
933 1349 1032 1403 fuit
1058 1349 1214 1423 carni.
1240 1365 1380 1418 quae
1407 1342 1821 1418 sola‘pependit.
2028 1346 2096 1400 65
2135 1347 2360 1402 Fraudis
2381 1360 2434 1402 et
2459 1351 2692 1405 invidiae
2724 1367 2935 1422 semper
2962 1354 3230 1423 possessio
3258 1354 3421 1423 larga,

457 1441 631 1495 Altius
657 1424 956 1511 ingreditur
980 1453 1144 1507 purae
1176 1438 1400 1492 rationis
1424 1453 1665 1501 acumen,
2129 1435 2374 1503 Luminis
2400 1439 2545 1492 exosi
2576 1440 2755 1493 radios
2782 1440 2916 1493 irata
2941 1442 3222 1510 repellens.
3375 1438 3381 1443 ’

460 1531 527 1584 Ει
554 1521 770 1583 carnem
800 1528 941 1581 vitae
967 1528 1131 1580 vitam
1155 1527 1234 1581 sic
1262 1526 1465 1594 colligit
1493 1539 1633 1580 esse.
1731 1551 1734 1556 -
2134 1524 2246 1579 Illic
2273 1526 2382 1579 sola
2413 1535 2604 1595 potens
2630 1527 2930 1598 hypocrisis
2957 1531 3155 1600 perﬁda
3185 1540 3403 1604 regnat,

457 1617 512 1672 Si
531 1618 636 1670 vita
659 1615 1254 1680 estVerbum,Verbum
1271 1631 1480 1685 quoque
1503 1616 1546 1669 si
1562 1630 1690 1669 caro
1704 1613 1923 1678 factum,
2129 1615 2220 1668 Illa
2253 1625 2400 1684 putet
2433 1613 2685 1682 nimium,
2711 1619 2982 1689 nimiaque
3003 1622 3285 1690 putredine
3314 1621 3474 1676 corda

354 1707 424 1760 20
461 1689 708 1780 Profecto
738 1707 1001 1775 sequitur,
1027 1705 1137 1780 vita
1160 1700 1458 1759 concedere
1487 1719 1724 1759 carnem.
2129 1704 2376 1758 Carnalis
2407 1705 2584 1773 populi
2609 1709 2902 1776 corrumpit
2929 1689 3106 1764 nescia
3135 1711 3271 1764 veri.

459 1797 515 1850 Si
535 1811 661 1850 caro
675 1793 1509 1858 sitVerbum,conversotramite
1523 1793 1686 1858 facta,
1954 1788 1999 1847 B
2025 1792 2095 1848 10
2131 1793 2242 1848 Illic
2273 1785 2577 1866 confugiam
2609 1797 2825 1866 gentilia
2859 1810 3075 1867 pectora
3109 1801 3380 1870 linquens,

456 1886 685 1940 Carnem
716 1883 970 1954 continuo
1000 1883 1167 1935 vitam
1189 1881 1318 1937 dare
1345 1897 1536 1951 cogere
1561 1882 1783 1957 factam.
2132 1880 2358 1938 0dihilis
2381 1884 2598 1938 Christo
2631 1887 2948 1942 dominabor
2973 1891 3144 1960 gentis
3178 1906 3396 1955 avarae,

457 1976 579 2050 ξάρξ
612 1974 632 2005 ⁸
664 1974 827 2042 igitur
851 1972 1047 2026 Christi
1073 1970 1283 2026 substat
1315 1972 1596 2026 verissima
1623 1972 1753 2035 vita,
2130 1973 2302 2029 Omne
2329 1990 2508 2029 meum
2533 1976 2675 2050 virus
2705 1977 2920 2032 fundam
2950 1979 3256 2048 blasphema
3287 1995 3384 2050 per
3408 1997 3526 2053 ora,

456 2066 658 2121 Vivens
674 2081 734 2120 ac
758 2065 996 2118 moriens
1015 2071 1244 2118 mortem
1268 2071 1917 2132 consumpseratomnem.
2127 2061 2297 2130 Ligno
2322 2077 2638 2142 suspensum
2672 2066 2952 2120 Dominum
2985 2067 3208 2142 regnare
3237 2070 3501 2138 negando.

351 2156 420 2226 25
459 2157 747 2210 Desursum
773 2154 940 2216 venit,
974 2161 1242 2206 terrenam
1269 2166 1484 2206 sumere
1514 2160 1758 2216 vestem;
2129 2145 2286 2205 Talia
2307 2139 2646 2208 contrectans
2671 2147 2904 2209 crudelis
2933 2139 3105 2209 bestia
3136 2155 3302 2210 fallax

449 2243 670 2298 Iudutus
693 2249 894 2298 vestem
918 2256 1132 2296 sursum
1162 2257 1285 2296 cum
1313 2251 1459 2295 veste
1486 2241 1708 2306 volavit,
2023 2240 2092 2294 75
2126 2240 2292 2295 Retro
2321 2240 2466 2308 lapsa
2496 2243 2601 2294 ruit
2625 2242 2826 2311 gelidas
2853 2242 3073 2313 fugitiva
3101 2244 3200 2298 sub
3218 2244 3501 2300 1Lumbras.

451 2333 614 2401 Inque
634 2335 800 2386 Deum
821 2333 981 2386 vertit
1002 2340 1208 2386 vestem
1239 2331 1303 2384 de
1321 2330 1532 2400 virgine
1553 2339 1849 2399 sumptam,
2128 2330 2414 2398 Imperium
2443 2330 2618 2385 Patris
2641 2333 2942 2400 quaesitum
2971 2336 3231 2402 sanguine
3258 2336 3375 2388 nati

454 2424 630 2479 Unum
662 2423 962 2491 conficiens
991 2424 1227 2476 animam
1259 2407 1585 2490 carnemque
1621 2421 1917 2489 Deumque.
2129 2419 2359 2474 Telluris
2389 2429 2609 2488 superat
2638 2422 2772 2475 lines
2793 2422 2814 2453 ⁸
2836 2409 3165 2493 erebumque
3189 2424 3500 2493 polumque.

451 2510 596 2566 Mors
622 2511 810 2564 mortis
844 2511 1100 2563 Dominus
1121 2511 1356 2564 surrexit
1377 2511 1531 2564 vivus
1552 2509 1606 2563 in
1631 2509 1796 2563 altum
2127 2512 2436 2568 Orthoduxa
2465 2513 2596 2566 fides
2621 2515 2830 2568 diversa
2864 2531 2993 2570 voce
3022 2532 3117 2585 per
3142 2519 3327 2572 orbem

350 2601 418 2656 $0
451 2599 530 2654 Ac
549 2608 788 2654 nostram
819 2613 1001 2653 secum
1029 2608 1279 2651 naturam
1309 2599 1454 2651 vexit
1481 2599 1694 2652 eodem.
2126 2601 2278 2656 Abba
2305 2601 2466 2656 Paer
2491 2602 2706 2667 clamat,
2736 2603 2958 2658 laudans
2982 2607 3231 2674 mysteria
3265 2621 3474 2662 summa

361 2673 364 2676 ’
448 2689 505 2744 In
538 2699 646 2742 tota
673 2689 865 2754 factus,
893 2697 1058 2741 totam
1090 2689 1394 2742 conformat
1422 2690 1473 2742 in
1499 2705 1682 2743 unum.
2021 2690 2090 2746 80
2134 2691 2300 2745 Unius
2330 2706 2393 2745 ac
2419 2692 2590 2744 trinae
2614 2692 2865 2746 bonitatis
2889 2673 3063 2746 fertile
3089 2707 3304 2761 germen
3329 2734 3344 2757 ,

452 2779 704 2851 Mundum
730 2779 961 2851 calcavit
987 2779 1238 2849 frigilem,
1270 2780 1561 2850 mundique
1585 2787 1880 2850 potentem,
2128 2777 2424 2847 Ingenitum
2471 2779 2818 2848 genitumque
2857 2779 3023 2833 Deum
3067 2795 3385 2848 mtuum-que
3417 2781 3446 2813 ’-
3475 2797 3594 2850 per-

451 2871 850 2940 Expulsumque
871 2871 1015 2924 foras
1043 2871 1318 2946 superavit
1347 2869 1518 2922 Marte
1551 2869 1808 2923 secundo.
3394 2857 3594 2944 [hcnue

451 2958 723 3028 Captivam
755 2973 1012 3032 revocans
1043 2959 1296 3026 praedam
1327 2959 1564 3026 raptoris
1585 2959 1652 3012 ab
1680 2972 1775 3011 ore
2124 2957 2312 3014 Fontis
2337 2959 2662 3027 incxhausti,
2687 2976 2792 3030 quo
2821 2972 3041 3016 manant
3069 2961 3288 3017 ﬂumina
3314 2963 3476 3017 vitae.

349 3049 420 3104 55
452 3051 706 3146 Abstulit,
741 3049 827 3146 ille
857 3050 1022 3146 gemit
1050 3049 1596 3146 confossus-membra
1620 3049 1880 3117 superbus
1943 3117 1986 3146 η
2769 3091 2811 3146 Π

453 3117 774 3205 Vulneribus
796 3117 965 3203 duris,
990 3153 1053 3192 ac
1077 3153 1260 3192 secum
1289 3137 1412 3190 talia
1435 3145 1674 3190 tractans
1702 3151 1716 3188 :
1943 3117 1987 3178 C
2281 3166 2285 3171 .
2470 3206 2488 3218 ν
2517 3149 2521 3154 ι
2674 3207 2686 3218 ο
2727 3207 2738 3218 ¹
2772 3117 2879 3218 ιιι..
2943 3207 2953 3218 ι

447 3228 533 3283 Me
562 3230 760 3284 victum
784 3228 962 3305 video,
994 3227 1275 3298 fugitivum
1305 3227 1524 3280 sedibus
1549 3227 1682 3280 atris
1743 3253 1747 3264 ι
2459 3206 2591 3260 Ῑιεηι
2618 3207 2810 3260 "idm
2838 3207 2880 3238 ¹⁰
2903 3207 3157 3276 ejusdem
3242 3213 3249 3219 ’

447 3316 596 3383 Quae
631 3331 766 3372 nova
789 3315 878 3370 lux
907 3316 1100 3380 oritur,
1129 3331 1288 3386 quam
1326 3328 1615 3383 numquam
1641 3312 1784 3368 ferre
1816 3330 1907 3368 va-
2120 3311 2436 3380 Graeculus,
2461 3313 2696 3370 Iudaeus
2723 3317 2836 3386 jam
2863 3333 3025 3380 nunc,
3056 3318 3365 3388 Agarenus,
3397 3325 3448 3372 et
3477 3319 3588 3370 Au-

1160 3403 1162 3406 ’
1740 3402 1917 3472 ﬂebo?
2122 3406 2476 3478 Paganusque
2492 3407 2636 3462 ferus
2649 3423 2873 3477 surgens
2888 3409 3156 3478 aquilonis
3173 3409 3238 3462 ab
3252 3423 3352 3462 axe
3375 3407 3588 3478 [son‘°‘,

447 3495 598 3550 Nunc
621 3510 739 3550 mea
770 3495 791 3526 ⁸
818 3511 977 3566 regna
1014 3503 1175 3549 ruunt
1207 3509 1430 3565 passum,
1458 3507 1570 3546 toea
1599 3493 1740 3547 nutla
1765 3503 1916 3547 teue-
2123 3495 2349 3552 Subdita
2385 3495 2521 3550 colla
2548 3496 2784 3561 dabunt,
2814 3498 3062 3551 Christus
3090 3498 3332 3569 regnabit
3372 3498 3588 3567 ubique,

1746 3585 1912 3656 [bris;
2122 3586 2226 3656 Ipsi
2255 3589 2610 3643 succumbunt
2633 3603 2822 3644 omnes
2850 3573 3072 3660 regique
3102 3589 3341 3658 Deoque.

343 3673 412 3730 40
441 3674 624 3730 Sentio
646 3691 729 3730 me
751 3685 986 3745 captum,
1019 3677 1298 3745 pavidum,
1330 3678 1624 3745 vmcnisque
1672 3675 1912 3744 ligatum.
2015 3676 2049 3728 5
2125 3677 2347 3732 Summe
2373 3676 2536 3733 Pater
2555 3679 2686 3742 nati,
2719 3678 2942 3746 largitor
2965 3681 3203 3734 muneris
3226 3682 3264 3710 “
3299 3681 3449 3746 almi,

445 3764 625 3818 Eheu!
645 3765 766 3833 quis
783 3766 910 3819 mihi
931 3765 1310 3834 congreditur?
1337 3765 1470 3832 Quis
1493 3765 1646 3821 fortis
1670 3766 1724 3820 in
1747 3766 1916 3820 annis
2122 3766 2282 3821 Festa
2311 3767 2383 3821 tui
2419 3783 2632 3837 semper
2651 3768 3011 3824 celebrantem
3041 3778 3263 3840 protege
3287 3770 3517 3840 plebem,

443 3855 633 3908 Audax
655 3855 940 3910 committit
966 3856 1148 3909 mundi
1173 3872 1294 3909 ctnn
1317 3858 1560 3924 principe
1584 3856 1817 3910 bellum?
2121 3853 2220 3906 Cui
2251 3865 2340 3906 tua
2362 3855 2651 3922 disponens
2689 3857 2950 3925 sapientia
2976 3873 3139 3926 regna
3161 3861 3259 3926 per
3285 3860 3469 3914 orbem

445 3943 608 3998 Illene
631 3945 868 3998 confixus
893 3945 1035 4014 ligno
1063 3953 1354 4013 septusque
1381 3945 1688 4012 sepulchro,
2066 3950 2098 3974 ‘
2124 3940 2392 3993 Praefecit
2411 3942 2659 3995 Carolum
2681 3958 2965 4012 regemque
2987 3947 3240 4014 piumque
3259 3948 3584 4012 ministrum,

447 4033 618 4099 Quem
643 4049 733 4088 rex
759 4033 996 4088 Herodes
1023 4034 1226 4104 sprevit
1254 4045 1606 4098 summusque
1634 4031 1890 4084 sacerdos
2123 4028 2221 4081 Cui
2251 4029 2340 4080 lux
2368 4030 2592 4082 interior
2619 4031 2838 4084 donavit
2867 4033 3064 4085 mentis
3093 4048 3341 4098 acumen,

342 4125 410 4180 45
448 4127 658 4194 Ruptus
682 4141 786 4180 non
819 4126 996 4179 timuit
1024 4136 1229 4179 vestem
1257 4124 1516 4178 damnare
1545 4121 1782 4189 Caiphas
2019 4121 2086 4175 It)
2123 4120 2240 4186 Quo
2269 4120 2446 4174 divina
2478 4118 2638 4175 simul
2664 4128 2898 4174 tractans
2925 4121 3157 4175 humana
3188 4123 3476 4191 gubernet,

442 4217 702 4270 Addictus
727 4217 905 4280 morti,
941 4215 1182 4270 Romano
1212 4214 1453 4283 principe
1483 4211 1708 4267 caesus?
2125 4212 2263 4266 Vere
2293 4211 2592 4264 subsistens
2625 4224 2717 4263 rex
2749 4218 2910 4278 atque
2939 4209 3216 4280 theologus
3242 4212 3404 4266 idem.

445 4304 559 4358 Hoc
582 4315 793 4373 egomet
812 4303 934 4367 feci,
968 4303 1162 4365 fateor,
1197 4311 1474 4368 totumque
1501 4299 1702 4369 peregi.
2123 4301 2343 4371 Praesul
2373 4302 2438 4354 ab
2463 4300 2687 4354 Athenis
2713 4300 2962 4369 Dionysi,
3001 4301 3311 4371 symmache
3337 4301 3484 4358 Pauli
3515 4305 3580 4370 η,

439 4393 520 4448 Me
547 4394 768 4447 stultum
798 4393 951 4444 latuit
979 4392 1149 4443 virtus
1181 4391 1501 4458 humilisque
1531 4396 1769 4457 potestas
1800 4406 1814 4440 :
2121 4393 2321 4462 Inclyle
2349 4390 2629 4459 martyrio,
2661 4389 2746 4441 cui
2777 4389 2946 4444 servit
2979 4389 3147 4443 Gallia
3181 4399 3310 4454 tota,

445 4481 596 4537 Hunc
623 4483 666 4536 si
691 4496 1025 4550 cognossem,
1049 4489 1259 4552 σταυρῷ
1278 4482 1298 4513 ⁸
1348 4495 1451 4534 non
1497 4479 1753 4548 penderet
1798 4496 1914 4532 um-
1941 4463 1994 4520 ι)
2125 4482 2379 4550 Prospice
2407 4479 2654 4533 caelestis
2679 4479 2820 4533 vitae
2849 4480 2914 4532 de
2935 4480 3149 4534 sedibus
3177 4481 3300 4535 altis

338 4570 409 4627 50
444 4571 695 4640 Corporis
725 4571 942 4626 humani
973 4570 1184 4624 servilis
1213 4571 1381 4624 forma
1415 4571 1621 4626 fefellit.
1706 4570 1910 4643 [quan],
2021 4571 2088 4626 I5
2129 4572 2260 4626 Vota
2303 4570 2378 4624 tui
2404 4569 2580 4626 τέκνου
2607 4567 2650 4599 ³³
2675 4567 2850 4622 Caroli
2882 4579 2967 4621 tua
2997 4569 3206 4640 λείψανα
3234 4569 3276 4600 ⁸⁸
3304 4579 3488 4626 sancta

435 4665 648 4720 Interea
683 4665 852 4718 laetas
880 4665 1087 4718 animas
1113 4664 1338 4720 volitare
1369 4681 1463 4735 per
1490 4681 1668 4729 auras,
2121 4659 2392 4719 Ornantis,
2430 4667 2741 4726 gratamque
2772 4665 2913 4710 tuam
2945 4657 3275 4726 magnalibus
3297 4660 3480 4716 aedem

444 4753 840 4822 Tartareosque
868 4754 1017 4807 sinus
1044 4768 1240 4809 vacuos
1264 4755 1520 4824 laxasque
1549 4764 1770 4810 catenas
2121 4749 2293 4808 Instar
2319 4749 2652 4808 ﬂammarum
2675 4747 2899 4815 gemmis
2920 4745 3265 4815 ﬂagrantibus
3287 4764 3437 4802 alll‘o-
3460 4805 3464 4813 ,
3519 4813 3533 4830 ο

448 4841 704 4911 Suspicit,
730 4851 784 4896 et
814 4843 986 4897 nutrit
1009 4843 1147 4898 tristi
1177 4845 1279 4897 sub
1301 4855 1515 4912 pectore
1549 4843 1762 4896 vulnus.
2121 4840 2368 4908 Undique
2403 4836 2704 4894 turicremis
2734 4835 2971 4890 redolent
2993 4836 3182 4891 altaria
3205 4835 3365 4892 fumis

444 4929 594 4994 Quod
612 4971 627 4997 ,
664 4945 850 5003 mage,
888 4946 973 4988 me
996 4933 1252 4988 miserum
1284 4940 1495 5000 torquet
1521 4972 1535 4996 ,
1557 4931 1669 5000 jam
1697 4933 1910 5002 conspi-
2119 4927 2424 4982 Harmonici
2452 4935 2642 4980 cantus
2671 4928 2930 4981 θιασωτῶν
2961 4926 3008 4957 ¹⁸
3029 4927 3204 4980 sidera
3240 4927 3283 4956 “
3305 4927 3539 4997 pulsant,

1480 5020 1615 5092 ξων,
1641 5023 1834 5090 inquit,
2011 5023 2081 5076 ΞΟ
2118 5019 2302 5077 Ofﬁcio
2335 5029 2514 5074 vatum
2544 5018 2878 5073 sanctissima
2906 5030 3070 5072 coena
3093 5017 3136 5048 "
3157 5027 3397 5086 paratur.
3456 5088 3460 5092 ι

1621 5151 1870 5206 VARIAE
1909 5151 2305 5207 LECTIONES.

417 5269 432 5298 ¹
459 5268 614 5338 Cod.,
643 5269 837 5338 Iarbas.
911 5273 932 5303 ³
959 5269 1130 5338 Conj..
1162 5268 1284 5323 cod.
1319 5265 1746 5338 cescit.__’ACod.
1774 5264 1931 5338 εστι.
2006 5266 2028 5297 ⁸
2055 5265 2314 5338 S_ic_cod.,
2334 5266 2459 5338 Mai.
2486 5266 2634 5338 mihi.
2658 5335 2686 5338 Α
2711 5267 2732 5297 ⁵
2759 5265 2887 5320 Cod.
2913 5275 3114 5338 saturo.
3158 5311 3162 5314 .
3199 5267 3221 5297 ‘
3243 5267 3396 5338 (ἴοι-ι’.
3428 5267 3577 5338 Mai.,

346 5339 463 5391 cod.
499 5337 871 5408 Mortalcmque
917 5334 1103 5409 genus.
1179 5339 1198 5368 "
1229 5337 1319 5390 Sic
1344 5335 1627 5399 cod.,Mai.
1648 5351 1750 5433 per“
1765 5335 2000 5433 timbras.
2051 5335 2098 5433 ’⁸
2128 5336 2277 5404 Conj.
2301 5337 2444 5433 Mai};
2466 5334 2798 5433 p‘t'ojTelluris
2815 5343 3024 5433 supgrat
3045 5335 3167 5433 ﬁnis
3190 5337 3319 5433 ﬁed.
3343 5334 3576 5393 Telluris

345 5417 541 5481 superis
577 5415 730 5469 ﬁnes.
804 5419 824 5449 ’
851 5417 938 5469 Sic
969 5415 1111 5476 Mai.,
1161 5415 1279 5468 cod.
1325 5430 1630 5483 "limusque.
1707 5412 1750 5444 ¹⁰
1775 5413 1864 5466 Sic
1884 5415 2026 5475 cod.,
2049 5413 2088 5466 f.
2120 5418 2320 5496 στίχοι.
2396 5413 2591 5466 “'Cod.
2620 5412 2780 5466 aust."
2841 5415 2876 5444 “
2905 5412 2994 5466 Sic
3021 5414 3166 5476 cod.,
3190 5414 3311 5468 Mai.
3345 5416 3575 5469 luminis.

349 5482 390 5556 ’ξ
419 5484 505 5538 Sic
533 5483 679 5556 Mai...
712 5485 855 5556 cod.,
879 5484 1260 5556 symmaehect
1289 5482 1469 5556 Pauli._
1498 5552 1506 5556 _
1553 5482 1595 5514 ¹³
1625 5479 1755 5556 Cod.
1768 5481 1936 5556 _tek_ni,
1967 5482 2144 5552 glovssa
2178 5488 2294 5552 (uti.
2391 5482 2434 5514 “
2457 5482 2644 5538 Glossa
2676 5481 2937 5551 reliquias.
3028 5482 3068 5513 "
3094 5483 3225 5538 Cod.
3272 5485 3576 5550 thiasotum,

346 5548 515 5619 glossa
541 5543 943 5608 dilaudantinni.
1023 5552 1064 5583 ¹¹¹
1087 5551 1257 5621 Con],
1285 5552 1400 5606 Cod.
1425 5552 1611 5605 sidere.
1693 5551 1733 5582 ¹⁷
1759 5549 1887 5605 Cod.
1922 5543 2104 5605 caena.
2178 5543 2189 5552 ’
2698 5543 2700 5546 ’

3591 5693 3619 5716 δ-
