4142 6296
565 315 705 371 i255
1913 281 2193 343 JOANNIS

2244 278 2428 336 SCOTI
3697 269 3725 320 1
3740 265 3880 322 256

1860 461 2220 547 SECTIO
2299 459 2456 538 III.

1173 651 1502 718 JOANNIS
1543 644 1775 711 SCOTI
1817 639 2120 706 VERSUS
2160 637 2270 700 DE
2310 629 2694 697 AMBIGUIS
2735 629 2798 691 S.
2844 622 3174 690 MAXIM].

565 834 604 884 Ε
629 830 734 884 cod.
761 842 852 880 ms.
873 816 1199 877 bibliothecae
1226 819 1595 884 Armameotarii
1611 812 2024 884 Parisiens‘is‘ed.
2040 803 2571 884 Iulieiifhlijfaifson
2583 794 2888 884 isl‘li'lzmﬁtgi
2907 792 3219 884 ἱξξξξὶδξιξῖξ
3239 791 3586 884 σοι
3607 786 3867 841 πιὶκίατϐ

811 851 1700 947 Ι
2099 851 2571 928 des-deﬂuunt!“
2591 861 2654 910 de
2687 851 2889 919 ιὀιιὼε,
2913 854 3062 906 Paris
3091 853 3294 915 18M,_p.
3313 851 3406 902 356
3438 863 3546 914 sqq.

527 1074 536 1088 .
1318 1030 1362 1084 ι.
2161 1015 2210 1075 Α
2414 1006 2636 1062 Possem
2667 1003 3022 1071 tardiloquus,
3051 1005 3332 1069 pragmata
3358 995 3469 1051 sola
3498 1009 3772 1066 sequens.

528 1086 545 1133 ζ
623 1131 815 1190 Carolo
854 1127 1012 1184 Calvo
1065 1125 1272 1180 dedicat
1310 1122 1686 1190 Ambiguorum
1729 1113 1790 1172 S.
1839 1111 2064 1169 Maximi
2276 1099 2308 1154 5
2343 1097 2574 1153 Interior
2600 1096 2771 1150 virtus
2799 1103 3109 1190 sermonum
3139 1088 3240 1142 rite
3269 1086 3542 1190 tenenda:

1189 1177 1492 1248 versionem".
2417 1189 2713 1246 Verborum
2744 1183 2924 1240 bombi
2956 1181 3141 1235 fallere
3172 1193 3334 1249 saepe
3364 1177 3560 1234 solent.

658 1291 874 1364 Kyrrie,
905 1288 1213 1358 caeligenae
1242 1284 1325 1339 cui
1360 1281 1524 1352 pollet
1550 1282 1722 1350 gratia
1752 1279 1982 1340 formae,
2345 1282 2400 1339 Si
2434 1282 2558 1351 quis
2588 1281 2642 1334 in
2674 1276 2936 1332 ambobus
2964 1273 3146 1328 divino
3176 1285 3400 1326 munere
3426 1268 3612 1339 pollet,

655 1382 852 1440 Aslrca
885 1381 1155 1436 Caesareo
1185 1376 1270 1432 cui
1302 1374 1524 1442 cingunt
1553 1379 1837 1426 stemmata
1870 1368 2071 1432 vultus,
2415 1374 2515 1429 Hic
2539 1372 2778 1443 primum
2805 1367 2965 1422 debet
2987 1363 3110 1432 jure
3139 1372 3324 1418 tenere
3351 1363 3588 1415 modum.

657 1473 866 1544 Regum
896 1470 1206 1542 progenies,
1235 1482 1372 1536 quos
1401 1463 1551 1518 auxit
1580 1460 1808 1518 Francia
1840 1459 1991 1523 felix,

2345 1467 2453 1522 Sed
2486 1466 2530 1520 si
2562 1462 2876 1534 perspicuos
2905 1472 3096 1513 sensus
3124 1455 3213 1508 vix
3241 1467 3376 1508 voce
3404 1453 3680 1523 loquaris,

659 1543 822 1616 Orbis
853 1571 1120 1615 terrarum
1153 1572 1287 1626 quos
1319 1555 1426 1610 alta
1454 1567 1586 1608 voce
1615 1552 1833 1616 salutat,
2245 1555 2295 1612 ιε

2245 1555 2308 1612 10
2415 1554 2503 1610 Sis
2531 1566 2748 1624 quoque
2777 1556 3094 1610 contentus;
3127 1561 3258 1599 nam
3285 1543 3508 1598 meliora
3541 1554 3714 1598 tenes.

588 1653 621 1706 5
657 1651 932 1708 Laudibus
961 1649 1278 1721 ampliﬁcat,
1307 1655 1616 1708 veneratur,
1651 1645 1808 1707 ditat,
1840 1643 2101 1702 honorat,

2059 1648 2101 1702 ῐν
2347 1644 2403 1702 Si
2439 1644 2664 1698 meliora
2696 1651 2869 1704 tenes,
2901 1650 3167 1707 quaenam
3203 1634 3299 1688 tibi
3331 1649 3481 1696 cura,
3516 1642 3695 1689 tenere

656 1743 906 1814 Undique
936 1756 1270 1798 concurrens
1296 1746 1519 1808 pontum
1551 1743 1721 1799 secat,
1749 1733 1952 1786 eminet
1981 1745 2133 1796 arva,
2417 1736 2567 1803 Quae
2595 1740 2722 1789 sum,
2750 1729 3017 1786 inferius?
3051 1727 3282 1796 Semper
3310 1725 3365 1780 in
3397 1725 3505 1779 alia
3531 1734 3674 1796 pete.

654 1833 840 1900 Salve,
871 1831 1258 1889 Christicolum
1287 1837 1498 1893 vertex,
1527 1825 1837 1898 gratissime
1867 1836 2076 1894 regum,
2982 1817 3070 1873 Ill.

651 1921 772 1978 Rex
798 1923 886 1992 pie
910 1961 925 1988 ,
958 1920 1135 1976 devoti
1167 1933 1233 1972 ne
1261 1932 1488 1988 spernas
1513 1914 1708 1971 donula
1739 1913 1900 1969 serVi-
2531 1911 2739 1969 Lcetori
2767 1910 3146 1979 Ambiguorum
3178 1905 3241 1961 S.
3275 1903 3516 1960 Maximi.

655 1991 923 2082 Exiguum
953 2024 1151 2064 munus
1178 2008 1349 2075 largo,
1383 2007 1476 2062 sed
1508 2005 1658 2060 fonte
1685 2013 1961 2070 receptum
2343 2003 2601 2073 Quisquis
2622 2009 2771 2058 amat
2796 1999 3029 2055 formam
3052 1996 3311 2067 pulchrae
3339 1994 3552 2050 laudare
3572 1991 3852 2062 sophiae,_

549 2100 617 2154 i0
653 2099 1031 2154 Christiferum
1062 2097 1306 2162 Patrum,
1328 2096 1589 2166 mysteria
1614 2095 1843 2163 plurima
1875 2101 2134 2149 tractans.
2417 2095 2494 2149 Te
2521 2094 2663 2165 legat
2689 2090 2930 2154 assidue,
2961 2087 3195 2143 Maxime
3223 2086 3536 2156 Graiugena.

651 2188 767 2245 Hoc
796 2203 932 2258 Opus
959 2188 1012 2242 in
1040 2187 1248 2243 Graeco
1281 2185 1588 2242 construxit
1615 2184 1882 2238 Maximus
1909 2183 2100 2244 abbas,
2345 2185 2423 2239 Ac
2452 2184 2630 2253 primo
2658 2191 2837 2236 motus
2867 2194 3048 2234 rerum
3081 2176 3371 2231 rationibus
3400 2174 3537 2232 altis.

650 2281 914 2352 Egregius
941 2287 1147 2349 pastor,
1176 2277 1460 2349 scripturis
1489 2275 1718 2346 inclytus
1744 2283 1954 2342 auctor,
2417 2273 2673 2328 Mundum
2703 2269 3013 2327 sensibilem
3043 2266 3258 2329 deserat
3287 2273 3438 2334 atque
3465 2272 3618 2332 neget
3644 2281 3662 2316 ι

652 2369 832 2440 Magni
858 2368 1105 2438 Gregorii
1137 2367 1462 2439 perplanans
1490 2365 1632 2420 dicta
1663 2375 1892 2428 remota,
2157 2355 2204 2413 Β
2267 2366 2300 2419 5
2340 2363 2448 2419 Nec
2476 2379 2582 2418 non
2613 2372 2668 2418 et
2697 2375 2890 2417 sensus
2921 2360 3089 2428 ipsos,
3121 2357 3212 2426 qui
3243 2368 3401 2423 saepe
3429 2352 3730 2416 retardant,

653 2460 915 2516 Sensibus
942 2461 1194 2515 humanis
1235 2461 1571 2514 theoremata
1601 2467 1787 2514 mente
1826 2457 2127 2514 revolvens.
2413 2453 2670 2509 Cuostica
2701 2452 2828 2507 dum
2860 2451 3073 2506 scandit
3101 2450 3312 2520 βήματα
3329 2446 3372 2477 ι·
3401 2445 3592 2500 mentis
3619 2444 3744 2498 iter.

548 2549 616 2603 15
654 2548 765 2605 Nec
793 2565 899 2604 non
935 2551 988 2604 in
1018 2549 1205 2604 multis
1235 2549 1526 2620 Dionysius
1555 2548 1771 2608 additur
1801 2547 1918 2617 ipse
2345 2545 2559 2600 Deliciis
2590 2543 2795 2614 fragilis
2824 2543 2990 2607 vitae,
3020 2539 3329 2607 mundoque
3359 2533 3554 2606 fugaci,

649 2639 1012 2711 Ariopagites,
1041 2649 1202 2695 ornat
1231 2654 1392 2709 quem
1423 2637 1674 2692 laudibus
1703 2637 1916 2706 amplis,
2412 2637 2480 2690 Et
2507 2636 2688 2691 carnis
2720 2648 2849 2689 cura
2878 2632 2972 2703 qui
2999 2638 3178 2695 vacat,
3212 2628 3315 2683 ista
3344 2626 3487 2696 legat
3515 2643 3527 2678 :

651 2729 942 2800 Explanat,
974 2738 1276 2799 testemque
1302 2737 1464 2786 vocat
1489 2725 1814 2795 Patremque
1843 2727 2084 2790 beatum,
2325 2727 2738 2796 mundumque
2767 2728 2926 2781 datus
2954 2721 3167 2784 studiis,
3202 2719 3494 2788 tardusque
3519 2717 3776 2787 pigerque

580 2868 582 2870 .
653 2819 906 2889 Tangens
935 2819 1259 2890 symbolicas
1283 2818 1568 2889 praeclaro
1598 2818 1803 2873 lumine
1832 2817 2041 2887 byblos,
2239 2819 2309 2873 10
2421 2817 2538 2872 lluc
2567 2831 2675 2871 non
2707 2815 2960 2879 accedat;
2999 2810 3180 2866 nullus
3209 2809 3365 2865 adest
3389 2807 3584 2863 aditus.

653 2909 826 2976 Quem
857 2924 956 2965 nos
983 2909 1275 2975 edidimus,
1304 2908 1472 2964 Vobis
1499 2907 1865 2978 poscentibus,
1892 2906 2044 2972 olim.
2346 2907 2609 2964 Sensibus
2638 2904 2854 2960 innatus
2880 2901 3138 2973 propriis,
3169 2897 3529 2965 tumidusque,
3559 2893 3847 2962 superbus,

546 2997 619 3052 20
657 2996 771 3053 Hac
797 3013 1011 3069 quoque
1037 2999 1104 3054 de
1133 3013 1295 3055 causa
1323 2997 1603 3070 praefatus
1630 2997 1896 3053 Maximus
1923 2997 2092 3054 abbas
2416 2995 2539 3052 Stet
2563 2995 2772 3066 procul,
2802 2993 2918 3063 ipse
2944 3005 3152 3061 negans
3178 2988 3268 3044 hic
3296 2986 3537 3057 reperire
3563 2984 3758 3039 locum.

651 3085 844 3142 Editus
871 3094 957 3142 est
985 3103 1182 3157 nuper,
1212 3095 1399 3143 nostro
1429 3087 1656 3142 sudante
1683 3085 1894 3153 labore,
2344 3089 2568 3143 Artibus
2597 3087 2859 3151 imbutus,
2889 3097 3026 3154 quas
3053 3081 3205 3137 novit
3242 3078 3440 3135 mentis
3467 3089 3717 3139 acumen,

655 3175 971 3248 Eﬂectuque
999 3181 1090 3248 pio
1121 3179 1374 3234 Vestrum
1402 3178 1492 3248 pia
1514 3176 1669 3246 jussa
1699 3184 2018 3247 sequentes,
2413 3178 2579 3234 Fidus
2606 3175 2892 3248 procedat,
2927 3187 3052 3228 nam
3083 3185 3180 3227 sua
3208 3177 3319 3224 stat
3344 3167 3540 3237 patria.

654 3268 870 3326 Cat-sim
891 3270 1288 3337 transtulimus,
1307 3284 1447 3341 quae
1477 3269 1647 3326 multo
1669 3277 1912 3339 tempore
1929 3271 1947 3302 ³
1973 3283 2139 3339 quae-
2239 3267 2308 3324 15
2346 3267 2593 3323 Practica
2622 3266 2714 3328 hic
2738 3266 2899 3320 ducet
2922 3277 3135 3318 morum
3162 3258 3444 3331 praeclara
3472 3255 3746 3326 magistra,

1959 3358 2134 3430 ltum,
2415 3359 2611 3414 Custos
2638 3357 2922 3421 virtutum,
2953 3350 3185 3424 pervigil
3215 3349 3428 3404 idonea.

651 3449 722 3505 Et
758 3449 946 3506 doctos
985 3465 1211 3515 sensus,
1251 3460 1308 3506 et
1343 3464 1513 3520 purae
1551 3447 1750 3506 mentis
1788 3462 2036 3508 acumen.
2346 3451 2447 3507 Hic
2472 3453 2660 3524 φυσική
2681 3449 2702 3480 ²
2734 3461 2930 3503 causas
2954 3459 3138 3500 rerum
3166 3441 3397 3511 vestigat
3424 3453 3643 3508 opacas,

1307 3539 1371 3593 "-
2417 3542 2779 3609 lnvcnrasque
2808 3536 2972 3594 simul
2997 3540 3266 3605 segregat,
3296 3530 3541 3585 unificat.

1047 3629 1127 3684 De
1157 3629 1339 3682 eadem
1376 3629 1628 3682 versione.
2177 3702 2190 3703 ί
2351 3631 2451 3688 llic
2477 3635 2575 3703 θεῷ
2604 3629 2709 3686 fert
2737 3627 2971 3699 palmam
3001 3623 3213 3681 cunctis
3247 3619 3570 3692 perpulchra
3599 3616 3750 3687 logya

655 3715 914 3784 Quisquis
941 3717 1217 3773 rhetorico
1243 3718 1532 3772 verborum
1561 3725 1801 3788 syrmate
1825 3716 2046 3786 gaudet.
2157 3702 2204 3764 C
2233 3721 2303 3777 eo
2335 3721 2528 3778 Omnia
2559 3720 2625 3790 (σε)
2661 3718 2829 3789 quod,
2858 3714 3004 3787 quod
3029 3729 3159 3784 ηοη³
3193 3710 3378 3768 omnia
3411 3710 3636 3779 denegat
3657 3719 3836 3760 omne.

729 3805 966 3872 Quaerat
995 3808 1402 3880 grandiloquos,
1431 3806 1604 3861 Tullia
1633 3815 1813 3862 castra
1841 3817 2050 3878 petens.
2895 3791 2897 3793 1
3569 3795 3745 3872 [Simul
3769 3795 3827 3864 ὀι

654 3898 727 3954 At
753 3898 888 3956 mihi
918 3909 1005 3958 sat
1030 3899 1216 3967 fuerit,
1251 3900 1294 3956 si
1326 3899 1520 3971 planos
1546 3914 1774 3970 carpere
1802 3914 1998 3956 sensus

1896 4105 2255 4186 SECTIO
2314 4105 2453 4184 IV.

1387 4282 1721 4347 JOANNIS
1764 4281 1995 4346 SCOTI
2036 4280 2418 4347 VERSUUM
2461 4277 2984 4342 FRAGMENTA.
3040 4255 3058 4272 "

1321 4456 1359 4511 l.
2161 4451 2214 4511 D
2380 4446 2457 4501 Te
2487 4446 2710 4502 laudant
2735 4444 2893 4512 caeli,
2926 4453 2980 4499 te
3007 4440 3148 4497 votis
3176 4439 3400 4510 inclytat
3421 4439 3444 4471 ³
3469 4439 3638 4494 orbis.

717 4545 904 4604 Versus
933 4548 1158 4605 Joannis
1189 4547 1332 4603 δροῑὶ
1352 4548 1376 4580 δ
1403 4549 1473 4602 ad
1502 4545 1751 4603 Carolum
1780 4562 1969 4618 regem.
2381 4537 2634 4592 Proxima
2661 4537 2735 4592 sis
2754 4537 2776 4568 ⁸
2801 4534 2997 4593 Carolo
3027 4531 3215 4594 tutrix,
3247 4530 3524 4585 munimen
3554 4537 3609 4584 et
3632 4527 3824 4589 altum,

600 4646 717 4696 Cod.
739 4647 964 4697 Cantabr.
987 4647 1191 4710 Collegit
1211 4647 1435 4709 Corporis
1460 4646 1638 4698 αιιιίειί
1663 4656 1716 4696 n°
1738 4649 1848 4708 ass,
1872 4658 1972 4697 sec.
1994 4643 2078 4695 tx.
2273 4627 2342 4683 85
2380 4627 2482 4693 Qui
2517 4627 2612 4682 tibi
2642 4626 2872 4682 miriﬁce
2899 4624 3239 4696 praeclaram
3266 4621 3500 4677 fabricat
3525 4620 3726 4682 autem.

2377 4718 2556 4774 Aedes
2585 4731 2945 4772 marmoreas.
2978 4715 3143 4770 Varie
3171 4721 3480 4770 constructa
3510 4707 3760 4766 columnis

699 4857 712 4871 .
753 4857 767 4871 .
807 4856 822 4871 .
867 4857 882 4870 .
920 4853 934 4869 .
980 4856 995 4872 .
1150 4855 1164 4872 .
1209 4854 1224 4869 .
1263 4853 1277 4870 .
1321 4854 1335 4868 .
1380 4855 1394 4870 .
1435 4856 1450 4871 .
1491 4855 1504 4869 .
1548 4854 1563 4869 .
1607 4856 1621 4870 .
1667 4856 1680 4870 .
1725 4857 1738 4870 .
1783 4856 1798 4871 .
1837 4855 1853 4870 .
1894 4858 1909 4872 .
2380 4810 2503 4864 Alta
2531 4809 2722 4864 domus
2752 4806 2975 4878 pulchre
3000 4805 3304 4861 conterno"
3334 4809 3568 4858 normate
3596 4797 3750 4851 facta.

693 4911 770 4967 Da
803 4916 989 4965 nostro
1017 4910 1127 4982 regi
1155 4909 1371 4976 Carolo,
1401 4907 1489 4963 cui
1519 4918 1730 4978 sceptra
1759 4907 1988 4973 dedisti,
2381 4901 2576 4970 Aspice
2604 4900 2898 4972 polygenos
2921 4898 3114 4962 ﬂexus,
3145 4909 3414 4966 arcusque
3442 4892 3644 4947 velatos

695 5000 767 5056 Ut
794 5017 1010 5073 semper
1039 5001 1270 5058 famulus
1297 5001 1398 5056 tibi
1427 5001 1576 5056 vivat
1603 5009 1786 5056 mente
1815 5000 2067 5072 benigna.
2380 4991 2680 5073 Compages
2709 4991 2941 5048 laterum
2971 4989 3196 5053 similes,
3229 4986 3493 5059 capitella,
3520 4983 3815 5050 basesque,

587 5092 658 5147 80
691 5072 957 5164 Prospera
988 5093 1222 5150 labentis
1247 5093 1392 5149 vitae
1421 5092 1755 5149 revolumina
1785 5098 2025 5162 praesta,
2271 5082 2342 5140 90
2381 5072 2606 5148 Turres,
2639 5081 2946 5146 turriculos,
2980 5077 3255 5150 laquearia
3284 5073 3507 5132 daedale
3535 5080 3712 5135 texta,

695 5183 872 5253 Atque
901 5185 1060 5239 simul
1093 5193 1272 5240 tecum
1303 5184 1555 5241 caelestis
1581 5183 1776 5255 gaudia
1805 5182 1976 5253 regni.
2377 5173 2634 5244 Obliquas
2664 5172 2898 5243 tyrridas
2918 5172 2940 5205 '
2965 5169 3140 5226 caleni
3172 5167 3393 5224 luminis
3424 5166 3669 5226 haustus,

697 5274 886 5346 Magna
916 5277 1012 5332 Dei
1041 5277 1293 5347 genitrix‘,
1329 5287 1409 5333 ter
1439 5253 1597 5342 felix,
1619 5284 1803 5332 sancta
1833 5273 2025 5337 Maria,
2377 5267 2528 5322 lntus
2547 5265 2809 5335 picturas,
2833 5262 3072 5334 lapidum
3099 5260 3432 5332 pavimenta,
3461 5253 3789 5326 gradusque,

1872 5404 2132 5462 VARIAE
2169 5399 2576 5460 LECTIONES.

591 5509 596 5516 '
627 5508 642 5537 ι
675 5496 789 5580 Sic,
818 5514 917 5580 pro
939 5501 1104 5556 multa
1127 5510 1378 5580 tempora.
1415 5498 1655 5580 A"_Co‘d.
1687 5499 1925 5580 ὺςνηίιςιιἱ
1981 5498 2010 5580 Ι²
2040 5495 2172 5580 Cod.
2203 5494 2434 5580 physice:
2503 5490 2532 5570 f
2562 5489 2691 5580 Sic;I
2711 5491 2852 5574 conj.
2885 5489 3183 5580 [falais'son
3201 5485 3368 5580 Dium
3395 5484 3540 5580 quod
3566 5483 3826 5580 esIIFquod

553 5582 679 5686 Νη,
702 5551 907 5687 (dditur
1411 5551 1556 5626 Cod:
1824 5551 1859 5600 7'
1881 5551 2016 5624 Cod.
2049 5551 2301 5620 indidit."
2349 5559 2563 5631 “.Conjq
2593 5551 2712 5614 coil.
2744 5551 2830 5614 sit:
2908 5563 2926 5593 "
2955 5558 3129 5627 COnj.,
3156 5557 3272 5613 rod.
3296 5551 3531 5606 contero.
3610 5551 3822 5619 'Conj.,

551 5649 617 5685 eo
662 5674 673 5687 .
723 5652 800 5701 yri
844 5654 917 5689 os.
