4142 6296
326 330 464 390 12M

1673 319 2248 378 ADDITAMENTUM.

3462 317 3613 375 ωσι

321 430 3554 481 W

1366 506 2567 653 ADDITAMENTUM.

407 786 587 844 Codex
623 782 998 840 Laudunensis
1025 781 1116 848 81,
1157 796 1190 836 e
1234 794 1341 850 quo
1381 778 1454 834 Μ.
1495 780 1559 834 F.
1598 779 1898 835 Ravaisson
1925 795 1978 835 v.
2011 779 2080 835 cl.
2117 778 2344 838 Joannis
2377 783 2524 838 Scoti
2561 782 3024 839 Commentarium
3065 785 3119 840 in
3147 787 3208 842 S.
3253 786 3600 859 Evangelium

332 874 629 932 secundum
659 874 922 929 Joannem
955 871 1134 926 minus
1183 879 1438 924 accurate
1475 868 1664 934 edidit,
1708 883 1832 924 cum
1875 883 1999 924 sero
2045 869 2097 923 in
2141 885 2332 926 manus
2361 888 2508 927 meas
2533 872 2765 937 venerit,
2797 874 3115 929 varietatem
3159 874 3406 931 lectionis
3435 885 3600 931 tOIaln

329 965 743 1038 diligentissime
770 965 870 1020 hoc
899 963 1020 1018 loco
1061 959 1468 1016 describendam
1495 959 1700 1016 curavi.
1746 958 2032 1013 Praeterea
2081 955 2324 1026 ejusdem
2357 961 2752 1016 Commentarii
2807 962 3174 1033 fragmentum
3221 964 3423 1019 codicis
3467 963 3600 1020 calci

331 1057 659 1130 subjectum,
689 1062 834 1130 quod
864 1058 954 1114 ille
983 1055 1323 1128 neglexerat,
1353 1047 1714 1126 adjiciendum
1744 1068 1866 1111 esse
1891 1052 2099 1123 putavi.
2139 1052 2334 1110 Varias
2362 1055 2624 1111 lectiones
2658 1054 2918 1112 varietate
2948 1058 3327 1116 characterum
3354 1060 3598 1118 distinxi.

1984 1275 2009 1306 Q

1462 1411 1836 1494 VABIAE
1911 1349 2486 1489 LECTIONES

1929 1564 2020 1635 IN.

676 1671 957 1733 JOANNIS
997 1670 1192 1728 SCOTI
1225 1667 1780 1727 COMMENTARIUM
1818 1667 1886 1722 1N
1925 1667 1984 1723 S.
2025 1667 2473 1723 EVANGELIUM
2514 1667 2884 1725 SECUNDUM
2923 1669 3260 1728 JOANNEM.

1382 1802 1457 1853 Ad
1478 1800 1622 1851 ﬁdem
1642 1799 1826 1852 codicis
1962 1797 2020 1848 81
2048 1797 2165 1848 bibl.
2193 1798 2549 1850 Laudunensis.

404 1950 519 2007 Col.
551 1949 656 2006 298
701 1948 736 2003 l.
764 1948 798 2004 8
837 1957 894 2004 ut
933 1963 1030 2018 per
1063 1948 1236 2018 ipsum
1275 1945 1592 2002 ascenderet
1639 1945 1802 2021 homo
1853 1943 1906 1997 in
1937 1946 1985 2006 Α
2016 1940 2129 1995 Dei.
2170 1941 2270 1996 Ubi
2299 1942 2458 1996 datur
2480 1942 2860 2013 intelligi,’non
2894 1945 3037 2000 aliud
3071 1962 3190 2004 esse
3213 1959 3318 2005 cet.
3350 1950 3386 2006 1.
3409 1952 3477 2006 47
3509 1953 3596 2009 in-

335 2044 522 2105 Deum.
556 2041 702 2095 Haec
732 2040 1026 2111 evangelica
1063 2039 1315 2094 sententia
1353 2037 1914 2108 proloquiorummore

332 2132 570 2186 recurrit.
618 2129 772 2184 Sicut
802 2130 947 2184 enim
979 2130 1246 2184 dicimus:
1281 2127 1514 2182 Verbum
1542 2141 1671 2181 caro
1711 2125 1915 2180 factum

333 2228 438 2286 est,
473 2219 546 2274 ita
571 2234 856 2290 possumus
887 2219 1068 2274 dicere
1098 2235 1110 2272 :
1139 2227 1196 2272 et
1215 2233 1345 2273 caro
1372 2217 1606 2271 Verbum
1638 2215 1781 2272 facta
1807 2226 1910 2270 est.

334 2310 400 2364 Et
426 2309 772 2367 habitavitiu
799 2308 980 2373 nobis,
1009 2309 1115 2363 hoc
1136 2315 1246 2372 est,
1271 2310 1655 2362 conversatum
1681 2313 1787 2360 cet.
1820 2303 1914 2376 (Et

339 2397 564 2452 Verbum
589 2414 712 2452 caro
737 2397 936 2466 factum
969 2406 1043 2451 est
1065 2436 1081 2462 ,
1110 2397 1238 2450 haec
1276 2426 1347 2437 ——
1366 2397 1584 2450 recurrit
1607 2395 1644 2449 l.
1700 2395 1784 2450 ~10.
1825 2395 1912 2449 11.

335 2489 400 2543 12
427 2489 624 2544 desunt
671 2488 729 2543 in
779 2486 1008 2544 codicel.
1051 2487 1092 2542 1.
1138 2485 1210 2541 40
1257 2487 1352 2542 sed
1401 2485 1768 2540 subsistentiae
1823 2486 1916 2540 de-

329 2579 524 2633 clarat.

395 2671 510 2727 Col.
542 2671 638 2724 50-1
677 2670 716 2724 1.
745 2670 813 2725 19
839 2669 932 2725 sed
961 2670 1028 2724 de
1059 2677 1166 2723 tota
1199 2667 1483 2723 Trinitate.
1526 2667 1562 2721 1.
1608 2667 1680 2722 26
1721 2667 1914 2722 incun-

325 2771 537 2817 ctanter
557 2761 762 2816 asserit.
793 2759 831 2815 1.
860 2760 925 2815 11
957 2748 1168 2814 dicatur
1190 2759 1255 2814 de
1278 2760 1510 2816 deestiin
1529 2759 1736 2815 codice.
1774 2758 1808 2813 1.
1838 2758 1910 2813 45

323 2853 414 2921 qui
445 2865 682 2920 semper.
1389 2887 1396 2894 ι

395 2942 512 2998 Col.
543 2942 649 2997 502
677 2942 715 2997 1.
749 2943 818 2998 15
844 2927 951 2998 hoc
979 2947 1063 2998 est
1087 2941 1144 2997 in
1170 2941 1365 2998 divinis
1391 2940 1834 3011 apparitionibus.
1867 2938 1904 2993 1.

325 3032 392 3086 18
421 3033 552 3087 Item
583 3034 797 3087 virtutes
828 3033 1354 3102 ourgatissimarum.
1377 3032 1494 3086 1.51
1522 3033 1575 3087 in
1611 3033 1749 3086 sini.
1782 3031 1908 3100 1.;54

323 3120 352 3174 1
357 3121 425 3175 lle
458 3122 750 3176 enarravit.
1269 3157 1274 3164 -

393 3211 512 3266 Col.
549 3210 652 3266 505
679 3211 713 3266 l.
747 3213 774 3267 1
803 3212 1045 3268 (ἰοειτὶηᾶ
1072 3221 1128 3269 et
1167 3213 1608 3282 manifestationE.
1652 3213 1690 3266 1.
1733 3213 1800 3266 15
1833 3212 1901 3268 ab

2018 2031 2369 2110 corruptibile
2397 2041 2688 2102 ceteraque,
2717 2047 2874 2102 quae.

2087 2118 2204 2175 Col.
2242 2120 2344 2174 517
2384 2120 2420 2173 1.
2460 2123 2530 2176 55
2565 2122 2658 2191 qui
2690 2137 2796 2177 non
2838 2132 2924 2179 est
2969 2134 3132 2182 natus
3178 2127 3356 2184 adhuc
3407 2132 3595 2199 spiritu

2019 2210 2106 2281 (de
2138 2210 2292 2266 deest
2327 2211 2380 2264 in
2406 2213 2577 2281 cod.).
3257 2227 3262 2236 ·

2084 2301 2199 2357 Col.
2236 2302 2342 2356 520
2379 2303 2418 2354 l.
2459 2303 2494 2357 5
2533 2304 2778 2359 umbram
2807 2319 2961 2360 suam
2987 2306 3158 2377 ipsum
3183 2323 3380 2380 corpus
3406 2312 3590 2380 aperit.

2015 2391 2051 2446 1.
2084 2392 2152 2448 19
2180 2393 2439 2462 ﬁguratur
2464 2410 2525 2447 ea
2553 2393 2746 2448 forma.
2777 2395 2813 2449 l.
2836 2395 2907 2450 10
2932 2399 3229 2468 consepulti
3256 2415 3443 2456 sumus
3470 2417 3593 2456 eum

2013 2483 2230 2538 Christo
2256 2498 2349 2552 per
2374 2484 2687 2553 baptismum
2709 2487 2766 2540 in
2791 2497 3007 2543 mortem
3029 2490 3155 2561 (nisi
3177 2491 3326 2548 deest
3348 2493 3402 2548 in
3423 2494 3590 2562 cod.).

2011 2572 2049 2627 1.
2089 2573 2159 2627 47
2189 2575 2351 2628 causa
2383 2585 2458 2628 est
2496 2575 2763 2631 humanae
2787 2577 2977 2632 salutis

2033 2696 2042 2700 -
2082 2666 2198 2722 Col.
2239 2668 2336 2722 521
2376 2667 2412 2721 1.
2452 2667 2522 2722 50
2555 2668 2810 2735 Quamvis
2839 2671 2983 2724 enim
3004 2669 3269 2738 judicium
3295 2676 3428 2740 eius,
3461 2690 3588 2744 quo.

2011 2755 2052 2814 l.
2076 2757 2149 2814 18
2175 2757 2266 2826 Qui
2297 2766 2475 2812 autem
2506 2773 2679 2828 neque
2714 2775 2832 2812 eum
2859 2761 3033 2814 credit
3062 2760 3139 2831 (in
3167 2762 3320 2816 deest
3343 2763 3396 2818 ill
3419 2764 3589 2834 cod.).

2078 2847 2194 2905 Col.
2236 2849 2342 2903 525
2374 2849 2504 2905 1:.16
2529 2848 2652 2904 Non
2677 2850 2823 2904 enim
2853 2850 3050 2906 missus
3075 2853 3264 2908 eratin
3286 2869 3586 2911 carcerem.

2009 2940 2048 2995 ι.
2074 2925 2145 2996 si
2179 2940 2243 2994 ab
2271 2938 2515 2997 Joanne?
2553 2941 2826 3012 Suﬁicerat
2863 2941 3020 3014 (sic!)
3052 2945 3216 2997 enim.

2077 3030 2194 3085 Col.
2234 3031 2340 3085 521
2379 3031 2415 3084 Ι.
2457 3029 2493 3083 7
2529 3031 2592 3085 ab
2619 3030 2846 3086 Joanne.
2875 3031 2912 3084 1.
2948 3033 3006 3085 11
3041 3031 3264 3088 Joannis
3289 3034 3590 3104 baptismati

2006 3121 2277 3178 ell'eciSse.‘
2307 3122 2350 3176 l.
2393 3123 2456 3177 51
2518 3123 2612 3178 sed
2661 3137 2728 3178 ne
2777 3123 2873 3176 hoc
2911 3133 3162 3179 errarent
3215 3125 3292 3195 (in
3337 3126 3488 3182 deest
3535 3126 3588 3179 in

2007 3214 2171 3282 cod.).

320 3302 674 3374 Jerosolymis
697 3313 745 3358 et
771 3314 960 3358 cetera.
990 3304 1057 3358 Et
1075 3314 1162 3360 est
1187 3304 1340 3358 ordo.
1361 3303 1398 3356 1.
1423 3303 1492 3358 29
1522 3301 1700 3358 Helias
1719 3318 1778 3356 es
1805 3302 1898 3354 tu?
1929 3291 1975 3352 Β
2073 3305 2189 3360 (101.
2229 3306 2334 3359 525
2373 3305 2408 3358 1.
2449 3305 2516 3360 47
2555 3305 2750 3360 Datum
2800 3305 2854 3360 in
2900 3306 3004 3361 hoc
3045 3305 3166 3362 loco
3190 3321 3290 3377 pro
3334 3322 3587 3363 aonatum

320 3389 463 3445 Dicit
489 3406 508 3443 :
535 3391 653 3447 Non
688 3407 806 3450 sum
835 3391 928 3464 (Et
960 3409 1071 3449 om.
1101 3393 1270 3463 cod.).
1312 3393 1348 3446 l.
1378 3391 1440 3446 51
1480 3391 1676 3447 virtute
1716 3390 1902 3445 Heliae

320 3493 468 3536 Vell].
1661 3509 1664 3511 λ

389 3570 508 3626 Col.
532 3572 638 3627 504
664 3572 700 3626 l.
724 3573 760 3628 2
785 3573 1079 3629 humanam
1095 3572 1486 3627 subsistentiam
1513 3571 1896 3628 consideravit.

387 3665 503 3720 Col.
528 3663 766 3720 505L157
782 3665 953 3733 thui
979 3666 1132 3719 missi
1159 3665 1392 3735 fuerant,
1415 3673 1591 3719 erant.
1619 3664 1656 3717 l.
1685 3663 1754 3718 59
1779 3663 1904 3718 Ideo

320 3755 624 3824 specialiter
663 3753 939 3810 Pharisaei
987 3754 1133 3809 missi
1166 3763 1288 3809 sunt
1327 3754 1449 3826 quia
1486 3751 1765 3809 Pharisaei
1797 3769 1896 3809 au-

319 3845 532 3900 dientes
558 3845 1030 3915 praedicationem.

390 3933 506 3988 Col.
533 3933 638 3988 506
666 3934 704 3987 l.
727 3934 797 3988 2-1
821 3934 1066 4003 justitiae
1102 3935 1226 3990 solet
1259 3933 1397 3988 ﬁeri.

391 4024 506 4079 Col.
537 4023 641 4078 507
669 4024 706 4078 1.
738 4025 806 4080 15
829 4035 914 4081 est
940 4027 1116 4081 divina
1143 4026 1443 4095 Scriptura.
1466 4023 1505 4078 1.
1535 4024 1606 4080 28
1644 4021 1897 4094 perplexa

317 4117 605 4172 admodum
636 4117 979 4189 investigatio,
1012 4120 1187 4189 cujus.

389 4205 504 4261 (101.
542 4205 646 4261 509
683 4206 719 4259 1.
758 4206 824 4262 12
860 4216 914 4262 et
938 4208 1176 4262 discerne
1206 4207 1368 4262 inter.
1395 4207 1432 4261 1.
1462 4205 1528 4261 16
1563 4205 1854 4274 violentiae.

369 4295 502 4374 .Col.
543 4296 647 4352 510
685 4298 720 4351 Ι.
758 4298 948 4354 52.est
971 4300 1130 4352 totius
1167 4298 1437 4352 humanae
1467 4305 1717 4352 naturae.

388 4387 503 4443 Col.
545 4389 641 4442 511
687 4389 724 4442 1.
767 4388 832 4443 14
871 4389 1011 4443 Ecce
1053 4403 1223 4458 agnus
1272 4387 1387 4451 Dei,
1439 4403 1555 4441 ecce
1593 4388 1685 4457 qui
1734 4387 1891 4444 tollit.

313 4474 352 4531 1.
395 4475 466 4533 25
519 4477 791 4550 cruciﬁgit
832 4478 1034 4532 sibimet
1089 4476 1356 4531 Christum
1397 4469 1589 4548 (ipsum
1636 4478 1789 4534 deest
1837 4479 1892 4534 in

315 4567 484 4639 cod.).

2003 3392 2241 3448 Joannes
2269 3396 2466 3463 posuit.
3347 3459 3353 3462 _

2072 3482 2188 3537 Col.
2229 3481 2331 3536 526
2370 3483 2408 3539 l.
2447 3482 2516 3537 55
2548 3483 2640 3553 qui
2669 3500 2814 3539 nunc
2841 3485 3064 3554 baptiset
3095 3485 3148 3540 in
3183 3484 3406 3541 Judaea.

2071 3571 2188 3630 Col.
2229 3573 2334 3630 527
2373 3573 2404 3627 l.
2444 3575 2510 3629 2|
2551 3573 2792 3654 IPulaslis
2823 3574 3082 3644 majorem
3112 3588 3259 3630 esse.
3441 3593 3444 3596 ’

2070 3664 2186 3721 (101.
2227 3665 2331 3722 528
2367 3665 2404 3720 1.
2443 3667 2503 3721 11
2548 3666 2649 3733 Qui
2681 3666 2834 3722 caelo
2862 3668 3028 3732 venit,
3059 3681 3226 3737 super
3259 3681 3450 3722 omnes
3477 3675 3581 3722 est.

2000 3753 2237 3809 Eandem
2291 3757 2598 3811 sententiam
2657 3757 2872 3827 repetit,
2919 3772 3074 3826 quant
3133 3754 3290 3825 paulo
3349 3757 3586 3824 superius

1997 3839 2153 3902 dixit,
2166 3841 2254 3907 qui
2268 3841 2540 3894 desursum
2558 3842 2708 3902 venit,
2729 3857 2885 3909 super
2897 3857 3074 3895 omnes
3085 3852 3159 3896 est
3178 3859 3196 3905 ;
3219 3857 3356 3895 nunc
3377 3843 3582 3905 iterum,

1999 3929 2088 3995 qui
2110 3931 2173 3980 de
2193 3928 2336 3980 caelo
2359 3931 2513 3992 venit,
2529 3946 2683 3998 super
2707 3946 2884 3982 onmes
2911 3939 3006 3983 est.
3026 3931 3227 3984 Eadem
3255 3933 3416 3986 verba
3437 3944 3583 3999 sunt,

1999 4025 2215 4084 praeter
2239 4019 2381 4084 quod
2405 4027 2512 4072 eet.
2553 4018 2588 4070 l.
2626 4017 2687 4070 51
2725 4025 2779 4071 et
2817 4018 3086 4086 aequalem
3114 4020 3280 4088 ipsius
3310 4036 3431 4076 esse

2068 4103 2181 4159 Col.
2219 4105 2324 4160 5‘29
2362 4107 2396 4160 l.
2444 4108 2508 4162 18
2543 4108 2636 4176 qui
2683 4108 2882 4177 accipit
2920 4108 3037 4175 ejus
3081 4110 3472 4176 testimonium,
3505 4114 3580 4166 si-

1997 4196 2198 4266 gnavit,
2229 4195 2353 4267 quia
2399 4197 2540 4253 Deus
2563 4212 2727 4253 verax
2768 4205 2870 4252 est.
2919 4197 2984 4252 Et
3026 4199 3152 4268 quid
3203 4210 3277 4254 est
3321 4203 3585 4272 signavit?

1997 4284 2109 4340 Hoc
2135 4295 2218 4339 est
2251 4287 2303 4340 in
2334 4287 2496 4342 corde
2533 4302 2632 4342 suo
2660 4294 2771 4342 cet.

2065 4377 2183 4432 Col.
2225 4377 2329 4433 550
2364 4378 2400 4431 1.
2439 4379 2474 4433 5
2510 4395 2575 4432 ea:
2601 4391 2876 4433 mensura.
2916 4376 2954 4432 1.
2994 4376 3064 4432 56
3089 4387 3145 4434 et
3175 4382 3397 4436 omnino
3437 4382 3580 4437 veri-

1997 4469 2123 4524 tatis
2150 4470 2496 4539 ignorantiae.

2063 4563 2178 4618 Col.
2219 4564 2317 4618 551
2362 4563 2398 4618 1.
2436 4562 2507 4618 28
2545 4563 2630 4617 lex
2671 4561 2814 4617 enim
2850 4562 3119 4618 neminem
3166 4563 3232 4618 ad
3282 4564 3584 4633 perfectum

387 4627 502 4713 ea.
543 4658 649 4712 512
686 4657 722 4710 l.
767 4656 834 4711 l5
883 4663 1045 4725 atque
1095 4655 1452 4727 intelligentia
1523 4657 1886 4725 prove/tentur.
1919 4627 1966 4689 (ἒ
1999 4655 2184 4721 duxit;
2214 4665 2261 4710 et
2290 4655 2416 4709 abiit
2449 4656 2638 4710 iterum
2678 4655 2734 4709 in
2777 4654 3093 4709 Galilaeam.
3137 4654 3172 4710 ι.
3211 4627 3583 4712 δείτοειιιαιε

315 4745 354 4800 1.
384 4747 454 4804 55
485 4761 704 4803 carnem
739 4759 879 4812 esse,
913 4745 1158 4817 quoniam
1179 4744 1310 4815 jam.
1360 4745 1396 4800 1.
1426 4747 1486 4800 41
1546 4747 1598 4799 in
1642 4748 1899 4817 mysteria

319 4838 781 4894 introductionem.

390 4928 506 4986 Col.
545 4931 649 4986 515
685 4930 721 4984 1.
763 4929 831 4986 18
869 4931 1068 4992 aratiae
1095 4925 1456 4998 baptismatis.
1480 4925 1518 4980 l.
1545 4927 1613 4983 18
1640 4926 1799 4984 Aliud
1820 4937 1899 4983 est

321 5033 460 5072 enim
467 5057 481 5072 .

391 5108 507 5165 Col.
541 5111 646 5165 514
681 5112 717 5166 Ι.
754 5113 828 5166 22
864 5111 962 5168 llic
997 5111 1142 5167 venit
1178 5109 1245 5164 ad
1286 5125 1403 5162 eum
1432 5117 1608 5164 nocte.
1647 5109 1684 5162 l.
1724 5109 1796 5164 25
1839 5111 1892 5166 in

324 5199 493 5272 ﬁgura
521 5203 900 5256 catecuminum
923 5204 1158 5272 ponitur.
1185 5201 1220 5254 Ι.
1243 5200 1315 5254 42
1346 5200 1542 5270 quibus
1573 5199 1896 5258 Nicodemus

322 5306 474 5346 orsus
497 5299 581 5344 est
604 5290 876 5345 Christum
899 5291 1115 5359 alloqui.

393 5383 508 5439 Col.
543 5382 648 5438 515
682 5383 719 5436 l.
760 5383 828 5437 15
860 5385 1012 5439 ἀνωθσ
1041 5397 1146 5436 non
1172 5381 1384 5451 legitur.

392 5472 507 5529 Col.
547 5474 652 5528 516
685 5474 721 5528 Ι.
760 5473 831 5529 25
864 5488 969 5529 non
997 5481 1175 5544 potest
1206 5472 1428 5527 introire
1449 5487 1502 5527 ιη
1530 5487 1750 5544 regnum
1777 5473 1894 5528 Dei.

325 5563 486 5621 Prius
514 5566 670 5632 dixit,
694 5582 797 5620 non
817 5575 979 5636 potest
1002 5565 1171 5620 ridere
1193 5580 1406 5634 regnum
1429 5563 1548 5630 Dei;
1571 5580 1709 5618 nunc
1724 5573 1898 5619 autem

323 5661 474 5730 quasi
515 5667 716 5714 mutate
744 5657 892 5714 verbo
923 5673 940 5711 :
980 5673 1080 5711 non
1117 5666 1278 5728 potest
1329 5656 1546 5711 introire
1583 5655 1636 5710 in
1686 5671 1897 5727 regnum

2000 4748 2168 4802 venit.

2070 4837 2187 4893 Col.
2228 4837 2333 4891 555
2369 4839 2404 4891 Ι.
2443 4839 2514 4893 22
2547 4838 2745 4894 dehinc
2773 4855 2935 4911 usque
2962 4839 3029 4894 ad
3053 4838 3243 4896 altare.
3275 4840 3311 4895 l.
3347 4842 3411 4898 51
3445 4843 3498 4898 in
3513 4845 3592 4899 ci-

1998 4927 2080 4996 pit
2102 4944 2135 4981 a
2170 4928 2431 5000 martyrio
2456 4928 2614 4985 Abel.
2643 4927 2681 4982 l.
2706 4928 2774 4983 45
2803 4930 3059 4999 appetitu.
3094 4928 3132 4984 1.
3163 4930 3225 4985 51
3258 4932 3498 4987 abierunt
3536 4935 3590 4988 in

2001 5021 2294 5076 civitatem.

2071 5108 2182 5164 Col.
2202 5108 2304 5164 551
2321 5109 2354 5162 1.
2370 5109 2442 5165 26
2457 5109 2667 5164 adorari
2690 5109 2855 5163 Deum
2874 5110 3154 5178 putabant.
3174 5110 3209 5162 l.
3231 5111 3294 5163 51
3314 5110 3588 5166 Christum

1999 5199 2036 5255 1.
2072 5202 2141 5257 55
2179 5202 2246 5256 de
2281 5203 2515 5256 humana
2551 5201 2919 5255 subslitulio’ne
2942 5198 3265 5271 Isensibilive
3303 5211 3583 5258 creatura.

2071 5293 2185 5348 Col.
2225 5293 2328 5348 553
2364 5293 2400 5346 l.
2439 5293 2511 5346 21
2543 5309 2646 5362 qua
2675 5307 2774 5362 ego
2805 5292 2959 5347 dabo.
3010 5291 3050 5346 1.
3081 5292 3151 5348 29
3195 5309 3300 5350 σιω
3327 5295 3470 5352 dabo
3510 5297 3585 5359 ei,

2001 5384 2094 5454 ﬁat
2128 5386 2180 5440 in
2212 5400 2298 5440 eo.

2072 5474 2188 5530 Col.
2227 5476 2332 5530 556
2370 5475 2407 5528 1.
2451 5475 2517 5530 16
2555 5474 2899 5530 habitudines
2926 5477 3290 5543 praetendunt.
3321 5477 3358 5532 1.
3386 5478 3456 5533 26
3485 5495 3580 5534 su-

2002 5566 2200 5638 periori
2231 5583 2285 5620 se
2321 5567 2479 5635 parti.
2524 5566 2558 5620 l.
2596 5565 2669 5622 29
2714 5566 3207 5638 quinquepertitum.
3259 5568 3295 5621 1.
3344 5568 3414 5624 44
3456 5571 3592 5641 quia.

2003 5670 2131 5712 vere
2162 5656 2366 5712 dixisti.
2404 5655 2440 5710 l.
2468 5655 2526 5712 5|
2570 5672 2762 5714 sensus
2793 5668 3076 5714 auctorum
3100 5669 3360 5718 variatur.
