2071 3148
262 134 330 163 124⁸1

262 221 437 256 quadraginta
451 219 584 254 perceptis
597 219 691 256 domus
704 225 768 256 _sii:_c_
791 221 883 250 portas
904 221 1043 256 revertens

262 251 379 291 Siigredi'r
389 251 480 291 veliet,
500 251 538 291 ac
558 261 613 287 prie
637 252 809 291 nilliliiudille.
830 251 1042 291 peregrinorum,

262 285 322 325 quia
345 290 380 316 ibi
404 285 565 325 fiditcialiter‘
580 294 654 313 more
672 287 752 325 solito
770 285 850 325 veiutr
864 285 903 311 ad
917 285 1044 325 horreum

262 320 403 352 éommune
418 322 591 353 confluxerat,
607 322 716 348 omnino
732 320 874 354 nequiret:
889 320 1043 354 misericorf

263 360 307 386 dia
325 362 412 385 motus
429 358 547 391 equestri
568 364 616 391 suo
633 356 762 391 [equestri
776 353 964 391 dispensatori
984 353 1044 391 suo]

262 393 362 423 retulit,
380 391 416 418 nil
431 388 488 418 sine
505 391 585 417 tantis
605 388 733 416 fratribus
757 389 782 415 in
805 388 915 415 tantillis
927 388 1046 416 denariis

263 428 313 455 sibi
323 434 383 454 esse
396 433 546 453 commune.
562 425 682 458 Cumque
704 424 746 450 ille
768 428 853 458 neque
870 423 955 450 tertiai
975 423 1046 458 parti

263 469 409 497 pauperum
425 460 543 497 singulos
556 456 680 497 denarios
691 465 778 497 posse
797 456 921 497 sufﬁcere
943 456 1047 485 infulis-

263 493 356 528 setfin
369 493 479 526 virtute,
490 495 623 528 inquiens,
635 493 744 524 Christi,
760 493 803 527 qui
817 493 849 519 de
868 493 986 526 quinque
1002 501 1047 527 pa-

263 531 341 558 nibus
362 535 389 556 et
408 530 511 556 duobus
528 527 649 563 piscibus
670 527 888 563 quinquermillia
910 528 1047 563 hominum

263 565 382 596 satiavit,
399 572 452 591 non
471 562 583 598 singulis
602 563 731 597 singulos,
755 562 913 598 sedgtcruos
936 562 1048 595 singulis

264 600 390 627 denarios
407 596 533 634 erogabo.
560 598 592 624 Et
615 596 671 624 hzec
686 597 786 634 dicens,
802 596 950 634 forinsecus
964 602 1048 630 porta:

264 635 420 665 succedens,
436 631 469 660 ac
479 633 512 659 de
527 639 607 659 manu
620 632 754 665 equestris
774 631 814 657 sui
831 631 990 664 suscipiens,
1004 639 1050 666 pe-

263 669 379 704 regrinis
398 666 726 704 cunctisegredientibus
741 670 830 704 ternos
854 665 988 704 sigillatim
1004 665 1050 692 de-

264 701 354 730 narios
366 701 539 737 erogavitJn
555 709 607 735 qua
626 701 818 737 redundatione
833 708 893 737 eum
907 701 1050 737 miraretur

264 743 389 772 equester
402 735 453 764 non
467 736 556 772 solum
570 743 621 762 non
635 735 765 772 defecisse
781 735 915 772 denarios,
929 735 1049 772 qiiiniipo

263 769 437 806 superfuisse,
457 770 802 806 liberalispresliyler,qui
825 774 983 803 supererant
1003 769 1050 806 dc-

264 804 336 834 miim
353 807 494 841 recipiens,
510 805 672 841 multitudini
693 804 876 841 familiazsme
897 808 987 841 ternos
1007 804 1048 830 ni-

264 838 417 869 hilominus'
428 840 589 874 personatim
612 847 734 874 nummos
749 839 860 872 largitus
874 843 923 865 est.
941 838 975 874 At
988 846 1048 865 cuin

263 883 311 903 sex
325 876 416 903 itidem
429 873 627 910 superessent,
637 873 731 910 Vides,
744 874 838 910 inquit,
853 880 938 910 quam
958 873 1049 910 largus

262 915 289 938 et
300 918 379 945 quam
394 907 484 936 suavis
508 910 542 936 sit
556 908 833 945 omnipotentissimus
853 907 1050 945 Donii_nus,_qui

262 942 501 980 quadragenariam
514 943 689 980 quantiiatem
702 949 872 980 nummorum
884 946 911 968 et
923 942 1051 980 fratribus

263 977 423 1014 riostris’per
438 977 528 1005 ternos
541 977 684 1014 distribuit,
701 981 728 1005 et
751 977 816 1004 mihi
833 981 934 1008 ternos,
950 977 1051 1012 tibique

264 1018 355 1041 ternos
368 1013 442 1047 aequa
455 1017 527 1039 sorte
539 1013 666 1039 servavit.

297 1049 362 1075 Erat
372 1046 502 1082 pricterea
519 1051 600 1082 tant:e_
612 1046 847 1082 liospitalitatisre‘t
861 1046 1003 1081 largitatis,
1020 1050 1051 1082 nt

262 1090 314 1110 non
335 1080 469 1109 immerito
490 1082 567 1108 beato
587 1080 637 1107 Job
660 1083 685 1107 in
711 1082 753 1108 his
776 1081 863 1107 valeat
877 1080 1048 1114 comparari;

263 1125 323 1144 nam
337 1117 370 1143 ab
381 1116 493 1144 infantia
505 1116 589 1143 crevit
603 1123 662 1143 cum
677 1124 709 1143 eo
724 1116 871 1144 miseratio.
887 1120 912 1142 ct
925 1117 957 1142 de
973 1120 1050 1142 utero

264 1152 358 1179 matris
369 1159 430 1179 cum
445 1151 502 1185 ipso
513 1157 620 1186 egressa
631 1156 672 1177 est
683 1150 743 1184 (Job
755 1150 838 1186 xxxi).
854 1149 1051 1186 Nonrdespicic-

263 1187 309 1214 hat
327 1185 553 1221 praetereuntem,
566 1192 598 1221 eo
613 1186 683 1219 quod
702 1193 754 1221 non
779 1185 889 1221 haberet
910 1185 1051 1221 indumen-

262 1218 334 1253 tum,
343 1220 419 1254 cujus
434 1220 517 1247 latera
528 1218 654 1246 nimirum
672 1220 762 1246 ovium
780 1219 956 1246 calefaciebat
970 1218 1050 1246 velle-

261 1256 348 1287 ribus,
363 1263 412 1282 nce
423 1255 569 1286 huccellam
584 1254 691 1288 quidem
710 1261 785 1280 suam
798 1254 956 1281 comedebat
967 1254 1048 1286 solus,

262 1298 321 1317 cum
334 1291 403 1317 hanc
416 1297 476 1316 cum
492 1289 598 1324 pupillis
614 1292 641 1315 et
661 1289 752 1324 egenis
766 1289 928 1316 coniederct.
947 1288 1050 1324 Quippe

260 1325 306 1358 qui
325 1324 418 1352 oculus
433 1323 504 1351 esset
524 1331 604 1354 careo,
628 1328 656 1350 et
681 1323 727 1358 pes
749 1324 918 1358 probabatur
933 1323 1050 1351 existere

260 1357 364 1390 claudo,
393 1363 421 1386 et
444 1362 474 1385 ut
496 1358 604 1392 scriptis
630 1357 757 1385 virtutum
781 1357 850 1392 ejus,
867 1357 1050 1391 multiplicitas

260 1389 403 1424 referatur,
419 1397 496 1427 pater
511 1389 569 1420 erat
582 1400 726 1427 pauperum
739 1396 766 1419 et
780 1389 869 1419 cordis
882 1389 969 1419 viduie
983 1400 1048 1419 con-

260 1428 371 1456 solator.
398 1427 501 1455 Ostiuin
526 1427 584 1462 ejus
608 1427 755 1453 viatoribus
776 1427 895 1462 patebat,
922 1434 972 1462 nec
991 1432 1051 1454 erat

260 1462 350 1502 ciausa
370 1462 452 1502 janiia
474 1461 570 1502 donius
589 1462 673 1502 ipsius
690 1461 827 1502 quidpiam
852 1461 1050 1502 postulantibus

260 1498 293 1525 ab
309 1505 352 1529 eo,
368 1502 397 1524 ut
411 1497 445 1523 ab
460 1497 532 1524 omni
548 1496 664 1523 clericali
678 1497 772 1531 gradu,
790 1497 824 1523 ab
843 1496 916 1523 omni
939 1501 1048 1523 senato-

908 118 1082 148 ADlilA'NUS
1099 122 1186 151 PAPA
1206 123 1237 152 ιι.

262 194 277 214 a
293 184 462 214 sanctissimo
476 190 542 219 papa
556 182 651 218 Sergio
663 180 917 210 constietuilinaliter
927 181 1044 209 denariis
1058 182 1082 212 Α
1096 182 1250 219 impositum
1261 177 1669 219 praecedeniibusIaxiomaticls,
1677 181 1706 206 et
1719 186 1734 207 s

1064 853 1086 883 B

260 1522 352 1564 iioféi
364 1522 712 1566 popularicoiicordissiiiio
725 1522 806 1562 cwiii,
821 1531 891 1566 sicut
904 1522 965 1565 post
977 1522 1049 1558 mor-
1062 1522 1084 1553 Ο

259 1571 314 1594 tem
337 1565 412 1602 papa:
427 1566 525 1594 Leonis
542 1566 585 1598 ιν,
608 1566 644 1592 ita
660 1569 721 1600 post
734 1566 835 1602 obitum
856 1565 994 1602 Benedicti
1016 1566 1049 1602 lli

259 1600 395 1637 pontificis
415 1601 507 1637 subire
528 1608 661 1637 summum
677 1600 919 1637 pontificiiim,rnis_i
937 1601 993 1634 ipse
1007 1600 1048 1627 di-

259 1635 344 1664 versis
355 1636 523 1672 argumentis
538 1640 565 1663 et
579 1636 720 1670 exquisitis
743 1635 960 1672 egensationibus
975 1643 1051 1672 vere-

259 1672 347 1699 cunde
358 1670 574 1706 subterfiigisset,
590 1675 741 1706 cogeretur,
756 1670 809 1706 Sed
822 1678 882 1697 cum
891 1670 1049 1706 apostolicae

260 1706 398 1734 memoriae
420 1704 606 1733 sanctissimus
627 1704 695 1740 papa
719 1704 843 1732 Nicolaus
861 1705 940 1731 rebus
953 1712 1049 1732 exces-

261 1741 342 1768 sisset
353 1741 488 1772 humanis,
502 1745 529 1767 et
546 1740 597 1766 iste
612 1740 852 1773 imprazsentiarum
875 1739 955 1766 tertio
970 1740 1048 1773 quin-

259 1779 316 1802 tum
336 1779 364 1802 et
388 1775 546 1809 vigesimum
571 1772 679 1809 annum
696 1772 835 1806 transiret,
857 1781 951 1801 omnes
975 1772 1050 1801 urbis

259 1810 387 1837 Romanae
401 1809 525 1835 concives
537 1808 617 1838 simul
630 1813 657 1834 et
675 1808 700 1834 lii
715 1816 783 1842 quos
803 1809 971 1835 extrinsecus
987 1813 1050 1835 tunc

259 1844 355 1870 adesse
369 1843 529 1877 contigerat,
548 1846 601 1868 tam
620 1849 751 1876 pauperes
771 1850 851 1876 quam
868 1842 974 1877 divites,
995 1847 1049 1869 tam

258 1877 392 1905 clericalis
406 1876 472 1904 ordo
492 1884 574 1912 quam
588 1881 713 1912 etinctum
727 1877 817 1912 populi
833 1876 939 1911 vulgus,
961 1878 1050 1904 omnis

258 1912 362 1940 scilicet
386 1912 483 1944 aetatis,
510 1911 685 1946 professionis
707 1911 864 1947 etVSexus,
888 1912 1049 1947 contemptis

258 1948 384 1975 omnibus
399 1947 457 1981 ejus
475 1946 692 1974 excusationibus
714 1946 861 1974 Adriaiium
884 1946 1047 1980 desiderant,

258 1983 406 2010 Adrianum
420 1982 477 2009 dari
494 1981 543 2009 sibi
557 1981 700 2043 praesulem
715 1989 746 2008 ac
761 1987 895 2016 pastorem
909 1986 1048 2016 exoptant.

258 2017 405 2043 Nullusque
419 2017 445 2043 in
464 2017 545 2043 totius
583 2017 637 2043 rbis
651 2017 815 2043 amplissimo
830 2016 915 2043 soatio
928 2021 1048 2043 rcoertus

258 2017 405 2052 Nullusque
419 2017 445 2044 in
464 2017 545 2044 totius
557 2016 637 2043 Urbis
651 2017 815 2051 amplissimo
830 2016 915 2051 spatio
928 2021 1050 2052 repertus

258 2056 309 2085 est,
325 2051 376 2079 nisi
394 2052 435 2078 vel
452 2060 490 2082 se,
509 2052 551 2078 vel
571 2059 648 2078 suum
668 2058 801 2085 quemque
823 2051 932 2085 provehi
949 2051 1049 2078 voluis-

258 2092 309 2118 set.
326 2088 371 2121 qui
396 2094 448 2114 non
469 2087 614 2121 Adrianuui
635 2086 786 2120 promoveri
806 2086 838 2112 ad
867 2087 919 2113 hoc
943 2086 1048 2121 culmen

258 2120 411 2150 medullitus
432 2125 579 2156 exoptaret.
600 2120 729 2148 Proceres
744 2128 819 2152 vero,
835 2120 896 2147 licet
915 2120 1002 2148 soluto
1021 2122 1048 2148 in

258 2157 326 2184 duas
340 2162 429 2192 partes
443 2163 556 2192 corpore
580 2156 734 2192 viderentur
754 2163 813 2192 esse
826 2155 915 2192 divisi,
931 2163 987 2192 una
1006 2160 1048 2183 ta-

257 2199 318 2219 men
336 2189 434 2223 iiiciite,
450 2189 564 2225 parique
585 2190 657 2217 circa
682 2190 753 2218 hunc
775 2189 923 2223 flagrabant
941 2191 1047 2223 ardore,

257 2227 384 2261 quoniam
399 2234 508 2261 causam
521 2225 659 2253 divisionis
675 2233 768 2261 eorum
787 2225 891 2261 nonnisi
908 2225 1005 2261 nimius
1022 2226 1047 2261 in

259 2259 361 2288 tantum
382 2261 469 2287 virum
493 2259 609 2287 faciebat
630 2260 769 2286 charitatis
783 2259 904 2292 affectus,
926 2259 988 2286 dum
1009 2260 1049 2287 sic

257 2296 387 2323 alterutra
407 2303 469 2330 pars
494 2295 543 2321 sibi
565 2294 822 2330 pneferrirgestii'et,
839 2299 868 2321 ut
886 2295 908 2322 si
927 2295 998 2322 hunc
1010 2295 1049 2321 al-

258 2335 316 2357 tera
342 2329 415 2364 pars,
429 2329 567 2364 deligeret,
590 2336 660 2364 pars
675 2329 758 2356 altera
781 2330 886 2364 penitus
901 2330 1046 2362 dubitaret,

258 2372 308 2392 nec
321 2362 379 2399 erat
401 2364 436 2399 ibi
451 2362 526 2398 [ulla]
543 2362 617 2399 parti
636 2362 862 2399 tiltei-irrcti’nendi
878 2363 965 2399 [form
981 2366 1047 2391 reti-

257 2397 346 2434 cetidi]
369 2397 501 2434 voluiiias,
524 2397 574 2424 nisi
598 2397 659 2431 quia
682 2398 842 2434 opinabatur
863 2397 927 2434 εἶιιιι
948 2406 994 2425 sua
1019 2399 1046 2426 in

257 2432 346 2460 alium‘
365 2437 426 2459 vota
453 2432 577 2466 dirigere,
598 2432 745 2465 pi'aescrtiiii
768 2438 828 2459 cuin
854 2432 928 2459 multi
954 2441 1046 2460 mona-

257 2469 381 2499 chorum,
399 2467 520 2502 plerique
541 2466 725 2502 religiosorum
748 2467 917 2494 sacerdotum
936 2475 968 2495 ac
983 2469 1046 2496 fide-

256 2503 321 2530 lium
350 2503 480 2529 laicorum
505 2501 609 2529 caelitus
636 2501 742 2529 emissis
767 2501 933 2535 visionibus,
963 2504 1046 2531 multo

252 2538 308 2572 jam
325 2542 443 2572 tempore
463 2536 608 2564 Ailrianiim
622 2536 740 2564 futurum
755 2537 917 2571 pontificem.
933 2546 984 2565 non
1002 2547 1046 2565 so-

256 2574 312 2600 lutn
334 2581 386 2601 non
411 2573 575 2604 dubitarent,
598 2579 690 2598 verum
712 2572 792 2598 etiam
815 2573 915 2607 apertis
935 2573 1045 2601 vocibus

255 2608 464 2643 proelamarent.
475 2607 557 2643 rliiter
568 2614 635 2643 quos
650 2607 757 2643 quidam
777 2606 923 2634 Adrianum
940 2609 965 2635 in
982 2609 1044 2635 sede

257 2642 403 2678 apostolica
429 2642 509 2677 pallio
532 2642 650 2668 humeris
663 2642 785 2678 obducto
796 2643 953 2678 reclinatum
975 2643 1047 2678 vidc-

255 2676 339 2710 baiit;
355 2677 400 2704 alii
418 2676 479 2703 eum
496 2684 554 2703 cum
567 2676 721 2711 apostolicis
745 2676 836 2704 infulis
856 2687 871 2702 ll
884 2677 950 2704 issas
974 2677 1045 2705 cele-

255 2714 389 2740 brantem.
404 2711 528 2739 Nonnulli
548 2719 622 2739 more
643 2712 789 2745 apostolico
812 2712 838 2738 in
861 2711 973 2739 basilica
996 2712 1045 2739 La-

254 2747 390 2774 teranensi
408 2754 509 2782 aureos
526 2753 646 2780 erogare.
669 2745 793 2782 Plerique
818 2747 844 2774 in
867 2754 946 2780 eituo,
968 2747 1045 2781 cujus

253 2782 373 2808 sessione
388 2781 573 2808 sanctissimus
585 2788 652 2814 papa
667 2781 792 2808 Nicolaus
804 2782 837 2808 ad
857 2787 977 2809 sanctum
994 2783 1044 2810 Pe-

254 2821 325 2842 trum
337 2823 450 2851 pergens
465 2822 528 2842 usus
541 2815 634 2848 fuerat,
648 2823 710 2843 eum
728 2824 789 2843 cum
805 2816 950 2850 pontificali
963 2818 1043 2853 pallio

1820 130 1901 168 ms.

1096 213 1167 244 tibiis
1181 213 1291 249 reliquis
1304 215 1388 241 turbis
1403 214 1429 240 in
1445 213 1539 241 urbem
1557 214 1655 246 redire,
1674 213 1892 249 patriarchium-

1115 259 1148 278 ue
1161 248 1250 278 subire
1263 253 1468 282 conspexerant.
1482 249 1580 276 Verum
1594 249 1639 275 ubi
1660 248 1831 276 evidentibus
1847 251 1892 276 in-

1115 260 1148 278 ue
1161 260 1250 278 ςιιυιτε
1263 260 1468 282 conspexerant.
1487 260 1580 276 VCI'UIII
1594 260 1639 275 uut
1660 260 1831 276 CVIUCIIIIUIIS
1847 260 1892 276 ΙΙΙ·

1096 260 1173 313 ἓὶεῖίε
1188 285 1260 311 hunc
1274 284 1397 311 eumdem
1412 288 1525 318 utraque
1545 283 1616 317 diligi
1637 283 1745 318 claruit,
1772 288 1849 311 tanta
1866 285 1893 312 in

1096 328 1157 347 eum
1175 319 1263 346 unitas
1278 324 1305 346 et
1317 318 1468 345 animorum
1484 317 1511 345 et
1522 325 1664 351 corporum
1681 317 1740 349 fuit,
1758 323 1787 345 ut
1805 327 1892 346 unum

1097 355 1123 381 in
1146 355 1192 381 eis
1211 361 1274 388 erga
1304 353 1427 388 eumdem
1454 352 1571 388 Domini
1585 353 1755 388 sacerdotem
1779 361 1839 385 cor,
1865 359 1894 381 et

1097 397 1167 416 unus
1181 385 1292 423 spiritus
1306 385 1395 414 inesse
1408 387 1534 423 omnibus
1549 386 1700 423 videretur;
1716 387 1751 413 ita
1774 393 1805 414 ut
1822 389 1892 422 lapis

1098 420 1252 458 angulai‘is,
1282 423 1355 449 salva
1383 421 1532 458 reverentia
1559 420 1755 458 JesuACliristi
1781 420 1892 450 Domini

1098 456 1202 489 nostri,
1225 456 1429 492 quodammodo
1446 457 1530 490 possit
1551 456 1652 483 vocari.
1679 456 1813 490 Quoniam
1842 466 1894 491 per

1098 493 1290 523 ostensionem,
1306 492 1360 518 imo
1371 491 1560 525 profectionem
1575 498 1663 518 suam.
1679 491 1787 518 solvens
1802 492 1893 519 inimi-

1100 528 1178 555 citias
1192 527 1325 558 corilium,
1340 526 1402 553 fecit
1419 531 1534 560 utraque
1552 533 1645 552 unum.
1662 526 1790 553 Collectis
1806 527 1892 560 igitur

1099 562 1224 589 omnibus
1238 565 1293 588 tam
1308 561 1441 595 episcopis
1461 568 1523 587 cum
1544 560 1671 587 universo
1694 561 1783 592 clero,
1807 570 1892 595 quam

1099 597 1264 631 primoribus
1281 595 1356 622 urbis
1368 603 1427 631 cum
1442 595 1689 631 obsecundantibus
1702 596 1751 622 sibi
1772 597 1890 631 populis,

1100 629 1134 658 ab
1145 631 1256 658 ecclesia
1273 635 1373 658 sancta:
1385 630 1429 656 Dei
1445 629 1589 665 Genitricis
1603 637 1763 664 semperque
1772 629 1893 665 Virginis

1101 666 1202 698 Maria),
1223 673 1282 699 qua:
1295 665 1454 699 appellatur.
1473 664 1512 690 Ad
1532 671 1662 698 przcscpe,
1690 665 1808 699 rapitur,
1837 671 1894 692 tra-

1101 700 1174 727 hitur
1184 719 1191 732 ,
1212 705 1240 727 et
1252 701 1286 727 ad
1298 699 1478 726 Lateranense
1490 699 1686 732 patriarchiiiin
1701 700 1838 731 certatim,
1857 708 1892 728 ac

1100 742 1242 770 procerum
1262 739 1290 761 et
1314 734 1407 770 plebis
1425 733 1597 770 multitudine
1621 733 1788 770 deportatur.
1811 735 1892 768 Quod

1101 767 1241 796 audientes
1256 767 1322 796 tunc
1335 768 1409 795 missi
1433 767 1562 802 principis
1584 767 1697 795 moleste
1718 770 1801 796 tulere
1813 767 1831 799 ,ί
1849 770 1893 796 in-

1101 805 1204 839 dignati
1231 803 1334 831 scilicet
1359 803 1509 839 non_quod
1538 807 1642 839 tantum
1662 803 1748 839 virum
1788 804 1893 831 nollent

1100 837 1270 873 pontificem,
1290 846 1370 872 quem
1400 837 1526 864 nimirum
1550 837 1633 873 anxie
1655 838 1817 873 cupiebant,
1841 840 1890 866 sed

1100 871 1172 908 quod
1196 881 1234 905 se,
1250 871 1313 900 dum
1330 876 1476 906 praascntes
1490 876 1591 908 essent,
1618 871 1736 904 Quirites
1752 881 1804 899 non
1822 873 1891 900 invi-

1102 907 1227 939 taverint,
1253 915 1302 935 nec
1316 911 1413 941 optata:
1429 914 1442 933 a
1466 914 1495 934 se
1509 907 1590 932 futuri
1616 907 1738 940 praesulis
1762 908 1890 935 elcctioni

1102 943 1231 970 interesse
1259 943 1452 968 consenserint.
1481 942 1529 973 Qui
1550 946 1660 974 acet-pta
1683 943 1798 974 ratione,
1812 944 1888 976 quod

1101 985 1154 1004 non
1175 977 1287 1012 Augusti
1304 985 1383 1012 causa
1399 981 1578 1012 contemptus,
1595 977 1641 1002 sed
1658 976 1738 1002 fittiiri
1758 978 1890 1011 temporis

1102 1013 1152 1039 hoc
1172 1010 1300 1038 Onlis'siiin
1324 1010 1403 1037 fuerit
1417 1011 1525 1036 niiiiiiiio
1540 1015 1691 1044 prospectu,
1707 1019 1738 1038 ne
1759 1010 1889 1038 videlicet

1101 1046 1363 1082 legatos-priiicipitin
1374 1047 1397 1071 in
1411 1045 1540 1082 i-loi'tioiic
1550 1045 1727 1082 Romanorum
1739 1047 1888 1082 ttimsuliim

1101 1079 1159 1109 mos
1171 1079 1342 1115 exs-pertaiidi
1358 1089 1403 1114 per
1418 1079 1567 1111 liiijiisiiiodi
1582 1080 1693 1106 fomitem
1710 1081 1884 1112 iiiolcsccret,

1101 1124 1208 1144 omnem
1222 1123 1277 1142 sua:
1299 1115 1396 1142 mentis
1411 1115 1620 1147 indignationem
1637 1115 1786 1141 medullitus
1804 1116 1889 1141 seda-

1101 1158 1174 1183 vere,
1188 1158 1220 1177 ac
1234 1150 1267 1177 ad
1280 1149 1450 1177 salutandum
1461 1149 1577 1176 electum
1590 1149 1670 1176 etiam
1682 1149 1732 1183 ipsi
1743 1150 1890 1177 humiliter

1101 1193 1251 1214 accessere.

1135 1220 1256 1254 Cumque
1270 1219 1464 1254 patriarcliium
1491 1219 1673 1246 Laterancnse
1698 1219 1887 1250 ascenderem,

1101 1259 1181 1289 atque
1208 1255 1421 1285 descenderent,
1452 1255 1534 1281 tantis
1561 1254 1727 1281 clamoribus
1754 1255 1889 1282 universas

1101 1288 1186 1324 plebis
1198 1309 1205 1322 ,
1229 1294 1259 1315 ut
1271 1289 1321 1315 sibi
1335 1289 1380 1315 diu
1396 1289 1561 1324 desideratus
1574 1288 1614 1315 vir
1628 1289 1662 1315 ad
1676 1290 1886 1316 consecrandum

1101 1324 1211 1351 daretur
1237 1323 1402 1350 clamitantis
1415 1323 1517 1351 obsessi
1533 1328 1606 1355 stitit,
1631 1328 1661 1349 ut
1683 1324 1772 1350 nullus
1796 1332 1886 1351 eorum

1100 1359 1234 1393 loquentis
1259 1366 1349 1385 secum
1375 1358 1484 1392 collegic
1504 1359 1550 1393 sui
1568 1358 1649 1385 verba
1673 1363 1764 1391 posset
1785 1360 1885 1386 audire.

1101 1392 1165 1420 Erat
1187 1393 1258 1420 enim
1283 1401 1395 1421 cernere
1423 1392 1542 1427 singulos
1568 1393 1641 1419 circa
1671 1394 1886 1421 consecrandum

1100 1428 1254 1461 pontificem
1269 1431 1372 1455 tantam
1398 1427 1549 1454 dilectionis
1569 1427 1714 1454 efficaciam
1740 1429 1886 1462 possidere,

1101 1467 1229 1496 quantam
1247 1469 1307 1497 nec,
1317 1462 1435 1493 vidisse,
1459 1469 1508 1488 nec
1535 1462 1655 1488 visurum
1680 1470 1797 1495 unquam
1828 1464 1888 1497 quis

1100 1497 1272 1525 aestimasset.
1296 1496 1416 1531 Denique
1438 1504 1533 1524 omnes
1551 1497 1621 1523 hunc
1646 1498 1772 1524 certatim
1797 1506 1887 1525 coram

1100 1532 1201 1559 eisdem
1218 1531 1311 1566 legatis
1329 1539 1423 1566 rapere
1436 1551 1444 1563 ,
1468 1537 1494 1558 et
1509 1531 1541 1558 ad
1557 1539 1692 1559 summum
1716 1532 1888 1566 pontificatus

1100 1567 1203 1601 apicem
1224 1566 1423 1601 provehendam
1446 1567 1563 1598 trahere,
1578 1574 1609 1593 ac
1624 1566 1705 1593 anxie
1732 1567 1888 1595 nitebantur

1099 1600 1283 1636 portare,'nisi
1305 1600 1441 1628 blanditiis
1464 1606 1640 1633 senatorum,
1659 1606 1686 1628 et
1707 1602 1827 1629 consiliis
1840 1603 1887 1629 ali-

1100 1635 1258 1670 quantulum
1274 1636 1358 1662 sedati
1381 1635 1504 1663 fuissent.
1532 1636 1650 1669 Quorum
1676 1637 1795 1663 omnium
1822 1646 1885 1663 uua-

1100 1670 1232 1697 nimitatis
1246 1670 1408 1698 desiderium
1425 1671 1535 1697 audiens
1552 1671 1701 1698 Ludovicus
1711 1670 1886 1698 Christianis-

1100 1705 1185 1732 simus
1206 1706 1362 1739 iinperator,
1379 1713 1545 1740 cognoscens
1568 1706 1648 1733 etiam
1674 1706 1789 1740 qualiter
1803 1707 1829 1733 in
1853 1715 1885 1734 eo

1100 1739 1239 1767 decretum
1254 1742 1309 1767 suis
1325 1739 1564 1775 subscriptionibus
1589 1741 1794 1772 roborat-erunt,
1809 1742 1887 1768 valde

1100 1775 1208 1808 gavisus
1220 1779 1271 1802 est.
1292 1774 1325 1801 Et
1347 1779 1375 1801 ut
1391 1774 1482 1802 tantus
1500 1776 1602 1802 Domitii
1623 1775 1755 1806 famulus.
1771 1777 1888 1803 cunctis-

1100 1807 1152 1843 que
1167 1810 1296 1845 gentibus
1307 1809 1431 1837 videlicet
1444 1807 1497 1837 tam
1517 1810 1661 1840 Romanis,
1680 1818 1758 1844 quam
1771 1811 1886 1838 diversis

1101 1844 1212 1879 advenis
1223 1844 1392 1871 desideratus
1405 1850 1431 1871 et
1446 1844 1629 1872 desiderabilis
1641 1844 1798 1872 Christiana:
1813 1846 1886 1879 plebi

1100 1878 1282 1915 praeficeretur
1293 1879 1446 1907 medullitus
1459 1880 1595 1914 exoptavit
1614 1888 1621 1905 :
1639 1885 1667 1906 et
1684 1888 1744 1907 mox
1760 1878 1887 1915 imperia—

1101 1914 1152 1940 lem
1169 1914 1291 1941 scribens
1302 1915 1442 1950 epistolam
1453 1919 1587 1950 ,SllllClOS
1603 1915 1738 1941 Romanos
1761 1914 1833 1950 quod
1847 1916 1889 1942 di-

1101 1956 1182 1983 gnum
1197 1953 1271 1975 tanto
1287 1949 1431 1983 elegissent
1445 1949 1532 1977 ofﬁcio
1544 1950 1685 1984 praesulem
1703 1950 1866 1977 collaudavit
1878 1972 1886 1981 ,

1101 1990 1150 2019 per
1164 1991 1244 2018 quam
1265 1984 1390 2011 videlicet
1411 1984 1534 2019 innotuit,
1553 1984 1615 2011 nulli
1632 1985 1768 2019 quidpiam
1785 1987 1887 2019 pneiiiii

1102 2015 1158 2054 fore
1172 2015 1204 2045 cx
1218 2020 1419 2046 consecratione
1435 2015 1518 2052 ipsius
1539 2015 1649 2054 quoquo
1662 2015 1741 2047 modo
1761 2015 1888 2053 pollicen-

1101 2053 1174 2088 dum,
1197 2061 1257 2080 cum
1273 2054 1329 2087 ipsc
1343 2054 1413 2081 hanc
1428 2062 1478 2080 non
1503 2053 1612 2081 suorum
1638 2056 1825 2088 suggestione,
1841 2056 1888 2082 sed

1101 2087 1283 2124 Iiomaiiorum
1295 2089 1383 2123 potius
1400 2088 1575 2124 unanimitate
1589 2087 1740 2117 commotus
1756 2091 1887 2116 ardentis-

1101 2121 1168 2158 sime
1190 2121 1303 2158 cuperet
1323 2121 1615 2157 provenirc.’Maxime
1640 2132 1701 2150 cum
1725 2125 1801 2151 redili
1827 2132 1887 2158 qum

1101 2156 1188 2184 ablata
1206 2156 1329 2190 fuerant,
1343 2166 1395 2185 non
1411 2159 1509 2185 auferri
1522 2159 1555 2185 ab
1567 2158 1686 2185 Ecclesia
1701 2156 1886 2190 Romanajvcl

1063 2195 1087 2224 1)
1101 2191 1223 2226 deperire
1236 2193 1372 2227 quidpiam
1384 2201 1412 2220 se
1424 2194 1524 2221 diceret
1535 2201 1634 2220 amare.
1647 2193 1740 2228 itaque
1756 2193 1885 2226 Sabbato,

1101 2227 1218 2263 peractis
1240 2228 1290 2254 rite
1314 2229 1492 2260 orationibus,
1517 2228 1625 2262 vigiliis,
1645 2233 1673 2255 et
1695 2227 1884 2263 eleeinosynis,

1102 2262 1241 2288 Dominico
1253 2263 1400 2290 secundum
1418 2271 1518 2290 morem
1536 2263 1606 2289 idem
1620 2264 1780 2290 venerabilis
1796 2262 1885 2290 sziCer-

1100 2295 1149 2323 dos
1170 2297 1203 2323 ab
1218 2297 1393 2324 universitate
1416 2297 1448 2324 ad
1464 2297 1604 2325 ecclesiam
1619 2298 1707 2325 sancti
1722 2298 1793 2325 Petri
1817 2306 1880 2331 apo-

1100 2331 1230 2358 stolorum
1255 2332 1383 2366 principis
1410 2332 1540 2359 deductus
1564 2341 1610 2359 xtx
1637 2332 1812 2359 Kalendarum
1835 2332 1880 2359 λιιι

1100 2366 1256 2402 nitariarum
1285 2367 1376 2393 indici.
1404 2368 1511 2401 prima,
1545 2375 1617 2394 anno
1643 2368 1744 2402 prmfati
1766 2367 1879 2400 Augusti

1099 2400 1204 2437 decimo
1219 2409 1356 2437 nono,pcr
1367 2402 1506 2437 episcopos
1521 2400 1764 2433 reverendissimos,
1778 2402 1882 2428 scilicet

1100 2434 1207 2462 Petrum
1231 2434 1392 2468 Gavcnsctn,
1410 2434 1525 2463 Leo—nem
1550 2437 1629 2464 Silva:
1645 2437 1769 2467 candidm,
1785 2437 1884 2463 deinde.

1101 2471 1180 2506 iertio
1195 2470 1256 2506 loco
1270 2471 1400 2498 Donatum
1415 2471 1577 2503 Ostiensem,
1594 2473 1655 2506 quia
1669 2472 1810 2506 episcopus
1834 2472 1884 2498 Al-

1099 2503 1225 2543 baiieiisis
1234 2505 1504 2543 (ὶζιίθι-ίιι,Ἐοι“ιιιοβιιδ
1513 2514 1577 2543 vero
1593 2503 1746 2543 PortueiiSis
1756 2503 1771 2532 ἐι
1784 2506 1887 2543 beatis-

1100 2539 1168 2575 simo
1189 2539 1297 2568 Nicolao
1322 2542 1355 2568 ad
1384 2542 1601 2575 pratilicalionem
1627 2546 1655 2569 et
1681 2542 1886 2569 instructionem

1100 2573 1272 2608 Bulgarorum
1302 2573 1449 2603 destinatus
1478 2577 1639 2608 exstiterat,
1671 2577 1886 2603 benedictionem

1099 2610 1195 2636 summi
1209 2610 1378 2644 pontificatus
1398 2612 1430 2638 ad
1451 2612 1660 2639 consolationem
1679 2612 1804 2638 videlicet
1817 2611 1887 2638 inul-

1100 2647 1185 2670 torum
1197 2650 1297 2672 SttllCL‘B
1312 2645 1358 2672 Dei
1374 2646 1499 2673 Ecclesia:
1511 2646 1637 2678 filiorum,
1651 2647 1696 2680 qui
1711 2646 1889 2674 factiosorum

1099 2679 1240 2712 tyrannide
1256 2680 1366 2707 liberius
1381 2681 1459 2708 solito
1473 2682 1599 2708 saeviente
1610 2679 1679 2708 inter
1696 2682 1776 2708 unius
1792 2683 1889 2708 deces-

1097 2714 1200 2750 sionem
1216 2720 1243 2742 et
1258 2716 1369 2743 alterius
1389 2716 1605 2744 substitiitionem
1621 2717 1758 2750 pontiticis
1773 2716 1890 2743 diversis

1097 2749 1245 2810 agebantur
1255 2750 1369 2782 exsiliis,
1386 2751 1520 2786 variisque
1533 2749 1717 2779 adiciebantur
1740 2751 1892 2778 incommo-

1097 2784 1113 2810 d
1125 2791 1149 2810 s.
1165 2785 1301 2810 stlscinere
1323 2786 1421 2810 meruit
1438 2787 1463 2810 in
1484 2787 1592 2810 nomine
1608 2786 1722 2810 Domitii.

1096 2784 1149 2820 dis,
1165 2785 1301 2820 suscipere
1323 2786 1421 2813 meruit
1438 2787 1463 2812 in
1478 2784 1592 2813 homine
1608 2786 1722 2812 Domini.

1132 2818 1269 2854 Siquidem
1285 2821 1317 2847 ad
1331 2821 1514 2848 celebritatem
1530 2823 1618 2848 missa:
1630 2821 1713 2854 ipsius
1729 2825 1781 2847 tam
1798 2820 1890 2848 incre-
