4142 6296
576 235 718 308 £9.59

610 372 621 402 ,
750 376 755 379 ,
1097 380 1101 384 .

1908 221 2188 293 Αὑιιᾎλι
2229 230 2427 299 ΡΑΡᾸΞ
2465 227 2509 297 ll

1362 531 2173 648 annum
2240 494 2780 650 PAPE
2854 531 3001 651 II

3693 284 3844 345 mo

987 762 1977 924 EPISTOL/E
2084 748 2339 989 ET
2441 774 3372 931 DECRETA.

1739 1033 1901 1097 (Apud
1929 1035 2097 1095 Lab‘L,
2118 1036 2300 1087 Cone“.
2327 1039 2618 1095 tom.\'lll.)

1274 1312 1282 1318 .
1322 1251 1345 1318 Ι

869 1374 1122 1439 syrmata
1151 1390 1217 1429 AD
1245 1392 1552 1432 ιοτιιΛῖιιωι
1602 1395 1796 1434 ascen.

1173 1489 1350 1559 (Anno
1374 1490 1532 1562 867.)

552 1609 1105 1703 Quod‘Tltentber’qqm
1134 1623 1798 1703 solutionemmatrimonii
1830 1630 2005 1687 Romae
2032 1652 2125 1703 po-

616 1692 895 1767 stulantem
927 1680 1333 1747 ud'Lotharium
1380 1697 1550 1767 redire
1590 1699 1830 1767 jusserit,
1881 1680 2123 1759 donecrin

615 1762 814 1829 :guodo
844 1762 909 1814 (le
928 1780 988 1815 ea
1028 1778 1082 1815 re
1122 1775 1338 1818 statuat.
1372 1765 1543 1819 Monet
1586 1762 1894 1824 Lat/iuriam
1925 1784 1979 1824 ut
2007 1790 2119 1827 eam

613 1832 668 1883 in
720 1836 1039 1886 consortium
1094 1835 1325 1902 recipiat,
1371 1838 1529 1889 uulsi
1563 1839 1747 1892 aliain
1775 1839 2120 1896 locoiuterim

614 1903 879 2021 musisduu.
917 1904 1198 1970 promissus
1237 1904 1315 1957 illi
1360 1906 1596 1960 abbatias
1623 1909 1691 1961 ad
1722 1909 1838 1963 rita:
1885 1910 2119 1966 subsidia

614 1984 762 2021 rauce
802 1980 875 2021 at.

609 1980 875 2023 concedat.

608 2094 744 2162 Quin
770 2098 927 2153 beato
960 2099 1122 2155 Petro
1169 2104 1530 2172 apostolorum
1584 2108 1813 2179 principi
1861 2111 2118 2170 Dominus

536 2192 722 2239 noster
744 2200 872 2241 oves
897 2203 1044 2251 suas,
1079 2197 1243 2245 totam
1269 2192 1516 2249 videlicet
1534 2196 1849 2261 Ecclesium,
1881 2203 2117 2269 pretioso

530 2273 640 2342 iam
680 2276 938 2347 sanguine
953 2292 1049 2332 suo
1072 2280 1424 2351 redemptam,
1449 2294 1569 2354 post
1593 2288 1857 2355 passionis
1881 2290 2112 2355 vincula,

534 2376 655 2432 post
685 2366 958 2423 clavorum
989 2369 1231 2437 vulnera,
1255 2381 1310 2427 et
1345 2376 1523 2431 crucis
1550 2376 1801 2444 ludibria,
1834 2392 1997 2451 atque
2023 2399 2111 2437 re-

531 2459 883 2512 surrectionis
925 2460 1174 2530 gloriam,
1209 2465 1369 2519 tertio
1424 2468 1823 2523 commendavit
1877 2472 2106 2528 dicens:

532 2547 697 2603 Pasce
743 2565 859 2604 oves
888 2558 1049 2613 m’eas,
1078 2540 1230 2621 prisce
1256 2568 1418 2623 agnos
1466 2572 1606 2611 meos
1638 2556 1817 2630 (Joan.
1848 2560 1981 2633 χχι),
2014 2580 2112 2617 nos

2160 1275 2206 1332 Λ
2240 1274 2381 1329 lima:
2438 1277 2704 1332 vinculum
2741 1276 3073 1345 dissolvisse,
3109 1290 3161 1336 ct
3187 1282 3252 1335 ad
3276 1272 3523 1336 illicitum
3551 1298 3613 1338 ac
3639 1286 3813 1354 pristi-

2233 1380 2358 1419 num
2390 1374 2633 1435 stuprum
2664 1368 2972 1440 incongruis
3003 1371 3195 1425 reverti
3251 1371 3386 1426 velle
3432 1374 3811 1431 occasionibus

2228 1473 2656 1525 agnosceremus.
2686 1462 3020 1534 Tlieutbcrga
3056 1465 3232 1533 itaque
3280 1465 3644 1522 illustrissima
3670 1470 3810 1540 regi-

2227 1566 2295 1603 na
2323 1551 2514 1619 conjux
2541 1562 2736 1619 vestra,
2779 1567 3092 1610 sanctorum
3147 1557 3513 1625 apostolorum
3564 1557 3705 1613 Petri
3750 1568 3806 1614 et

2224 1642 2373 1697 Pauli
2402 1645 2470 1698 ad
2500 1645 2684 1699 limina
2719 1647 2958 1710 veniens,
2995 1656 3281 1716 menteque
3328 1650 3520 1703 devota
3546 1651 3804 1709 orationis

2223 1735 2546 1790 desiderium
2593 1737 2889 1807 complens,
2923 1746 3160 1793 nostram
3194 1738 3384 1792 faciem
3422 1741 3802 1809 contemplari,

2221 1840 2520 1895 causasque
2546 1843 2657 1881 suae
2703 1829 3045 1883 necessitatis
3078 1830 3232 1884 nobis
3262 1846 3357 1884 ore
3383 1831 3605 1900 proprio
3628 1847 3799 1901 espo-

2221 1931 2350 1971 nere
2395 1916 2659 1986 qtmsivit.
2693 1918 2821 1985 Quae
2850 1926 2970 1974 cu’m
2999 1936 3027 1973 a
3052 1920 3225 1984 nobis,
3259 1935 3357 1990 pro
3411 1935 3596 1975 amore
3627 1920 3719 1975 Dei
3740 1930 3799 1975 et

2223 2015 2423 2071 vestro,
2453 2017 2507 2062 et
2534 2009 2602 2063 ab
2628 2009 2772 2062 omni
2809 2020 2995 2063 nostra
3022 2009 3261 2064 Ecclesia
3313 2011 3625 2076 honoriﬁce,
3656 2011 3798 2065 sicut

2217 2098 2518 2165 oportebat,
2569 2108 2815 2168 suscepta
2841 2097 3047 2162 fuisset,
3081 2098 3215 2152 dixit
3261 2114 3319 2153 se
3361 2106 3577 2167 propter
3601 2113 3795 2165 qnam-

2219 2187 2341 2241 dam
2370 2188 2614 2257 corporis
2637 2189 2717 2243 sui
2742 2186 3139 2253 inﬁrmitatem,
3183 2195 3239 2242 et
3269 2188 3384 2257 quia
3406 2203 3509 2241 non
3540 2186 3787 2254 legitimo

2217 2279 2371 2331 vobis
2399 2288 2553 2332 antea
2577 2276 2740 2332 fuerit
2764 2278 3048 2346 conjuncta
3070 2279 3358 2341 connubio,
3382 2292 3412 2330 a
3436 2285 3615 2331 vestro
3638 2274 3783 2330 velle

2218 2370 2456 2438 separari
2506 2370 2799 2433 consortio,
2830 2377 2879 2423 ct
2912 2368 2982 2423 ob
3008 2383 3242 2423 amorem
3270 2368 3362 2421 Dei
3394 2366 3570 2421 saeculi
3612 2365 3791 2436 digni-

2219 2470 2381 2517 tatem
2417 2470 2472 2517 et
2513 2461 2739 2531 gloriam
2780 2459 3032 2529 abjicere,
3063 2474 3126 2515 ac
3148 2460 3246 2514 sub
3275 2458 3380 2513 leui
3416 2456 3546 2528 iugo
3585 2456 3789 2512 Christi

2217 2555 2482 2609 cervicem
2512 2554 2691 2608 cordis
2711 2553 3044 2606 submittere.
3072 2550 3276 2617 Quibus
3296 2548 3540 2619 profecto
3567 2547 3786 2611 auditis,

529 2641 647 2696 vice
693 2642 880 2713 utique
928 2646 1257 2714 apostolatus
1311 2646 1472 2714 illius,
1526 2651 1752 2706 Domino
1784 2653 1834 2706 iu
1858 2631 2108 2710 omnibus

2213 2651 2268 2696 et
2315 2642 2544 2698 Domino
2598 2641 2889 2695 auxiliante
2914 2642 3196 2710 diligenter
3244 2638 3625 2702 consideratis,
3679 2650 3782 2691 non

526 2742 869 2803 cooperante,
906 2735 1203 2806 fungentes,
1239 2740 1291 2794 in
1316 2741 1462 2812 virga
1487 2744 1758 2813 aequitatis
1778 2753 1833 2799 et
1856 2744 2106 2811 iustitiae,

529 2821 582 2875 in
626 2823 1032 2894 longanimitate
1080 2829 1324 2899 benigna!
1369 2832 1687 2889 humilitatis
1730 2843 1784 2887 et
1811 2836 2101 2904 patientiae,

525 2927 741 2983 gregem
770 2915 981 2971 Domini
1023 2918 1216 2987 pabulo
1245 2920 1506 2990 spiritalis
1531 2923 1652 2979 vitae
1675 2927 2028 2994 pascendum,
2053 2938 2109 2983 et

508 3012 661 3057 cura
683 3004 866 3060 solerti
893 3008 1300 3065 custodiendum
1343 3012 1521 3067 divina
1550 3016 1885 3086 suscepimus
1912 3019 2105 3074 volun-

523 3101 653 3149 tate.
683 3093 758 3150 Os
785 3096 1114 3166 apostolatus
1138 3101 1327 3165 nostri,
1359 3103 1686 3171 septiformis
1714 3105 1947 3175 Spiritus
1974 3125 2104 3178 gra-

521 3185 596 3241 tia
631 3187 863 3257 plenum,
920 3205 1018 3260 pro
1076 3192 1227 3263 regni
1274 3194 1348 3248 tui
1397 3196 1692 3253 stabilitate
1740 3198 2103 3272 felicitateque

516 3288 797 3348 perpetua,
823 3282 1150 3352 sempiterna
1187 3296 1381 3355 nempe
1405 3300 1532 3341 vera
1563 3287 1758 3344 animm
1778 3290 1973 3354 salute,
1995 3306 2099 3360 qua

521 3384 665 3424 nunc
689 3381 742 3426 et
768 3372 823 3426 in
843 3380 1108 3428 attemum
1136 3373 1294 3430 beate
1313 3377 1687 3447 securiterque
1706 3378 1926 3445 fruaris,
1952 3383 2095 3436 0-in-

520 3458 662 3529 clyte
694 3473 787 3516 rex
818 3461 1064 3529 Lothari,
1094 3463 1302 3519 vicibus
1331 3463 1613 3521 indefessis
1649 3469 1975 3537 aperientes.
2004 3485 2098 3524 ex-

518 3538 822 3604 cellentiam
870 3558 1017 3605 tuam
1066 3559 1293 3622 paterno
1318 3566 1607 3611 monemus.
1648 3555 1859 3621 allecto,
1891 3568 1948 3615 et
1977 3560 2100 3629 jure

518 3636 814 3705 apostolico
842 3628 1212 3703 exhortamur,
1250 3648 1516 3707 quatenus
1542 3628 2094 3702 malorumhomiuum

516 3725 758 3779 consiliis
785 3725 1004 3790 relictis,
1037 3735 1093 3781 et
1116 3727 1414 3785 mortiferis
1436 3732 1878 3800 persuasionibus
1917 3739 2093 3791 omni-

516 3820 678 3874 modo
709 3821 929 3889 spretis,
959 3830 1146 3877 aurem
1187 3823 1366 3879 cordis
1391 3825 1467 3880 tui
1496 3825 1726 3892 eoelesti,
1769 3844 1902 3885 sane
1932 3830 2094 3887 clavi-

513 3928 646 3982 gero
671 3914 828 3969 beato
852 3913 1010 3969 Petro
1036 3915 1090 3969 in
1116 3916 1271 3972 nobis
1297 3916 1534 3987 loquenti
1566 3919 1800 3988 aperias,
1836 3922 2093 3991 omnique

2211 2732 2420 2786 modico
2442 2730 2640 2785 fuimus
2668 2730 2859 2784 turbati
2891 2738 3108 2798 stupore
3132 2746 3147 2789 :
3173 2728 3316 2798 quod
3360 2742 3419 2782 se
3462 2742 3562 2796 pro
3592 2724 3782 2779 talibus

2207 2839 2236 2876 a
2264 2822 2412 2876 vobis
2435 2829 2701 2891 qumrerct
2744 2836 3011 2890 separare,
3042 2836 3161 2875 cum
3193 2821 3449 2889 scriptum
3476 2819 3549 2873 sit
3572 2818 3782 2872 dicente

2206 2916 2432 2974 Domino
2476 2935 2489 2970 :
2544 2916 2587 2970 A
2631 2915 2740 2972 Dee
2765 2913 3005 2986 jungitur
3032 2915 3228 2969 mulier
3268 2914 3404 2976 viro,
3434 2922 3491 2968 et
3529 2913 3720 2966 iterum
3761 2927 3777 2963 :

2207 3008 2360 3072 Quod
2406 3005 2545 3060 Deus
2583 3006 2765 3076 junxit
2804 3007 2959 3059 homo
3012 3021 3113 3059 non
3155 3012 3355 3072 separet
3391 3001 3620 3073 (Matth.
3652 3017 3777 3069 xu;

2204 3097 2233 3150 1
2266 3096 2388 3151 Cor.
2417 3094 2532 3166 vn).
2561 3095 2776 3149 Etcum
2813 3095 2955 3164 ipsa,
2994 3095 3135 3149 sicut
3175 3092 3308 3147 dixit
3335 3089 3656 3161 Apostolus,
3695 3089 3778 3144 sui

2202 3187 2446 3257 corporis
2490 3201 2595 3239 non
2650 3185 2846 3239 habeat
2883 3190 3236 3253 potestatem,
3260 3181 3354 3236 sed
3384 3195 3513 3245 vos,
3548 3179 3635 3234 cui
3674 3176 3778 3232 Do-

2202 3279 2332 3334 mini
2398 3287 2481 3333 cst
2536 3277 2812 3332 voluntate
2879 3276 3113 3345 legitimo
3179 3272 3532 3328 matrimonio
3586 3269 3777 3341 regali-

2202 3383 2307 3438 que
2340 3378 2456 3423 toro
2512 3367 2817 3436 conjuncta.
2846 3364 2942 3421 Cui
2996 3379 3125 3419 sane
3154 3361 3399 3433 quamvis
3426 3375 3549 3415 cum
3581 3367 3775 3414 vestrm

2199 3461 2492 3515 voluntatis
2519 3475 2784 3515 consensu
2819 3467 2981 3529 atque
3010 3456 3223 3513 licentia
3253 3457 3418 3510 hocce
3441 3452 3665 3524 supplici
3691 3452 3774 3506 ni-

2201 3553 2303 3606 mis
2329 3567 2459 3621 pace
2486 3552 2818 3620 deposceret,
2853 3551 3175 3604 nostrum-iu
3202 3545 3295 3601 tali
3326 3544 3618 3600 voluntatis
3659 3557 3773 3599 sna

2199 3640 2466 3695 desiderio
2490 3653 2812 3693 consensum
2840 3637 2985 3692 nullo
3015 3636 3185 3693 modo
3202 3635 3550 3706 pmbuimus.
3577 3632 3772 3699 Liceno

2201 3735 2328 3788 tiam
2378 3748 2506 3788 vero
2556 3733 2628 3787 illi
2684 3733 2983 3788 revertendi
3042 3732 3108 3787 ad
3161 3730 3542 3801 magnitudinis
3571 3735 3764 3781 vestrm

2198 3824 2552 3887 consortium,
2577 3822 2807 3892 iuraque
2857 3819 3187 3877 matrimonii
3218 3819 3415 3889 regalis
3442 3816 3639 3872 illibata
3663 3829 3763 3869 eu-

2197 3917 2458 3971 stodiendi
2482 3917 2852 3987 praecepimus.
2879 3916 3055 3987 Super
3089 3915 3174 3971 his
3197 3922 3401 3979 autem,
3433 3911 3626 3982 quibus
3652 3923 3712 3965 se
3735 3923 3770 3962 a

511 4002 856 4059 animositate
904 4012 959 4059 et
985 4005 1183 4076 inclyta
1222 3984 1406 4063 mundi
1440 3984 1724 4063 dilectione
1778 4012 1965 4079 procul
1996 3984 2091 4068 ab.
2119 3984 2164 4045 Ο
2195 4009 2347 4063 vobis
2372 3984 2563 4077 quairit
2588 3984 2911 4078 disiungere,
2942 4016 3049 4060 tam
3079 4014 3300 4075 repente
3329 4005 3446 4060 sine
3474 4002 3771 4058 multorum

513 4092 675 4156 iecta,
707 4109 769 4147 en
818 4108 940 4163 quae
980 4094 1206 4163 justitize
1252 4111 1315 4152 ac
1348 4098 1655 4154 rectitudini
1701 4102 1934 4157 maxime
1963 4117 2091 4158 con-

508 4196 710 4255 gruunt
754 4186 1116 4255 praedicantes-
1141 4197 1253 4243 toto
1279 4189 1547 4245 desiderio
1595 4191 1807 4258 audias,
1837 4194 2092 4249 evidenti-

508 4290 616 4345 que
662 4276 913 4345 perlicias
944 4279 1168 4334 devotus
1193 4274 1410 4345 all'ectu,
1439 4282 1566 4350 quia
1622 4298 1729 4338 non
1789 4285 2085 4352 auditores,

508 4367 604 4422 sed
626 4364 855 4421 factores
901 4366 1034 4438 legis
1063 4368 1204 4423 Deus
1231 4367 1346 4424 fore
1383 4367 1559 4437 j’ustos
1606 4373 1883 4441 approbat.
1938 4374 2088 4429 Unde

509 4458 654 4513 sedis
680 4459 986 4528 apostolica:
1022 4458 1293 4515 salubrem
1348 4462 1769 4520 admonitionem
1805 4474 1861 4520 et
1906 4481 2088 4525 corre-

510 4551 742 4607 ctionem
768 4552 1061 4607 venerabili
1086 4553 1403 4623 sinceraque
1428 4562 1606 4611 mente
1621 4558 1892 4625 suscipere
1905 4558 2080 4615 stude.

506 4640 622 4693 Duo
648 4639 814 4708 igitur
841 4655 871 4692 a
909 4649 961 4693 te
993 4641 1173 4695 carnis
1197 4640 1410 4697 devicto
1439 4643 1691 4699 illecebra
1715 4646 1913 4701 dudum
1937 4663 2084 4703 com-

505 4728 670 4784 missa
699 4729 948 4783 videntur
972 4729 1176 4796 illicita,-
1220 4745 1340 4800 quae
1395 4734 1462 4789 ab
1512 4743 1852 4791 antecessore
1898 4747 2084 4794 nostro

503 4820 608 4889 pia:
657 4819 932 4874 memoriae
962 4835 1098 4890 papa
1142 4820 1362 4877 Nicolao
1392 4839 1618 4879 censura
1651 4825 1866 4882 fuerant
1891 4843 2081 4885 emen-

502 4910 626 4963 data
653 4906 930 4963 canonica.
957 4909 1411 4975 Unum,videlicet
1433 4913 1698 4971 nefarium
1726 4917 2081 4992 Theutberga:

502 5001 755 5072 legitima:
784 5000 1024 5075 conjugis
1052 5011 1155 5060 tuas
1184 5005 1502 5071 divortium;
1525 5008 1752 5065 alterum
1793 5026 1939 5078 vero,
1970 5029 2082 5071 sce-

500 5092 825 5148 lcstissimus
855 5094 1153 5151 Waldradte
1178 5099 1401 5154 mmehac
1426 5100 1740 5158 concubitus
1771 5121 1786 5157 :
1824 5119 1944 5173 quae
1968 5119 2076 5162 non

499 5186 676 5241 solum
704 5185 791 5240 lex
816 5189 993 5243 omnis
1017 5186 1195 5243 divina
1220 5191 1495 5258 reprobat,
1520 5194 1839 5248 condemnat
1877 5205 1932 5251 et
1962 5196 2074 5252 fieri

498 5275 824 5331 omnimodis
848 5285 1012 5343 vetat,
1035 5278 1127 5333 sed
1142 5281 1305 5334 etiam
1335 5283 1604 5337 mundana
1626 5285 1912 5353 prohibent
1927 5287 2068 5357 jura.

497 5357 577 5421 De
599 5367 794 5437 quibus
815 5383 914 5424 nos
944 5370 1138 5425 iterum
1166 5373 1467 5429 rescribere
1485 5376 1787 5432 nullatenus
1822 5379 2067 5435 studere-

499 5466 641 5522 mus,
670 5460 772 5515 nisi
803 5474 900 5516 vos
933 5477 964 5515 a
986 5461 1210 5531 iustitiae
1239 5466 1451 5520 tramite
1476 5481 1571 5536 per
1590 5468 1855 5524 incentiva
1886 5471 2066 5527 carnis

496 5548 687 5610 procul
713 5550 873 5605 dubio
890 5549 1154 5619 deviasse,
1182 5554 1488 5626 bonumque
1528 5557 1920 5627 coniunctionis
1944 5561 2067 5629 legi-

2195 4100 2420 4154 fratrum
2446 4109 2749 4155 nostrorum
2777 4099 3023 4164 consilio,
3048 4109 3103 4153 et
3129 4099 3329 4169 ingenti
3358 4096 3630 4161 examine,
3647 4094 3795 4174 llui-_

2194 4191 2356 4244 tivam
2390 4205 2532 4244 nunc
2576 4188 2818 4260 proferre
2848 4190 3189 4252 sententiam,
3217 4196 3310 4242 aut
3335 4202 3634 4243 consensus
3661 4202 3764 4241 uo-
3790 4194 3801 4211 ‘

2190 4280 2287 4333 stri
2315 4280 2654 4334 immaturam
2676 4280 2804 4334 dare
2836 4279 3108 4334 licentiam
3136 4278 3255 4346 iure
3298 4277 3624 4332 distulimus.
3656 4278 3766 4331 Deo

2189 4376 2366 4422 autem
2421 4368 2574 4423 nobis
2620 4370 2804 4424 salutis
2833 4384 2989 4438 opem
3013 4370 3286 4437 vitamque
3322 4367 3615 4437 praebente,
3652 4378 3764 4422 tam

2188 4474 2283 4527 pro
2313 4459 2398 4513 his
2446 4475 2606 4528 quam
2636 4461 2797 4515 etiam
2853 4476 2951 4530 pro
2979 4461 3099 4515 aliis
3148 4459 3529 4516 ecclesiasticis
3583 4458 3764 4513 causis

2186 4553 2450 4608 SVnodum
2475 4550 2753 4617 facientes,
2785 4562 2839 4608 et
2866 4553 2990 4607 talia
3016 4552 3199 4607 subtili
3221 4551 3472 4607 examine
3498 4551 3762 4613 indagan-

2186 4651 2285 4708 tes,
2312 4640 2373 4698 llt
2412 4645 2701 4698 secundum
2756 4643 2922 4697 Deum
2962 4643 3096 4698 salvi
3141 4657 3259 4697 esse
3286 4640 3518 4711 possitis,
3560 4639 3748 4692 idonea

2184 4735 2317 4791 satis
2339 4735 2636 4791 intentione
2664 4736 3081 4791 deliberabimus
3107 4750 3289 4790 coram
3327 4732 3437 4788 Deo
3470 4731 3746 4785 Salvatore

2182 4835 2389 4890 nostro,
2421 4834 2581 4894 atque
2623 4825 2886 4881 finiemus.
2918 4826 3144 4895 Propter
3191 4825 3334 4893 quod
3379 4819 3742 4877 excellentiam

2184 4927 2329 4971 tuam
2358 4916 2666 4986 apostolicis
2694 4933 2971 4973 monemus
3018 4918 3286 4987 alloquiis,
3314 4927 3369 4971 et
3387 4917 3663 4969 hortamur
3688 4910 3747 4965 in

2183 5006 2429 5071 Domino,
2452 5021 2520 5061 ne
2546 5022 2730 5062 aurem
2759 5008 3053 5063 nobilitatis
3075 5002 3179 5061 tuae
3205 5004 3442 5062 consiliis
3462 5000 3753 5073 impiorum

2178 5107 2233 5152 et
2261 5097 2477 5152 veritati
2506 5101 2917 5169 repugnantium
2948 5100 3128 5155 verbis
3157 5099 3420 5162 inclines;
3452 5096 3547 5151 sed
3569 5094 3753 5165 potius

2177 5190 2471 5247 Dominicis
2507 5199 2560 5246 et
2594 5191 2901 5263 apostolicis
2924 5191 3169 5262 prtebens
3219 5197 3500 5263 gratanter
3541 5201 3753 5258 praece-

2174 5284 2304 5355 ptis,
2326 5284 2570 5338 eamdem
2627 5282 3018 5355 Theutbergam
3073 5282 3464 5338 nobilissimam
3507 5279 3752 5350 reginam

2174 5374 2456 5445 conjugem
2484 5383 2627 5428 tuam
2656 5375 2952 5430 dilectionis
3002 5390 3183 5430 amore
3218 5374 3270 5428 in
3301 5371 3585 5443 coniugale
3621 5385 3752 5425 con-

2174 5466 2400 5519 sortium
2428 5465 2579 5520 hctus
2607 5465 2856 5535 recipias,
2879 5474 2934 5521 et
2959 5481 3056 5537 pro
3082 5480 3267 5520 amore
3318 5463 3413 5519 Dei
3473 5470 3528 5518 et
3573 5462 3750 5518 sancti

2172 5556 2339 5623 Petri,
2386 5567 2677 5629 nostroque
2716 5558 2895 5625 simul,
2926 5562 3128 5616 honore
3156 5558 3314 5628 digno
3339 5571 3458 5610 eam
3486 5555 3745 5618 retinere,
