4142 6296
340 321 474 381 test
529 389 533 392 ν

1548 309 1903 369 EPISTOLxE
1942 310 2029 367 ΕΤ
2067 306 2403 366 DECRETA.

3453 289 3594 341 i262

346 437 505 492 srcuti
559 431 802 505 corporis
833 428 1032 502 proprii
1072 429 1371 484 membrum
1410 423 1687 490 dilectum,
1722 439 1914 493 procu-
1945 431 1987 487 Α
2021 422 2311 477 secundum
2333 415 2699 474 deﬁnitionem
2720 383 3439 489 praenontinratisancilssimi
3462 421 3593 478 pra:-

346 542 437 583 res
487 527 640 594 Quod
670 526 714 580 si
737 526 806 580 ob
829 524 1040 579 itineris
1060 520 1449 590 longitudinem
1468 528 1524 572 et
1548 518 1916 586 asperitatem,

346 618 431 672 vel
459 618 691 686 aliquam
743 614 925 670 carnis
978 610 1491 674 incommoditatem,
1522 609 1588 664 ad
1617 614 1711 663 vo‘s
1754 621 1921 675 usque

347 708 461 776 ipsa
507 706 789 777 pervenire
834 703 1125 765 distulerit,
1184 701 1511 771 elegeritque
1564 701 1618 753 in
1666 699 1771 753 alio
1800 710 1922 768 pro-

347 796 592 865 prietatis
611 809 719 849 sua:
739 793 858 847 loco
875 792 977 848 sibi
1001 791 1120 846 utili
1146 791 1318 859 magis
1344 788 1662 851 consistere,
1683 788 1919 851 interim,

347 886 518 937 donec
541 883 797 952 synodus,
829 891 889 935 ut
926 880 1293 950 praediximus,
1321 877 1430 937 fiat,
1465 875 1610 932 salva
1639 885 1693 930 et
1721 876 1922 930 incolu-

346 974 449 1027 mis
470 973 569 1028 sub
597 981 777 1027 vestra
807 970 972 1041 regali
1003 970 1229 1025 tuitione
1275 977 1437 1037 atque
1487 964 1799 1020 defensioue
1840 980 1923 1018 se—

345 1080 477 1118 cura
530 1072 885 1132 permaneat;
942 1061 1244 1129 habeatque
1273 1059 1329 1114 in
1366 1064 1630 1127 potestate
1653 1070 1751 1110 sua
1778 1055 1924 1124 ipsas

346 1152 591 1206 abbatias
612 1166 747 1219 quas
766 1149 817 1204 ei
843 1150 974 1204 dare
1011 1150 1124 1218 ipse
1148 1162 1243 1202 ore
1265 1146 1482 1217 proprio
1515 1143 1831 1215 promisisti,
1858 1143 1925 1199 de

346 1257 577 1312 quarum
609 1240 911 1309 sumptibus
934 1247 1095 1308 atque
1132 1238 1395 1292 reditibus
1417 1235 1724 1291 necessaria
1754 1235 1927 1306 possit

350 1332 553 1385 habere
576 1329 1131 1404 stipendiaﬂiguaque
1165 1327 1426 1384 subsidia.
1452 1326 1549 1381 Sin
1577 1340 1711 1381 vero
1757 1326 1923 1396 quili-

349 1416 441 1474 bet
466 1428 703 1474 vestrum
729 1418 779 1474 ei
807 1417 1041 1488 aliquam
1070 1416 1233 1472 fuerit
1254 1417 1468 1472 molitus
1492 1415 1925 1470 contrarietatem

351 1511 570 1574 inferre,
606 1520 700 1567 aut
721 1510 1022 1583 periculose
1043 1511 1446 1579 praesumpserit
1469 1523 1687 1573 nocere,
1714 1508 1853 1565 sciat
1870 1520 1929 1561 se

350 1620 381 1658 a
408 1604 561 1659 nobis
579 1602 822 1674 perpetui
852 1601 1212 1657 anathematis
1236 1601 1450 1657 vinculo
1469 1613 1590 1655 esse
1613 1597 1799 1669 procul
1826 1597 1927 1652 du-

332 1697 439 1751 .bio
462 1696 847 1759 iunodandum,
875 1696 1021 1750 etab
1041 1694 1185 1751 omni
1213 1694 1646 1750 Christianorum
1697 1687 1926 1746 consor-

2014 513 2152 567 sulis
2196 508 2547 574 exhibuistis,
2597 506 2952 561 laudavimus.
2999 500 3067 557 Et
3110 496 3239 555 licet
3285 486 3350 553 ad
3398 496 3592 552 seriem

2021 613 2201 655 rerum
2226 604 2499 668 gestarum
2529 595 2650 651 luce
2677 594 2876 657 clarius
2899 588 3292 663 agnoscendam
3315 601 3423 641 non
3450 581 3597 640 sutli-

2006 688 2185 753 .ciant,
2230 704 2350 758 quae
2400 696 2506 743 tam
2558 687 2626 742 de
2678 684 2912 759 Ebbonis
2954 681 3272 750 dejectione,
3316 693 3475 747 quam
3533 675 3597 741 de

2004 785 2106 839 -his
2153 798 2274 853 qum
2318 781 2659 851 postmodum
2712 786 2831 833 acta
2881 783 3006 831 sunt
3050 772 3379 830 unanimitas
3417 777 3598 823 vestra

2020 873 2327 943 descripsit,
2367 880 2423 927 et
2458 868 2711 926 nonnulla
2751 866 2945 935 rationi
2981 874 3174 919 vestrze
3203 860 3379 916 desint
3412 871 3597 912 eorum

2020 982 2143 1037 quae
2175 979 2339 1034 super
2367 963 2453 1019 his
2490 970 2641 1034 gesta
2678 966 2822 1024 sunt,
2858 970 3083 1027 qumque
3111 954 3222 1023 jam
3270 956 3601 1008 memoratus

2006 1064 2079 1111 .et
2110 1068 2321 1124 semper
2347 1051 2728 1108 memorandus
2753 1046 2993 1118 pontifex
3029 1042 3336 1114 apostolicae
3367 1038 3480 1094 sedi
3515 1051 3604 1092 vo-

2024 1144 2121 1198 luit
2147 1158 2213 1198 ex
2234 1143 2443 1213 integro
2473 1138 2737 1203 reserari;
2764 1136 2910 1207 pium
2941 1144 3121 1189 tamen
3144 1132 3380 1186 laborem
3409 1136 3604 1185 vestra:

2025 1234 2327 1290 sanctitatis
2365 1239 2420 1286 et
2462 1230 2697 1286 studium
2723 1242 2845 1282 non
2882 1224 3054 1280 solum
3095 1219 3384 1285 laudabile,
3423 1218 3518 1273 sed
3551 1224 3609 1272 et
3668 1215 3683 1288 ἶ

2026 1322 2181 1392 longe
2235 1321 2448 1390 lateque
2507 1314 2855 1388 praedicabile
2900 1311 3225 1382 judicamus.
3294 1306 3602 1363 Innocentia

2026 1413 2222 1482 quippe
2245 1409 2357 1480 jam
2382 1424 2527 1465 nunc
2551 1407 2736 1471 fratris
2763 1412 2820 1461 et
2847 1401 3147 1473 coepiscopi
3170 1399 3341 1455 nostri
3365 1395 3603 1452 Wulfadi

2028 1513 2083 1561 et
2123 1503 2447 1574 collegarum
2492 1499 2629 1569 ejus,
2676 1512 2837 1569 quam
2880 1494 3097 1566 quidam
3139 1503 3420 1560 emergens
3451 1500 3608 1542 casus

2030 1611 2126 1666 per
2155 1610 2259 1649 non
2289 1592 2469 1648 brevis
2499 1590 2753 1660 temporis
2779 1585 3230 1655 intercapedinem
3253 1579 3609 1637 obumbrave-

2032 1694 2134 1750 rat,
2168 1682 2551 1741 retractatione
2590 1689 2645 1736 et
2681 1677 3025 1733 refricatione
3058 1680 3249 1729 vestra:
3295 1677 3521 1726 sacratae
3554 1673 3613 1720 et

351 1788 427 1843 tio
474 1787 860 1857 separandum;
910 1794 962 1841 te
1008 1795 1186 1841 autem
1207 1827 1222 1850 ,
1274 1786 1319 1841 si
1372 1785 1567 1840 talibus
1599 1795 1922 1838 consensum
1956 1768 1999 1826 Β
2030 1775 2333 1847 apostolicae
2361 1773 2505 1829 sedis
2538 1771 2859 1827 auctoritate
2893 1766 3205 1837 frequenter
3242 1762 3492 1818 adnuatze
3520 1773 3612 1857 so-

349 1877 664 1944 prtebncris,
695 1876 1020 1931 omnimodis
1046 1873 1645 1931 excommunicandum.

563 2111 630 2150 AD
658 2110 869 2150 ADONEM
889 2110 1216 2150 VIENNENSEM
1243 2108 1713 2149 Αιιεωειηδεοιιυκ.

963 2188 1142 2256 (Anno
1165 2187 1316 2253 868.)

334 2278 554 2332 'Lattdat
585 2278 698 2347 ejus
729 2277 1205 2359 zelumingeniique
1223 2293 1447 2359 acumen
1486 2276 1538 2328 in
1565 2274 1927 2347 promovendis

873 2348 1079 2401 insidiis
1110 2348 1410 2416 impiorum.

424 2460 696 2514 Aommcs
744 2458 1046 2528 episcopus,
1088 2472 1280 2512 servus
1308 2470 1588 2511 servorum
1632 2455 1747 2519 Dei,
1782 2470 1936 2509 reve-

357 2549 665 2603 rentissimo
714 2556 770 2603 et
825 2548 1167 2617 sanctissimo
1217 2546 1478 2603 confratri
1534 2555 1719 2602 nostro
1763 2546 1933 2600 Aoom

355 2638 646 2695 Viennensi
676 2640 1103 2710 archiepiscopo.
1622 2642 1642 2653 ’

424 2731 658 2801 Legatus
682 2747 806 2787 cum
846 2730 1043 2787 litteris
1085 2747 1115 2785 a
1157 2729 1493 2786 beatitudine
1533 2738 1622 2784 tua
1654 2727 1933 2784 decessori

359 2834 481 2874 meo
511 2827 710 2874 sancta:
732 2820 1007 2875 memoriae
1048 2835 1202 2890 papae
1244 2819 1463 2875 Nicolao
1499 2818 1819 2883 destinatus,
1844 2832 1933 2873 me

359 2911 414 2964 in
442 2912 567 2965 sede
592 2910 759 2975 illius,
802 2911 932 2981 quia
974 2911 1055 2966 sic
1086 2911 1347 2965 Dominus
1393 2910 1585 2975 voluit,
1626 2906 1932 2964 ordinatum

358 3000 582 3055 iuvcnit.
625 3000 692 3055 Et
728 3001 854 3069 quia
896 3000 1167 3057 noluimus
1194 3000 1460 3056 frustrare
1510 3001 1657 3071 pium
1696 2998 1932 3055 studium

361 3100 536 3157 tuum,
568 3106 673 3146 non
719 3092 863 3147 illius
910 3092 1051 3158 vice,
1100 3091 1230 3147 licet
1269 3099 1488 3162 propter
1518 3091 1679 3163 legati
1722 3105 1929 3145 moram
1959 3114 2004 3177 ρ

359 3182 558 3249 partim
588 3182 655 3236 de
681 3183 765 3237 bis
793 3197 912 3251 quae
936 3182 1202 3252 scripsisti
1224 3180 1552 3237 fraternitati
1586 3191 1689 3236 tuae
1704 3196 1931 3251 respon-

361 3270 557 3324 dimus.
586 3268 854 3326 Debemus
900 3271 1045 3326 enim
1095 3271 1146 3326 ei
1190 3271 1245 3327 in
1271 3271 1455 3326 labore
1493 3271 1806 3335 succedere,
1848 3270 1936 3326 cui

357 3373 455 3429 per
481 3361 575 3414 Dei
612 3361 843 3431 gratiam
882 3362 1239 3418 successimus
1287 3362 1341 3416 in
1385 3364 1607 3417 honore.
1655 3363 1821 3436 Igitur
1870 3363 1938 3420 de

357 3451 725 3506 admonitione
757 3466 916 3520 quam
965 3468 1062 3521 per
1109 3451 1432 3509 Waltarium
1479 3454 1735 3510 comitem
1786 3454 1936 3509 circa

357 3542 652 3613 gloriosum
682 3557 863 3611 regem
891 3541 1194 3604 lllotarium
1222 3547 1469 3601 exercuit
1505 3545 1814 3601 sollicitudo
1846 3553 1935 3600 tua

358 3631 755 3705 gratesmultzs
782 3634 1146 3704 rependimus.
1180 3634 1238 3689 ιη
1264 3648 1329 3690 eo
1352 3635 1548 3705 quippe
1581 3642 1634 3689 te
1664 3633 1936 3704 prmcipue

357 3723 681 3779 industrium
707 3733 977 3792 pastorem
1022 3724 1286 3779 Dominici
1315 3724 1495 3795 gregis
1535 3724 1798 3789 ostendis,
1829 3737 1938 3793 quo

361 3813 586 3867 insidias
616 3813 724 3882 lupi
759 3815 1137 3883 praecavendas
1159 3828 1279 3870 esse
1312 3814 1473 3885 longe
1499 3815 1707 3882 positus
1735 3812 1935 3867 adhor-

362 3903 516 3957 taris.
558 3903 917 3958 Perscrutatis
966 3912 1230 3974 praeterea
1280 3903 1759 3972 quaterniunculis,
1801 3915 1937 3970 quos

361 3992 502 4047 idem
540 3992 744 4063 legatus
783 3992 1000 4058 detulit,
1050 3993 1321 4065 ingenium
1368 4000 1422 4045 et
1464 4006 1691 4056 acumen
1746 4004 1938 4044 sensus

361 4083 436 4136 tui
463 4082 640 4137 mirati
668 4098 870 4148 sumus,
899 4091 953 4138 et
977 4092 1252 4138 auctorem
1284 4081 1528 4151 protinus
1541 4079 1932 4135 collaudamns.

363 4173 560 4228 Verum
591 4172 730 4229 sicut
767 4173 1092 4244 exemplaria
1138 4173 1510 4241 epistolarum,
1554 4186 1674 4239 qua:
1718 4177 1936 4239 aposto-

360 4263 476 4317 lica:
518 4260 910 4318 recordationis
956 4262 1209 4316 decessor
1238 4269 1421 4315 noster
1446 4274 1608 4328 super
1646 4257 1747 4311 hac
1784 4264 1834 4311 te
1879 4257 1933 4312 in

358 4352 589 4419 Gallias,
617 4362 674 4408 et
692 4353 758 4408 ad
784 4368 976 4409 omnes
1004 4352 1286 4422 episcopos
1315 4350 1550 4404 ultra....
1581 4348 1783 4419 positos
1815 4348 1934 4404 des-

361 4447 573 4513 tinavit,
626 4447 889 4512 indicant,
938 4454 993 4500 et
1039 4444 1196 4499 sicuti
1246 4443 1487 4498 nonnulli
1533 4444 1799 4513 primores
1840 4459 1930 4510 xx,
1966 4444 2012 4502 D

358 4548 483 4602 ctc.,
520 4555 637 4608 qua:
664 4539 718 4591 in
739 4555 839 4592 ms.
861 4537 1036 4590 codice
1059 4536 1446 4591 desiderantur.

669 4782 677 4793 Ι
774 4731 842 4769 ΔΙ)
880 4730 1117 4771 SYNODUM
1159 4730 1529 4771 TRICASSINAII.

973 4806 1149 4877 (Auno
1174 4806 1322 4877 868.)

363 4895 560 4967 Probat
607 4898 816 4952 illorum
864 4899 917 4952 in
965 4898 1454 4967 rolligeniisﬁgcslis
1503 4898 1847 4967 diligentiam,
1891 4907 1937 4951 et

433 4966 653 5033 pallium
683 4969 913 5021 comedit
940 4955 1214 5037 Wrtlfodo.
1248 4955 1505 5019 Hortatur
1531 4955 1940 5020 utvNicolui‘no-

438 5051 551 5087 men
585 5037 809 5090 scribant
836 5040 892 5091 in
920 5038 1193 5106 diptycltis,
1227 5045 1629 5104 caveantquc'ne
1655 5037 1938 5101 quidquam

437 5113 618 5155 contra
654 5106 769 5173 ejus
796 5116 916 5159 acta
945 5106 1019 5161 uel
1043 5111 1249 5159 decreta
1272 5113 1515 5159 tentetur.

436 5213 711 5269 Anausns
743 5217 1043 5285 episcopus,
1070 5230 1258 5272 servus
1286 5229 1562 5270 servorum
1593 5213 1710 5280 Dei,
1741 5223 1940 5270 sanctae

365 5311 421 5357 et
449 5306 500 5358 in
525 5301 741 5359 Christo
764 5306 1042 5376 diligenda;
1064 5305 1271 5376 synodo
1293 5306 1433 5375 apud
1459 5303 1656 5360 Treeas
1680 5305 1934 5361 collectae.

438 5394 744 5465 Legationis
770 5407 961 5452 vestra:
994 5397 1213 5466 scripta,
1255 5396 1425 5451 beatae
1461 5396 1731 5451 memoriae
1756 5396 1940 5452 deces-

367 5483 480 5537 sori
504 5498 626 5539 meo
652 5499 803 5554 papa:
840 5484 1057 5540 Nicolao
1082 5484 1264 5548 missa,
1294 5499 1392 5540 nos
1416 5481 1527 5553 jam
1557 5484 1609 5538 in
1640 5484 1768 5539 sede
1796 5483 1938 5539 illius

366 5570 547 5631 divina
568 5576 875 5647 dignatione
898 5576 1057 5633 locati
1077 5576 1427 5646 suscepimus,
1451 5574 1932 5647 promptissimam-

365 5679 471 5733 ί,υο
493 5668 849 5737 obedientiam
877 5678 1127 5732 vestram,
1153 5684 1312 5736 quam
1337 5669 1387 5722 in
1413 5666 1723 5735 colligendis
1747 5667 1928 5738 gestis,

2030 1866 2219 1929 tertiae,
2253 1879 2398 1929 ecce,
2427 1862 2537 1917 Deo
2569 1860 2792 1932 gratias,
2822 1857 2972 1912 venit
2993 1856 3059 1910 ad
3092 1854 3286 1920 lucem,
3313 1859 3368 1906 et
3387 1847 3611 1920 justitia:

2032 1972 2143 2013 sua:
2171 1954 2351 2010 radios
2390 1953 2455 2006 ad
2489 1951 2729 2007 omnium
2768 1949 2987 2005 omnino
3029 1943 3427 2021 certitudinemr
3465 1939 3610 1994 foras

2033 2047 2185 2118 quasi
2225 2045 2352 2101 solis
2390 2042 2642 2112 splendor
2669 2032 2945 2096 exténdit.
2967 2037 3195 2104 Ideoque
3236 2047 3336 2087 nos
3369 2038 3612 2085 vestrum

2027 2137 2311 2206 judicium,
2341 2149 2406 2189 ac
2434 2140 2667 2189 vestram
2710 2128 3052 2190 sententiam,
3097 2139 3258 2195 quam
3306 2119 3613 2192 apostolica!

2034 2227 2178 2283 sedis
2206 2240 2455 2289 censura,
2487 2222 2626 2278 sicut
2649 2220 2829 2289 exegit
2851 2217 3004 2281 ordo,
3030 2213 3325 2285 praecessit,
3350 2208 3613 2282 approba-

2034 2332 2188 2383 mus,
2225 2315 2558 2370 admittimus
2594 2320 2652 2367 et
2695 2309 3139 2372 corroboramus;
3171 2312 3334 2372 atque
3370 2299 3609 2372 postula-

2036 2406 2166 2461 tioni
2199 2413 2411 2467 vestrae,
2442 2403 2530 2457 cui
2570 2400 2858 2471 quidquam
2901 2395 3083 2467 negari
3111 2391 3476 2450 difﬁcillimum
3505 2398 3609 2451 est,

2034 2502 2354 2557 annuentes,
2378 2492 2444 2546 ad
2465 2489 2759 2561 pleniorem
2783 2484 3261 2543 conﬁrmationem,
3288 2493 3444 2544 usum
3467 2476 3613 2548 pallii

2029 2588 2141 2659 jam
2172 2586 2315 2641 dicto
2342 2582 2498 2638 fratri
2524 2588 2713 2637 nostro
2741 2575 2993 2641 Wulfado
3014 2572 3334 2629 Bituricensi
3361 2568 3610 2632 antistiti,

2034 2680 2328 2738 secundum
2380 2677 2620 2748 priorem
2668 2672 3144 2734 consuetudinem,
3186 2669 3252 2723 ad
3301 2666 3518 2737 genium
3561 2672 3619 2719 et

2036 2776 2201 2831 decus
2223 2769 2465 2828 ecclesia:
2483 2766 2583 2824 sibi
2605 2765 2925 2827 commissae,
2944 2770 3000 2817 et
3023 2753 3616 2824 instructionemjpsius

2036 2863 2406 2923 concedimus.
2437 2858 2590 2928 Quod
2621 2858 2784 2914 etiam
2825 2870 2968 2926 saepe
2999 2858 3328 2908 memoratus
3364 2848 3619 2904 decessor

2036 2964 2222 3013 noster
2251 2952 2566 3023 jamdudum
2616 2949 2846 3004 libenter
2885 2951 3164 3007 annueret,
3206 2943 3250 2998 si
3299 2955 3420 3012 qua:
3471 2954 3613 2994 nunc

2038 3045 2260 3101 misistis
2307 3044 2424 3112 ipse
2463 3041 2748 3111 reciperet,
2796 3036 2881 3092 vel
2915 3036 2963 3091 si
3003 3036 3048 3090 is
3086 3034 3177 3105 qui
3210 3032 3315 3087 hoc
3342 3030 3619 3099 suscipere

2038 3136 2354 3198 conabatur,
2377 3147 2407 3187 a
2435 3129 2756 3188 Bituricensi
2788 3129 2983 3183 missus
3005 3125 3325 3196 probaretur
3353 3119 3618 3177 Ecclesia.

2039 3229 2144 3286 Sed
2165 3227 2307 3298 quod
2332 3225 2423 3281 ille
2450 3240 2556 3280 non
2583 3224 2713 3295 egit,
2732 3235 2860 3277 ecce
2887 3233 2987 3275 nos
3004 3217 3233 3289 egimus.
3251 3213 3391 3280 Quin
3412 3211 3615 3283 potius,

2039 3321 2180 3392 quod
2213 3319 2301 3374 ille
2337 3317 2597 3388 perficere
2639 3313 3049 3375 deliberaverat,
3091 3323 3190 3364 nos
3228 3322 3355 3363 ecce
3381 3306 3493 3361 Deo
3520 3318 3618 3358 au—

2039 3421 2189 3467 ctore
2212 3406 2595 3480 supplevimus.
2628 3404 2744 3460 Non
2772 3402 2966 3473 quippe
2995 3407 3080 3455 est
3102 3398 3387 3453 diversitas
3410 3393 3615 3465 operis,

2036 3502 2127 3557 ubi
2169 3508 2256 3556 est
2288 3513 2396 3554 una
2431 3497 2727 3567 eademque
2776 3491 3063 3550 concordia
3110 3487 3401 3544 voluntatis
3432 3499 3446 3543 :
3481 3498 3621 3554 pra!—

2038 3597 2223 3651 sertim
2275 3607 2399 3648 cum
2446 3590 2736 3646 debeamus
2771 3588 2822 3644 ei
2866 3587 2921 3642 in
2966 3586 3147 3641 labore
3184 3580 3498 3645 succedere,
3528 3577 3621 3634 cui

2038 3686 2393 3744 successimus
2424 3684 2477 3739 in
2504 3684 2727 3739 honore.
2756 3679 3016 3735 Nimirum
3045 3677 3134 3748 qui
3165 3690 3351 3731 sumus
3382 3680 3445 3725 ut
3469 3668 3621 3725 Psal-

2037 3781 2195 3836 mista
2223 3779 2413 3835 canit:
2448 3773 2556 3831 Pro
2595 3775 2829 3846 patribus
2866 3774 2977 3843 nali
3011 3770 3111 3840 ﬁlii
3147 3767 3318 3842 (Psal.
3362 3762 3532 3834 κων),
3565 3768 3655 3814 (ξι-ν,

2037 3869 2340 3930 constituti,
2392 3866 2639 3935 quamvis
2682 3865 2836 3932 longe
2894 3861 3101 3914 meritis
3155 3860 3407 3926 impares,
3459 3866 3620 3922 super

2036 3972 2252 4012 omnem
2285 3952 2609 4010 universalis
2640 3960 2841 4005 sancta:
2880 3947 3132 4001 Ecclesiae
3173 3957 3391 3999 terram.
3422 3943 3616 3996 Preca-

2038 4061 2159 4101 mur
2187 4051 2391 4107 autem,
2420 4049 2474 4097 et
2511 4041 2860 4095 obsecramus
2888 4039 2941 4092 in
2970 4037 3215 4101 Domino,
3243 4044 3302 4090 ut
3328 4035 3483 4089 sicuti
3514 4050 3613 4090 nos
3644 4080 3656 4086 .,

2036 4134 2308 4193 unanimis
2331 4130 2683 4188 fraternitatis
2722 4138 2914 4184 vestrae
2946 4127 3194 4197 precibus
3225 4126 3531 4188 annuimus,
3561 4134 3635 4179 et-

2036 4238 2313 4282 assensum
2341 4223 2407 4278 de
2430 4229 2627 4277 caetero
2660 4234 2765 4273 non
2792 4218 2964 4273 solum
2996 4216 3049 4269 in
3076 4216 3199 4280 hoc,
3235 4214 3330 4269 sed
3360 4213 3412 4268 in
3439 4214 3618 4267 omni-
3644 4254 3649 4259 ι

2035 4317 2135 4371 bus
2164 4314 2403 4385 praabere
2430 4309 2795 4380 disponimus;
2834 4306 2909 4362 ita
2941 4320 3154 4375 quoque
3183 4319 3278 4358 vos
3308 4303 3440 4358 meis
3468 4318 3615 4358 nunc

2038 4408 2179 4462 votis
2206 4403 2517 4461 satisfacere
2543 4409 2918 4471 procurantes,
2947 4398 3372 4452 crebro'dictum
3401 4403 3618 4465 aposto-

2041 4497 2157 4551 lica:
2186 4491 2576 4549 recordationis
2602 4504 2794 4560 papam
2834 4486 3123 4541 Nicolaum
3142 4487 3196 4540 in
3222 4485 3496 4541 codicibus
3530 4485 3616 4540 vel

2040 4583 2309 4654 diptyehis
2345 4581 2698 4638 ecclesiarum
2746 4585 3050 4635 vestrarum
3095 4575 3281 4642 scribi,
3323 4582 3378 4631 et
3420 4587 3615 4629 nomen

2040 4677 2156 4747 ejus
2200 4673 2342 4727 inter
2377 4685 2530 4726 sacra
2560 4670 2845 4725 missarum
2886 4667 3145 4723 solemnia
3179 4666 3619 4736 impraetermisse

2020 4765 2260 4823 recitari
2297 4764 2554 4819 faciatis:
2589 4763 2664 4818 ita
2698 4770 2758 4817 ut
2803 4762 2923 4816 aliis
2967 4774 3182 4830 quoque
3232 4757 3513 4824 fratribus,
3563 4766 3620 4813 et

2043 4858 2351 4913 dioeceseon
2388 4861 2692 4908 vestrarum
2743 4850 3136 4915 sacerdotibus,
3181 4849 3413 4917 idipsum
3456 4861 3621 4917 agere

2039 4944 2383 5017 praecipiatis.
2421 4941 2780 4997 Nihilominus
2818 4955 2948 4995 vero
2980 4940 3206 4994 suadere
3243 4946 3436 4994 vestra:
3481 4936 3616 4991 dile-

2041 5034 2203 5093 ctioni
2226 5047 2498 5097 curamus,
2531 5040 2584 5085 et
2607 5033 2977 5091 admonemus,
3008 5036 3066 5080 ut
3108 5035 3211 5079 tam
3236 5024 3441 5081 Graecis
3467 5024 3618 5092 prin-

2040 5125 2271 5196 cipibus,
2298 5137 2458 5193 quam
2487 5120 2736 5175 omnibus
2760 5116 2978 5172 omnino
3007 5111 3242 5168 clericali
3272 5110 3618 5179 fungentibus

2040 5214 2230 5281 ordine
2262 5221 2452 5267 contra
2497 5220 2783 5278 personam
2815 5204 2952 5274 ejus,
2988 5200 3075 5256 vel
3118 5208 3237 5254 acta
3272 5214 3366 5255 seu
3398 5198 3615 5254 decreta
3693 5224 3703 5239 ι

2044 5305 2234 5375 ipsius,
2273 5316 2434 5373 agere
2469 5300 2553 5355 vel
2594 5299 2887 5354 decernere
2933 5293 3222 5365 quidquam
3259 5290 3612 5355 tentantibus,

2045 5404 2155 5450 tam
2183 5393 2369 5459 verbo,
2408 5404 2570 5461 quam
2607 5388 2808 5458 scripto
2838 5385 3066 5440 viriliter
3102 5381 3347 5445 obvietis,
3380 5395 3444 5436 ac
3475 5378 3616 5434 vali-

2041 5485 2264 5541 dissime
2306 5481 2592 5539 resistatis.
2627 5479 2869 5535 Scientes
2892 5484 3178 5548 praetcrea,
3209 5474 3334 5545 quia
3364 5488 3613 5545 quaecun-

2040 5588 2145 5644 que
2170 5573 2259 5627 hic
2286 5572 2545 5626 adversus
2572 5569 2688 5638 ejus
2720 5582 3025 5638 personam,
3065 5564 3149 5621 vel
3180 5564 3395 5619 decreta
3423 5576 3613 5634 geren-

2043 5674 2147 5730 tur,
2178 5678 2263 5718 me
2299 5663 2384 5733 his
2412 5676 2682 5733 nunquam
2720 5660 3066 5733 praebiturum
3096 5655 3213 5712 fore
3245 5669 3564 5712 consensum
3590 5671 3618 5709 θ
