4142 6296
523 281 525 284 ‘
577 296 715 350 me

1938 293 2216 352 ADRIANI
2253 295 2333 353 PA
2343 295 2451 353 ΡᾸΞ
2489 295 2530 353 ιι

3749 284 3942 342 1264

585 424 689 467 nec
723 408 803 463 eis
828 422 862 464 a
899 407 1329 477 quibuscunquc,
1369 405 1453 462 vel
1489 404 1973 476 quomodocunqne
2007 405 2159 474 fiant,
2188 411 2243 471 Α
2270 416 2354 464 tor
2386 416 2447 464 ut
2478 407 2630 478 pacis
2670 415 2727 463 et
2757 405 3060 463 dilectionis
3091 405 3387 472 vinculum,
3414 422 3537 476 quas
3566 407 3787 477 major
3821 421 3933 465 est

585 514 768 556 meum
791 500 1054 554 interesse
1079 497 1294 563 mentis,
1326 494 1783 560 vel-deﬁnitionis,
1807 502 1913 551 aut.
1929 495 2162 566 disposi-

585 589 754 646 tionis
801 587 1075 644 all'eetum.
1127 587 1444 656 Quanquam
1494 587 1540 642 si
1583 586 1808 657 quilibet
1855 587 2164 657 apostolica:

588 678 733 733 sedis
778 676 1203 731 misericordiam
1244 675 1520 738 humiliter
1556 675 1972 746 postulaverint,
2016 677 2164 732 circa

582 765 684 820 hos
708 764 986 836 praemissa
1027 762 1396 818 satisfactione
1429 764 1612 818 mitius
1641 777 1800 834 agere
1827 763 1976 818 nullo
2003 763 2164 820 modo

583 853 1161 912 velimus-inflexibiles
1185 870 1464 925 apparere.
1498 855 1728 909 Tantum
1759 870 1824 909 ne
1859 854 2161 926 hujusmodi

582 945 839 1002 homines
858 946 937 999 sic
962 945 1324 1006 innocentiam
1353 960 1505 998 suam
1537 955 1780 1000 asserere
1809 946 2084 1009 studeant,
2107 956 2166 1000 ut

580 1038 636 1091 in
681 1036 1097 1092 accusationem
1125 1034 1257 1088 tanti
1305 1034 1576 1104 pontiflcis
1607 1035 1950 1104 maximeque
1986 1035 2038 1088 in
2070 1035 2163 1090 Dei

575 1128 782 1200 judicio
807 1126 1072 1190 collocati,
1095 1141 1311 1196 quoquo
1332 1128 1490 1181 modo
1517 1141 1870 1197 prorumpere
1889 1126 2160 1181 audeant:

577 1208 851 1302 praecipue
887 1235 1006 1273 cum
1038 1211 1218 1283 illum,
1258 1219 1384 1273 dum
1431 1218 1665 1282 advixit,
1707 1232 1866 1273 nemo
1910 1217 2168 1286 impetere

577 1317 1008 1393 praesumpserit,
1039 1315 1138 1369 vel
1163 1328 1284 1369 eum
1323 1315 1390 1368 de
1433 1313 1629 1384 injusto
1669 1312 1872 1381 judicio
1917 1327 2162 1383 arguere,

578 1408 677 1461 vel'
713 1407 950 1462 tenuiter
995 1421 1158 1460 ausus
1203 1405 1500 1468 exstiterit;
1550 1403 1669 1458 nisi-
1694 1402 1831 1457 forte
1871 1403 2012 1457 hunc
2045 1401 2169 1470 quis.

579 1497 860 1551 humiliter
888 1495 1042 1561 adiit,
1071 1495 1158 1550 cui
1189 1494 1275 1548 ille
1306 1493 1676 1548 satisfactione
1714 1493 1949 1548 nondum
1977 1500 2162 1546 curate

572 1586 696 1663 jure
744 1587 1020 1642 remittere
1058 1601 1163 1640 non
1217 1585 1509 1641 consensit.
1558 1583 1744 1639 Estote
1800 1583 1968 1654 igitur
2015 1582 2163 1639 circa

577 1679 694 1734 haec
739 1676 960 1750 vigiles,
1008 1687 1182 1733 estote
1225 1676 1421 1742 fortes,
1471 1687 1527 1732 et
1578 1677 1678 1731 ista
1729 1675 1978 1729 omnibus
2024 1673 2163 1729 ultra

2261 496 2511 554 omnibus
2535 496 2823 556 virtutibus
2850 495 3444 563 ct,holocautomatibus
3471 497 3558 568 (II
3611 497 3806 554 Patr-
3844 503 3928 570 ι),

2263 585 2626 640 insolubiliter
2655 585 2710 644 in
2757 599 2946 640 omnes
2985 594 3037 640 et
3071 585 3302 642 invicem
3339 585 3648 646 observan
3691 588 3922 660 gloria

2264 683 2354 728 tua
2379 675 2692 739 contendat,
2713 682 2767 728 et
2787 673 2929 729 inter
2953 673 3227 742 subjectos
3251 675 3564 734 medullitus
3583 680 3917 736 custodiri

2263 777 2479 833 semper
2521 763 2829 819 admoneat.
2879 763 2935 830 lu
2977 765 3078 820 hoc
3112 767 3257 821 enim
3289 769 3439 837 regni
3471 770 3656 824 vestri
3687 781 3914 827 status

2263 855 2462 922 poterit
2492 853 2778 910 incolumis
2799 856 2968 911 tutius
2992 871 3335 926 permanere,
3362 860 3404 914 si
3438 875 3536 915 vos
3571 864 3902 920 neminem

2263 945 2634 1000 concutientes
2656 960 2686 998 a
2714 945 2859 1000 nullo
2885 947 3542 1018 concutidignoscamini.
3571 951 3900 1010 Praeterea

2265 1033 2515 1088 nolumus
2538 1034 2787 1104 ignorare
2822 1034 3199 1091 celsitudinem
3230 1047 3397 1102 tuam,
3429 1039 3892 1097 dilectissimum

2264 1137 2320 1184 et
2348 1129 2651 1198 spiritalem
2683 1127 2851 1187 filium
2882 1138 3126 1185 nostrum
3152 1130 3506 1199 Ludovicum,
3535 1135 3890 1204 piissimum

2264 1228 2320 1274 et
2339 1236 2369 1274 a
2399 1222 2509 1276 Deo
2535 1229 2838 1290 protectum
2867 1221 3270 1292 imperatorem,
3297 1225 3711 1282 nonadversus
3740 1243 3885 1282 san-

2265 1310 2673 1382 ctasreligionis
2699 1311 2859 1375 filios,
2891 1311 3214 1380 utquidam.
3239 1327 3499 1382 pugnam,
3526 1330 3628 1369 nec
3655 1326 3875 1370 contra

2267 1403 2391 1457 ﬁdei
2419 1401 2746 1458 Christiana:
2779 1402 3129 1466 domesticos,
3163 1401 3258 1456 sed
3284 1404 3544 1459 adversus
3574 1406 3731 1462 filios
3764 1409 3878 1462 Be-

2267 1492 2377 1556 lial,
2409 1501 2466 1548 et
2497 1494 2761 1549 adversus
2795 1492 2995 1549 Christi
3027 1492 3259 1548 nominis
3290 1494 3560 1557 inimicos.
3594 1511 3703 1565 pro
3735 1513 3876 1552 san—-

2267 1593 2367 1638 οιαὶ
2395 1583 2666 1650 Ecclesiae,
2705 1593 2759 1639 et
2788 1585 3057 1654 praecipue
3083 1593 3268 1640 nostra
3297 1585 3616 1651 securitate,
3637 1603 3873 1657 proque

2269 1672 2503 1727 fidelium
2552 1671 2870 1728 liberatione
2910 1671 3227 1737 multorum,
3270 1673 3362 1742 qui
3402 1688 3541 1744 pene
3571 1674 3683 1743 jam
3719 1675 3869 1730 tine—

575 1768 740 1840 Alpes
787 1769 1097 1825 constitutis
1137 1768 1404 1838 episcopis
1458 1767 1804 1830 nuntiantes,
1858 1774 1913 1820 ut
1961 1773 2016 1820 ct
2065 1765 2164 1835 ipsi
2200 1763 2240 1820 Β
2271 1773 2428 1820 tenus
2461 1763 2920 1834 apud-Samnium
2967 1764 3436 1835 periclitabantur,
3469 1767 3542 1820 ita
3574 1775 3636 1820 ut
3676 1767 3864 1822 etiam

575 1878 790 1932 quoque
818 1877 981 1933 super
1016 1862 1102 1917 his
1143 1860 1356 1916 solliciti
1399 1868 1454 1914 et
1503 1859 1694 1914 intenti
1739 1865 2164 1930 propugnatores

576 1939 703 2012 sint,
738 1951 1064 2006 salutaribus-
1089 1951 1307 2008 monitis
1335 1951 1581 2004 incitare.
1615 1947 1748 2017 (lvo,
1779 1957 1932 2018 parte
1962 1964 2012 2012 v,
2039 1961 2160 2016 cap.

577 2038 694 2107 54.)
725 2038 988 2104 Quoniam
1029 2038 1088 2091 si
1111 2039 1256 2092 sedis
1300 2037 1608 2106 apostolicae
1643 2036 1856 2104 pratsul,
1884 2035 1967 2090 vel
1998 2037 2174 2105 ipsius

576 2127 814 2190 decreta,
832 2128 1172 2182 detestationi
1198 2127 1943 2190 velabdicationi-hahentur,
1969 2125 2165 2179 nullius

574 2225 815 2273 vestrum
844 2217 932 2272 vel
955 2231 1147 2271 nomen
1178 2217 1257 2270 vel
1281 2216 1582 2271 institutum
1612 2216 1824 2270 firmum
1856 2223 1948 2268 aut
1969 2215 2165 2270 stabile

575 2321 899 2377 permanere
929 2307 1148 2361 valebit.
1184 2305 1322 2373 Quin
1351 2307 1531 2376 potius
1566 2315 1620 2361 et
1648 2305 2006 2377 dogmatibus,
2044 2319 2165 2376 qua}

573 2397 644 2450 de
678 2405 864 2450 sancta
906 2403 960 2451 et
1006 2395 1278 2450 individua
1310 2393 1575 2449 T-rinitate
1613 2411 1640 2448 a
1680 2393 1996 2464 praesulibus
2023 2394 2165 2448 sedis

577 2487 885 2555 apostolicae
913 2483 1344 2555 promulgantur,
1377 2483 1629 2538 nonnulla
1659 2491 1885 2553 possunt
1921 2483 2036 2536 fieri
2067 2482 2165 2536 de-

575 2577 852 2640 trimcnta,
902 2576 945 2630 si
987 2575 1403 2646 prmcedentium
1447 2589 1786 2645 quorumque
1834 2582 1887 2627 ct
1930 2573 2166 2628 maxime

574 2665 764 2723 primm
811 2665 964 2720 sedis
996 2663 1308 2734 pontificum
1351 2672 1550 2718 statuta
1606 2663 1704 2716 vel.
1733 2661 1848 2724 ulli,
1887 2663 2028 2729 quod
2059 2661 2161 2716 dici

575 2757 859 2821 nefaiest,
890 2757 1018 2826 quin
1051 2765 1118 2810 et-
1142 2756 1264 2823 ipso
1285 2755 1467 2809 auditu
1498 2769 1720 2825 pmrsus
1751 2753 2101 2816 horrendum,
2131 2767 2161 2805 a

578 2846 1031 2916 subsequentibus
1057 2846 1377 2915 quibusque,
1407 2844 1517 2898 imo
1553 2853 1616 2899 et-
1643 2842 2006 2903 infecioribus,
2037 2842 2166 2897 abo-

576 2937 762 2992 lilioni-
791 2937 1003 2991 cuidam
1036 2935 1120 2990 vel
1159 2934 1486 2990 damnationi
1529 2931 1904 3003 subiiciantur,
1941 2930 2163 2987 velim-

576 3034 680 3103 pize
712 3033 1031 3088 temeritatis
1055 3047 1189 3087 ausu
1222 3030 1411 3087 saltem
1439 3029 1534 3086 soli
1567 3026 1900 3099 derogationi
1935 3025 2166 3096 prodan-

2268 1854 2404 1910 iines
2447 1863 2662 1910 nostros
2718 1854 2996 1910 infestatio
3033 1855 3144 1925 jam
3180 1854 3402 1924 jamque
3439 1855 3860 1911 Saracenorum

2265 1946 2563 2000 invaderet.
2602 1945 2866 2016 Egressus
2907 1960 2937 2000 a
2978 1961 3190 2004 summo
3229 1946 3576 2004 sublimitatis
3623 1951 3880 2020 proprio.

2266 2035 2425 2100 solio,
2459 2045 2577 2105 eta
2613 2035 2976 2105 pacatissima:
3007 2035 3204 2104 quietis
3231 2052 3342 2091 suae
3382 2035 3712 2107 fundamine,
3747 2053 3859 2094 nec

2265 2125 2480 2195 corpori
2516 2109 2711 2194 parcit,
2763 2141 2864 2188 nec
2891 2125 3134 2191 aestibus,
3173 2142 3275 2182 nec
3304 2127 3584 2196 algoribus,
3616 2145 3719 2185 nec
3747 2130 3853 2185 de-

2266 2215 2429 2286 nique
2463 2215 2586 2270 ullis
2616 2215 2897 2284 eventibus
2923 2214 3223 2288 cedit;_se_d
3267 2217 3434 2280 omnia
3464 2217 3847 2284 incommoda,

2264 2303 2442 2357 omnia
2476 2303 2788 2358 discrimina
2815 2318 2914 2374 pro
2935 2301 3142 2361 Christi
3166 2305 3380 2362 nomine
3406 2303 3662 2368 tolerans,
3692 2306 3848 2361 nihil

2265 2401 2344 2446 est
2384 2393 2528 2462 quod
2553 2409 2651 2462 pro
2671 2391 3107 2449 Christianorum
3138 2394 3413 2466 ereptione
3448 2405 3663 2452 recuset
3705 2398 3868 2452 arri-‘

2265 2496 2412 2551 pere,
2440 2482 2572 2537 nihil
2600 2492 2681 2538 est
2703 2483 2842 2553 quod
2870 2499 2969 2553 pro
3006 2481 3242 2538 fidelium
3265 2485 3447 2554 quiete
3491 2499 3556 2540 ac
3582 2500 3717 2554 pace
3748 2487 3848 2540 de-

2264 2573 2427 2629 clinet
2470 2589 2762 2629 assumere.
2806 2574 3047 2646 Denique
3098 2591 3203 2629 non
3253 2575 3523 2629 modicam
3588 2575 3846 2631 Ecclesia

2265 2673 2466 2733 sanctae,
2491 2663 2725 2733 quietem
2755 2678 2853 2734 per
2879 2679 3008 2719 eum
3032 2661 3211 2717 divina
3249 2661 3365 2731 jam
3397 2665 3574 2734 pietas
3619 2674 3849 2734 operata

2265 2765 2366 2818 est,
2394 2772 2499 2821 non
2531 2743 2756 2827 modica}
2784 2769 3113 2827 paganorum
3141 2755 3284 2809 vires
3308 2753 3627 2809 fortitudine
3653 2770 3840 2824 super-

2265 2855 2642 2917 naprostratae
2667 2855 2813 2904 sunt.
2837 2846 3112 2916 Siquidem
3126 2847 3324 2918 saepius
3340 2845 3558 2902 eosdem
3586 2857 3838 2917 tanquam

2267 2951 2447 2996 mures
2470 2951 2499 2990 e
2528 2935 2778 2990 cavernis
2803 2936 2916 2990 suis
2941 2951 3199 3004 egressos.
3219 2936 3283 2989 ad
3309 2951 3403 3002 sua
3435 2935 3658 2990 latibula
3687 2947 3836 3008 terga

2269 3036 2480 3096 vertere
2506 3027 2786 3096 compulit,
2815 3035 2870 3082 et
2915 3025 3137 3080 brachia
3166 3035 3353 3080 contra
3400 3034 3620 3094 nostros
3646 3037 3832 3082 exerta

578 3132 686 3176 tur.
724 3121 980 3177 Sanctam
1021 3120 1415 3176 fraternitatem
1454 3128 1692 3173 vestram
1737 3125 1983 3186 optamus
2023 3128 2165 3168 nunc
2199 3121 2243 3182 (ζ
2274 3119 2479 3190 potenti
2509 3119 2708 3185 virtute
2731 3117 2969 3175 resolvit.
3010 3118 3148 3186 Quin
3177 3129 3229 3174 et
3267 3119 3425 3174 nobis
3449 3119 3836 3190 onmibus,lqui

577 3221 632 3269 et
661 3229 874 3285 semper
889 3212 1194 3269 inCln-isto
1220 3213 1358 3267 bene
1384 3209 1586 3266 valere.
1621 3210 1750 3265 Data
1782 3223 1835 3264 tv
1862 3204 2046 3261 Nonas
2070 3203 2167 3259 Fe'

579 3306 806 3374 bruarii,
841 3305 1138 3372 indictione
1155 3303 1348 3375 prima.

1331 3412 1419 3467 IV.

1331 3414 1419 3467 IV.

885 3520 969 3557 Αυ.
993 3519 1291 3559 wnovtcnu
1329 3518 1506 3558 necent
1543 3516 1849 3558 Genusum.

1191 3595 1380 3666 (Anno
1407 3593 1557 3663 868.)

584 3706 667 3773 De
690 3704 916 3769 victoriis
944 3701 1192 3773 Ludovici
1219 3701 1547 3773 imperatoris
1575 3700 1822 3760 adversus
1847 3700 2162 3773 Saracenos,

652 3776 805 3843 cujus
849 3772 1058 3827 interim
1099 3782 1166 3836 et;
1191 3771 1427 3826 Lotfum'i
1459 3771 1638 3826 fratris
1677 3787 1796 3842 qua!
1823 3780 1980 3835 sunt,
2021 3771 2166 3842 tangi

654 3854 814 3899 uetat.

519 3921 558 3964 η
654 3956 930 4013 Λυκιλκιςε
955 3957 1263 4036 episcopus,
1295 3969 1484 4011 servus
1513 3967 1794 4011 servorum
1824 3957 1937 4020 det,
1969 3952 2165 4009 dilecto

585 4046 695 4103 filio
720 4047 994 4104 Liinowco
1020 4047 1254 4117 glorioso
1275 4046 1407 4116 regi.

651 4139 801 4194 Inter
839 4138 1063 4194 exordia
1096 4137 1354 4194 divinitus
1379 4135 1636 4202 ordinati,
1683 4134 1891 4192 licet-in
1942 4135 2163 4206 indigno

580 4228 1229 4304 ministro,.pontificatus
1256 4227 1381 4292 mei,
1414 4227 1562 4296 pacis
1590 4225 1827 4281 studium
1866 4239 1978 4287 prae
2004 4233 2164 4279 caete-

583 4324 660 4379 ris
684 4309 1310 4392 virtutili‘usprasdicandi
1333 4317 1701 4386 suadendique
1713 4316 1844 4371 mihi
1867 4315 2164 4371 necessitas

585 4428 694 4468 non
738 4411 1183 4467 inconvenienter
1213 4407 1498 4463 incumbit.
1535 4405 1800 4462 Nimirum
1843 4421 1965 4461 cum
2000 4406 2162 4460 etiam

2271 3211 2425 3280 longe
2451 3226 2636 3282 sumus
2659 3219 2714 3266 et
2738 3211 2826 3280 qui
2859 3225 3043 3280 prope,
3070 3224 3275 3279 magna:
3306 3209 3616 3265 securitatis
3651 3209 3836 3280 praesi-

2271 3303 2416 3358 dium
2469 3301 3009 3375 cond_onavit,odum
3056 3300 3260 3356 scilicet
3315 3300 3599 3356 nonnullos
3653 3316 3832 3356 eorum

2269 3392 2584 3461 prostravit,
2613 3391 2898 3446 nonnullos
2938 3391 3100 3463 etiam
3129 3391 3198 3445 ab
3239 3405 3426 3445 eorum
3469 3389 3833 3460 superstitioso

2272 3465 2376 3538 ritu
2400 3491 2747 3551 convertens,
2777 3482 2978 3552 Christi
3007 3483 3128 3538 fidei
3157 3491 3211 3538 et
3251 3497 3396 3537 verae
3437 3482 3709 3552 religionis
3752 3481 3833 3535 iti-

2269 3590 2397 3642 nera
2449 3575 2644 3630 sectari
2685 3575 2984 3646 perdocuit.
3033 3573 3148 3646 Qua
3177 3573 3243 3627 de
3285 3588 3343 3626 re
3381 3582 3556 3626 ratum
3593 3572 3843 3626 ducimus

2268 3674 2502 3730 vestram
2532 3681 2878 3721 commoncre
2897 3678 3286 3734 magnolopere
3316 3663 3702 3725 celsitudinem,
3722 3677 3833 3731 quo

2230 3771 2374 3811 .non
2417 3755 2614 3822 vestris
2665 3755 2897 3821 motibus
2922 3795 2938 3820 ,
2986 3770 3092 3818 non
3140 3755 3370 3809 aliorum
3407 3751 3828 3823 suggestionibus

2269 3845 2500 3915 incitati,
2524 3846 2817 3918 quidquam
2847 3861 2966 3916 qua:
2988 3845 3131 3915 illius
3161 3853 3290 3908 sunt
3314 3853 3607 3900 concutere
3630 3858 3826 3912 praesu-

2267 3939 2448 4009 matis.
2491 3937 2606 3993 Non
2657 3937 2830 3994 solum
2879 3947 3060 3992 autem
3099 3953 3220 4007 qua:
3269 3935 3411 4000 illius
3453 3943 3612 4000 sunt,
3651 3949 3827 3989 verum

2265 4027 2428 4093 etiam
2453 4042 2573 4096 qure
2596 4025 2780 4080 fratris
2804 4026 2992 4096 ipsius,
3033 4025 3279 4094 Lolliarii
3330 4024 3578 4080 videlicet
3619 4023 3827 4095 gloriosi

2267 4117 2440 4187 regis,
2461 4116 2783 4180 consistunt,
2814 4113 2960 4169 nullo
2986 4129 3328 4169 commovere
3369 4110 3648 4188 patiamini
3683 4125 3829 4181 pror-

2267 4221 2360 4261 sus
2390 4205 2666 4260 instinctu.
2717 4204 2818 4273 Qui
2851 4204 2996 4275 enim
3045 4203 3214 4275 tangit
3258 4217 3331 4266 ea.
3360 4189 3480 4280 qua:
3506 4200 3691 4270 fratris
3717 4199 3825 4268 ejus

2266 4305 2415 4362 sunt,
2438 4296 2525 4359 illa
2549 4311 2664 4366 qua:
2697 4295 2864 4365 ipsius
2887 4305 3013 4359 sunt
3037 4295 3329 4367 tangit;ct
3351 4292 3624 4369 quiillum
3669 4281 3853 4347 livore'

2266 4386 2441 4440 victus
2480 4393 2819 4450 commovet,
2872 4384 3017 4438 hunc
3064 4383 3248 4454 procul
3293 4382 3455 4447 dubio
3499 4395 3824 4436 commovere

583 4509 637 4560 in
696 4505 866 4575 ipsius
911 4501 1217 4557 Dominicas-
1253 4499 1551 4554 nativitatis
1603 4499 1874 4570 principio
1921 4497 2163 4554 cmlestis
2191 4467 2242 4527 D
2267 4477 2620 4575 digl‘OSCi‘_l'_"-
2664 4475 3025 4575 ρξιῆξτιοῦτθξη
3067 4475 3358 4575 “adem”?
3396 4480 3470 4575 fit.
3496 4472 3819 4572 ἀίξθθίίοηξδῐη

582 4596 858 4650 exercitus
899 4593 1103 4647 militim
1129 4591 1258 4646 visa:
1289 4591 1427 4655 sint,
1463 4605 1584 4660 quae
1608 4589 1902 4645 clamarent
1929 4603 1943 4641 :
1980 4587 2163 4643 Gloria

585 4687 638 4736 in
663 4684 879 4738 excelsis
911 4681 1042 4746 Deo,
1073 4681 1190 4735 etin
1218 4690 1357 4732 terra
1377 4697 1484 4749 pan;
1501 4680 1796 4732 hominibus
1818 4679 1964 4732 bona:
1986 4677 2165 4731 volun-

588 4783 714 4826 tam
743 4771 895 4842 (Luc.
926 4769 988 4840 1).
1040 4769 1136 4825 Ubi
1185 4767 1430 4836 profecto
1471 4769 1700 4823 solerter
1737 4768 2052 4823 intuendum
2083 4775 2167 4821 est

589 4863 717 4936 quia
763 4863 904 4918 sicut
933 4871 1063 4916 tunc
1099 4868 1376 4931 pastores,
1413 4859 1520 4929 qui
1562 4873 1724 4928 super
1761 4870 1975 4927 gregem
2007 4867 2163 4909 suum

587 4970 701 5025 prae
727 4953 940 5009 caeteris
971 4952 1358 5024 vigilaverunt,
1386 4949 1518 5003 tanti
1566 4947 1782 5017 tripudii
1825 4945 2008 5001 videre
2051 4959 2164 5015 pra:

587 5045 801 5100 ueteris
822 5043 1014 5115 gaudia
1039 5028 1388 5098 meruerunt:
1415 5041 1485 5096 ita
1518 5055 1615 5095 nos
1637 5046 1766 5094 tunc
1791 5037 2164 5109 procul-dubio

586 5135 886 5192 caelestium
917 5136 1181 5189 bonorum
1210 5131 1450 5186 laetitiam
1479 5127 2079 5199 adipisci'merebimur,
2118 5126 2162 5181 si

587 5242 750 5296 super
762 5240 892 5281 oves
914 5225 1221 5280 Dominicas
1235 5222 1462 5277 sollicite
1483 5220 1763 5292 vigilemus
1789 5236 1802 5272 :
1830 5233 1896 5273 ne
1917 5216 2166 5272 videlicet

591 5321 689 5375 has
713 5317 794 5373 vel
832 5330 928 5386 per
957 5317 1180 5371 insidias
1214 5315 1322 5370 odii
1353 5330 1449 5369 seu
1489 5312 1771 5369 discordia:
1800 5324 1968 5364 vorax
2009 5307 2164 5374 lupus

589 5407 831 5471 invadat,
859 5406 942 5461 vel
965 5421 1062 5474 per
1082 5405 1430 5474 cupiditatem
1453 5404 1641 5456 avidus
1672 5401 1758 5454 ille
1780 5399 1864 5452 leo
1885 5395 2162 5465 deglutiat,

594 5498 685 5568 qui
736 5499 964 5557 docente
996 5495 1359 5565 apostolorum
1396 5493 1637 5562 principe
1675 5489 1870 5545 circuit
1914 5500 2165 5558 quaerens

594 5600 751 5653 quem
781 5585 1018 5638 devoret.
1052 5583 1280 5650 Ideoque
1305 5596 1464 5642 nunc.
1497 5580 1569 5633 fili
1601 5577 1940 5638 charissime,
1971 5590 2166 5645 oppor-

599 5656 724 5745 tune
749 5673 1050 5750 importune
1072 5671 1292 5738 suadeo,
1319 5671 1580 5725 admoneo
1606 5677 1658 5725 et
1684 5669 1948 5723 instanter
1974 5667 2167 5736 adhor-

2269 4574 2500 4624 vestram
2529 4567 2614 4620 bis
2639 4566 2882 4636 apicibus
2906 4565 3273 4628 cohortamur,
3307 4571 3365 4616 ut
3397 4561 3595 4631 iniquis
3620 4561 3816 4614 suasio—

2268 4658 2424 4720 nibus
2450 4672 2552 4710 non
2583 4655 3182 4726 cedatis,.nec_sinistra
3215 4652 3642 4708 machinantibus
3669 4663 3814 4702 aures

2268 4747 2684 4803 accommodctis
2721 4764 2734 4799 :
2768 4746 2862 4800 sed
2893 4745 3262 4822 unusquisque
3301 4753 3540 4802 vestrum
3566 4754 3661 4794 suo
3696 4737 3810 4805 jure

2269 4847 2730 4908 contentus,_qu:e
2777 4835 2998 4892 alterius
3027 4819 3152 4892 sunt
3197 4819 3460 4905 usurpare
3486 4846 3585 4885 non
3633 4836 3806 4888 tentet,

2272 4944 2371 4984 nec
2399 4928 2651 4984 invadere
2671 4941 2989 4996 quocunque
3012 4927 3409 4990 modonitatur,
3432 4921 3568 4994 quod
3585 4921 3814 4974 invasum

2271 5034 2379 5074 non
2427 5019 2699 5083 modicum
2726 5026 2910 5088 potest
2931 5017 3163 5072 invasuri
3207 5028 3467 5086 generare
3489 5013 3602 5069 sine
3626 5009 3816 5065 dubita-

2273 5113 2418 5167 tione
2446 5111 2760 5166 discrimen.
2785 5109 3069 5164 Provideat
3097 5125 3224 5180 ergo
3252 5105 3536 5178 prudentia
3567 5110 3734 5157 vestra
3758 5116 3818 5155 ne

2264 5202 2377 5272 jam
2416 5202 2528 5258 fato
2566 5200 3078 5258 desiderabilissimo
3117 5201 3226 5256 lilio
3272 5207 3455 5253 nostro
3494 5208 3705 5264 semper
3727 5192 3818 5246 An-

2271 5305 2454 5368 gusto,
2485 5309 2706 5350 causam
2743 5291 2839 5346 Dei
2867 5291 3214 5362 exsequenti,
3260 5301 3312 5344 et
3338 5287 3700 5344 haereditatem
3727 5283 3816 5339 Do-

2273 5387 2403 5442 mini
2429 5383 2719 5440 vindicanti
2741 5423 2755 5448 ,
2788 5397 2851 5438 ac
2880 5382 3048 5452 ipsius
3073 5380 3208 5435 bella
3251 5378 3538 5450 prmlianti,
3566 5374 3818 5445 quodlibet

2271 5476 2648 5533 offendiculum
2679 5485 3048 5545 przeparetur,
3091 5487 3212 5543 quo.
3238 5479 3436 5526 sanctze
3466 5469 3561 5523 Dei
3589 5464 3816 5521 Ecclesia

2273 5566 2464 5634 quavis
2507 5580 2574 5620 cx
2603 5573 2756 5634 parte
2784 5563 3138 5634 impediatur,
3181 5561 3264 5616 vel
3294 5559 3568 5631 profectus
3600 5554 3814 5611 ﬁdelium

2275 5658 2588 5718 excludatur
2615 5674 2626 5710 :
2659 5656 2749 5712 sed
2773 5658 2949 5737 potius
2987 5654 3085 5710 tela
3119 5663 3293 5713 vestra
3332 5665 3660 5734 paganorum
3689 5647 3820 5710 aries
