4142 6296
352 347 493 403 1265

1569 349 1945 409 ΕΡΙὸΤΟιιΕ
1972 350 2067 410 ET
2101 352 2438 409 DECRETA.

3482 328 3654 416 sese;

342 450 616 529 paveant,
645 466 700 513 et
722 456 902 528 jaeula
929 466 1105 514 vestra
1132 457 1187 514 bi
1211 458 1303 530 qui
1338 459 1454 516 sine
1478 459 1587 517 Deo
1625 470 1933 523 suntacuta
1963 466 2012 525 Α
2040 472 2097 520 et
2118 480 2219 535 pro
2248 463 2595 521 simulatione
2645 468 2842 537 potlori
2901 482 3043 524 nexu
3097 464 3371 541 ligaberis.
3415 470 3629 527 Etenim

364 549 656 620 reperiant.
689 549 827 617 Quin
852 549 1084 620 penitus,
1120 550 1415 605 secundum
1438 551 1783 623 Apostolum,
1836 567 1943 608 non

362 642 433 695 sit
458 640 613 697 vobis
639 640 944 697 colluctatio
970 641 1230 696 adversus
1254 656 1481 697 carnem
1510 651 1569 700 et
1599 644 1942 715 sanguinem,

363 732 415 786 ἰσΙ
444 740 529 788 est
557 730 825 793 homines.
854 731 950 786 sed
978 732 1238 787 adversus
1257 732 1529 802 principes
1548 741 1602 787 et
1622 741 1946 802 potestates,

363 824 621 878 adversus
646 820 828 875 mundi
859 830 1097 877 rectores
1126 823 1474 878 tenebrarum
1508 824 1723 887 harum,
1754 831 1943 879 contra

360 909 622 981 spiritalia
649 910 906 981 nequitia:
926 910 980 965 in
1003 910 1313 967 cmlestibus
1331 910 1548 982 (Ephes.
1570 910 1669 983 vi).
1693 912 1945 981 Alioquin

360 1016 584 1056 manum
632 1000 943 1071 apostolicae
978 1002 1124 1057 sedis
1150 1017 1274 1058 cum
1303 1004 1495 1058 eodem
1518 1003 1766 1074 piissimo
1796 1003 1947 1072 prin-

357 1094 479 1163 cipe
504 1092 728 1165 fortiter;
739 1108 861 1148 esse
880 1094 1211 1165 cognoscite,
1235 1102 1292 1149 et
1320 1109 1473 1148 arma
1501 1104 1689 1149 nostra
1720 1092 1795 1148 illi
1826 1109 1947 1148 mu-

358 1184 567 1238 nimina
597 1156 929 1238 vabllissima
966 1184 1335 1247 conlerentia,
1366 1200 1579 1240 summo
1622 1185 1947 1255 agonotbeta

357 1274 517 1330 nobis
543 1284 893 1330 concertante
909 1315 924 1340 ,
944 1283 1000 1330 et
1025 1276 1307 1331 beatorum
1330 1276 1635 1347 principum
1667 1276 1943 1346 apostolo-

360 1378 483 1418 rum
513 1364 899 1420 intercessione
927 1374 1273 1434 cooperante,
1314 1375 1613 1437 praeparata
1640 1367 1757 1421 sine
1786 1380 1947 1421 cunc-

362 1455 569 1510 tatione
593 1456 933 1525 praenoscite.
966 1455 1245 1529 Optamus.
1282 1458 1514 1529 gloriam
1538 1467 1777 1514 vestram
1804 1474 1950 1514 nunc

360 1554 419 1601 et
440 1561 657 1615 semper
699 1546 752 1600 in
794 1546 1010 1602 Christo
1048 1547 1264 1613 valere,
1295 1549 1644 1605 dilectissime
1670 1548 1767 1607 fili.
1809 1549 1946 1605 Data

360 1636 667 1714 pridieldus
694 1638 1039 1705 Febrttarias,
1065 1639 1360 1696 indictione
1387 1640 1583 1711 prima.

1130 1773 1198 1829 V.

916 1900 984 1953 λιι
1020 1894 1376 1954 “'31..”li-

964 1998 1151 2072 (Anno
1189 2000 1341 2072 868.)

360 2107 733 2177 Waldradam,
758 2111 882 2181 quia
917 2113 1196 2181 resipuisse
1239 2113 1527 2177 dicebatur,
1564 2112 1817 2169 Ludovici
1844 2113 1947 2181 im-

429 2181 686 2251 peratoris
750 2180 958 2251 rogatu,
1014 2180 1365 2237 communioni
1415 2182 1665 2238 Ecclesiae
1698 2180 1948 2251 restituit,

429 2265 491 2301 ea
531 2248 638 2319 lege
667 2260 723 2303 ut
753 2248 823 2304 ad
851 2250 1090 2305 Lotharii
1115 2252 1416 2307 societatem
1449 2269 1551 2307 non
1581 2255 1779 2307 redeat.

438 2360 605 2415 Nemo
632 2361 791 2431 plane
811 2363 1020 2417 dubitat
1054 2365 1256 2420 nullum
1284 2366 1494 2421 facinus
1517 2381 1660 2432 esse,
1684 2367 1827 2437 quod
1853 2346 1952 2423 Ec:

363 2450 528 2510 clesia
556 2451 677 2505 data
704 2450 805 2505 sibi
832 2451 1091 2507 divinitus
1118 2462 1384 2523 potestate
1431 2456 1500 2508 ab
1526 2470 1593 2509 eo
1630 2455 1946 2511 desistenti-

362 2542 465 2595 bus
500 2556 607 2596 non
627 2541 803 2611 possit
826 2542 1127 2609 absolvere,
1158 2554 1214 2598 et
1260 2545 1659 2619 paenitentibus
1681 2545 1949 2613 relaxare,

363 2631 450 2687 cui
473 2632 672 2687 dicitur
705 2650 717 2683 :
747 2631 1085 2703 Quaecunque
1108 2634 1415 2691 dimiseritis
1440 2654 1597 2706 super
1638 2646 1852 2702 terram,
1870 2637 1954 2691 di-

363 2724 525 2777 missa
544 2732 697 2777 erunt
721 2734 770 2778 et
805 2724 861 2778 in
890 2723 1030 2778 caelis
1053 2742 1072 2778 :
1091 2734 1138 2779 et
1171 2742 1494 2797 qmecunque
1519 2726 1775 2783 solveritis
1797 2744 1954 2798 super

363 2825 578 2881 terram,
603 2814 775 2870 soluta
800 2824 950 2870 erunt
973 2828 1020 2871 et
1044 2818 1099 2871 in
1126 2818 1266 2872 caelis
1298 2818 1316 2890 (
1349 2818 1543 2873 Matth.
1589 2835 1749 2884 mn,
1788 2817 1949 2874 Joan.

366 2904 484 2973 20).
515 2903 572 2957 In
621 2904 1029 2975 quibuscunque
1063 2906 1243 2961 omnia
1275 2916 1419 2971 sunt,
1450 2917 1869 2979 quantacunque
1898 2915 1955 2963 et

367 2996 771 3066 qualiacunque
808 2996 936 3051 sint.
964 2997 1117 3065 Quod
1145 2999 1319 3053 etiam
1363 2999 1418 3053 in
1444 3000 1714 3055 sententia
1745 3010 1833 3055 tua
1862 3014 1950 3054 ra-

367 3084 707 3140 tionabiliter
745 3086 1142 3142 observandum
1170 3096 1273 3153 est,
1304 3103 1411 3158 qua
1468 3089 1595 3144 licet
1619 3088 1780 3145 fuerit
1811 3089 1949 3145 obli-

368 3187 516 3245 gata,
540 3178 665 3246 quia
699 3186 901 3244 tamen,
931 3180 1073 3234 sicut
1096 3180 1413 3245 multorum,
1439 3181 1533 3236 sed
1577 3180 1844 3251 praecipue
1868 3178 1950 3236 di-

367 3268 644 3325 lectissimi
672 3271 766 3325 filii
790 3273 959 3327 nostri
987 3273 1242 3328 Ludovici
1266 3273 1673 3329 clementissimi
1699 3272 1946 3346 Augusti,

365 3359 452 3413 cui
488 3360 618 3415 fides
642 3360 695 3415 in
718 3362 971 3418 omnibus
998 3363 1299 3419 adhibenda
1326 3371 1430 3429 est,
1465 3364 1729 3419 relatione
1762 3364 1952 3420 didici-

365 3470 509 3520 mus,
539 3471 568 3509 a
592 3471 763 3521 navo,
786 3442 895 3527 quo
920 3458 1195 3514 tenebaris
1226 3458 1509 3522 obstricta,
1543 3458 1836 3529 resipuisse
1862 3456 1949 3513 di-

365 3545 526 3610 ceris,
556 3554 611 3601 et
638 3547 707 3602 ab
736 3547 1118 3614 obstinatione,
1143 3563 1248 3619 qua
1267 3549 1541 3604 videbaris
1588 3562 1819 3615 annexa,
1842 3547 1952 3604 dis-

364 3638 592 3694 cessisse
619 3639 882 3705 narraris,
908 3640 1128 3709 pietatis
1154 3639 1248 3695 tibi
1267 3640 1476 3695 viscera
1501 3641 1719 3696 noveris
1745 3648 1801 3696 et
1822 3654 1953 3710 apo—

364 3727 570 3783 stolicae
612 3728 756 3783 sedis
786 3736 992 3799 aperta,
1023 3736 1077 3784 et
1102 3737 1210 3783 tam
1242 3728 1470 3785 vinculis
1502 3730 1871 3797 anathematis
1897 3738 1953 3785 et

367 3816 943 3873 excommunicationis
964 3825 1206 3882 exutam,
1232 3831 1391 3887 quam
1423 3828 1742 3875 cunctorum
1792 3819 1952 3875 Chri-

367 3906 692 3972 stianorum,
726 3907 831 3961 Dei-
844 3915 908 3962 ει
929 3909 1211 3963 beatorum
1238 3908 1551 3977 primorum.
1578 3907 1947 3977 apostolorum

365 3996 709 4062 auctoritate,
742 3997 987 4053 societati
1041 3998 1326 4063 redditam,
1381 4005 1557 4065 atque
1585 3994 1953 4051 communioni

366 4096 419 4143 te
439 4087 613 4159 gaude
639 4088 914 4144 reductam
943 4106 955 4142 :
986 4089 1059 4144 ita
1092 4097 1152 4143 ut
1181 4087 1436 4156 deinceps
1465 4084 1752 4142 ecclesiam
1776 4085 1955 4155 ingre-

364 4176 567 4241 diendi,
598 4186 653 4233 et
698 4178 908 4243 orandi,
966 4175 1416 4245 convivandique,
1447 4189 1542 4231 seu
1569 4191 1692 4231 cum
1740 4176 1955 4232 caeteris

362 4266 689 4322 Christianis
720 4266 993 4338 loquendi,
1025 4266 1099 4320 sit
1122 4266 1217 4321 tibi
1246 4273 1469 4321 auctore
1492 4266 1605 4320 Deo
1627 4265 1752 4320 data
1778 4265 1945 4322 licen-

364 4358 436 4412 tia
462 4376 476 4411 :
505 4356 716 4428 praefati
739 4358 1002 4413 duntaxat
1028 4357 1170 4429 regis
1195 4356 1462 4421 societati,
1486 4364 1707 4428 propter
1747 4356 1963 4427 antiqui.

364 4450 541 4504 hostis
584 4450 875 4515 versutias,
925 4447 1071 4503 nullo
1117 4456 1279 4517 pacto
1329 4445 1553 4517 penitus.
1616 4446 1946 4502 adluerendi.

362 4543 514 4610 Quod
546 4552 726 4600 tamen
770 4543 1113 4606 beneficium,
1146 4556 1454 4612 quanquam
1490 4541 1596 4597 hoc
1646 4542 1948 4597 moderatio

361 4632 661 4705 ﬂagitasset
712 4632 1100 4697 ecclesiastica,
1132 4646 1251 4703 (ius:
1277 4632 1415 4687 sicut
1448 4632 1769 4687 incorrectis
1794 4631 1951 4687 inﬂe—

361 4726 565 4791 xibilis,
590 4729 666 4780 ita
687 4724 950 4781 correctis
979 4740 1193 4795 semper
1217 4724 1376 4780 debet
1414 4740 1534 4779 esse
1572 4722 1840 4788 ﬂexibilis,
1867 4724 1950 4777 in-

362 4816 618 4869 stantiam
644 4829 866 4886 precum
897 4821 953 4869 et
979 4813 1456 4884 incomparabilem
1485 4811 1827 4867 dilectionem
1857 4810 1951 4866 de-

364 4906 672 4961 siderabilis
700 4914 755 4960 et
782 4904 1077 4976 spiritualis
1110 4904 1204 4957 lilii
1230 4902 1401 4958 nostri
1423 4900 1535 4969 jam
1587 4902 1869 4958 memorati
1895 4909 1951 4957 et

363 4994 562 5065 iugiter
592 4998 929 5055 memorandi
958 4995 1208 5069 Augusti,
1232 5002 1342 5048 tam
1381 4993 1476 5047 tibi
1502 4992 1752 5049 celeriter
1781 4993 1950 5064 impe—

369 5092 542 5139 trasse
567 5101 852 5157 cognosce.
878 5087 1044 5157 Cujus
1088 5086 1297 5142 scilicet
1330 5084 1642 5154 postulatio,
1671 5085 1813 5140 sicut
1840 5099 1948 5140 non

365 5174 470 5229 nisi
495 5175 641 5245 iusta
669 5179 926 5242 creditur,
980 5178 1052 5233 ita
1101 5191 1317 5248 quoque
1373 5174 1536 5231 modo
1581 5176 1950 5245 postponenda

368 5282 477 5321 non
504 5266 741 5322 ducitur.
774 5266 972 5323 Verum
1000 5278 1055 5322 tu
1087 5269 1167 5323 sic
1189 5277 1242 5323 te
1267 5267 1335 5322 de
1385 5274 1585 5331 extero
1632 5267 1791 5323 stude
1836 5283 1952 5322 mu-

368 5360 505 5425 nire,
530 5369 591 5416 ut
617 5362 816 5417 donum
856 5362 1158 5428 solutionis,
1212 5360 1356 5431 quod
1410 5360 1464 5416 in
1499 5368 1647 5417 terra
1672 5359 1955 5431 percipere

367 5452 631 5515 cerneris,
658 5451 711 5506 in
736 5452 873 5507 coelo
900 5451 1008 5506 Deo
1032 5460 1254 5507 auctore
1279 5451 1551 5507 veraciter
1605 5464 1801 5521 capere
1836 5465 1952 5507 me-

367 5540 559 5594 rearis.
586 5540 731 5595 Nam
750 5541 795 5596 si
830 5550 882 5597 te
906 5554 1089 5596 coram
1110 5540 1358 5596 humanis
1381 5540 1551 5596 oculis
1572 5539 1951 5595 absolvendam

367 5629 616 5696 exhibes,
640 5639 697 5685 et
723 5646 904 5686 coram
938 5630 1030 5687 Dei
1057 5632 1434 5701 conspectibus
1487 5631 1722 5703 obligata
1774 5630 1950 5701 consi-

368 5721 489 5791 stis,
524 5738 624 5779 nec
655 5723 795 5782 nodo
823 5738 996 5791 cares,
1028 5738 1131 5780 nec
1160 5724 1371 5780 veniam
1402 5724 1679 5798 impetras.
1711 5725 1949 5784 nuinimo

1977 4493 2028 4552 D

2047 555 2229 612 divino
2258 556 2431 610 l'ertur
2484 556 2709 612 oraculo
2732 556 2786 630 (I
2812 556 2941 629 Reg.
2984 558 3121 631 xvr),
3147 559 3272 629 quia
3299 560 3460 618 homo
3486 561 3636 618 videt

2046 645 2101 701 in
2159 646 2370 710 faciem,
2404 646 2547 703 Deus
2576 655 2757 703 autem
2785 663 2882 703 cor
2929 648 3190 703 intuetur.
3218 648 3363 722 Ergo
3387 663 3456 706 ne
3482 651 3632 707 dele-

2045 738 2213 794 cteris
2234 739 2287 794 in
2315 738 2536 805 infimis,
2565 738 2660 794 sed
2692 752 2922 809 superna
2945 739 3127 794 cordis
3160 739 3371 797 intuere
3416 754 3632 812 semper

2045 830 2340 886 obtutibus.
2402 830 2615 887 Caduca
2663 839 2791 886 sunt
2840 847 2961 900 quae
3005 839 3320 898 cernuntur,
3353 847 3474 902 quae
3502 846 3648 889 vero.

2045 936 2152 976 non
2181 922 2435 978 videntur
2454 931 2663 978 aeterna
2681 922 3003 978 consistunt.
3034 922 3156 977 Noli
3185 938 3315 995 rogo
3342 940 3439 994 pro
3465 934 3647 981 terre-x

2045 1012 2132 1068 nis
2160 1011 2425 1079 caelestia,
2454 1029 2553 1084 pro
2579 1012 2882 1067 visibilibus
2912 1012 3124 1083 gaudiis
3142 1013 3370 1081 perdere
3398 1015 3614 1084 gaudia,

2045 1116 2166 1171 quae
2186 1103 2403 1172 quidem
2429 1117 2529 1157 nec
2551 1101 2781 1170 cogitari
2813 1099 3104 1154 sufﬁciunt.
3135 1100 3328 1155 Nullus
3356 1102 3454 1157 tibi
3484 1102 3637 1158 blan-

2047 1191 2258 1257 diatur;
2300 1190 2391 1260 qui
2445 1191 2588 1244 enim
2643 1198 2694 1245 te
2746 1188 3083 1253 beatificant,
3112 1189 3212 1259 ipsi
3242 1198 3295 1244 te
3338 1190 3635 1259 decipiunt.

2049 1280 2293 1349 Denique
2315 1281 2748 1350 quantiscunque
2798 1278 3155 1335 velaminibus
3180 1279 3392 1349 justitia
3415 1290 3469 1336 et
3496 1283 3639 1337 veri-

2050 1376 2133 1423 las
2160 1369 2480 1436 occultetur,
2510 1370 2834 1441 quandoque
2863 1378 3044 1424 tamen
3096 1370 3440 1440 splendorem
3492 1371 3642 1427 foras

2049 1475 2164 1515 suae
2212 1458 2477 1514 claritatis
2531 1459 2761 1523 emittet,
2792 1471 2893 1514 nec
2940 1460 3139 1529 poterit
3166 1459 3389 1517 omnino
3433 1459 3641 1517 diutius

2050 1547 2235 1603 nubilo
2257 1564 2414 1603 saevae
2437 1548 2770 1604 detensionis
2793 1548 3010 1604 obduci.
3035 1548 3210 1616 Quod,
3239 1548 3455 1606 favente
3502 1550 3639 1616 Deo,

2019 1646 2165 1709 ,tam
2194 1636 2675 1707 sedisapostolicre
2705 1638 2902 1703 studio,
2924 1654 3088 1708 quam
3116 1639 3405 1695 rectissimi
3429 1641 3641 1710 princi-

2020 1724 2158 1799 ’pis,
2207 1726 2520 1784 charissimi
2560 1727 2811 1784 videlicet
2853 1727 2949 1782 lilii
2998 1729 3190 1794 nostri,
3237 1729 3324 1785 cui
3358 1745 3646 1800 nunquam

1978 1795 2027 1856 Β
2054 1795 2315 1875 tortitudo
2342 1818 2594 1888 quaelibet
2618 1818 3147 1889 aliquandolplacuit,
3182 1821 3275 1876 sed
3300 1836 3399 1877 nec
3419 1795 3649 1893 placere.

2051 1925 2265 1981 quoquo
2313 1911 2475 1967 modo
2524 1912 2749 1981 poterit,
2781 1911 3174 1981 sollicitudine,
3200 1913 3383 1971 radios
3409 1929 3538 1971 suos
3576 1922 3645 1972 ut

2049 2001 2181 2059 solis
2208 2003 2412 2061 candor
2430 2002 2711 2065 extendet.
3402 1999 3411 2005 '

2807 2137 2892 2193 Vl.

2482 2266 2552 2307 AD
2590 2267 2869 2312 EPISCOPOB
2910 2268 3225 2341 ῦεκυλκωε

2049 2364 2323 2421 Asolutam
2350 2381 2383 2419 a
2410 2379 2465 2419 se
2486 2363 2858 2437 Waldradam,
2898 2374 2948 2420 et
2993 2367 3395 2437 congruentibus
3424 2368 3637 2423 monitis

2534 2436 2841 2489 instructam
2878 2436 3157 2507 signiﬁcat.

2120 2546 2398 2601 ADRIANUS
2450 2544 2759 2615 episcopus,
2788 2560 2977 2601 servus
3008 2560 3288 2601 servorum
3332 2547 3448 2612 Dei,
3481 2561 3639 2603 reve-

2051 2635 2379 2691 rentissimis
2423 2642 2481 2690 et
2517 2634 2871 2689 sanctissimis
2915 2634 3279 2691 confratribus
3319 2637 3520 2691 nostris
3551 2653 3641 2693 ar-

2052 2726 2408 2798 chiepiscopis
2437 2736 2492 2781 et
2528 2724 2794 2797 episcopis
2822 2726 2875 2781 in
2911 2741 3076 2798 regno
3119 2725 3374 2782 Ludovici
3420 2726 3639 2800 gloriosi

2054 2818 2197 2888 regis
2221 2816 2553 2873 constitutis.

2125 2905 2281 2962 Sicut
2306 2906 2593 2963 obstinatis
2614 2916 2668 2963 et
2698 2906 3153 2979 incorrigibilibus
3198 2906 3423 2964 debetur
3464 2908 3641 2963 vindi-

2054 3006 2164 3061 cta,
2207 2996 2279 3050 ita
2311 3010 2341 3053 a
2367 2997 2645 3052 conversis
2671 3004 2833 3065 atque
2889 2996 3155 3051 correctis
3211 2996 3511 3052 amovenda
3555 3005 3642 3052 est

2054 3087 2188 3147 ultio
2213 3095 2268 3142 et
2294 3086 2598 3142 adhibenda
2626 3088 2855 3143 curatio.
2884 3076 3229 3157 Quapropter
3250 3103 3351 3144 nos
3389 3087 3641 3143 Waldra-

2053 3180 2158 3245 dte,
2186 3195 2305 3249 qua:
2329 3178 2622 3234 multorum
2660 3187 2730 3235 ut
2766 3179 3000 3237 refertur
3025 3183 3372 3236 attestatione
3393 3196 3422 3235 a
3449 3181 3639 3251 pristi-

2050 3271 2209 3327 niset
2236 3270 2438 3325 illicitis
2468 3269 2751 3326 affectibus
2794 3270 2861 3325 ad
2902 3271 3239 3327 salutiferam
3286 3272 3641 3328 correctionis

2050 3365 2154 3420 iter
2191 3379 2449 3420 conversa
2479 3372 2586 3429 est,
2626 3363 2860 3419 remedia
2920 3364 3285 3419 miserationis
3333 3363 3641 3435 apostolicae

2048 3456 2196 3513 sedis
2226 3455 2485 3511 exhibere
2507 3454 2868 3519 consensisse,
2900 3454 3157 3525 illamque
3184 3453 3397 3509 vinculo
3423 3468 3637 3510 excom-

2049 3544 2432 3602 municationis
2478 3544 2563 3599 vel
2637 3544 3000 3599 anathematis
3057 3544 3380 3599 auctoritate
3433 3542 3527 3598 Dei
3581 3552 3639 3599 et

2048 3637 2349 3707 principum
2378 3633 2754 3706 apostolorum
2769 3634 3067 3690 absolvisse
3095 3634 3443 3704 cognoscite:
3473 3634 3546 3688 ita
3573 3642 3640 3687 ut

2049 3729 2306 3799 deinceps
2329 3725 2543 3782 Domini
2571 3725 2872 3782 Ecelesiam
2902 3724 3269 3795 ingrediendi,
3304 3732 3363 3779 et
3412 3724 3637 3790 orandi;

2051 3817 2503 3886 convimndique,
2532 3831 2627 3871 seu
2650 3832 2771 3872 cum
2800 3816 3011 3871 caeteris
3030 3815 3357 3872 Christianis
3382 3812 3640 3886 loquendi

2052 3905 2130 3959 sit
2157 3905 2207 3957 ei
2237 3911 2459 3959 auctore
2503 3904 2612 3957 Deo
2655 3916 2911 3957 concessa
2940 3901 3175 3956 licentia.
3202 3903 3307 3957 Cui
3333 3902 3640 3957 Waldradae

2053 3992 2302 4049 videlicet
2325 3992 2691 4062 competentia
2716 3990 2921 4045 monita
2948 3990 3357 4055 destinavimus,
3410 4000 3467 4045 et
3521 4007 3645 4061 quae

2053 4081 2449 4139 conveniebant
2475 4079 2672 4137 litteris
2717 4078 3036 4135 inculcanda
3093 4080 3478 4148 prmvidimus;
3508 4096 3641 4150 qua-

2053 4188 2174 4229 rum
2214 4171 2422 4228 scilicet
2469 4171 2771 4226 litterarum
2801 4177 3008 4224 textum
3036 4169 3137 4223 sibi
3158 4177 3341 4224 vestra
3385 4168 3644 4229 fraterni-

2053 4273 2137 4319 tas
2182 4262 2432 4319 exhiberi
2489 4276 2835 4332 summopere
2878 4259 3137 4331 postulet.
3164 4259 3233 4315 Et
3283 4261 3541 4330 quoniam
3568 4263 3643 4317 ita

2052 4355 2325 4420 convenit,
2351 4370 2381 4409 a
2409 4353 2559 4408 vobis
2583 4350 2909 4422 exigendum
2932 4358 2989 4405 et
3018 4348 3415 4421 agnoscendum
3446 4350 3606 4404 decer
3641 4377 3654 4394 -

2053 4445 2253 4509 nimus,
2275 4452 2540 4515 quatenus
2593 4456 2692 4512 per
2724 4442 2827 4496 hoc
2848 4440 2990 4495 scire
3019 4438 3205 4494 valeat
3226 4446 3409 4493 vestra
3438 4440 3609 4496 sancti

2057 4546 2139 4591 tas
2165 4535 2473 4607 apostolicae
2515 4534 2661 4589 sedis
2708 4532 3039 4588 austeritatis
3079 4539 3136 4587 et
3186 4532 3615 4588 mansuetudinis

2056 4627 2390 4683 remissionis
2413 4634 2467 4681 et
2492 4623 2872 4680 reh‘enatiouis
2902 4622 3123 4688 indicia.
3184 4630 3242 4676 et
3288 4621 3619 4679 moderantis

2054 4720 2209 4774 sima}
2229 4717 2571 4774 discretionis
2596 4731 2820 4786 prorsus
2848 4714 3099 4786 insignia.
3130 4712 3394 4785 Optamus
3440 4714 3616 4769 sancti

2056 4815 2225 4862 tatem
2271 4815 2507 4861 vestram
2538 4806 2592 4860 in
2619 4804 2838 4860 Christo
2884 4804 3024 4859 bene
3074 4802 3277 4861 valere.
3306 4802 3442 4858 Data
3469 4802 3633 4873 pridie

2058 4903 2181 4959 ldus
2202 4901 2549 4969 Februarias,
2581 4900 2875 4956 indictione
2904 4894 3096 4969 prima.

2795 5007 2905 5062 VII.

2430 5112 2511 5158 λυ.
2535 5114 2785 5158 εηοιωι
2819 5113 3041 5159 ολινυι
3071 5110 3265 5155 ιιεςειι,

2670 5192 2847 5263 (Anno
2879 5189 3031 5259 868.)

2058 5284 2347 5356 Respondet
2386 5285 2570 5356 litteris
2597 5298 2737 5356 quas
2762 5280 2829 5356 ad
2858 5278 3139 5356 Nicolaum
3165 5278 3229 5332 de
3256 5273 3468 5356 Ebbone
3501 5278 3637 5356 scri-

2131 5346 2339 5427 p'serat;
2366 5354 2589 5425 pallium
2608 5346 2836 5427 'Wlfade
2876 5350 3148 5427 concedit;
3184 5349 3311 5427 petit
3326 5346 3640 5403 utActardo

2134 5418 2304 5495 faueat
2321 5418 2396 5478 ad
2420 5432 2686 5478 vacantem
2710 5418 2986 5474 ecclesiam
3001 5418 3412 5490 adipiscendam.

2131 5538 2405 5593 ADRIANUS
2432 5534 2739 5606 episcopus,
2769 5546 2959 5589 servus
2990 5544 3268 5587 servorum
3295 5530 3413 5597 Dei,
3445 5527 3648 5587 ἀειθασ

2059 5629 2175 5684 ﬁlio
2199 5629 2417 5685 (ΞΛΜ)ιο
2442 5625 2673 5697 glorioso
2698 5623 2810 5696 regi

2130 5720 2397 5795 Amardus
2446 5716 2765 5780 venerabilis
2802 5718 3077 5791 quondam
3120 5710 3443 5775 Namnetica:
3490 5713 3691 5785 urbis,
