4142 6296
266 272 290 323 1
298 274 406 322 Ξὺν

1462 260 1825 325 ΕΡιὸΤοὺῶ
1862 258 1951 314 ΕΤ
1988 255 2325 323 DECRETA.

3384 234 3520 309 im

270 394 617 456 sacerdotum
641 389 843 448 infulas
865 388 1195 461 praecipuum
1239 392 1426 440 tenere
1452 380 1630 435 locum
1651 376 1845 446 digno-
1874 378 1922 434 Α
1949 371 2204 427 aerumnis
2238 369 2567 439 vagabundis
2590 368 2876 434 incedens,
2907 368 3061 426 valde
3084 368 3344 436 dolemus,
3378 378 3435 427 et
3464 372 3519 429 ei

270 492 460 553 scitur,
487 492 755 556 quatenus
785 480 945 537 etiam
966 493 1067 549 per
1088 474 1416 544 hocinsigne
1451 475 1631 526 vestra
1658 464 1842 522 exesi.

277 581 399 634 lens
426 578 779 631 admoneatur
804 567 1092 633 industria,
1113 574 1170 621 et
1198 563 1358 634 hujus
1380 560 1579 619 sacrati
1596 557 1842 615 muneris

270 665 576 726 reverentia
604 663 753 734 pium
776 674 870 716 eor
900 666 1144 714 vestrum
1173 652 1461 710 sollicitius
1481 666 1546 707 ac
1567 649 1843 706 salubrius

273 766 572 830 urgeatur,
617 763 727 821 quo
778 755 960 802 tantus
1011 746 1097 801 vir
1152 751 1337 799 vestro
1394 754 1610 811 quoque
1662 738 1846 830 favore

275 826 540 907 vacantis,
588 837 802 896 etiamsi
843 849 903 891 se
931 833 1245 904 metropolis
1276 830 1557 894 obtulerit,
1584 826 1842 883 Ecclesia:

271 931 641 990 moderamina
671 933 1037 997 consequatur
1070 941 1082 978 :
1128 925 1196 979 ad
1234 922 1565 979 excludenda
1592 919 1847 975 videlicet

272 1030 463 1078 cuncta
490 1028 679 1076 contra
731 1032 790 1072 se
840 1016 1035 1086 injecta
1076 1012 1353 1069 obstacula
1379 1051 1397 1076 ,
1443 1019 1499 1067 et
1541 1007 1846 1080 peragenda

273 1115 533 1171 divinitus
574 1111 677 1166 sibi
715 1108 909 1165 collata
952 1105 1280 1178 episcopalia
1311 1103 1635 1160 ministeria.
1666 1101 1844 1170 Siqui-

274 1206 398 1258 dem
447 1201 724 1272 indignum
763 1196 1012 1252 ducimus
1044 1210 1371 1264 quemquam
1403 1194 1470 1247 ad
1498 1191 1847 1263 apostolicam

272 1293 483 1357 sedem,
501 1290 592 1345 ubi
617 1303 832 1358 semper
860 1287 1141 1342 catholicis
1166 1285 1505 1350 subvenitur,
1537 1284 1848 1339 tribulatuin

277 1381 561 1443 accedere,
600 1384 656 1432 et
697 1392 803 1430 non
838 1376 1175 1431 consolatam
1219 1374 1475 1430 recedere
1506 1392 1519 1428 :
1547 1374 1846 1444 praesertim

276 1488 402 1528 cum
422 1469 706 1541 quemdam
750 1468 1114 1522 Romanorum
1145 1467 1475 1537 principum,
1505 1468 1667 1523 etiam
1694 1482 1724 1521 a
1748 1465 1854 1521 fide

277 1562 476 1618 Christi
500 1568 840 1622 extraneum,
888 1573 991 1611 non
1020 1558 1218 1613 debere
1248 1558 1558 1627 quempiam
1581 1558 1650 1611 ab
1680 1558 1853 1626 impes

278 1661 460 1706 ratore
485 1649 693 1703 tristem
718 1646 998 1702 discedere
1022 1646 1361 1717 perhibuisse
1383 1646 1629 1715 quasdam
1646 1644 1854 1701 fatean-

1945 462 2185 517 fraterna
2210 461 2375 516 vincti
2404 462 2668 516 charitate
2697 462 3057 531 compatimur
3088 481 3103 517 :
3132 463 3367 519 maxime
3393 479 3523 521 cum

1944 550 2236 620 apostolico
2262 549 2463 604 dictum
2493 550 2565 602 sit
2596 564 2611 603 :
2645 549 2746 615 Qui
2775 551 2957 604 viderit
2987 551 3201 620 fratrm
3239 568 3395 607 suum
3423 569 3518 608 ue-

1944 640 2231 695 cessizatem
2260 639 2470 704 habere,
2506 649 2552 694 et
2572 638 2821 707 plauserit
2849 640 3044 694 viscera
3066 657 3164 695 sua
3190 642 3257 696 ab
3282 658 3362 706 eo,
3388 659 3521 715 quo-

1945 733 2101 786 modo
2138 733 2366 786 charitas
2406 731 2503 786 Dei
2544 742 2718 786 manet
2740 731 2795 785 in
2840 732 2941 784 eo?
2969 730 3021 803 (I
3050 730 3212 786 Joau.
3253 732 3359 804 ut.)
3389 733 3523 789 Illud

1946 837 2077 878 sane
2112 822 2380 892 praecipue
2408 820 2596 877 ﬂentes
2623 824 2765 892 quod
2794 831 2958 878 tanta:
2987 824 3228 879 scientizc
3256 834 3523 897 tantaeque

1949 926 2159 966 morum
2210 911 2491 981 probitatis
2539 911 2656 965 viro
2693 912 2794 965 sub
2836 911 3205 981 hujuscemodi
3258 922 3525 982 praetextu

1948 1012 2177 1072 vagante
2209 1001 2500 1054 inaximum
2529 1001 2864 1069 dispendium
2891 1002 3181 1057 Dominicis
3214 1004 3403 1060 ovibus
3435 1019 3528 1073 ge-

1949 1099 2170 1145 neretur
2192 1108 2206 1144 2
2235 1090 2359 1143 dum
2386 1090 2589 1143 scilicet
2615 1090 2833 1154 utilitas,
2853 1105 2972 1159 qua:
2992 1106 3088 1161 per
3110 1093 3251 1147 hunc
3275 1093 3528 1152 Ecclesue

1950 1177 2150 1234 Christi
2196 1179 2480 1249 provenire
2528 1188 2773 1249 poterat,
2829 1180 2993 1234 tantis
3032 1181 3147 1249 jam
3200 1185 3530 1252 temporibus

1951 1268 2286 1322 excludatur.
2314 1269 2429 1333 Qua
2460 1269 2525 1322 de
2548 1284 2605 1326 re
2624 1270 2795 1323 secuti
2822 1270 3276 1340 praedecessorum
3305 1274 3531 1330 Patrum

1955 1364 2222 1427 instituta,
2268 1373 2321 1417 et
2366 1363 2673 1431 apostolica:
2709 1365 2853 1419 sedis
2896 1365 3141 1435 exempla
3193 1366 3531 1437 pontificum,

1953 1456 2327 1525 prmcipueque
2373 1448 2513 1509 beati
2552 1471 2700 1525 papae
2733 1454 3001 1526 Gregorii,
3035 1459 3123 1526 qui
3162 1458 3307 1513 circa
3349 1460 3535 1529 hujus-

1955 1547 2120 1611 modi,
2148 1561 2267 1615 quae
2299 1560 2395 1599 nos
2424 1561 2566 1600 nunc
2592 1561 2718 1616 erga
2761 1546 3039 1615 pmtfatttm
3082 1549 3376 1604 antistitem
3422 1549 3536 1605 Deo

1957 1635 2170 1690 favente
2196 1636 2499 1695 statuimus.
2527 1650 2666 1703 smpe
2693 1636 2947 1691 statuisse
2972 1636 3321 1706 dignoscitur,
3351 1641 3539 1697 decer-

278 1750 370 1795 ιυι-
407 1739 661 1794 historia}.
689 1735 857 1791 Debet
885 1736 1030 1790 enim
1062 1745 1242 1790 nostra
1282 1735 1644 1805 compaiiendi
1677 1735 1851 1790 abun.
1889 1717 1933 1778 Β
1960 1727 2136 1779 nimus
2166 1725 2308 1779 lnmc
2339 1725 2737 1779 sanctissimum
2773 1725 2965 1779 crebro
3010 1724 3125 1806 jam
3173 1728 3372 1782 dictum
3430 1728 3541 1783 fra-

279 1830 462 1885 dantia
504 1829 727 1885 aliorum
787 1827 1020 1896 suppleri
1068 1827 1245 1898 inopia
1284 1845 1299 1883 :
1346 1842 1454 1896 quo
1506 1825 1685 1881 valeat
1734 1839 1855 1881 esse

281 1934 518 1974 intereas
551 1932 674 1972 cum
702 1916 1074 1978 maerentibus,
1097 1926 1154 1971 et
1181 1930 1303 1970 cum
1329 1913 1694 1984 gaudentibus
1722 1929 1856 1984 gau-

282 2007 439 2072 dens,
469 2014 526 2061 et
577 2020 686 2059 non
736 2003 789 2058 in
840 2004 1133 2059 scabellum
1172 2004 1370 2074 pedum
1420 2003 1473 2057 in
1504 2017 1859 2073 personarum

280 2096 598 2165 acceptione
636 2108 888 2159 cernuus,
932 2094 1026 2148 sed
1057 2092 1366 2148 consolatus
1395 2100 1559 2163 queat
1594 2093 1709 2163 jam
1750 2092 1862 2146 Deo

281 2197 503 2242 auctore
543 2185 811 2241 consolari
857 2200 953 2240 eos
989 2184 1079 2253 qui
1119 2184 1172 2238 in
1218 2185 1365 2238 omni
1410 2188 1663 2254 prerura
1711 2191 1860 2248 sunt,

280 2292 381 2347 per
423 2274 609 2330 Jesum
655 2273 933 2329 Christum
976 2273 1268 2327 Dominum
1304 2284 1573 2327 nostrum.
1622 2271 1857 2328 Oramus

280 2364 512 2433 gloriam
567 2373 809 2416 nostram
851 2377 997 2416 nunc
1033 2370 1089 2415 et
1135 2376 1351 2431 semper
1380 2362 1433 2414 in
1463 2360 1687 2415 Christo
1728 2363 1866 2416 bene

280 2454 491 2517 .valere,
521 2452 872 2506 dilectissime
908 2450 1002 2505 fili.
1034 2450 1167 2505 Data
1212 2466 1284 2504 vn
1314 2450 1584 2505 Kalendas
1621 2449 1865 2517 Martias,

290 2544 587 2599 indictione
616 2543 815 2614 prima.

1010 2647 1141 2702 Vill.

555 2757 623 2796 AD
659 2754 935 2796 EPISCOI‘OS
972 2754 1157 2794 SYNODI
1193 2753 1612 2795 SUESSIONENSIS.

910 2828 1084 2901 (Anno
1110 2829 1260 2898 868.)

298 2926 582 2979 Αι-ιαπίιιτη
623 2925 938 2991 episcopum,
987 2938 1080 2989 pro
1124 2938 1227 2991 quo
1268 2921 1601 2983 sort-serant,
1642 2919 1871 2991 ecclesiis

364 3012 481 3065 qum
502 2990 722 3065 vacabit,
747 2995 903 3044 etiam
928 2990 1336 3065 metropolitanw
1349 2990 1678 3065 incardinari
1700 2990 1868 3065 jubet,

365 3059 514 3133 eique
540 3063 608 3116 ad
638 3060 974 3133 aﬂliclionum
1001 3060 1245 3114 solatium
1271 3060 1417 3129 pallii
1442 3076 1595 3112 usum
1616 3059 1869 3112 concedit.
1899 3076 1945 3138 ρ

368 3171 842 3230 Rcverentissimis
891 3182 946 3226 et
998 3170 1354 3225 sanctissimis
1406 3169 1769 3224 confratribus
1822 3171 1879 3223 et

297 3260 631 3330 coepiscopis
652 3258 874 3321 nostris,
893 3258 983 3328 qui
1006 3258 1279 3326 praiterito
1296 3272 1441 3313 anno
1468 3258 1609 3328 apud
1633 3256 1879 3312 Suessio-

297 3355 473 3408 nicam
503 3353 689 3404 urbem
721 3356 1109 3403 convenerunt.

366 3441 513 3496 Inter
540 3447 733 3494 caetera
769 3452 890 3507 quae
922 3435 1231 3505 apostolicae
1277 3435 1423 3492 sedis
1463 3434 1784 3491 auctoritate
1822 3436 1877 3490 in

299 3531 531 3600 i-lipsum
577 3526 983 3590 convenientes,
1020 3526 1086 3580 de
1126 3523 1298 3579 fratre
1331 3523 1444 3593 jam
1476 3535 1531 3578 et
1560 3524 1879 3594 coepiscopo

301 3632 487 3677 nostro
526 3618 800 3683 Wulfado,
845 3629 899 3674 et
945 3618 1169 3688 collegis
1215 3618 1382 3688 ipsius
1423 3617 1697 3687 prmterito
1738 3633 1880 3675 anno

298 3714 554 3785 synodice
599 3711 884 3776 deiinistis,
927 3711 1090 3765 etiam
1145 3709 1453 3780 apostolica:
1501 3710 1613 3765 sedi
1658 3726 1878 3764 causam

303 3801 626 3858 venerabilis
655 3800 839 3856 fratris
873 3799 1044 3855 nostri
1073 3799 1311 3863 Actardi,
1345 3799 1672 3852 Namneticae
1706 3815 1879 3866 quon-

304 3892 429 3947 dam
479 3888 631 3943 urbis
667 3889 936 3958 episcopi,
967 3902 1060 3942 seu
1101 3887 1480 3942 tribulationes
1513 3886 1836 3953 exposnistis
1865 3900 1878 3936 :

304 3979 467 4035 simul
498 3979 662 4033 etiam
698 3978 840 4032 hunc
866 3978 1093 4033 mirilice
1118 3970 1577 4036 commendantes,
1612 3990 1718 4041 quo
1751 3973 1823 4025 illi
1852 3980 1894 4025 a'

309 4076 460 4125 tanta
492 4068 618 4122 sede
658 4069 1055 4133 subveniretur,
1104 4065 1430 4121 unanimiter
1466 4079 1530 4117 ac
1564 4077 1884 4136 magnopere

308 4160 638 4233 postulastis.
667 4159 905 4227 Quorum
934 4159 1275 4223 relationem,
1304 4156 1426 4211 sive
1460 4154 1883 4223 suggestionem,

311 4261 460 4308 tanto
485 4260 762 4321 gratanter
795 4258 946 4305 tanto
981 4249 1212 4303 libenter
1238 4260 1358 4309 nos,
1383 4244 1496 4313 jam
1531 4244 1640 4297 Deo
1668 4252 1888 4297 auctore

311 4341 454 4396 illius
478 4339 622 4396 sedis
657 4339 785 4395 licet
813 4337 1083 4392 inmerito
1111 4333 1479 4389 moderamine
1499 4331 1677 4401 potiti,
1707 4344 1890 4385 susce-

1963 1825 2098 1871 trem
2116 1824 2354 1877 nostrum
2374 1823 2431 1869 et
2450 1816 2822 1885 coepiscopum
2836 1818 3125 1871 Actardum
3141 1819 3408 1887 ecclesizc,
3422 1835 3543 1889 qua:

1965 1906 2102 1960 forte
2126 1921 2224 1960 suo
2255 1905 2417 1961 fuerit
2438 1905 2652 1960 viduata
2681 1917 2909 1970 rectore,
2933 1909 3147 1976 penitus
3170 1909 3495 1964 incardinari
3524 1927 3540 1963 :

1964 2004 2231 2066 quatenus
2253 1996 2305 2048 in
2330 2010 2392 2048 ca
2420 1995 2746 2051 constitutus
2775 2005 2829 2050 et
2854 1996 3029 2050 cilicia
3056 1996 3402 2066 episcopalis,
3425 2012 3547 2067 qum

1963 2102 2063 2157 per
2096 2085 2492 2154 impositionem
2522 2102 2713 2140 manus
2737 2087 2967 2156 accepit,
2994 2096 3266 2155 exerceat,
3292 2098 3347 2141 et
3365 2097 3549 2158 pasto-

1966 2178 2079 2233 rale
2111 2176 2469 2231 ministerium
2509 2176 2822 2230 solemniter
2860 2191 3044 2246 agens,
3084 2193 3214 2233 oves
3245 2178 3549 2233 Dominicas

1966 2265 2241 2335 sapientim
2269 2264 2372 2317 sibi
2403 2263 2659 2318 divinitus
2687 2264 2958 2320 attributa:
2995 2265 3105 2321 sale
3131 2267 3370 2334 condiat,
3399 2276 3454 2322 et
3483 2267 3551 2323 de

1967 2356 2071 2412 hac
2108 2354 2313 2408 lucrum
2341 2353 2604 2407 conditori
2634 2369 2733 2408 suo
2759 2354 2877 2409 sine
2905 2355 3143 2425 quolibet
3170 2357 3554 2427 impedimento

1968 2455 2226 2516 reportet.
2276 2446 2335 2501 Si
2385 2454 2561 2500 tamen
2596 2447 2712 2517 ejus
2740 2448 2985 2510 ecclesia,
3018 2456 3075 2504 ut
3117 2451 3301 2520 ipsius,
3345 2461 3400 2506 et
3439 2466 3554 2506 me-

1970 2539 2281 2610 tropolitani
2312 2539 2536 2609 proprii,
2568 2554 2633 2594 ac
2660 2539 2963 2593 litterarum
2992 2551 3292 2613 vestrarum
3321 2544 3556 2597 cireum-

1970 2630 2166 2685 stantia
2200 2629 2395 2693 innuit,
2437 2628 2674 2684 funditus
2702 2630 2901 2695 diruta,
2929 2639 2984 2684 et
3012 2646 3108 2700 per
3137 2632 3393 2685 nonnulla
3422 2646 3553 2687 cur-

1973 2719 2139 2775 ricula
2165 2720 2279 2791 jam
2322 2720 2375 2772 in
2408 2718 2752 2773 solitudinem
2784 2720 2995 2773 redacta
3043 2735 3164 2774 esse
3200 2718 3555 2790 dignoscitur,

1978 2812 2204 2883 paganis
2235 2810 2480 2866 videlicet
2527 2826 2632 2864 non
2677 2810 2849 2865 solum
2905 2811 3211 2877 transitum,
3259 2812 3351 2866 sed
3393 2812 3555 2867 etiam

1976 2903 2260 2958 stationem
2294 2901 2490 2956 ibidem
2521 2900 2859 2965 facientibus,
2889 2916 2953 2954 ac
2983 2915 3079 2970 per
3102 2901 3203 2956 hoc
3225 2901 3560 2971 depopulatis

1976 2998 2212 3066 undique
2242 2996 2374 3051 locis
2408 2995 2710 3051 habitatore
2756 2994 3083 3061 carentibus,
3131 2994 3355 3050 sublatis
3395 2994 3557 3051 etiam

1978 3105 2009 3143 a
2040 3087 2352 3142 Britonibus
2396 3086 2498 3143 sibi
2550 3101 2668 3155 qua:
2711 3093 3091 3140 remanserunt
3131 3084 3311 3150 rebus,
3365 3101 3465 3140 nec
3507 3086 3558 3139 ei

1976 3177 2238 3231 minorem
2268 3191 2428 3244 quam
2468 3191 2561 3229 sua
2611 3174 2788 3229 fuerat
2816 3175 2932 3229 dari
2963 3174 3207 3229 volumus
3235 3189 3401 3228 :cum
3434 3174 3561 3229 licet

1976 3268 2080 3325 hoc
2111 3267 2331 3321 minime
2369 3266 2623 3336 postulet,
2657 3281 2724 3320 ne
2759 3265 3010 3320 videlicet
3049 3263 3278 3333 alicujus
3311 3265 3561 3319 ambitio-

1977 3357 2064 3423 nis
2107 3355 2247 3410 fama
2296 3364 2535 3418 notetur,
2592 3354 2803 3409 etiamsi
2849 3368 2907 3408 se
2955 3353 3268 3423 metmpolis
3318 3352 3562 3406 fortassis

1978 3448 2255 3512 obtulerit,
2307 3446 2592 3502 conveniat
2641 3446 2897 3514 consequi
2954 3445 3240 3515 potiorem.
3293 3444 3560 3498 Nimirum

1978 3541 2070 3610 qui
2105 3541 2245 3595 inter
2273 3548 2467 3593 caetera
2493 3537 2753 3592 virtutum
2784 3553 3002 3592 suarum
3038 3536 3262 3605 insignia
3298 3534 3560 3589 barbaro-

1982 3648 2099 3685 rum
2130 3630 2335 3685 rabiem
2355 3643 2498 3698 smpe
2522 3642 2832 3699 perpessus,
2856 3627 3239 3698 Christumque
3259 3614 3540 3681 confessus

1975 3721 2087 3790 jam
2127 3738 2267 3776 nunc
2297 3722 2408 3776 Deo
2431 3720 2553 3788 jure
2577 3721 2756 3774 dicere
2783 3718 2976 3774 debeat
3012 3733 3026 3771 :
3053 3718 3353 3773 Secundum
3380 3716 3559 3771 multi-

1980 3812 2212 3864 tudinem
2239 3810 2480 3862 dolorum
2508 3823 2741 3861 meorum
2770 3808 2822 3858 in
2858 3806 3021 3859 corde'
3042 3822 3155 3859 meo
3185 3804 3562 3859 consolationes

1983 3907 2088 3949 tua:
2132 3896 2523 3964 lmiiﬁcavefunl
2572 3897 2803 3947 animum
2841 3910 3008 3945 meam
3046 3892 3216 3959 (Psal.
3245 3893 3420 3963 xcnt).
3458 3894 3565 3948 Pro

1984 3983 2138 4051 cujus
2188 3981 2263 4035 rei
2312 3981 2606 4035 obtinendo
2654 3996 2877 4049 prorsus
2932 3979 3158 4044 ciliaetu,
3205 3982 3402 4035 dilecto
3454 3982 3567 4036 ﬁlio

1986 4079 2173 4127 nostro
2198 4070 2390 4126 Carolo
2414 4069 2644 4139 glorioso
2671 4069 2780 4137 regi
2805 4085 2991 4137 pret-es
3017 4070 3330 4133 direximus,
3360 4082 3416 4126 et
3439 4086 3567 4126 ecce

1988 4173 2223 4221 vestram
2272 4162 2580 4215 unanimem
2631 4160 2982 4223 charitatem,
3012 4175 3118 4228 quo
3167 4161 3383 4229 pictatis
3411 4161 3571 4230 hujus

1984 4255 2173 4324 .Operis
2197 4255 2434 4308 favorem
2470 4261 2526 4306 et
2561 4251 2796 4305 studium
2837 4251 3035 4304 curetis
3084 4251 3399 4306 indelicicus
3438 4267 3575 4319 prte-

1993 4352 2160 4408 stare,
2186 4341 2541 4413 praesentibus
2562 4342 2841 4394 hortamur
2863 4338 3128 4392 affatibus.
3160 4339 3227 4392 Et
3248 4348 3305 4393 ut
3333 4350 3575 4395 nostram

312 4435 507 4505 pimus,
547 4442 749 4502 quanto
786 4433 928 4486 hanc
969 4445 1035 4484 ex
1076 4428 1328 4481 fraternm
1364 4425 1667 4481 dilectionis
1698 4423 1874 4480 aﬂectt

1996 4431 2158 4488 vultis
2183 4446 2311 4501 erga
2353 4446 2450 4484 vos
2488 4432 2541 4485 in
2575 4430 3063 4501 opportunitatibus
3104 4445 3224 4484 esse
3256 4429 3578 4484 benevolen-

313 4529 577 4599 prodiisse
601 4528 723 4582 lucc
743 4526 945 4582 clarius
971 4522 1352 4578 intelleximus.
1384 4520 1657 4591 Praecipue
1687 4535 1808 4576 cum
1838 4528 1893 4576 et

316 4618 590 4673 vobiscum
620 4629 1009 4687 praecessorum
1055 4626 1319 4677 meorum,
1357 4610 1554 4667 Leonis
1594 4611 1801 4667 scilicet
1837 4619 1894 4665 et

315 4706 517 4763 Nicolai
557 4705 1021 4779 sanctissimorum
1050 4701 1358 4773 prmsulum,
1387 4703 1653 4758 recensita
1689 4703 1891 4771 scripta

318 4818 422 4856 non
450 4800 943 4872 parvipendendum
969 4798 1287 4868 perhibeaut
1312 4797 1698 4851 testimonium.
1729 4797 1896 4868 Igitur

319 4887 397 4943 illi
426 4890 666 4946 omnium
692 4890 785 4961 qui
830 4888 885 4945 in
923 4889 1149 4945 concilio
1187 4886 1492 4942 Tricassino
1523 4885 1725 4942 inventi
1772 4894 1900 4941 sunt

321 4966 589 5046 legatione
630 4978 894 5052 iungenti,
924 4988 981 5035 et
1016 4974 1310 5047 instantius
1348 4989 1446 5044 pro
1486 4975 1587 5028 hoc
1615 4974 1902 5045 satagenti,

323 5067 549 5137 pallium
578 5068 733 5124 fratri
772 5079 831 5126 et
865 5070 1185 5139 coepiscopo
1214 5075 1402 5121 nostro
1424 5065 1677 5121 Wulfado
1707 5075 1907 5121 sanctae

325 5157 681 5213 Bituricensis
734 5159 999 5225 ecclesiae,
1044 5157 1200 5213 sicuti
1232 5155 1346 5225 jam
1394 5170 1494 5226 per
1547 5155 1651 5210 alia
1707 5156 1909 5227 scripta

328 5246 773 5317 significavimus,
811 5247 1157 5304 deferendum
1192 5246 1581 5302 commisimus.
1624 5244 1729 5301 Sed
1781 5249 1906 5316 quia

331 5339 472 5394 idem
500 5339 827 5395 reverendus
852 5338 1098 5403 antistes,
1130 5345 1189 5392 ut
1225 5346 1401 5393 vestra
1451 5337 1641 5392 relatio
1678 5337 1905 5394 manife-

334 5438 462 5494 stat,
490 5445 519 5483 a
544 5430 760 5500 propria
789 5430 1016 5487 ecclesia
1045 5428 1377 5498 diutinojam
1407 5439 1646 5502 tempore
1670 5448 1906 5503 pagano-

336 5535 455 5575 rum
504 5523 876 5590 persecutione
919 5520 1217 5592 propulsus,
1272 5523 1372 5576 hac
1420 5522 1909 5595 illacquepcregre

339 5610 718 5679 proﬁciscitur,
774 5614 876 5668 huc
923 5621 1083 5683 atque
1130 5612 1253 5667 illuc
1303 5614 1522 5668 multam
1574 5615 1686 5682 jam
1738 5615 1910 5670 l'cssus

1998 4522 2150 4587 tiam,
2182 4521 2252 4575 ita
2284 4528 2463 4578 vestra
2490 4534 2617 4589 erga
2644 4520 2788 4573 hunc
2814 4516 3058 4583 fratrem,
3086 4519 3172 4573 cui
3204 4535 3419 4574 manum
3448 4534 3579 4589 por-

1997 4617 2242 4687 rigimus,
2273 4615 2425 4670 vobis
2463 4630 2677 4684 quoque
2715 4630 2930 4667 manum
2963 4615 3378 4684 porrigentibus,
3404 4615 3587 4673 donec

1996 4708 2143 4777 quod
2178 4705 2516 4760 decrevimus
2545 4705 2794 4759 cll'ecttun
2832 4707 3031 4776 capiat,
3056 4708 3457 4777 promptissima
3485 4722 3584 4778 pa.

1999 4806 2173 4854 tescat
2212 4796 2495 4851 industria.
2531 4794 2805 4865 Siquidem
2850 4808 2905 4853 et
2951 4813 3071 4861 nos,
3123 4798 3267 4853 illius
3304 4787 3587 4870 multiplici

2006 4887 2259 4951 miseriae,
2290 4895 2346 4941 ct
2385 4887 2606 4941 diutina:
2641 4888 3081 4957 peregrinationi,
3123 4899 3286 4959 atque
3331 4889 3591 4946 continuo

2006 4978 2228 5033 maerori
2266 4978 2678 5047 compatientes,
2722 4978 2887 5033 decus
2912 4978 2986 5030 illi
3016 4978 3164 5047 pallii
3202 4979 3319 5033 solo
3366 4979 3592 5034 misera-

2010 5071 2173 5126 tionis
2202 5068 2397 5126 all'ectu
2438 5069 2783 5126 contulimus.
2829 5068 2981 5134 Quod
3022 5082 3127 5122 non
3168 5066 3325 5123 aliter
3360 5067 3460 5134 illi,
3486 5082 3594 5122 nec

2011 5160 2233 5218 cuilibet
2258 5161 2460 5230 absque
2490 5159 2844 5228 metropolitis
2868 5158 3305 5224 concederemus,
3330 5158 3435 5214 nisi
3454 5158 3597 5213 moi-

2016 5251 2176 5308 toties
2213 5251 2354 5306 hunc
2374 5250 2589 5315 exsilia,
2618 5264 2787 5312 mare,
2816 5247 3029 5303 vincula
3058 5263 3297 5319 passum,
3329 5249 3495 5304 etiam
3523 5248 3603 5303 ad

2015 5339 2301 5411 capitalem
2322 5338 2644 5393 sententiam
2674 5335 2984 5406 frequenter
3010 5346 3240 5393 tractum
3264 5338 3429 5395 fuisse
3447 5351 3598 5393 com-

2013 5434 2373 5504 perissemus;
2418 5444 2475 5483 et
2522 5429 2624 5483 nisi
2668 5429 2769 5483 hoc
2806 5428 2920 5498 ipse
2959 5429 3073 5484 suis
3109 5429 3275 5485 tantis
3301 5443 3368 5484 ac
3400 5427 3603 5489 talibus

2014 5518 2373 5583 detrimentis,
2403 5517 2531 5586 quin
2558 5518 2736 5588 potius
2763 5519 2988 5582 meritis,
3019 5534 3118 5590 pro
3156 5518 3449 5574 celerrimae
3468 5506 3620 5574 con:

2014 5608 2292 5667 solationis
2331 5606 2520 5663 solatio
2561 5611 2869 5675 meruisset,
2911 5619 2970 5665 ut
3019 5612 3219 5666 scilicet
3271 5612 3465 5666 habeat
3502 5624 3610 5679 pro
