4142 6296
1243 236 1246 239 ·
1283 237 1352 251 μοι.
1393 236 1456 246 ’π-
1543 236 1565 247 ’
1617 243 1718 270 πρε*

626 284 776 349 12Ἱὶ

1977 281 2258 339 ΑΒΜΑΝΙ
2295 280 2493 337 ΡᾹΡΔΕ
2533 280 2588 348 ll“

3764 269 3924 326 1271

629 403 824 461 exsilio
859 407 914 456 et
947 381 1138 455 catena
1165 395 1312 468 pallii
1337 402 1672 456 ornamenta,
1697 405 1804 449 non
1841 390 1910 446 ad
1939 391 2205 456 ecclesiae,

2314 389 2636 461 apostolica»
2653 369 2971 458 praesulibus
2993 389 3236 460 ingratus
3262 389 3560 455 exstiteris,
3592 401 3930 462 praenotata

628 491 717 546 cui
755 486 1172 544 incardinandus
1199 493 1302 551 est,
1331 491 1648 554 perpetuum
1675 481 2002 546 institutum,
2022 481 2117 536 sed
2139 479 2207 534 ad

630 595 787 637 suum
831 576 1119 649 specialem
1165 575 1407 644 certique
1435 573 1695 644 temporis
1725 585 1902 626 usum.
1931 569 2209 639 Siquidem

630 669 905 740 indignum
928 666 1196 731 ducimus,
1219 679 1544 738 quemquam
1567 665 1634 718 ad
1655 660 2004 732 apostolicam
2027 661 2210 714 sedem

631 759 722 818 ubi
751 772 967 827 semper
993 756 1275 819 catholicis
1310 754 1648 818 subvenitur,
1690 751 1950 808 accedere
1987 750 2212 806 tribula-

631 857 769 910 tum,
801 855 855 904 et
889 861 996 902 non
1033 861 1102 905 ex
1139 845 1333 915 quavis
1368 854 1522 912 parte
1561 841 1894 898 consolatum
1935 841 2210 896 recedere.

631 939 800 1000 Debet
826 936 972 993 enim
1004 944 1188 991 nostra
1222 933 1583 1004 compatiendi
1626 930 1952 992 abundantia
1983 930 2208 984 aliorum

631 1026 868 1100 suppleri
907 1026 1108 1097 inopia,
1147 1039 1255 1095 quo
1291 1025 1468 1079 valeat
1501 1038 1623 1080 esse
1657 1037 1892 1079 mouens
1926 1037 2049 1076 cum
2078 1035 2212 1076 mos-

629 1119 895 1182 rentibus,
924 1126 1121 1175 etcum
1153 1117 1508 1188 gaudentibus
1535 1117 1793 1188 gaudens,
1825 1125 1880 1171 et
1903 1113 2215 1172 consolatus

629 1207 743 1276 jam
769 1216 934 1278 queat
976 1207 1086 1263 Deo
1120 1217 1342 1263 auctore
1381 1208 1647 1263 consolari
1697 1222 1790 1264 eos
1831 1206 1923 1277 qui
1971 1207 2024 1260 in
2063 1205 2210 1261 omni

629 1313 882 1367 pressura
917 1305 1067 1364 sunt,
1100 1312 1198 1368 per
1243 1296 1424 1354 Jesum
1468 1298 1745 1354 Christum
1785 1294 2072 1353 Dominum
2115 1308 2212 1350 no-

630 1395 811 1456 strum,
823 1387 1027 1449 Ament.

1047 1604 1115 1646 ΑΒ
1153 1604 1438 1646 Λοτλιιυωί
1473 1604 1721 1646 EPISCOPU
1728 1604 1786 1644 Ι.

1230 1701 1419 1770 (Anno
1445 1697 1608 1770 868.)

628 1798 634 1802 ’
702 1809 866 1876 Pollii
889 1827 1037 1866 usum
1060 1810 1287 1865 Actardo
1308 1810 1676 1868 consolationis
1697 1826 1857 1868 causa
1883 1810 2137 1869 concedit.

702 1941 978 1997 ADBIANUS
1012 1941 1335 2012 episcopus‘,
1381 1956 1570 1997 servus
1597 1957 1879 1998 servorum
1910 1941 2024 2004 Dei,
2061 1956 2212 1998 reve-

633 2031 942 2088 eeutissimo
967 2041 1024 2087 et
1062 2033 1409 2092 sanctissimo
1442 2034 1703 2089 Acnnno
1730 2043 1930 2090 sanctze
1958 2034 2213 2089 Ecclesiae

632 2118 961 2175 Namncticte
988 2121 1179 2176 diebus
1209 2122 1334 2177 vita:
1366 2131 1470 2177 tute
1498 2125 1894 2179 tantummodo.

703 2210 760 2265 Si
784 2211 1082 2267 secundum
1122 2211 1314 2266 divinae
1341 2211 1558 2280 pietatis
1585 2213 1797 2267 viscera
1840 2213 1987 2268 circa
2031 2212 2207 2268 nemi-

632 2314 759 2358 nem
797 2299 1046 2355 consistit
1070 2299 1513 2368 reprehensibilis
1539 2311 1958 2372 quantacunque
1983 2302 2210 2358 misera-

633 2391 741 2452 tio,
789 2399 992 2459 quanto
1039 2390 1218 2460 potius
1259 2405 1388 2460 erga
1436 2390 1555 2446 illos
1579 2392 1884 2446 exhibenda
1913 2401 1997 2448 est
2044 2393 2211 2448 totius

633 2478 917 2533 charitatis
943 2477 1177 2543 affectio,
1201 2479 1290 2548 qui
1317 2480 1461 2534 circa
1486 2480 1726 2535 divinum
1753 2481 1958 2536 cultum
1981 2483 2212 2552 irrepre-

635 2568 930 2628 liensibiles
959 2578 1300 2638 apparentes,
1340 2569 1676 2624 diversarum
1701 2570 1824 2625 dein
1851 2571 2206 2626 tentatinnum

633 2659 896 2717 exercitia
941 2659 1310 2729 pertulerunt,
1355 2675 1456 2716 nec
1491 2670 1670 2716 tamen
1720 2662 1773 2716 in
1825 2663 2211 2718 tentationibus

633 2749 822 2805 Chisto
847 2750 1079 2820 propitio
1105 2749 1454 2805 defecerunt?
1482 2751 1596 2818 Qua
1644 2753 1710 2807 de
1753 2767 1812 2808 re
1839 2751 2210 2808 benedicimus

633 2840 748 2900 Deo
784 2839 930 2894 Patri
973 2840 1185 2895 Domini
1213 2842 1382 2895 nostri
1423 2840 1554 2896 Iesu.
1589 2841 1824 2908 Christi,
1870 2843 1980 2899 Deo
2007 2843 2212 2898 scilicet

637 2932 803 2994 totius
823 2931 1234 2997 consolationis,
1265 2933 1357 3001 qui
1386 2934 1700 2988 consolatur
1730 2950 1828 2989 nos
1852 2935 1904 2989 in
1933 2935 2080 2989 omni
2110 2936 2207 2990 tri-

633 3021 908 3078 bulatione
937 3033 1140 3086 nostra,
1183 3031 1239 3076 ut
1281 3024 1551 3093 possimus
1577 3033 1631 3079 et
1672 3024 1772 3094 ipsi
1819 3025 2088 3080 consolari
2117 3041 2210 3081 eos

2291 492 2504 538 -tcuore
2526 480 2690 547 illius,
2705 479 2830 534 dum
2847 480 3066 545 vixeris,
3081 495 3276 538 ornare
3289 481 3506 538 decore.
3527 482 3682 552 Quod
3705 492 3923 539 tamen

2311 569 2637 624 fraternitati
2676 577 2780 623 tua:
2809 568 2877 623 ad
2901 569 3187 624 missarum
3214 570 3476 626 solemnia
3503 580 3712 628 tantum
3757 576 3928 630 cele-

2313 659 2521 714 branda
2549 659 2934 715 concedimus:
2973 660 3027 715 in
3055 660 3143 716 die
3173 661 3436 716 duntaxat
3471 673 3677 719 sancta:
3705 682 3775 720 ac
3811 682 3923 720 ve-

2312 753 2568 808 nerandae
2606 751 2817 807 Domini
2849 753 3019 808 nostri
3049 751 3175 808 Jesu
3218 753 3419 808 Christi
3473 758 3924 813 resurrectionis

2315 854 2380 896 ac
2411 840 2732 906 nativitatis,
2751 856 2845 896 seu
2873 842 3204 898 ascensionis
3226 843 3332 907 die,
3355 852 3412 898 et
3440 843 3495 898 in
3525 847 3922 916 assumptione

2313 931 2485 986 beata:
2517 931 2608 985 Dei
2638 931 2918 1002 genitricis
2950 945 3165 1001 semper
3203 933 3422 1002 virginis
3460 933 3672 1001 Mariae,
3707 949 3810 990 seu
3854 937 3916 990 in

2315 1021 2576 1076 natalitiis
2617 1020 2900 1076 beatorum
2945 1020 3334 1090 apostolorum,
3382 1021 3498 1077 sive
3527 1023 3581 1077 in
3613 1024 3914 1079 nativitate

2315 1112 2491 1168 sancti
2518 1109 2742 1166 Joannis
2763 1109 3014 1180 Baptistae
3083 1125 3275 1166 necnon
3322 1119 3378 1166 et
3423 1112 3686 1167 in-natali
3716 1115 3909 1169 sancti

2313 1203 2514 1259 Christi
2543 1201 2870 1257 confessoris
2891 1199 3104 1256 Martini
3133 1202 3244 1267 die,
3278 1203 3590 1272 pariterque
3624 1203 3679 1256 in
3703 1203 3910 1258 solem-

2315 1293 2501 1350 nitatis
2538 1293 2782 1348 ecclesiae
2816 1301 2920 1347 tua:
2943 1293 3053 1358 die,
3087 1305 3272 1348 verum
3299 1293 3462 1350 etiam
3503 1303 3560 1350 et
3593 1296 3648 1349 in
3679 1296 3904 1351 ordina-

2316 1384 2478 1439 tionis
2507 1391 2611 1438 tua:
2644 1381 2889 1438 natalitio
2917 1383 3263 1439 concedimus
3303 1384 3411 1451 die,
3441 1383 3604 1440 sicuti
3634 1401 3666 1440 a
3695 1387 3904 1442 beatis-

2312 1475 2458 1530 simo
2482 1474 2880 1544 przedecessore
2904 1482 3090 1529 nostro
3110 1473 3372 1545 Gregorio
3398 1475 3558 1544 hujus
3583 1477 3902 1546 apostolica:

2315 1563 2462 1620 sedis
2507 1562 2732 1633 prtesule
2775 1564 3041 1619 sancitum
3083 1573 3184 1620 est.
3228 1564 3285 1620 lu
3318 1565 3628 1622 Secretario
3657 1583 3788 1623 vero
3812 1570 3901 1622 in-

2318 1656 2484 1710 duere
2507 1663 2595 1708 tua
2626 1653 2936 1710 fraternitas
2962 1655 3178 1725 pallium
3193 1655 3390 1712 debeat
3449 1667 3493 1711 ιι
3509 1658 3583 1712 ita
3608 1659 3675 1713 ad
3699 1660 3896 1714 missa-

2249 1729 2295 1790 Β
2322 1763 2442 1802 rum
2481 1745 2739 1802 solemnia
2769 1746 3039 1816 proﬁcisci
3064 1763 3078 1811 ;
3127 1754 3183 1802 et
3209 1748 3344 1802 nihil
3372 1750 3474 1804 sint
3504 1747 3733 1820 amplius
3759 1766 3900 1805 ausu

2317 1839 2622 1894 temeraria:
2643 1838 3080 1909 prmsumptionis
3107 1854 3403 1910 arrogare:
3435 1855 3525 1906 ne,
3557 1841 3681 1896 dum
3717 1841 3770 1896 in
3801 1858 3902 1897 ex-

2317 1927 2504 1982 teriori
2547 1927 2740 1982 habitu
2769 1926 3071 1982 inordinate
3099 1926 3299 1996 aliquid
3325 1927 3599 1998 arripitur,
3647 1930 3901 1983 ordinate

2315 2020 2477 2073 etiam
2506 2035 2625 2089 qua:
2658 2019 2822 2073 licere
2867 2027 3120 2088 poterant
3154 2019 3493 2074 amittantur.
3523 2019 3582 2076 Si
3613 2021 3746 2090 quid
3797 2037 3893 2074 au-

2315 2115 2423 2161 tem
2447 2108 2514 2162 de
2544 2109 2708 2162 rebus
2744 2107 3072 2164 Namneticae
3098 2109 3395 2164 diteceseos
3419 2117 3520 2162 tam
3543 2125 3573 2164 a
3603 2111 3902 2180 depOpula-

2317 2198 2463 2254 tione
2487 2199 2734 2253 nefanda:
2762 2199 2936 2268 gentis
2957 2197 3408 2263 Northmannicze,
3435 2213 3591 2267 quam
3615 2214 3644 2252 a
3673 2198 3907 2254 Britan-

2316 2303 2508 2345 norum
2547 2291 2892 2360 subreptione
2937 2289 3239 2354 remansit,
3278 2289 3344 2343 ad
3369 2297 3509 2342 tuam
3537 2282 3902 2344 decernimus

2314 2378 2760 2437 sollicitudinem.
2787 2377 2956 2436 Porro
2978 2392 3283 2441 censemus,
3309 2376 3717 2446 aposmlicasqne
3739 2377 3903 2431 insti-

2315 2465 2543 2524 tutionis
2568 2466 2894 2520 auctoritate
2931 2465 3242 2529 deﬁnimus,
3287 2472 3349 2518 ut
3379 2463 3554 2518 nullus
3579 2465 3898 2535 metropoli-

2315 2563 2567 2610 tanorum
2596 2554 2925 2619 antistitum,
2954 2554 3038 2608 vel
3065 2563 3380 2610 czeterorum
3412 2555 3810 2626 episcoporum,
3843 2558 3896 2612 in

2314 2643 2689 2699 controversia
2721 2643 2985 2708 criminis,
3010 2643 3054 2698 si
3083 2644 3264 2700 sedem
3297 2644 3649 2714 appellaveris
3675 2656 3894 2714 aposto-

2313 2733 2492 2797 licam,
2537 2733 2628 2788 vel
2651 2731 2768 2802 ejus
2792 2733 3010 2803 speciali
3037 2735 3327 2804 expetieris
3357 2735 3534 2790 audiri
3583 2735 3669 2792 vel
3699 2737 3895 2793 discuti

2312 2822 2563 2878 fortassis
2591 2823 2861 2888 examine,
2895 2833 3186 2893 praesumat
3211 2824 3278 2879 de
3306 2833 3356 2879 te
3385 2824 3634 2894 proferre
3663 2841 3768 2880 non
3799 2841 3899 2880 no-

2311 2924 2427 2972 stro
2470 2915 2751 2985 prtemisso
2805 2915 3063 2982 decreto,
3101 2914 3395 2986 judicium;
3447 2917 3542 2972 sed
3589 2917 3900 2994 apostolipn

2313 3003 2456 3059 setis
2491 3011 2699 3058 tantum
2729 3004 3023 3059 reserveris
3047 3005 3439 3060 examinandos
3460 3005 3546 3059 vel
3565 3005 3893 3076 judicandus

633 3114 726 3182 qui
751 3113 802 3168 in
826 3113 972 3172 omni
999 3082 1252 3184 pres-sura
1281 3082 1429 3169 ξω,ιο
1462 3082 1726 3185 ιιιίι,ί(ι,,’θ’ι
1754 3114 1923 3170 [ναίει.
1951 3116 2206 3183 Aclarde’
2237 3082 2281 3144 C
2315 3094 2695 3153 incunctanter
2739 3096 2966 3155 arbitrio
3002 3113 3017 3152 :
3072 3095 3225 3165 cujus
3253 3096 3503 3152 videlicet
3549 3096 3773 3152 decreto
3811 3097 3896 3153 vel

634 3203 728 3274 qui
767 3202 886 3260 dira
927 3202 1207 3275 fatigatus,
1253 3213 1309 3259 et
1341 3205 1590 3260 diuturna
1621 3206 1952 3274 captivitatis
1991 3207 2209 3262 miseria

634 3301 940 3360 quassatus,
965 3308 1065 3348 nec
1095 3293 1238 3348 inter
1261 3309 1421 3349 enses
1453 3294 1746 3350 infidelium
1775 3295 2045 3363 defecisti,
2073 3297 2208 3366 quin

633 3386 796 3442 etiam
823 3385 913 3440 Dei
938 3385 1273 3454 providentia
1303 3386 1620 3442 mirabiliter
1633 3395 1822 3442 erutus
1848 3395 1902 3442 et
1927 3387 2206 3454 liberatus,

633 3477 1056 3544 circumquaque
1081 3475 1482 3546 peregrinando
1507 3476 1694 3545 procul
1719 3492 1748 3531 a
1777 3478 1998 3546 propria
2025 3477 2211 3534 Eccle-

634 3571 737 3632 sia,
783 3569 970 3638 procul
1006 3586 1034 3623 a
1077 3569 1221 3623 notis
1250 3579 1303 3624 et
1333 3570 1620 3638 proximis,
1649 3579 1872 3641 propter
1895 3573 2209 3627 eorumdem

634 3658 839 3715 rabiem
863 3658 1236 3723 barbarorum,
1266 3666 1324 3713 et
1354 3660 1661 3716 continuam
1683 3659 1770 3716 Bri
1781 3670 1964 3714 tonum
1990 3676 2211 3731 oppres-

633 3749 866 3813 sionem,
896 3748 1110 3818 quibus,
1138 3749 1272 3802 heu!
1306 3749 1532 3804 nimium
1561 3750 1772 3805 vicinus
1796 3765 1917 3805 esse
1945 3752 2210 3820 nosceris,

633 3846 690 3892 et
702 3853 840 3907 pene
867 3837 1020 3908 pejus
1039 3838 1108 3893 ab
1128 3837 1208 3893 eis
1231 3853 1394 3909 quam
1419 3855 1449 3893 a
1479 3839 1675 3908 piratis
1699 3840 2088 3897 insccutionem
2116 3858 2210 3912 pa-

625 3929 804 3994 teris,
833 3928 1121 3985 curriculis
1139 3926 1257 3997 jam
1281 3927 1465 3984 multis
1497 3929 1721 3996 incedis,
1745 3928 1914 3986 decus
1935 3931 2082 4002 pallii
2111 3946 2211 4003 pro

636 4019 732 4076 Dei
767 4019 935 4075 solius
961 4035 1169 4086 amore,
1196 4033 1358 4090 quem
1386 4019 1527 4075 inter
1555 4019 1850 4077 furentium
1875 4037 2210 4094 paganorum

635 4128 829 4166 manus
863 4120 920 4167 et
967 4110 1174 4182 gladios
1203 4111 1486 4169 confessus
1524 4127 1608 4179 es,
1643 4113 1988 4184 praevidimus
2018 4128 2213 4169 conce-

635 4202 890 4256 dendum.
943 4201 1058 4268 Quo
1087 4201 1341 4259 videlicet
1377 4201 1579 4271 pallio,
1629 4217 1752 4257 cum
1794 4201 1963 4257 fueris
1987 4211 2226 4258 auctore.

635 4289 750 4344 Deo
781 4297 1074 4360 nostroque
1116 4289 1335 4345 decreto
1376 4290 1609 4361 aliquem
1655 4297 1938 4345 vacantem
1986 4289 2216 4361 adeptus

635 4383 1027 4452 episcopatum,
1055 4381 1196 4437 scias
1226 4397 1256 4436 a
1287 4382 1444 4438 nobis
1468 4382 1643 4440 eidem
1668 4388 1721 4435 te
1741 4381 2011 4438 stabiliter
2033 4382 2213 4438 incar-

637 4475 912 4538 dinatum;
947 4473 1030 4528 vel
1065 4475 1108 4529 si
1136 4474 1424 4545 contigerit
1451 4473 1638 4528 forsan
1668 4472 1722 4527 in
1763 4472 2003 4542 proprio,
2046 4473 2212 4529 certis

633 4563 817 4618 valeas
846 4573 924 4617 uti
955 4563 1310 4632 temporibus.
1341 4561 1496 4630 Quod
1521 4577 1628 4616 non
1650 4562 1808 4616 aliter
1836 4562 1952 4628 tibi,
1981 4576 2082 4617 nec
2099 4561 2213 4618 oui—

635 4655 770 4706 lihet
798 4652 1003 4720 absque
1035 4653 1392 4721 metropolitis
1418 4652 1861 4719 concederemus,
1890 4653 1993 4708 nisi
2018 4653 2211 4709 multo-

637 4743 736 4798 ties
755 4739 966 4804 exsilia,
987 4755 1156 4805 mare,
1190 4741 1398 4796 vincula
1422 4755 1600 4810 passo,
1645 4743 1808 4797 etiam
1832 4743 1898 4800 ad
1925 4743 2210 4812 capitalem

636 4829 966 4888 sententiam
1012 4829 1326 4899 frequenter
1369 4841 1576 4899 tracto,
1611 4841 1754 4888 teste.
1779 4841 1870 4888 tuo
1900 4831 2212 4903 metropoli-

640 4928 789 4982 tano,
815 4917 905 4988 qui
935 4925 991 4974 et
1033 4917 1087 4974 id
1116 4918 1272 4974 nobis
1315 4919 1512 4976 litteris
1542 4921 1796 4988 innotuit,
1824 4930 1880 4977 et
1926 4920 2023 4976 tibi
2060 4935 2209 4991 spem

640 5011 692 5063 in
727 5011 853 5067 sede
877 5012 1094 5084 propria
1119 5026 1228 5067 non
1254 5027 1541 5083 superesse
1582 5013 1940 5086 signiﬁcavit,
1985 5013 2090 5067 hoc
2121 5020 2210 5066 tua

639 5103 707 5159 ad
763 5104 1060 5162 celerrimae
1095 5105 1484 5164 consolationis
1509 5107 1702 5163 solatia
1748 5113 1896 5161 tanta
1934 5105 2214 5174 exigerent

641 5199 989 5265 detrimenta,
1021 5201 1150 5272 quin
1171 5201 1352 5270 potius
1381 5201 1572 5256 merita
1603 5218 1617 5255 :
1649 5207 1707 5254 ut
1732 5197 1982 5252 videlicet
2012 5195 2214 5251 habeas

642 5305 740 5359 pro
771 5289 962 5346 exsilio
991 5299 1047 5346 et
1078 5299 1269 5346 catena
1315 5291 1464 5361 pallii
1501 5295 1843 5352 ornamenta,
1871 5301 1976 5340 non
2013 5286 2068 5340 in
2111 5293 2214 5340 tute

643 5379 888 5434 ecclesiae
911 5393 1149 5449 perenne
1175 5382 1476 5446 decretum,
1509 5380 1603 5436 sed
1635 5378 1703 5434 ad
1732 5387 1884 5432 tuum
1905 5384 2058 5432 certo
2082 5384 2218 5430 tem-

642 5483 774 5538 pore
805 5471 1036 5538 vitzeque
1059 5471 1340 5538 praesentis
1367 5471 1675 5540 specialiter
1703 5484 1879 5525 usum.
1923 5467 2086 5524 Utere
2115 5467 2216 5538 igi-

647 5565 751 5618 tur,
783 5565 1052 5612 annuente
1083 5559 1214 5623 Deo,
1263 5558 1428 5628 pallio
1460 5574 1491 5612 a
1528 5560 1683 5615 nobis
1713 5557 1808 5612 tibi
1837 5557 1951 5613 solo
1990 5557 2218 5612 misera-

650 5648 813 5705 tionis
840 5655 890 5702 et
917 5649 1293 5707 consolationis
1329 5650 1520 5708 affectu
1564 5650 1792 5711 collato:
1827 5661 1900 5716 et,
1934 5649 2041 5707 nisi
2069 5649 2214 5707 sedis

2309 3186 2559 3260 largitate
2602 3186 2816 3242 vacanti
2847 3187 3104 3243 Ecclesiae
3149 3188 3522 3244 incardinatus
3556 3197 3612 3244 et
3641 3189 3895 3259 palliatus

2309 3293 2430 3334 esse
2477 3278 2830 3348 dignosceris.
2881 3277 3153 3348 Scriptum
3199 3296 3297 3350 per
3344 3295 3565 3334 manum
3618 3280 3902 3336 Zacharias

2309 3370 2542 3435 notarii,
2589 3378 2643 3424 et
2669 3370 3163 3426 scriniariisanctze
3204 3370 3460 3426 Romana:
3489 3371 3782 3436 Ecclesiae,
3835 3373 3890 3427 in

2309 3475 2496 3514 mense
2517 3458 3126 3516 Februario-indictione
3147 3461 3337 3530 prima.
3361 3460 3504 3515 Bene
3524 3460 3664 3516 vale.
3689 3461 3892 3528 Quinto

2309 3549 2580 3606 Kalendas
2601 3550 2842 3619 Martias,
2866 3565 2964 3622 per
2982 3567 3174 3608 manus
3195 3552 3465 3608 Anastasii
3495 3552 3891 3608 bibliothecarii

2309 3650 2514 3696 sancta:
2550 3656 2774 3697 summa:
2803 3642 2950 3700 sedis
2973 3642 3314 3713 apostolicae;
3347 3643 3645 3714 imperante
3665 3643 3895 3698 domino

2311 3737 2500 3784 nostro
2544 3729 2790 3799 piissimo
2815 3741 3078 3801 perpetuo
3120 3730 3364 3800 Augusto
3393 3730 3656 3785 Ludovico
3683 3745 3898 3800 magno

2311 3824 2640 3896 imperatore
2664 3823 2816 3880 annd’
2833 3841 2946 3890 nx,
2971 3833 3025 3880 et
3051 3835 3171 3897 post
3209 3825 3550 3882 consulatum
3589 3824 3706 3900 ejus
3741 3839 3894 3880 anno

2310 3931 2470 3983 xvut,
2502 3915 2792 3974 indictione
2819 3916 3014 3988 prima.

2457 4178 2524 4216 AD
2572 4177 2899 4224 BlNCIAlm
2927 4176 3382 4219 ARGHIEPISCOPUI
3405 4173 3743 4218 εωωκειι.

2962 4275 3118 4330 Anno
3147 4271 3270 4331 868.

2316 4385 2522 4441 Laudat
2565 4385 2908 4441 Ilincmarum
2935 4426 2950 4453 ,
2993 4403 3212 4457 eumque
3247 4389 3490 4457 hortatur
3538 4393 3596 4457 u_t
3645 4385 3897 4457 Carolus

2388 4473 2559 4526 regem
2585 4456 3020 4526 adiconstantiarn
3047 4453 3232 4526 excitet
3275 4456 3329 4509 in
3360 4472 3522 4509 causa
3555 4453 3812 4522 Lotharii,
3846 4465 3896 4510 et

2389 4524 2718 4587 ut'Actardo.
2737 4542 2929 4583 vacans
2953 4524 3191 4580 Ecclesia
3214 4525 3500 4580 tribuatur.

2391 4654 2853 4712 Reverentissimo
2903 4663 2960 4709 ct
3012 4653 3357 4710 sanctissimo
3405 4651 3657 4710 eonfratri
3696 4660 3902 4707 nostro

2319 4746 2602 4801 "INCIARO
2629 4743 3033 4812 archiepiscopo
3060 4741 3374 4798 llhemensi.

2395 4836 2550 4894 Licet
2575 4834 2828 4905 frequens
2845 4834 3147 4896 sanctitatis
3167 4844 3271 4889 tua:
3292 4833 3455 4900 fama,
3474 4846 3586 4902 quze
3609 4845 3902 4899 nunquam
3950 4876 3956 4886 .

2316 4927 2422 4982 nisi
2446 4941 2567 4983 cum
2606 4925 2762 4980 laude
2787 4940 3002 4995 semper
3031 4925 3320 4990 existit,te
3340 4923 3491 4979 nobis
3516 4920 3715 4977 dudum
3751 4919 3903 4976 fece-

2316 5018 2388 5073 rit
2413 5014 2785 5081 manifestum;
2826 5022 3006 5068 tamen
3045 5021 3105 5067 ut
3145 5013 3405 5067 virtutum
3428 5009 3905 5081 probabiliumque

2317 5109 2524 5165 morum
2569 5114 2783 5162 tuorum
2831 5105 3244 5175 praedicamenta
3287 5103 3540 5173 liquidius
3579 5113 3902 5172 agnoscere-

2321 5214 2460 5264 nms,
2485 5197 2713 5252 fratrum
2758 5205 3087 5258 nostrorum,
3121 5193 3376 5249 videlicet
3415 5191 3631 5247 Arsenii
3680 5175 3907 5245 venera-
3949 5257 3956 5262 α

2323 5291 2446 5346 bilis
2476 5288 2808 5361 apocrisiarii
2845 5288 2988 5344 sedis
3015 5295 3238 5353 nostrze,
3267 5286 3397 5356 quin
3423 5281 3758 5349 ethctardi,
3788 5297 3908 5337 san-

2321 5381 2690 5437 ctissimorum
2715 5378 3026 5449 przesulum,
3063 5392 3271 5433 necnon
3319 5385 3376 5431 et
3419 5371 3766 5431 dilectissimi
3811 5373 3904 5427 ﬁlii

2322 5469 2461 5535 mei,
2497 5475 2698 5524 sanctae
2748 5467 2891 5522 sedis
2937 5466 3245 5536 apostolica:
3287 5462 3723 5528 bibliothecarii,
3776 5461 3905 5518 fecit

2321 5557 2589 5612 Anastasii
2630 5555 2812 5612 multis
2837 5556 3120 5626 przeconiis
3149 5555 3302 5626 plena
3339 5553 3793 5623 delectabilisque
3817 5548 3904 5605 rc'i

2319 5645 2468 5705 latio.
2508 5645 2627 5712 Qua
2670 5645 2733 5701 de
2766 5660 2839 5701 re-
2869 5644 2946 5712 sic
2983 5645 3215 5702 animam
3245 5659 3418 5698 meam
3449 5651 3554 5700 tua:
3597 5627 3920 5698 dilectionis.
