4142 6296
321 414 461 472 1275

1537 401 1896 464 EPISTOLJE
1930 403 2016 460 ET
2056 397 2376 470 DECRETA

3465 381 3601 445 ωτι

323 532 575 588 ardorem
617 525 930 597 concepisse
971 530 1236 590 cognosce
1261 558 1276 584 ,
1327 526 1585 588 tanquam
1629 517 1676 572 si
1706 516 1903 572 millies
1931 521 1983 579 Α
2077 516 2194 597 eius
2237 513 2443 597 dioecesi
2468 524 2608 597 enim
2650 507 2842 597 tenuit.
3023 519 3189 591 cura:
3209 506 3483 597 futurum,
3506 512 3593 597 .

324 621 527 678 mutuis
553 617 858 674 frueremur
878 611 1147 682 alloquiis.
1181 607 1390 663 Habeto
1429 622 1559 678 ergo
1588 612 1791 660 nostrae
1816 619 1906 659 re.

323 709 701 784 promissionis
721 708 938 778 pignus,
981 703 1111 758 etin
1143 700 1323 765 nobis,
1358 699 1494 754 utin
1522 697 1728 752 nostris
1757 707 1910 751 ante-

326 783 651 863 cessuribus,
697 795 893 851 ﬁducia
937 800 1048 846 tota
1094 802 1317 861 prorsus
1349 787 1604 841 innitere.
1636 783 1908 838 Praeterea

326 891 589 948 sanctitas
613 896 702 942 tua
727 887 866 941 bene
888 883 1056 946 novit,
1087 887 1288 950 quanta
1319 875 1476 933 sedes
1498 875 1750 930 habuerit
1779 888 1911 942 apo-

325 983 512 1039 stolica
554 981 609 1035 in
658 993 824 1034 causa
868 974 1116 1031 Lotharii
1161 971 1306 1042 regis
1348 969 1680 1033 certamina,
1711 976 1768 1021 et
1811 979 1912 1035 per

327 1072 584 1145 praesules
629 1084 756 1126 suos
781 1108 798 1136 ,
847 1065 1201 1122 Benedictum
1251 1062 1462 1118 scilicet
1499 1069 1556 1116 et
1591 1059 1911 1124 Nicolaum,

326 1175 460 1237 quot
483 1165 613 1219 hinc
641 1163 859 1216 labores
885 1155 1262 1227 assumpserit.
1298 1152 1453 1209 Unde
1473 1161 1529 1208 et
1553 1168 1668 1214 nos,
1701 1151 1908 1205 haben-

329 1269 412 1313 tes
441 1254 692 1311 eumdem
714 1252 992 1328 ,Spiritum,
1044 1263 1206 1318 quem
1246 1254 1302 1301 et
1344 1245 1506 1301 iidem
1534 1253 1718 1315 patres
1739 1241 1912 1298 nostri

330 1345 587 1403 habuisse
612 1341 826 1414 probati
855 1350 1003 1405 sunt,
1025 1338 1213 1393 eadem
1238 1335 1366 1390 hinc
1391 1349 1512 1404 quae
1530 1333 1607 1387 illi
1636 1331 1915 1402 sequimur

332 1442 388 1490 et
414 1434 776 1490 decernimus.
815 1428 1177 1496 Quamobrem
1221 1435 1325 1479 tua:
1360 1422 1716 1478 fraternitatis
1760 1420 1917 1475 indu-

333 1525 526 1580 striam
572 1519 876 1592 special-iter
910 1517 1266 1572 admonemus
1288 1553 1304 1580 ,
1346 1514 1423 1568 uti
1452 1511 1592 1582 quod
1620 1525 1783 1580 super
1811 1511 1916 1564 hoc

335 1619 466 1674 olim
505 1615 726 1686 negotio
763 1610 977 1682 gessisti
1025 1609 1266 1664 studium
1315 1606 1624 1662 nullatenus
1665 1601 1916 1659 enervari

334 1706 682 1768 consentias;
736 1702 832 1758 sed
860 1701 977 1755 vice
1007 1706 1190 1753 nostra
1233 1695 1404 1750 fretus
1427 1734 1442 1760 ,
1480 1709 1662 1750 coram
1701 1691 1918 1761 regibus

333 1805 390 1852 et
417 1795 734 1866 praesidibus
755 1791 822 1846 de
842 1787 1164 1844 testimoniis
1184 1783 1394 1840 Domini
1407 1783 1552 1853 loqui
1569 1796 1673 1836 non
1698 1793 1912 1835 cesses:

2075 574 2383 706 Britcoziftas
2423 589 2607 635 contra
2643 579 2808 649 ipsius
2851 578 3085 634 ecclesiae
3133 574 3412 648 privilegia
3463 574 3596 630 nihil

2079 669 2178 706 con
2209 668 2236 705 e
2331 688 2350 704 .

2079 668 2350 708 conceaat.

2078 805 2356 859 ADRIANUS
2385 801 2689 874 episcopus,
2712 815 2902 857 servus
2928 800 3210 856 servorum
3234 797 3351 866 Dei,
3381 785 3598 854 Hanni-

2012 913 2082 954 νο
2109 897 2518 968 archiepiscopo
2550 895 2874 950 Turonensi.

2081 987 2326 1042 Miscrias
2378 994 2433 1042 ct
2475 987 2622 1040 diras
2651 984 2987 1040 calamitates
3016 983 3236 1039 Actardi
3285 983 3594 1038 communis

2011 1076 2196 1132 fratris
2238 1085 2293 1130 et
2325 1075 2628 1145 coepiscopi
2662 1089 2770 1128 non
2817 1081 2900 1128 est
2941 1073 3248 1143 exponendi
3302 1083 3405 1128 tuae
3446 1088 3595 1128 reve-

2013 1167 2253 1223 rentiaelt
2277 1167 2345 1221 lla
2377 1165 2689 1222 necessitas.
2721 1165 2931 1234 Quippe
2983 1179 3104 1220 cum
3150 1164 3290 1234 ipsa,
3320 1173 3510 1235 ulpote
3544 1164 3600 1219 in

2013 1257 2100 1312 his
2126 1256 2295 1322 socia,
2321 1264 2374 1311 et
2397 1270 2531 1326 pene
2560 1267 2773 1324 semper
2809 1255 3082 1324 contigua,
3125 1265 3314 1307 earum
3343 1253 3602 1322 liquidius

2013 1347 2170 1403 nobis
2200 1346 2588 1415 experientiam
2616 1345 2850 1399 habeat:
2883 1351 2943 1398 ut
2973 1343 3129 1398 sicuti
3153 1343 3219 1398 de
3242 1343 3604 1397 sanctimonia

2016 1453 2112 1493 sua
2158 1437 2488 1493 credendum
2515 1442 2600 1490 est
2621 1475 2636 1500 ,
2677 1435 2786 1489 imo
2815 1441 2876 1488 ut
2911 1434 3028 1502 ipso
3057 1432 3300 1488 antistite
3331 1431 3605 1486 referente

2017 1527 2381 1598 comperimus
2405 1564 2420 1591 ,
2473 1526 2589 1595 ejus
2631 1523 2904 1579 continuis
2943 1522 3202 1577 aerumnis
3243 1537 3352 1576 non
3391 1521 3605 1576 modice

2018 1631 2300 1687 compassa
2333 1617 2405 1672 sit
2427 1624 2482 1670 et
2514 1614 2753 1680 miserta.
2787 1613 2987 1668 Verum
3007 1612 3134 1681 quia
3157 1611 3356 1666 nostris
3379 1623 3519 1678 saepe
3552 1615 3608 1665 et

2019 1705 2162 1775 apud
2191 1704 2530 1759 dilectionem
2559 1711 2704 1757 tuam
2732 1699 2930 1756 litteris
2958 1699 3228 1769 adjuvari,
3258 1708 3312 1754 et
3328 1697 3606 1768 apostolo-

2022 1810 2141 1849 rum
2164 1793 2490 1864 principum,
2516 1806 2747 1861 quorum
2773 1790 3022 1860 praesidia
3070 1797 3224 1846 tanto
3267 1786 3452 1843 labore
3483 1795 3607 1841 tan.

334 1865 500 1940 itaut
525 1882 668 1952 quod
693 1887 914 1935 auctore
936 1877 1045 1930 Deo
1073 1877 1405 1930 destructum
1433 1880 1536 1935 est,
1562 1869 1722 1924 nullis
1737 1866 1920 1923 dolose

2037 1893 2187 1952 Loque
2217 1877 2398 1938 studio
2430 1881 2733 1951 requisivit,
2758 1879 3167 1936 amorisintuitu
3190 1878 3290 1934 sibi
3317 1877 3610 1947 quamdam

336 1972 764 2031 machinantium
792 1965 1110 2023 reaadificari
1141 1963 1319 2018 valeat
1340 1959 1694 2032 argumentis.
1722 1958 1780 2012 ln
1811 1970 1920 2026 quo

335 2065 587 2120 videlicet
609 2061 825 2132 pietatis
844 2074 1028 2130 opere,
1052 2057 1179 2126 quia
1204 2057 1272 2109 de
1295 2054 1508 2123 regibus
1528 2051 1669 2106 idem
1692 2050 1922 2104 dilectus

335 2155 481 2211 {dius
511 2161 696 2208 noster
721 2150 965 2213 Carolus,
1010 2147 1077 2202 de
1102 2144 1476 2202 sacerdotibus
1504 2152 1632 2196 vero
1675 2149 1731 2194 tu
1761 2139 1923 2209 potis-

333 2247 531 2303 simum
569 2241 682 2298 sedi
716 2239 1026 2309 apostolicae
1067 2235 1254 2292 sedule
1282 2235 1535 2288 laborant
1562 2229 1922 2286 concurristis

338 2345 395 2390 et
440 2331 794 2389 concertastis
812 2369 828 2394 ,
861 2336 1008 2382 tuam
1037 2324 1253 2395 proprie
1280 2324 1632 2378 cohortamur
1655 2319 1922 2390 insignem

341 2427 643 2490 solertiam,
670 2439 777 2494 quo
803 2431 859 2478 et
885 2421 1000 2492 ipsa
1022 2417 1206 2489 pravis
1243 2415 1476 2470 viriliter
1501 2413 1685 2468 obviet
1707 2422 1764 2466 et
1789 2425 1926 2481 prae-

342 2519 545 2573 dictum
596 2511 896 2584 piissimum
937 2521 1118 2576 regem
1145 2547 1161 2572 ,
1209 2504 1291 2558 uti
1343 2508 1683 2558 consummet
1725 2500 1927 2554 bonum

339 2607 487 2678 quod
511 2604 891 2665 inchoaverat,
918 2598 1287 2682 indesinenter
1323 2599 1704 2648 commoneat:
1735 2598 1929 2660 quate-

345 2711 448 2752 nus
488 2703 546 2750 et
575 2692 852 2747 variarum
884 2680 1150 2743 virtutum
1181 2693 1485 2738 vestrarum
1527 2680 1709 2736 tunica
1757 2692 1929 2748 usque

340 2785 412 2840 ad
463 2783 601 2838 talos
625 2779 914 2850 pertingat,
942 2784 1011 2831 et
1031 2773 1358 2832 sacrificium
1398 2771 1525 2825 boni
1553 2769 1720 2825 vestri
1745 2766 1930 2838 operis

345 2874 458 2928 Deo
489 2886 619 2926 cum
656 2869 827 2925 cauda
864 2866 1104 2923 oblatum
1141 2862 1513 2918 holocaustum
1541 2857 1680 2915 θωπί
1722 2872 1932 2914 merea-

349 2974 477 3028 tur;
509 2977 718 3018 necnon
751 2968 806 3015 et
848 2957 979 3013 illud
1002 2957 1069 3012 de
1093 2954 1246 3010 vobis
1285 2952 1527 3017 dicatur,
1563 2950 1707 3020 quod
1735 2950 1802 3004 de
1829 2945 1931 3003 Job

349 3062 559 3118 saneto,
584 3055 710 3106 dum
733 3047 974 3102 adivinis
995 3060 1104 3101 non
1133 3051 1374 3100 cessaret
1392 3041 1690 3110 obsequiis,
1716 3037 1933 3107 scriptis

353 3148 655 3204 asseritur:
686 3143 935 3199 videlicet
965 3140 1056 3195 ubi
1105 3153 1212 3193 non
1238 3137 1469 3207 legitur:
1512 3135 1648 3202 Quia
1695 3134 1777 3188 sic
1806 3132 1934 3187 fecit

2023 1975 2243 2044 proprie
2290 1971 2462 2028 voluit
2499 1972 2925 2028 consolationem
2968 1970 3238 2036 conferri',
3287 1968 3612 2024 charitatem

2023 2075 2173 2120 tuam
2209 2066 2294 2120 his
2315 2067 2601 2120 hortamur
2617 2073 2669 2118 et
2703 2064 3058 2133 deprecamur
3081 2063 3348 2132 apicibus,
3377 2069 3437 2114 ut
3468 2060 3614 2114 inter

2023 2153 2130 2208 alia
2171 2153 2557 2208 beneficiorum
2597 2160 2813 2207 tuorum
2853 2152 2957 2207 sibi
2991 2137 3313 2207 collatorum
3354 2150 3612 2218 insignia,

2025 2245 2417 2301 monasterium
2442 2243 2594 2309 illud,
2620 2243 2766 2314 quod
2791 2244 2921 2299 olim
2951 2244 3004 2298 in
3019 2244 3236 2300 dioecesi
3254 2258 3350 2298 sua
3369 2243 3640 2310 tenuisse,

2029 2333 2390 2405 dignoscitur,
2421 2341 2512 2386 tua
2541 2348 2684 2387 nunc
2713 2342 3075 2403 consequatur
3103 2334 3175 2389 ob
3210 2346 3450 2387 amorem
3493 2329 3611 2400 jam

2027 2432 2451 2478 memoratorum
2480 2421 2848 2490 apostolorum
2897 2422 3162 2493 largiente
3200 2421 3571 2478 benevolentia
3598 2439 3617 2475 :

2027 2521 2295 2582 quatenus
2332 2513 2424 2583 qui
2454 2513 2569 2567 suis
2601 2511 2757 2568 valde
2794 2513 3086 2568 destitutus
3113 2527 3234 2568 esse
3262 2513 3616 2582 comperitur,

2030 2605 2161 2660 hinc
2200 2603 2395 2659 saltem
2431 2603 2624 2657 alienis
2670 2603 3156 2658 sustentationibus
3185 2602 3410 2672 adipisci
3453 2607 3619 2670 quea:

2030 2709 2142 2750 suae
2167 2695 2289 2749 vitae
2307 2693 2630 2749 subsidium.
2656 2692 2808 2759 Quod
2834 2701 2887 2746 te
2908 2696 3225 2761 negaturum
3243 2691 3487 2760 profecto
3511 2705 3619 2744 non

2035 2783 2410 2849 credimus,.si
2439 2797 2602 2853 quam
2623 2783 2692 2837 sit
2719 2797 2752 2836 a
2778 2781 2946 2837 fratre
2981 2783 3150 2838 frater
3171 2781 3508 2849 adjuvandus
3537 2781 3620 2834 in-

2030 2883 2182 2930 tenta
2210 2882 2393 2930 mente
2423 2873 2768 2938 consideres;
2797 2873 3032 2944 siquam
3069 2873 3140 2928 sit
3188 2872 3508 2944 indignum,
3559 2879 3621 2924 ut

2033 2965 2181 3035 quod
2208 2979 2237 3018 a
2266 2963 2596 3034 benignitate
2618 2971 2710 3017 tua
2735 2940 2930 3018 inttIItu
2959 2971 3233 3019 tantorum
3255 2940 3621 3031 apostolorum

2038 3056 2348 3113 dileCtionis
2379 3056 2710 3126 depascitur,
2739 3055 2940 3126 petitor
2983 3053 3206 3107 minime
3231 3058 3620 3121 consequatur,

2037 3147 2246 3212 solerti,
2267 3147 2406 3201 sicut
2429 3147 2602 3211 decet,
2631 3145 2926 3215 perpendet
2948 3143 3232 3199 industria.
3261 3145 3337 3198 De
3359 3143 3444 3198 his
3468 3157 3624 3207 vero,

347 3238 452 3294 Job
493 3251 592 3306 per
635 3234 836 3304 aliquot
865 3232 1009 3293 dies;
1049 3228 1175 3293 sed,
1208 3226 1299 3282 Sic
1338 3225 1562 3295 faciebat
1591 3223 1691 3278 Job
1734 3221 1932 3276 cunctis

2038 3252 2160 3306 quae
2187 3237 2253 3291 de
2282 3235 2525 3291 ecclesiae
2563 3213 2687 3302 tuae,
2713 3213 2800 3290 vel
2829 3235 3128 3289 dioeceseos
3156 3233 3454 3303 privilegiis
3481 3233 3625 3287 idem

349 3326 533 3382 dicbui
565 3325 685 3398 (Job
715 3323 778 3394 ι).
811 3321 947 3376 Nam
975 3325 1235 3375 etsancta
1263 3313 1518 3370 animalia
1563 3329 1668 3369 non
1701 3321 1826 3383 post
1853 3326 1932 3377 se,

351 3417 447 3472 sed
469 3422 594 3469 ante
620 3428 678 3468 se
691 3411 843 3482 gradi
860 3410 972 3464 visa
996 3414 1138 3469 sunt,
1154 3421 1278 3460 cum
1300 3402 1613 3457 incederent
1632 3399 1848 3472 (Each.
1869 3403 1934 3470 ι).

353 3506 524 3560 Porro
568 3501 864 3556 Actardum
909 3493 1275 3559 venerabilem
1313 3491 1630 3564 episcopum
1683 3486 1940 3541 fraternae

353 3595 596 3652 caritatis
612 3592 754 3647 ulnis
781 3588 1128 3658 amplectere,
1159 3593 1214 3640 et
1232 3584 1286 3637 in
1312 3579 1810 3652 opportunitatibus
1839 3592 1940 3647 pro

355 3693 639 3746 beatorum
689 3683 993 3755 principum
1049 3675 1418 3748 apostolorum
1481 3684 1668 3727 amore
1725 3682 1944 3738 semper

359 3782 611 3840 auxiliari
647 3785 938 3833 memento.
987 3773 1188 3829 Verum
1235 3785 1343 3825 non
1373 3768 1487 3823 ha-c
1534 3767 1659 3822 ideo
1684 3766 1940 3828 dicimus,

361 3875 516 3946 quasi
549 3881 600 3926 te
627 3869 717 3924 ille
742 3868 843 3923 sibi
877 3877 1219 3935 compassum
1247 3868 1304 3918 et
1330 3859 1615 3912 misertum
1643 3855 1812 3910 fuisse
1835 3868 1944 3907 non

361 3942 627 4040 praedicet
655 3979 671 4028 ;
701 3961 794 4016 sed
836 3969 896 4015 ut
937 3957 1081 4028 quod
1111 3967 1255 4010 nunc
1283 3963 1454 4018 usque
1491 3947 1736 4016 proxime
1767 3942 1944 3998 fecisti

362 4033 645 4116 charitatis
663 4052 879 4117 intuitu,
896 4064 1039 4105 nunc
1055 4047 1218 4103 etiam
1234 4041 1530 4112 primorum
1551 4033 1803 4106 perficias
1821 4045 1952 4100 apo-

363 4151 647 4213 stolorum,
674 4146 741 4202 ad
767 4158 996 4216 quorum
1018 4140 1204 4195 limina
1228 4131 1526 4213 festinavit,
1547 4142 1614 4181 ac
1637 4123 1949 4195 praesidium

361 4240 679 4313 postulavit,
711 4234 1016 4293 dilectionis
1031 4231 1252 4288 affectu.
1271 4225 1418 4281 lnsla
1442 4221 1610 4313 igitur
1625 4224 1947 4313 opportune,

365 4307 692 4401 importune,
714 4334 769 4382 et
792 4325 918 4396 quia
940 4320 1157 4394 propria
1179 4321 1348 4379 caret,
1377 4310 1518 4382 apud
1539 4307 1952 4401 dilectissimum

361 4397 476 4492 jam
515 4418 684 4473 fatum
729 4415 899 4472 ﬁlium
941 4419 1188 4467 nostrum
1223 4397 1737 4458 excellentissimum
1769 4407 1951 4462 regem

368 4488 622 4568 Carolum
650 4516 835 4564 nostra
864 4505 983 4559 vice
1004 4503 1298 4570 impetrare
1329 4492 1562 4556 studeto,
1587 4488 1662 4544 uti
1690 4501 1788 4543 suo
1817 4501 1950 4556 quo-

370 4620 477 4678 que
505 4604 692 4660 favore
738 4614 940 4655 vacans
967 4597 1018 4652 ei
1045 4591 1384 4664 episcopalis,
1413 4587 1628 4645 etiamsi
1655 4600 1714 4641 se
1747 4592 1950 4639 metro-

369 4673 507 4768 polis
541 4691 836 4755 obtulerit,
889 4687 1117 4744 ecclesia
1156 4684 1445 4740 tribuatur.
1475 4677 1658 4733 Fortis
1681 4675 1828 4730 enim
1858 4673 1952 4728 do-

372 4764 503 4840 mini
534 4785 634 4839 bos
665 4782 782 4852 ipso
809 4789 1030 4833 auctore
1055 4773 1321 4834 consistit,
1360 4779 1415 4825 et
1441 4768 1564 4823 ideo
1586 4764 1838 4837 plurimae
1863 4777 1957 4818 se-

373 4883 523 4944 getes
564 4875 616 4929 ei
646 4875 713 4929 ad
743 4871 994 4927 trituram
1037 4863 1225 4937 procul
1261 4860 1424 4918 dubio
1467 4855 1716 4913 commiti’
1733 4854 1952 4944 debent.

375 4943 509 5015 Nam
539 4963 800 5033 scriptum
817 4957 944 5016 est:
977 4956 1077 5012 Ubi
1105 4953 1347 5026 plurima:
1405 4958 1599 5018 segetes
1623 4987 1638 5011 ,
1675 4946 1745 4998 ibi
1785 4943 1959 4997 mani-

378 5051 510 5119 festa
545 5051 798 5119 fortitudo
834 5051 988 5104 boum
1029 5044 1210 5118 (Prov.
1236 5041 1320 5114 ιι).
1361 5039 1623 5109 Optamus
1648 5034 1960 5090 fraternita-

381 5150 488 5194 tem
523 5149 669 5193 tuam
708 5154 852 5192 nunc
881 5147 936 5192 et
960 5151 1173 5206 semper
1215 5135 1270 5188 in
1306 5131 1528 5186 Christo
1574 5130 1714 5184 bene
1757 5128 1956 5183 valere.

383 5229 516 5285 Data
545 5244 640 5283 vm
668 5229 793 5284 ldus
813 5227 1014 5293 Martii,
1046 5225 1342 5281 indictione
1371 5221 1569 5292 prima.

1128 5357 1221 5412 XI.

529 5515 600 5556 AD
643 5510 933 5556 ηειιιηιυυι
975 5507 1420 5550 Αιιοιιιειηεεονυιί
1450 5503 1821 5548 τυκουειιειι.

1026 5629 1202 5702 (Anno
1249 5626 1400 5702 868.)

393 5740 460 5800 Ut
503 5746 736 5803 Actarda
777 5745 1014 5816 episcopo
1061 5743 1307 5800 concedat
1333 5742 1708 5800 monasterium
1745 5741 1886 5825 quod
1915 5740 1970 5797 in

1520 5848 1554 5869 ρ

1980 4547 2030 4607 1)

2042 3325 2371 3381 venerabilis
2405 3325 2676 3380 Actardus
2701 3324 2972 3394 praecipue
3010 3322 3318 3392 suggessit,
3347 3321 3625 3376 Salomoni

2041 3418 2164 3474 duci
2209 3426 2264 3472 et
2303 3415 2501 3488 populo
2544 3416 2925 3470 Britannorum
2967 3413 3294 3468 sufﬁcienter
3337 3410 3631 3479 descripsi-

2042 3524 2200 3563 mus:
2235 3508 2376 3577 quod
2413 3507 2578 3564 etiam
2620 3507 2679 3559 in
2701 3503 3037 3574 exemplari,
3083 3501 3226 3572 quod
3258 3517 3444 3558 secum
3486 3501 3631 3556 idem

2044 3601 2275 3655 antistes
2303 3599 2552 3665 deferet,
2590 3597 2926 3667 experientia
2959 3605 3046 3650 tua
3081 3595 3254 3665 quibit
3280 3607 3575 3672 agnoscere
3613 3611 3628 3646 :

2046 3693 2290 3764 nihilque
2329 3691 2692 3762 quod'contra
2740 3690 3002 3744 rationem
3030 3687 3402 3758 postulabunt,
3433 3686 3477 3740 si
3519 3685 3632 3739 for-

2046 3787 2208 3842 tassis
2233 3786 2300 3840 ad
2331 3801 2430 3840 nos
2465 3799 2653 3840 eorum
2687 3783 2855 3852 aliqui
2899 3781 3178 3846 venerint,
3213 3780 3504 3850 agnuveris
3536 3794 3634 3834 eos

2049 3890 2080 3927 a
2108 3875 2288 3938 nobis,
2331 3875 2630 3950 opitulante
2658 3874 2906 3936 Domino,
2935 3872 3050 3926 fore
3079 3873 3295 3940 penitus
3322 3873 3612 3941 adepturus

2050 3961 2313 4030 Optamus
2337 3961 2734 4016 fraternitatem
2762 3968 2908 4014 tuam
2932 3961 2985 4013 in
3015 3959 3232 4013 Christo
3262 3962 3402 4015 bene
3429 3961 3639 4016 valere.

2055 4051 2188 4106 Data
2214 4063 2308 4104 vtn
2339 4049 2464 4104 Idus
2485 4048 2727 4114 Martias,
2757 4047 3052 4103 indictione
3075 4049 3273 4119 prima.

2787 4208 2904 4266 XII.

2251 4357 2319 4400 ΔΙ)
2357 4357 2569 4400 ΑΒΟΝΕΙ
2609 4357 2938 4398 νιεκΝεΝεει
2974 4354 3448 4398 Αιιειιιειιιεεορῑι.

2663 4500 2842 4573 (Anno
2875 4499 3029 4573 ses.)

2059 4652 2344 4710 Nicolaum
2393 4653 2713 4708 decessore»:
2745 4668 2900 4706 suum
2933 4653 3083 4707 miris
3119 4651 3364 4706 laudibus
3406 4650 3642 4720 cumulat

2129 4740 2282 4794 seque
2331 4732 2546 4778 excusat
2586 4723 2725 4792 quod
2775 4724 3017 4794 qutrdam
3049 4723 3114 4776 ab
3156 4738 3216 4794 eo
3262 4725 3486 4776 severius
3532 4719 3643 4776 zelo

2121 4791 2702 4917 jus‘tititewpertractata
2741 4791 2993 4864 magistra
3035 4793 3282 4866 wquitate
3319 4793 3644 4846 moderando

2131 4880 2200 4917 rm
2226 4879 2361 4917 taart
2389 4905 2402 4917 .

2131 4879 2402 4934 mutgaru.

2131 5014 2406 5070 ADBIANUS
2433 5015 2718 5086 episcopus
2739 5055 2756 5079 ,
2791 5027 2985 5070 servus
3023 5027 3306 5068 servorum
3336 5011 3453 5076 Det,
3492 5025 3648 5068 reve-

2062 5105 2374 5162 rentissimo
2401 5105 2663 5160 confratri
2690 5104 2862 5159 Anon:
2883 5101 3294 5172 archiepiscopo
3331 5102 3644 5156 Viennensi.

2137 5193 2428 5264 Epistolam
2453 5193 2756 5250 sanctitatis
2783 5200 2886 5246 tuae
2907 5204 3103 5260 magna
3125 5203 3247 5244 cum
3286 5187 3649 5242 exsultatione

2068 5285 2279 5356 suscepi
2302 5325 2319 5350 ,
2363 5293 2420 5340 et
2468 5285 2712 5355 relegens
2772 5283 3086 5336 innumeras
3134 5279 3490 5349 omnipotenti
3539 5277 3649 5332 Deo

2070 5385 2250 5447 grates
2271 5374 2509 5439 exsolvi,
2562 5373 2688 5444 quia
2726 5371 2949 5427 creditae
2997 5368 3380 5442 speculatiouis
3414 5366 3651 5424 cilicium

2069 5483 2176 5520 non
2219 5465 2424 5535 torpori
2453 5464 2667 5520 tradere
2708 5461 3014 5529 consentis,
3045 5461 3140 5516 sed
3180 5469 3400 5516 strenue
3438 5457 3653 5513 cunctis

2070 5571 2232 5627 quam
2273 5557 2343 5612 sit
2389 5556 2446 5611 in
2487 5563 2690 5611 sancta:
2734 5552 2990 5609 Ecclesiae
3032 5550 3334 5608 rectoribus
3369 5547 3652 5605 sollicitius

2070 5649 2466 5714 exercendum,
2493 5647 2672 5704 studio
2711 5661 2822 5706 non
2851 5644 3245 5702 contemnendo
3290 5643 3648 5700 demonstras.

2077 5739 2214 5799 Ecce
2255 5740 2402 5796 enim
2429 5753 2526 5809 pro
2564 5737 2725 5795 domo
2767 5736 2873 5794 Dei.
2891 5749 2998 5808 non
3037 5735 3216 5807 segnis
3264 5734 3654 5806 paterfamilias
