4142 6296
562 369 698 426 1275

1917 383 2198 440 ΑΒΒΙΑΝΙ
2236 388 2436 447 ΡΑΡΑΕ
2475 394 2517 449 II

3719 393 3744 446 I
3753 395 3884 451 276

575 503 793 574 satagis,
826 503 976 570 cujus
1006 504 1256 560 nimirum
1285 504 1402 558 zelo
1424 505 1744 561 comederis.
1775 504 1915 560 Ecce
1945 521 2044 574 pro
2074 506 2152 559 ci-
2180 513 2226 571 Α
2259 509 2456 562 nientis
2519 511 2817 564 incursum.
2858 509 3120 581 Optamus
3167 513 3519 570 sanctitatem
3584 525 3748 570 tuam
3801 520 3884 574 in

574 595 742 648 vitate
788 593 882 648 Dei
912 603 970 648 ut
1014 593 1170 650 fortis
1215 604 1580 665 propugnator
1622 596 1964 661 sollicitaris,
1997 595 2150 664 eujus

570 683 814 754 profecto
842 699 962 753 quae
990 685 1055 738 ad
1085 700 1272 754 pacem
1296 693 1420 739 sunt
1448 699 1640 754 rogare
1667 700 1772 739 non
1796 685 2020 739 desinis.
2051 685 2152 755 lgi-

564 783 662 836 .tur
688 787 808 840 quae
858 786 959 840 pro
1005 773 1301 843 privilegiis
1342 772 1596 838 Ecclesiae
1637 771 1892 827 Romamn
1931 773 2014 827 vel
2059 774 2152 828 de-

570 861 737 917 cretis
759 862 1059 918 decessoris
1102 863 1206 918 mei
1236 863 1544 933 apostolicae
1574 864 1850 918 memoriae
1873 880 2026 934 papae
2059 863 2151 919 Ni-

571 951 709 1006 colai
738 951 857 1007 sine
881 953 1217 1008 mutilatione
1242 954 1521 1008 servandis
1555 955 1810 1015 hortaris,
1844 956 2146 1019 laudamus,

571 1056 692 1110 qua:
727 1044 920 1098 suades
959 1043 1313 1109 admittimus,
1352 1053 1406 1098 et
1429 1061 1548 1114 quae
1591 1062 1781 1101 mones
1813 1047 2027 1115 penitus
2055 1062 2151 1116 ap-

569 1134 876 1203 probemus.
911 1132 1185 1203 Siquidem
1215 1145 1338 1190 acta
1375 1137 1580 1204 praefati
1622 1140 1890 1207 pontiﬁcis
1927 1148 2078 1194 tanto
2119 1157 2149 1195 a

569 1223 717 1278 nullo
756 1225 994 1293 patimur
1021 1225 1262 1293 quolibet
1300 1237 1458 1295 pacto
1494 1229 1752 1293 convelli,
1788 1239 1992 1299 quanto
2034 1232 2150 1300 ipse

567 1317 724 1372 nobis
769 1327 891 1388 post
949 1317 1104 1388 longa
1155 1328 1395 1389 tempora
1447 1322 1586 1376 inter
1635 1324 1814 1378 nubila
1868 1326 2150 1394 praesentis

568 1410 692 1463 vitae
733 1409 886 1477 quasi
916 1409 1182 1478 quoddam
1215 1427 1412 1467 novum
1443 1414 1591 1468 sidus
1621 1429 1906 1483 apparens,
1947 1424 2002 1470 et
2027 1416 2149 1471 vita:

567 1498 655 1552 vel
681 1497 938 1552 doctrina:
962 1513 1074 1552 sua:
1093 1498 1300 1570 fulgore
1323 1510 1542 1555 auctore
1574 1503 1684 1556 Deo
1709 1517 1954 1556 errorum
2002 1511 2149 1558 tene-

565 1586 694 1645 bras
728 1587 983 1656 abigens,
1010 1602 1118 1643 non
1157 1589 1300 1657 quod
1335 1587 1690 1654 abolendum,
1727 1590 1819 1645 sed
1855 1592 1997 1660 quod
2029 1593 2149 1646 imi-

566 1679 790 1732 tandum
819 1685 891 1732 srt
919 1687 973 1732 et
1012 1677 1141 1734 fecit
1176 1688 1231 1733 et
1271 1679 1468 1733 docuit.
1502 1680 1742 1748 Denique
1773 1681 1895 1751 quis
1933 1681 2147 1737 etiamsi

565 1767 702 1822 nihil
730 1767 876 1822 aliud
906 1769 1132 1826 rationis
1159 1768 1400 1841 obstaret
1429 1768 1545 1839 ejus
1570 1771 1749 1840 aliqua
1787 1773 1989 1826 cassari
2029 1787 2147 1842 per-

2253 597 2469 652 Christo
2493 615 2630 653 nunc
2652 607 2707 653 et
2741 615 2956 670 semper
2992 601 3128 657 bene
3161 603 3362 659 valere.
3407 605 3547 662 Data
3582 619 3688 662 vn:
3731 605 3882 664 Idus

2255 688 2400 754 Maii,
2425 689 2720 745 indictione
2739 691 2933 760 prima.

2983 823 3115 880 XIII.

2648 949 2715 987 AD
2754 949 2998 989 BASILIUI
3037 950 3444 994 IMPERATORI.

2865 1064 3044 1135 (Auno
3071 1063 3219 1136 868.)

2373 1193 2588 1250 Gratias
2612 1205 2718 1265 agit
2741 1195 2805 1248 de
2825 1194 3023 1277 Ignntii
3043 1197 3097 1277 in
3118 1198 3530 1266 patriarchalem
3550 1201 3730 1257 sedem

2871 1276 3212 1321 restitutione.

2317 1395 2590 1450 ADRIANUS
2626 1397 2931 1465 episcopus,
2980 1409 3172 1452 servus
3216 1413 3502 1455 servorum
3542 1400 3669 1468 Dei,
3715 1403 3850 1459 dile-

2248 1486 2489 1540 ctissimo
2525 1488 2655 1551 ﬁlio,
2689 1496 2745 1542 et
2771 1488 3223 1543 cliristianissimo
3260 1490 3584 1561 imperatori
3619 1493 3844 1550 Βιδιωο

2250 1590 2280 1630 a
2307 1578 2418 1630 Deo
2445 1586 2708 1645 pratecto,
2740 1593 2954 1647 semper
2976 1578 3240 1648 Augusto.

2319 1669 2608 1735 Quoniam,
2656 1671 3098 1740 tranquillissime
3142 1672 3462 1742 imperator,
3505 1676 3708 1732 audisti
3745 1694 3818 1735 vo

2248 1774 2363 1813 cem
2397 1759 2513 1825 Dei,
2548 1776 2643 1830 per
2672 1761 2979 1829 apostoliete
3007 1762 3150 1817 sedis
3177 1762 3410 1818 oﬂicium
3451 1765 3545 1820 tibi
3577 1766 3841 1832 delatam,

565 1857 825 1922 mitteret,
854 1857 958 1912 nisi
981 1857 1074 1928 qui
1110 1873 1206 1914 sua
1239 1861 1565 1930 quandoque
1606 1861 1928 1916 infirmanda
1953 1863 2142 1934 docere

2250 1857 2304 1903 et
2343 1850 2620 1904 honorasti
2667 1851 2895 1905 eximios
2943 1849 3059 1918 ejus
3103 1851 3398 1921 apostolos,
3450 1863 3507 1908 et
3549 1856 3841 1914 restituisti

565 1947 842 2002 voluisset.
871 1947 1006 2004 Nam
1042 1959 1100 2004 ut
1127 1951 1317 2008 beatus
1344 1967 1484 2021 papa
1520 1953 1681 2008 docet
1708 1953 1998 2024 Gregorius
2019 1995 2034 2018 ,
2064 1954 2147 2008 ni-

566 2036 672 2090 mis
699 2046 781 2091 cst
800 2052 1080 2114 asperum,
1100 2049 1154 2094 et
1178 2042 1448 2114 principue
1472 2043 1632 2101 bonis
1661 2045 2003 2098 sacerdotum
2035 2060 2148 2099 mo-

569 2126 721 2180 ribus
759 2127 1062 2192 inimicum,
1096 2130 1201 2184 nisi
1227 2133 1535 2200 quempiam
1565 2148 1887 2202 quacunque
1923 2134 2147 2190 rationis

565 2217 915 2273 excusatione
947 2228 1005 2274 et
1034 2234 1154 2289 quae
1190 2220 1329 2275 bene
1358 2233 1486 2277 sunt
1523 2223 1771 2278 ordinata
1804 2225 2142 2291 rescindere,

564 2319 622 2366 et
648 2311 896 2381 exemplo
916 2327 1015 2367 suo
1050 2313 1245 2367 docere
1273 2321 1498 2370 caateros
1532 2329 1628 2370 sua
1666 2316 1990 2386 quandoque
2014 2325 2148 2387 post

565 2418 627 2460 se
647 2407 941 2460 constituta
971 2405 1285 2470 dissolvere,
1315 2421 1445 2460 sane
1466 2407 1511 2462 si
1534 2407 1674 2462 forte
1695 2419 1822 2462 sunt
1856 2424 1976 2478 quae
2001 2410 2145 2465 idem

565 2496 967 2551 sacratissimus
997 2505 1052 2552 et
1079 2511 1202 2551 vere
1241 2498 1351 2551 Deo
1381 2497 1572 2566 plenus
1618 2499 1844 2554 antistes
1877 2513 1977 2568 pro
2016 2509 2146 2555 tem-

564 2586 714 2654 poris
772 2586 857 2640 vel
903 2601 1190 2641 causarum
1249 2588 1513 2657 qualitate
1575 2591 1832 2660 magistra
1890 2592 2144 2660 aequitate

564 2675 758 2744 gessit,
783 2676 952 2732 veluti
991 2677 1037 2732 si
1061 2693 1383 2746 quemquam
1407 2678 1526 2733 zelo
1558 2678 1785 2750 justitiae
1807 2681 1984 2736 studio
2023 2695 2145 2736 cor.

563 2769 774 2839 rigendi
826 2772 1127 2840 percussit,
1170 2780 1225 2825 et
1265 2786 1364 2826 nos
1400 2785 1462 2825 ea
1507 2787 1696 2826 rursus
1743 2788 1841 2842 pro
1887 2775 2144 2842 temporis

560 2877 717 2930 teque
768 2862 852 2916 vel
909 2877 1195 2917 causarum
1253 2863 1555 2916 imitatione
1609 2863 1766 2918 aliter
1817 2865 2143 2919 moderando

562 2953 898 3022 mitigamus,
928 2969 1033 3008 non
1067 2954 1156 3008 illa
1181 2969 1420 3018 cassare,
1451 2955 1546 3009 sed
1564 2970 1684 3024 qua:
1706 2956 1820 3025 ipse
1840 2956 2142 3025 ccepitcou-

563 3049 842 3096 summare
887 3042 1274 3111 dignoscimur.
1326 3042 1459 3098 Nam
1483 3043 1582 3097 etsi
1627 3043 1718 3098 ille
1762 3043 1952 3098 vulnus
1990 3059 2142 3113 aspe-

563 3144 627 3192 ro
656 3131 904 3186 medendi
932 3147 1128 3202 genere
1150 3147 1343 3186 curare
1369 3133 1552 3201 coepit,
1578 3143 1632 3187 et
1659 3149 1754 3188 nos
1777 3133 1882 3188 leni
1903 3132 2141 3189 fomento

2249 1939 2505 1995 Ecclesiae
2539 1940 3150 2010 Constantinopolitanae
3186 1943 3380 1998 throno
3420 1946 3699 2015 proprium
3740 1963 3810 2018 pa

2249 2040 2483 2096 storem,
2543 2032 2808 2103 repellens
2864 2033 3200 2101 adulterum,
3258 2035 3569 2094 benedictus
3626 2040 3708 2096 sis
3771 2041 3845 2095 ab

2245 2123 2619 2193 omnipotente
2648 2124 2778 2189 Deo,
2820 2133 2875 2179 et
2910 2126 3098 2181 videas
3145 2125 3520 2196 subiectionem
3567 2131 3845 2187 inimico—-

2247 2229 2389 2278 rum,
2434 2222 2488 2268 et
2529 2215 2788 2283 temporis
2823 2215 3245 2288 longitudinem,
3273 2232 3330 2272 ac
3369 2219 3421 2271 in
3457 2218 3593 2273 solio
3628 2227 3726 2274 tuo
3760 2221 3843 2276 de

2246 2303 2442 2360 lumbis
2476 2306 2582 2360 tuis
2611 2305 2902 2369 baeredem,
2942 2315 3106 2376 atque
3143 2309 3195 2362 in
3236 2309 3411 2364 futuro
3435 2314 3600 2365 vitam
3627 2326 3828 2381 perpe-

2245 2404 2426 2461 tuam;
2468 2397 2513 2453 si
2539 2407 2715 2452 tamen
2761 2398 2829 2452 ab
2867 2399 2933 2454 iis
2977 2415 3097 2468 qua:
3135 2399 3274 2457 bene
3321 2402 3529 2472 coepisti
3576 2419 3683 2458 non
3721 2405 3837 2462 dis-

2244 2491 2508 2554 cesseris,
2557 2491 2649 2544 sed
2686 2506 2854 2560 usque
2893 2491 2947 2544 in
2980 2491 3142 2547 ﬁnem
3183 2493 3238 2546 in
3267 2493 3349 2548 eis
3375 2499 3836 2563 perseveraveris,

2244 2596 2278 2638 ο
2303 2580 2562 2651 spiritalis
2599 2589 2654 2636 et
2690 2582 3040 2638 dilectissime
3076 2582 3185 2649 ﬁli;
3229 2583 3375 2649 licet,
3405 2585 3561 2639 vobis
3596 2587 3838 2654 quolibet

2243 2673 2404 2726 modo
2437 2673 2740 2739 agentibus,
2772 2687 2803 2726 a
2835 2673 3067 2730 decretis
3099 2683 3303 2730 sancta:
3335 2677 3613 2731 memoria:
3641 2680 3838 2746 pneci-

2242 2763 2334 2831 pui
2363 2762 2662 2818 decessoris
2695 2762 2798 2817 mei
2832 2777 2985 2834 papae
3010 2763 3237 2829 Nicolai,
3269 2781 3390 2833 qum
3425 2769 3490 2820 de
3520 2766 3694 2820 Pbotii
3736 2768 3840 2821 de-

2242 2851 2531 2921 positione,
2547 2860 2602 2907 et
2623 2856 3029 2922 recuperatione
3050 2855 3237 2926 lgnatii
3267 2856 3453 2912 fratris
3471 2869 3526 2912 et
3544 2874 3776 2913 consace
3785 2875 3839 2911 r-

2243 2943 2384 2998 dotis
2400 2943 2572 2998 nostri
2603 2943 2982 3014 promulgavit,
3016 2962 3288 3016 nunquam
3306 2952 3690 3018 quoquomodo
3723 2951 3842 3004 dis-

2242 3032 2518 3087 cedamus.
2578 3031 2755 3086 Tanto
2784 3034 2930 3088 enim
2962 3035 3210 3092 volumus
3248 3037 3392 3093 illius
3428 3039 3669 3094 decretis
3706 3057 3841 3095 con-

2243 3119 2491 3185 cordare,
2523 3128 2724 3189 quanto
2752 3120 2886 3188 ipse,
2917 3137 3040 3177 cum
3080 3124 3195 3178 haec
3233 3135 3440 3196 ageret,
3470 3128 3669 3182 divinis
3693 3145 3837 3198 pm:-

560 3222 694 3279 mud
745 3223 813 3276 ad
865 3222 1153 3276 εαηίιαιρω
1216 3223 1514 3291 perducere
1560 3224 1878 3294 satagimus,
1926 3224 2142 3293 uirique
2171 3207 2213 3266 C
2245 3212 2415 3276 ceptis
2452 3213 2784 3266 concordare
2820 3213 3091 3268 studebat.
3145 3213 3279 3268 Nam
3322 3226 3377 3270 et
3414 3218 3520 3271 hoc
3578 3235 3836 3274 necessa.

558 3328 670 3380 non
715 3313 988 3369 diversum
1031 3313 1125 3368 sed
1157 3329 1320 3368 unum
1355 3313 1591 3368 studium
1640 3315 1897 3385 gerimus.
1929 3313 2062 3380 Quia
2089 3324 2145 3369 et

558 3405 650 3470 ille
677 3421 798 3475 qua:
822 3417 949 3460 tunc
987 3419 1286 3477 congruere
1331 3408 1607 3475 prospexit
1636 3407 1902 3470 adhibuit,
1948 3415 2006 3461 at
2045 3421 2143 3461 nos

554 3497 703 3565 quod
731 3511 876 3552 nunc
919 3503 1104 3563 aptum
1132 3495 1247 3549 fore
1273 3496 1682 3550 consideramus
1723 3510 1992 3565 apponere
2036 3511 2142 3549 nou

558 3585 864 3654 renuimus.
923 3584 982 3638 Si
1024 3585 1188 3654 igitur
1240 3585 1328 3638 ille
1381 3600 1413 3638 a
1455 3585 1682 3640 denibus
1729 3586 2012 3654 inciperet,
2038 3600 2142 3638 non

555 3684 778 3742 sanaret
805 3693 819 3728 :
852 3675 898 3729 si
923 3689 1050 3729 vero
1087 3675 1297 3743 asperis
1319 3691 1420 3730 nos
1457 3676 1691 3729 dandam
1713 3676 1804 3730 tilo
1829 3683 1987 3728 tenus
2017 3691 2146 3744 ope—

558 3779 675 3818 ram
692 3762 1080 3831 judicaremus,
1109 3761 1464 3817 nihilominus
1492 3763 1559 3817 ad
1582 3763 1832 3818 sanitatis
1860 3772 1984 3818 vota
2021 3763 2142 3818 nul-

557 3855 774 3912 lomodo
825 3853 1272 3924 pertingeremus.
1327 3851 1386 3907 Si
1436 3868 1568 3924 ergo
1603 3860 1656 3907 te
1687 3853 2016 3908 scandalizat
2069 3854 2146 3908 di-

556 3946 790 4001 versitas
816 3946 1356 4010 medicamentorum,
1407 3960 1528 4000 curn
1569 3947 1741 4017 magis
1782 3948 1975 4001 debeat
2012 3949 2142 4004 tedi-

557 4034 724 4090 ficare
750 4051 855 4090 una
905 4036 1206 4105 eademQue
1245 4035 1483 4089 inventio
1515 4037 1845 4092 medicorum
1868 4078 1883 4101 ,
1918 4038 2026 4091 imo
2057 4053 2142 4093 sa-

561 4127 704 4182 nitas
745 4137 1093 4199 aegrotorum.
1121 4127 1256 4194 Quia
1285 4137 1340 4182 et
1390 4128 1503 4196 ipse
1546 4129 1591 4181 si
1637 4128 1846 4182 curatio
1882 4128 2140 4197 languen-

566 4218 700 4275 tium
751 4218 1073 4273 accessisset
1113 4218 1254 4272 inter
1304 4232 1464 4271 sanos
1495 4226 1550 4271 et
1579 4219 1917 4290 providentia
1960 4219 2141 4272 divina

555 4314 775 4368 curatos
852 4293 952 4361 bos
1021 4305 1263 4375 recipere
1328 4304 1635 4360 nullatenus
1701 4307 2138 4378 contempsisset.

554 4379 784 4464 Legerat
821 4395 963 4449 enim
1016 4404 1071 4449 et
1124 4395 1264 4449 inter
1308 4395 1410 4448 alia
1461 4393 1766 4462 hujusmodi
1811 4397 2136 4451 documenta

555 4483 786 4554 pleuiter
813 4493 1037 4539 noverat
1079 4484 1294 4537 dicente
1335 4484 1606 4537 Domino:
1651 4482 1838 4538 Videte
1882 4484 2140 4552 quoniam

2247 3301 2386 3354 rium
2413 3308 2498 3357 est
2535 3309 2609 3364 ut,
2644 3301 2952 3356 custodiens
2976 3304 3430 3372 praedecessorum
3464 3324 3707 3362 meorum
3732 3312 3831 3364 de-

2243 3399 2412 3457 creta,
2443 3391 2665 3446 doceam
2697 3400 2816 3460 post
2846 3391 3126 3447 decessum
3157 3411 3333 3449 meum
3378 3408 3434 3451 ct
3461 3414 3579 3452 utea
3617 3416 3834 3469 quoque

2246 3483 2315 3536 ab
2354 3482 2421 3536 iis
2461 3481 2554 3552 qui
2593 3489 2715 3551 post
2764 3495 2851 3536 me
2894 3481 3097 3536 fuerint
3147 3486 3294 3540 nullo
3355 3491 3514 3541 modo
3556 3490 3830 3544 violanda.

2244 3570 2536 3640 Postquam
2576 3580 2757 3626 autem
2795 3573 3144 3642 cognovimus
3168 3577 3311 3644 quod
3340 3578 3652 3634 misericors
3689 3580 3836 3635 Deus

2247 3661 2531 3730 imperium
2552 3671 2789 3716 vestrum
2819 3662 2977 3716 simul
3002 3674 3057 3716 ct
3075 3664 3324 3720 affectum
3357 3668 3422 3720 ad
3447 3668 3542 3722 hoc
3566 3671 3828 3732 erexerit,

2247 3759 2305 3805 ut
2335 3750 2575 3820 dispersa
2615 3760 2924 3821 congreget,
2955 3763 3009 3806 et
3039 3771 3157 3824 qua:
3195 3757 3503 3812 ceciderant
3539 3760 3728 3828 erigat,
3771 3772 3832 3814 et

2246 3841 2479 3895 contrita
2501 3840 2783 3904 resolidet;
2813 3840 3132 3897 fiducialiter
3148 3861 3450 3914 possumus,
3479 3849 3586 3902 Deo
3606 3851 3829 3918 gratias,

2247 3931 2558 4001 deposcere,
2589 3942 2648 3988 ut
2679 3933 2715 3987 ii
2751 3934 2840 4001 qui
2877 3935 3069 4003 abjceti
3112 3947 3255 4002 sunt,
3286 3938 3354 3991 ab
3382 3939 3614 4007 imperio
3650 3953 3833 3997 vestro

2249 4025 2602 4092 recipiantur,
2642 4035 2698 4081 et
2745 4028 2781 4083 ii
2823 4031 2912 4098 qui
2955 4029 3181 4099 dispersi
3221 4041 3638 4100 congregemur.
3679 4032 3830 4099 Qua-

2246 4126 2464 4186 propter
2493 4118 2968 4187 prudentissimum
2998 4122 3172 4175 virum
3204 4121 3608 4191 Theognostum
3647 4122 3824 4176 bono-

2248 4207 2627 4262 rabilissimum
2667 4212 2958 4267 exarchum
3001 4222 3193 4266 vestrze
3229 4211 3440 4265 ﬁducia:
3488 4213 3831 4269 remittentes

2243 4300 2713 4366 commendamus;
2764 4303 2855 4371 qui
2907 4302 3196 4372 legatione,
3248 4311 3355 4356 tam
3409 4318 3510 4372 pro
3553 4303 3725 4357 fratre
3775 4315 3832 4359 et

2243 4389 2615 4445 comministro
2644 4400 2830 4447 nostro
2865 4392 3092 4464 lgnatio,
3121 4408 3281 4461 quam
3316 4408 3416 4462 pro
3445 4393 3661 4448 eteteris
3691 4410 3828 4448 con-

2245 4481 2513 4535 tribulatis
2557 4481 2801 4548 functus,
2844 4498 2941 4552 per
2985 4484 3321 4553 scptennium
3374 4485 3514 4553 apud
3565 4484 3831 4554 principis

553 4545 652 4642 ego
679 4590 798 4629 sum
825 4575 986 4629 Deus.
1034 4573 1146 4642 Ego
1173 4573 1418 4628 occidam
1453 4582 1507 4628 et
1536 4575 1719 4628 vivere
1754 4573 1950 4629 faciam
1981 4590 2140 4643 :per-
2171 4545 2217 4602 υ
2243 4572 2606 4642 apostolormn
2655 4571 2841 4627 limina
2893 4581 2949 4626 ut
2991 4573 3310 4642 peregrinus
3357 4582 3411 4626 et
3450 4572 3622 4625 incola
3659 4573 3823 4635 vixit,

551 4666 778 4727 entiam,
807 4673 856 4718 et
906 4679 1006 4733 ego
1047 4666 1272 4718 sanabo.
1326 4664 1392 4718 Et
1421 4674 1568 4720 certe
1618 4663 1875 4735 prmfatus
1914 4665 2140 4737 Magnus

554 4756 788 4821 antistes
813 4755 1108 4823 Gregorius
1139 4755 1330 4811 scribit
1357 4775 1368 4810 :
1402 4758 1574 4824 Sicut,
1595 4761 1865 4828 inquiens,
1893 4777 2140 4830 perseve-

553 4843 697 4906 ranti
722 4842 894 4912 culpae
922 4843 1147 4897 debetur
1170 4845 1292 4915 jure
1339 4847 1612 4912 vindicta,
1652 4848 1728 4902 ita
1774 4849 2138 4918 resipiscenti-

549 4933 654 4987 bus
673 4942 757 4987 est
783 4934 936 4988 venia
985 4937 1354 4992 concedenda.
1391 4937 1592 4994 Verum
1624 4940 1752 4996 hinc
1793 4941 1896 4996 hoc
1936 4942 2139 4998 dixisse

551 5022 806 5078 sufficiat.
840 5023 1106 5080 Caeterum
1138 5042 1420 5085 monemus
1473 5029 1814 5086 dilectionem
1865 5041 2036 5096 tuam,
2079 5041 2138 5087 ut

549 5112 596 5166 si
633 5127 740 5181 qua
781 5123 930 5180 sunt,
961 5129 1081 5184 qua:
1118 5115 1186 5169 ad
1225 5129 1563 5172 communem
1590 5119 1836 5175 ecclesia:
1866 5120 2138 5190 pertinent

549 5204 867 5271 utilitatem,
897 5207 980 5260 vel
1029 5223 1148 5275 quae
1180 5217 1380 5264 nostra:
1413 5209 1530 5264 sedi
1561 5211 1791 5280 spiritali
1821 5213 1977 5280 genio
2007 5227 2136 5264 con-

551 5294 734 5346 venire
767 5295 1122 5364 perspexerit,
1158 5297 1366 5352 intente
1394 5307 1714 5367 pertractet,
1742 5308 1796 5353 et
1820 5299 2130 5369 przesulatui

546 5392 734 5437 nostro
789 5393 1029 5438 actutum
1080 5387 1298 5441 scienda
1344 5389 1644 5442 denuntiet.
1703 5387 1978 5453 Quatenus
2033 5401 2132 5455 per

519 5473 678 5537 'hoc,
733 5485 995 5543 quantum
1048 5476 1191 5530 beati
1248 5476 1392 5532 Petri
1445 5477 1764 5532 memoriam
1805 5477 1890 5530 vel
1946 5478 2128 5532 sedem

543 5563 750 5632 diligat,
771 5575 829 5618 et
853 5576 1114 5634 quantum
1144 5566 1218 5620 illi
1244 5569 1450 5622 haerere
1495 5577 1727 5638 satagat,
1761 5568 1890 5622 luce
1928 5568 2129 5623 clarius

543 5650 860 5710 innotescat.
889 5656 1085 5722 Sicque
1107 5655 1322 5709 demum
1375 5657 1430 5710 in
1479 5656 1597 5725 ejus
1637 5657 1908 5711 soliditate
1955 5658 2127 5726 persi-

544 5745 712 5803 stens,
763 5744 961 5802 nullius
985 5753 1207 5801 auctore
1253 5747 1362 5801 Deo
1391 5747 1582 5814 fluctus
1639 5755 1831 5813 paveat
1875 5761 2126 5834 superve-

2241 4672 2298 4720 et
2324 4680 2510 4719 eorum
2537 4661 2966 4718 confessionibus
2995 4665 3310 4718 memoriam
3341 4671 3568 4718 vestram
3598 4661 3821 4714 assidue

2241 4752 2665 4818 commendavit;
2697 4762 2752 4807 et
2789 4768 2818 4806 a
2850 4754 2936 4808 die
2964 4754 3226 4809 adventus
3264 4755 3348 4808 sui
3382 4769 3542 4824 usque
3569 4751 3634 4803 ad
3667 4767 3816 4818 prat-

2241 4860 2368 4899 sens
2405 4844 2626 4912 pietatis
2653 4853 2846 4898 vestrae
2884 4845 3149 4916 prteconia
3177 4861 3454 4906 enarrare,
3479 4853 3531 4896 et
3556 4842 3821 4900 Ecclesiae

2243 4934 2594 4990 manifestare
2645 4935 2896 4996 vulnera,
2946 4944 2999 4989 et
3036 4936 3229 4990 borum
3288 4935 3546 4990 medelam
3597 4936 3826 5004 exigere

2241 5038 2348 5078 nou
2375 5023 2601 5077 destitit.
2653 5023 2805 5079 Nunc
2840 5039 2989 5094 ergo,
3022 5026 3274 5093 quoniam
3321 5036 3380 5080 et
3422 5026 3524 5080 iste
3571 5041 3713 5080 unus
3750 5043 3823 5082 ex

2239 5113 2343 5168 illis
2373 5121 2455 5168 est
2491 5114 2583 5184 qui
2617 5124 2901 5183 postquam
2937 5115 3092 5184 lupus
3133 5115 3310 5172 factus
3337 5125 3422 5172 est
3451 5124 3656 5186 pastor,
3686 5132 3824 5171 cou-

2240 5204 2387 5258 tinuo
2415 5203 2668 5272 dispersi,
2699 5214 2754 5259 et
2789 5220 2819 5258 a
2851 5205 3004 5260 vobis
3031 5206 3119 5274 pie
3150 5208 3331 5262 omnia
3364 5208 3678 5277 regentibus
3716 5208 3822 5260 ite-

2237 5310 2355 5348 rum
2402 5297 2714 5366 congregati
2764 5307 2923 5363 sunt,
2979 5308 3263 5353 revocetur
3299 5307 3355 5353 et
3398 5299 3515 5368 ipse
3560 5298 3820 5367 petimus,

2235 5396 2291 5440 et
2329 5387 2380 5439 in
2419 5387 2646 5441 mandra
2693 5386 2928 5442 ﬁdelium
2977 5390 3218 5444 omnium
3255 5405 3286 5444 a
3318 5389 3605 5444 clementia
3637 5399 3822 5443 vestra

2236 5483 2461 5544 locetur,
2491 5490 2546 5535 et
2576 5481 2717 5534 inter
2753 5481 3000 5536 laetantes
3035 5484 3153 5553 pios
3185 5482 3323 5538 ﬁlios
3348 5491 3582 5551 paterno
3619 5482 3818 5536 affectu

2234 5579 2355 5639 post
2401 5570 2572 5640 longze
2620 5568 2952 5638 captivitatis
3011 5571 3376 5626 reversionem
3431 5572 3822 5625 connumerari

2237 5670 2535 5724 mercatur;
2568 5669 2623 5714 et
2647 5658 2716 5713 ob
2743 5675 2982 5714 amorem
3013 5661 3104 5716 Dei
3132 5670 3187 5716 ct
3214 5670 3581 5730 protectorum
3613 5672 3821 5716 vestro-

2234 5765 2352 5802 rum
2398 5749 2699 5819 principum
2749 5751 3113 5817 apostolorum
3164 5753 3453 5818 ltonorcm,
3510 5767 3538 5805 a
3582 5769 3820 5821 quorum
