4142 6296
331 397 478 457 12Ἱ7

1550 411 1736 479 Εριδζι
1750 417 1919 475 ΟΙΑΕ
1945 420 2032 481 ΕΤ
2074 425 2410 481 DECRETA.
2490 488 2491 491 η

3452 380 3587 479 teis

339 528 609 600 regimine
656 530 1042 600 proﬁciscitur,
1099 534 1528 592 mansuetudinis
1575 547 1768 599 vestrae
1819 552 1921 592 ana
1939 545 1988 605 Α
2016 539 2163 607 apud
2195 539 2487 605 memorias
2521 540 2885 609 apostolorum
2920 560 3017 615 per
3053 556 3255 617 septem
3288 552 3459 606 ferme
3489 567 3588 607 an-

337 617 475 673 xilia
516 620 732 685 sentiat,
773 634 842 676 ex
880 630 1003 691 post
1042 622 1406 679 turbationem
1451 627 1820 692 serenitatem,
1857 635 1913 682 et

337 717 717 780 tempestatem
755 710 1216 780 tranquillitatem,
1245 721 1302 768 et
1329 723 1450 784 post
1485 716 1653 770 multa
1686 717 1912 772 adversa

333 807 538 870 aptatae
564 799 940 868 prosperitatis
975 799 1247 868 eil‘ectnm,
1293 812 1559 873 quatenus
1598 820 1709 874 per-
1729 815 1912 876 patro-

284 924 287 925 ν
331 902 532 942 norum
569 896 874 944 vestrorum
915 889 1351 959 intercessiones,
1384 894 1691 964 principum
1716 895 1916 950 videli-

328 985 437 1043 cet,
469 993 501 1033 a
531 993 762 1048 quorum
801 981 930 1037 sede
970 984 1296 1049 remittitur;
1342 992 1398 1039 et
1437 1000 1669 1055 quorum
1707 987 1908 1056 princi-

324 1078 518 1139 patum
558 1085 658 1140 pro
682 1070 923 1126 Ecclesia
942 1080 1151 1138 vestra,
1191 1089 1312 1143 quae
1355 1076 1510 1131 valde
1538 1075 1780 1140 ﬂuctuat,
1815 1076 1905 1131 die

326 1173 396 1215 ac
418 1168 575 1215 nocte
589 1160 931 1230 interpellare
941 1177 1039 1232 per
1051 1163 1217 1217 multa
1236 1165 1500 1221 curricula
1522 1181 1626 1221 non
1642 1167 1902 1233 cessavit;

328 1261 367 1303 a
398 1246 755 1303 misericordes
772 1250 902 1313 Deo,
933 1264 1092 1318 quem
1125 1250 1180 1305 in
1217 1250 1434 1308 famulis
1461 1254 1580 1324 ejus
1605 1256 1904 1321 honoratis,

326 1345 390 1400 et
411 1337 503 1393 hic
523 1338 676 1394 vobis
705 1337 932 1396 felicitas
967 1341 1237 1408 continua,
1269 1353 1325 1399 et
1353 1345 1692 1400 inimicorum
1722 1348 1904 1418 subje-

327 1425 443 1481 ctio
484 1435 540 1483 et
576 1426 633 1482 in
672 1426 1091 1497 futuro-aeterna
1129 1432 1298 1503 gloria
1324 1443 1380 1489 et
1423 1434 1630 1489 inﬁnita
1658 1438 1902 1505 praemia,

326 1517 556 1587 insuper
606 1527 663 1574 et
705 1533 928 1590 regnum
988 1521 1209 1578 caeleste
1254 1540 1376 1579 cum
1422 1526 1749 1596 sempiterna
1793 1528 1904 1585 vita

325 1617 640 1681 praestetur.
684 1609 948 1680 Optamus
991 1612 1279 1682 imper-ium
1321 1624 1559 1671 vestrum
1603 1616 1656 1670 in
1687 1617 1903 1672 Christo

322 1704 476 1760 nunc
513 1707 570 1753 et
601 1714 815 1770 semper
851 1700 1054 1767 valere,
1092 1718 1126 1757 ο
1152 1704 1449 1774 spiritualis
1476 1715 1531 1760 et
1555 1706 1901 1764 dilectissimo

320 1785 425 1842 ﬁli.
457 1786 592 1843 Data
621 1786 877 1846 Kalendis
899 1790 1146 1861 Augusti,
1179 1793 1469 1850 indictione
1502 1794 1696 1865 prima.
1872 1788 1877 1797 ’

1047 1916 1188 1980 XIV.

330 2042 405 2085 Α»
430 2044 687 2101 ιειυιτιυιι
723 2047 1169 2092 ARCHIEPISCOPUH
1206 2034 1897 2123 CONSTAN'I'INOPOLITANUIi

661 2170 667 2177 ο
718 2175 772 2189 .-
838 2214 841 2217 _
924 2144 1104 2216 (Anno
1130 2144 1279 2219 868.)

315 2248 668 2332 Conqueritur
692 2271 841 2332 papa
871 2257 1013 2327 quod
1041 2274 1151 2332 non
1181 2262 1566 2332 quamprimum
1600 2263 1669 2332 ab
1695 2262 1809 2332 ipso
1831 2264 1896 2319 de

388 2323 629 2403 restitutn
668 2323 925 2403 dignitate
966 2328 1158 2381 certior
1192 2323 1373 2398 Tactu's.
1400 2331 1598 2400 fuerit;
1630 2323 1896 2403 Tlieogna-

314 2457 323 2465 ο
386 2398 525 2444 stum
548 2390 630 2444 illi
655 2390 1006 2459 commendat.

385 2502 664 2560 Annianus
696 2505 999 2578 episcopus,
1028 2524 1219 2565 servus
1240 2526 1539 2568 servorum
1566 2512 1683 2581 Dei,
1716 2515 1893 2571 bono.

314 2593 643 2653 rabilissimo
696 2595 856 2653 fratri
899 2608 957 2654 et
1000 2597 1391 2659 consacerdoti'
1424 2612 1612 2662 nostro
1636 2606 1893 2675 ιριιιτιο,

311 2686 656 2744 sanctissimo
682 2689 1005 2760 patriar-eme
1027 2690 1644 2764 Constantinopolitano.

385 2777 749 2846 Convenerat,
795 2783 1141 2841 sanctitatem
1194 2794 1363 2854 tuam,
1402 2786 1530 2843 licet
1567 2802 1668 2844 nos
1704 2788 1773 2845 ad
1794 2789 1893 2846 sui

311 2868 640 2939 adjutorium
682 2870 919 2940 primum
966 2876 1192 2933 minime
1231 2879 1660 2949 provocaverit~,-
1687 2880 1884 2937 saltem

307 2973 453 3014 nunc
477 2962 1010 3030 super'restitutione
1035 2978 1304 3037 sua,‘quaa
1335 2968 1477 3025 facta
1498 2969 1720 3037 dicitur,
1748 2970 1888 3028 laeti.

310 3047 476 3103 ﬁcare
498 3064 618 3124 nos,
645 3050 984 3107 anhelantem
1021 3057 1266 3124 proprias
1300 3059 1453 3114 nobis
1488 3058 1697 3116 litteras
1723 3060 1891 3118 destiv

309 3150 463 3194 nare.
492 3122 711 3200 Verum,
745 3137 871 3195 licet
902 3122 1223 3199 hociminus
1263 3145 1529 3202 studuerit
1560 3161 1742 3219 agere,
1777 3150 1884 3215 sal-

2012 641 2205 691 norum
2248 627 2516 682 curricula
2560 638 2618 683 ut
2664 631 2861 701 hospes
2908 643 2963 689 et
3008 636 3213 690 advena
3260 638 3589 699 demoratus.

2011 728 2117 768 non
2145 722 2351 768 tantum
2374 717 2647 786 propriam
2674 720 2969 787 miseriam,
2998 734 3260 792 quantum
3286 729 3590 797 sanctitatis

2010 810 2112 871 tum
2134 807 2466 873 pressuram,
2502 816 2556 861 et
2585 807 3197 881 Constantinopolitanae
3225 816 3477 889 Ecclesiae
3502 836 3591 875 ca-

2007 890 2276 948 lamitates
2308 908 2448 965 pene
2484 895 2820 953 incessanter
2849 900 3118 968 deflebat;
3164 903 3239 958 ita
3273 914 3329 959 ut
3362 922 3466 963 non
3496 923 3587 963 so-

2006 978 2117 1047 lum
2169 992 2329 1038 antea
2372 983 2487 1052 jam
2533 985 2737 1041 dictum
2783 988 3123 1047 decessorem
3173 1009 3372 1061 meum,
3402 998 3495 1052 sed
3531 1010 3590 1053 et

2008 1085 2093 1125 me
2118 1080 2303 1140 postea
2331 1083 2489 1129 nocte
2515 1088 2581 1130 ac
2606 1075 2692 1130 die
2735 1063 3123 1134 indeﬁcienter'
3142 1083 3371 1154 erigere,
3396 1096 3448 1140 et
3480 1102 3589 1157 pro,

2006 1168 2149 1214 statu
2199 1170 2360 1218 tantae
2398 1164 2675 1233 Ecclesiae,
2727 1175 2783 1222 et
2833 1170 3107 1227 erectione
3154 1183 3333 1230 vestra
3379 1180 3588 1243 crebris

2006 1248 2315 1315 suasionum
2351 1252 2585 1309 stimulis
2611 1253 2781 1310 latera
2810 1269 3124 1327 percutere;
3158 1272 3214 1316 et
3239 1268 3583 1332 quemadmoo

2006 1337 2132 1392 dunt
2162 1340 2387 1410 angelus
2416 1343 2688 1413 quondam
2715 1363 2728 1400 :
2758 1345 2951 1417 Surge,
2974 1347 3148 1417 Petre,
3175 1355 3349 1426 accipe
3370 1356 3585 1424 fortitu-

2005 1427 2180 1494 dinem
2202 1431 2272 1484 ad
2295 1431 2581 1488 satvandas
2605 1445 2779 1505 gentes
2802 1438 2940 1507 (Act.
2969 1439 3046 1510 ν),
3076 1457 3174 1512 per
3208 1445 3447 1517 singulos
3471 1449 3586 1507 dies

2004 1518 2159 1574 nobis
2197 1521 2379 1576 dicere
2414 1537 2522 1597 non
2558 1535 2828 1594 cessaret;
2872 1543 3151 1601 quousque
3178 1535 3441 1603 auditum,
3471 1539 3584 1595 Deo

2003 1618 2316 1679 praestante,
2359 1615 2616 1684 suscepit,
2662 1618 2805 1686 quod
2836 1620 3091 1676 ardenter
3135 1638 3350 1695 semper
3392 1628 3446 1683 in
3484 1646 3581 1700 pe-

2003 1705 2156 1764 ctore
2184 1699 2481 1769 bajulabat.

1974 1820 1981 1825 -
2070 1787 2187 1855 Qua
2210 1790 2281 1845 de
2303 1806 2388 1857 re,
2414 1791 2583 1849 frater
2610 1795 2979 1866 dilectissime,
3011 1804 3282 1859 sanctitati
3314 1814 3416 1862 tuae
3436 1807 3582 1866 hunc

1886 1913 1897 1950 ;
1928 1876 1977 1937 B
2005 1882 2479 1950 commendantes,
2519 1898 2770 1954 rogamus
2807 1895 2862 1942 et
2901 1889 3275 1960 deprecamur,
3313 1906 3581 1965 quatenus

1999 1966 2143 2022 circa
2173 1982 2232 2023 se
2257 1970 2455 2025 sentiat
2491 1971 2740 2029 beneﬁcii
2779 1976 2859 2030 tui
2902 1980 3235 2048 propositum
3277 2000 3289 2035 :
3334 1991 3389 2037 et
3439 1985 3580 2061 sicut

1996 2068 2192 2113 vestrae
2231 2058 2407 2119 factus
2432 2070 2516 2118 est
2546 2067 2972 2124 communicator
2997 2074 3287 2139 passionis,
3328 2075 3401 2129 ita
3431 2078 3503 2131 sit
3524 2058 3581 2151 et

1997 2149 2419 2217 consolationis;
2466 2153 2666 2208 etenim
2704 2155 2892 2225 dignus
2926 2168 3002 2213 est
3039 2163 3310 2228 operarius
3346 2167 3578 2221 mercede

1994 2254 2099 2297 sua
2128 2236 2182 2310 (Ι
2208 2237 2343 2293 Tim.
2370 2239 2460 2310 v);
2492 2255 2599 2296 non
2639 2251 2841 2310 autem,
2871 2256 2930 2302 ut
2963 2246 3244 2306 familiaris
3271 2262 3454 2307 noster
3492 2252 3575 2327 fa:

1994 2334 2136 2392 ctus,
2164 2326 2261 2384 sed
2289 2335 2343 2382 et
2371 2337 2432 2383 ut
2468 2343 2499 2384 a
2529 2328 2656 2385 sede
2682 2332 2942 2404 principis
2984 2337 3347 2406 apostolorum
3390 2357 3572 2397 susce-

1992 2426 2142 2487 ptus,
2173 2417 2263 2472 hic
2292 2417 2450 2474 debet
2475 2417 2544 2472 ob
2573 2434 2812 2475 amorem
2841 2423 2978 2493 ejus,
3012 2440 3118 2480 non
3145 2424 3574 2500 qualemcunque

1993 2507 2048 2562 in
2087 2516 2380 2576 conspectu
2428 2509 2734 2565 sanctitatis
2796 2522 2990 2568 vestrae
3035 2517 3260 2586 gratiam
3309 2516 3570 2574 invenire.

1990 2596 2061 2652 At
2092 2612 2245 2664 vero,
2275 2597 2318 2652 si
2359 2598 2426 2654 ad
2461 2601 2808 2669 apostolicam
2850 2605 3032 2665 sedem
3063 2609 3322 2677 quosdam
3356 2614 3571 2667 mittere

1993 2685 2343 2755 disposueris,
2386 2688 2529 2743 hunc
2577 2689 2884 2759 specialiter
2920 2693 3166 2755 volumus
3203 2711 3313 2764 pne
3358 2700 3571 2754 caeteris

1990 2775 2163 2842 mitti;
2200 2782 2339 2831 utet
2369 2776 2435 2832 de
2466 2781 2832 2850 prosperitate
2873 2793 2986 2848 tua,
3026 2786 3472 2854 quemadmodum
3511 2800 3568 2847 et

1989 2872 2258 2935 optamus,
2310 2869 2625 2937 gratiﬁcari,
2677 2873 3084 2943 diSpositionem
3129 2887 3184 2932 et
3229 2879 3471 2934 ordinem
3503 2892 3564 2938 et

1988 2971 2210 3011 causam
2261 2959 2515 3017 Ecclesiae
2559 2961 3204 3038 Constantinopolitanm,
3259 2974 3559 3028 secundum

1989 3048 2319 3120 diligentiam
2349 3065 2511 3120 quam
2542 3053 2608 3107 de
2644 3057 2895 3115 omnibus
2930 3073 3027 3113 nos
3060 3059 3444 3117 ecclesiasticis
3471 3079 3569 3126 ne-

1987 3140 2150 3209 gotiis
2189 3141 2495 3198 certissime
2544 3145 2685 3200 scire
2714 3148 2851 3203 velle
2899 3151 3195 3221 cognoscit,
3240 3154 3564 3222 apostolatui

1567 3199 1592 3201 ρ
1639 3199 1742 3215 ,_-,
1778 3199 1860 3215 π,
1989 3199 2018 3209 _
2664 3199 2677 3200 κ
2906 3199 3195 3221 --οη-ω,
3241 3199 3560 3222 νυν-πω...

306 3232 418 3281 tem
448 3226 677 3295 gratiam
712 3228 916 3284 divina-
939 3231 1332 3299 miserationis,
1372 3249 1496 3304 qua;
1532 3199 1680 3293 inure
1715 3239 1883 3303 mira,
1909 3199 1955 3263 δ
1986 3237 2171 3284 nostro
2201 3229 2405 3293 referre
2439 3241 2692 3289 maturet.
2740 3235 3193 3295 Commendamus
3220 3250 3401 3296 autem
3430 3258 3560 3297 san-

303 3314 489 3371 biliter
524 3326 744 3386 operata
773 3314 878 3383 est;
909 3334 1015 3374 non
1060 3331 1286 3378 taceres.
1327 3323 1593 3389 Secrelum
1621 3329 1760 3382 enim
1796 3346 1880 3399 re-

302 3405 403 3476 gis,
430 3406 726 3461 secundum
756 3410 899 3477 quod
927 3411 998 3465 ab
1027 3413 1219 3482 angelo
1245 3414 1426 3471 Tobiae
1448 3417 1668 3485 dicitur,
1709 3420 1881 3478 celare

303 3494 493 3549 bonum
524 3504 621 3561 est,
653 3513 807 3567 opera
833 3513 953 3557 vero
980 3500 1072 3555 Dei
1098 3518 1367 3570 enarrare,
1404 3508 1688 3575 miriﬁcum
1721 3509 1878 3580 (Tob.

303 3582 422 3652 xu).
453 3583 837 3640 Verumtamen
867 3589 1177 3644 consolatur
1202 3608 1300 3648 nos
1326 3610 1339 3650 :
1369 3596 1723 3663 conscientia,
1754 3614 1876 3668 qua:

302 3684 405 3723 non
447 3679 656 3726 tantum
687 3688 802 3736 nos,
829 3684 1090 3745 quantum
1131 3682 1441 3747 apostolicae
1477 3685 1750 3744 memoriae
1776 3688 1874 3751 do-

299 3770 567 3813 cessorem
598 3775 778 3815 meum
807 3764 1175 3823 beatissimum
1212 3783 1405 3838 papam
1431 3769 1735 3839 Nicolaum,
1764 3790 1874 3831 non

303 3853 411 3900 tam
459 3863 556 3917 pro
599 3858 650 3903 te
700 3866 860 3921 quam
910 3870 1006 3924 pro
1055 3857 1338 3913 cbaritatis
1391 3863 1634 3915 custodia
1687 3865 1875 3918 decer-

304 3946 444 3993 tasse
479 3946 722 3996 testatur.
750 3941 808 3997 Si
836 3947 995 4011 enim,
1020 3949 1109 4017 qui
1134 3947 1364 4016 diligunt
1394 3965 1484 4002 nos
1512 3959 1712 4003 tantum
1742 3953 1875 4006 dile-

301 4028 548 4092 xerimus,
580 4046 738 4098 quam
765 4035 1049 4090 mercedem
1076 4036 1418 4089 habebimus?
1450 4037 1666 4105 (Matt/1.
1700 4039 1753 4112 ν)
1802 4040 1873 4096 At

299 4121 550 4187 quoniam
591 4120 758 4176 frater
783 4132 965 4180 noster
990 4141 1073 4190 es,
1098 4127 1145 4181 si
1172 4127 1464 4193 viderimus
1501 4137 1552 4183 te
1577 4131 1871 4186 necessita-

298 4218 404 4265 tem
453 4210 686 4275 habere,
733 4216 788 4268 et
834 4212 1188 4271 clauserimus
1237 4215 1445 4273 viscera
1490 4228 1674 4271 nostra
1713 4234 1746 4273 a
1797 4227 1870 4286 te,

295 4302 559 4366 quomodo
589 4302 827 4359 charitas
855 4304 949 4359 Dei
979 4313 1162 4360 manet
1207 4306 1263 4360 in
1288 4304 1478 4360 nobis?
1524 4306 1575 4377 (1
1597 4308 1757 4362 Joan.
1785 4310 1868 4383 ιιι)

295 4386 457 4457 igitur
494 4390 629 4444 scito
666 4391 792 4459 quia
833 4391 886 4445 in
928 4393 997 4447 iis
1032 4407 1151 4462 quae
1186 4393 1442 4449 decessor
1478 4410 1630 4451 meus
1668 4406 1873 4454 sanctte

1984 3321 2157 3376 ctitati
2187 3332 2382 3378 vestra:
2411 3332 2466 3379 et
2493 3325 2837 3396 Euthymium
2866 3329 3310 3399 gloriosissimum
3340 3335 3563 3404 spatha-

1982 3412 2147 3476 rium,
2191 3413 2282 3482 qui
2322 3412 2549 3468 Romam
2606 3416 2936 3486 imperialem
2988 3412 3167 3476 ferens
3215 3422 3562 3494 legationem,

1979 3494 2190 3573 primus
2226 3502 2380 3557 nobis
2407 3512 2461 3559 et
2488 3504 2739 3571 Ecclesiae
2775 3517 2971 3566 nostrae
3004 3510 3071 3565 de
3103 3510 3443 3585 fraternitate
3470 3530 3563 3569 ve—

1984 3599 2097 3645 stra
2128 3592 2268 3662 quod
2291 3607 2503 3663 semper
2527 3597 2831 3665 optavimus
2858 3601 3212 3665 annuntiavit,
3242 3609 3299 3655 et
3324 3599 3557 3657 divinam

1977 3680 2122 3735 eirea
2167 3689 2220 3737 te
2261 3683 2708 3752 misericordiam,
2742 3695 2798 3741 et
2830 3682 3079 3744 sanitatis
3130 3685 3235 3743 tuae
3273 3704 3560 3759 recupera-

1977 3769 2178 3824 tionem
2235 3771 2596 3839 innotescens,
2650 3790 2838 3832 omnes
2883 3777 3306 3848 gratulabundos
3355 3780 3554 3837 ell'ecit.

1974 3854 2080 3911 Pro
2109 3872 2216 3924 quo
2247 3875 2519 3930 rogamus,
2552 3875 2611 3916 ut
2641 3872 2695 3918 et
2722 3866 2823 3919 iste
2849 3866 3046 3921 sentiat
3081 3868 3135 3921 in
3158 3871 3562 3943 opportunitate

1974 3943 2288 4010 prmsidium
2324 3956 2586 4010 vestrum,
2624 3956 2679 4002 et
2709 3949 2901 4004 aﬁ‘ectu
2938 3954 3138 4007 amoris
3178 3957 3345 4009 nostri
3377 3968 3561 4024 prote-_

1974 4028 2170 4084 ctionis
2228 4040 2423 4085 vestra:
2480 4031 2742 4089 solamina
2807 4048 3188 4107 consequatur.
3288 4043 3556 4111 Optamus.

1973 4126 2120 4172 tuam
2156 4121 2497 4177 sanctitatem
2538 4137 2681 4178 nunc
2710 4133 2763 4191 et
2787 4140 2998 4195 semper
3023 4127 3158 4184 bene
3184 4129 3384 4196 valere,
3414 4126 3555 4190 dile-J

1970 4207 2211 4263 ctissime
2237 4207 2407 4265 frater
2438 4219 2495 4264 et
2518 4197 2905 4273 comminister.
2935 4213 3069 4280 Data
3091 4215 3346 4274 Kalendis
3367 4220 3552 4296 Angit:

1970 4297 2063 4365 sti,
2096 4298 2395 4354 indictione
2420 4298 2614 4371 prima.

2699 4411 2816 4470 XV.
2883 4475 2888 4481 ,

297 4482 563 4536 memon-im
608 4499 743 4552 papa
789 4483 1040 4539 Nicolaus
1083 4500 1180 4553 pro
1221 4500 1449 4578 persona
1482 4495 1571 4542 tua
1594 4488 1749 4545 etiis
1773 4490 1865 4559 qui
1889 4516 1944 4578 ι)
1968 4466 2229 4563 Allocutio
2254 4518 2416 4578 papae
2435 4502 2660 4578 Adriani
2804 4466 3092 4578 concilium
3131 4509 3271 4578 quod
3312 4523 3547 4569 convenit

296 4581 464 4628 tecum
506 4574 560 4628 in
590 4574 1026 4635 tribulationibus
1062 4591 1167 4644 non
1198 4572 1534 4644 defecerunt,
1570 4578 1791 4649 insuper
1812 4591 1868 4638 et

292 4654 385 4740 pro
405 4662 641 4718 Ecclesia
671 4663 1261 4736 Constantinopolitana
1291 4666 1582 4736 plurimum
1611 4668 1865 4727 laborans

291 4753 475 4807 statuit
517 4763 574 4807 et
620 4753 900 4819 deﬁnivit,
944 4762 1000 4809 et
1045 4769 1143 4810 nos
1194 4756 1446 4813 similiter
1489 4772 1785 4815 manemus.
1811 4768 1868 4815 et

290 4842 755 4910 permanebimus;
784 4852 841 4903 ct
870 4844 1012 4900 sicut
1049 4845 1166 4915 ipse
1196 4846 1265 4901 ad
1295 4847 1490 4905 horam
1524 4849 1717 4905 mortis
1752 4864 1865 4907 suae

293 4948 476 5002 usque,
507 4944 613 4991 tam
636 4954 735 5007 pro
768 4948 838 5006 te,
865 4955 1026 5010 quam
1059 4955 1158 5011 pro
1191 4941 1261 4996 iis
1297 4942 1390 5011 qui
1422 4952 1597 4999 tecum
1621 4954 1770 5012 sunt.
1805 4947 1861 5007 in

292 5023 508 5091 prmfata
531 5026 787 5088 Eccl-.csia
814 5046 1149 5101 nequaquam
1176 5032 1407 5087 cessavit
1440 5048 1756 5102 procurans,
1787 5037 1862 5092 ita

291 5121 342 5164 et
366 5127 486 5177 nos,
509 5126 729 5172 auctore
750 5119 879 5183 Deo,
908 5136 1078 5190 usque
1102 5122 1158 5176 in
1184 5121 1346 5176 ﬁnem
1375 5122 1429 5177 in
1454 5138 1616 5193 opere
1644 5126 1862 5193 pietatis

292 5200 445 5269 hujus
470 5201 602 5257 nulli
634 5206 838 5273 torpori
861 5207 1109 5265 dabimus
1134 5225 1391 5280 operam;
1428 5213 1686 5271 debemus
1714 5217 1857 5271 enim

293 5289 456 5359 ipsius
482 5291 634 5361 sequi
662 5292 922 5360 laborem,
949 5297 1039 5352 cui
1069 5299 1243 5368 gratia
1273 5299 1390 5364 Dei,
1416 5303 1773 5360 successimus
1801 5305 1859 5379 in

2037 4580 2219 4625 contra
2245 4571 2516 4646 lihotium,
2545 4571 2680 4646 tecta
2701 4589 2796 4646 per
2815 4572 3073 4629 Joannem
3114 4571 3543 4646 drchidiaconum

2040 4651 2236 4694 sancta:
2257 4639 2512 4695 Romana:
2534 4639 2806 4696 Ecclesiae.
3005 4662 3009 4666 ’

1972 4818 1979 4823 _
2036 4756 2171 4813 Cum
2200 4757 2511 4823 debeamus,
2551 4774 2585 4814 ο
2618 4757 2820 4817 fratres
2844 4769 2899 4817 et
2924 4761 3018 4819 ﬁlii
3049 4758 3405 4836 dilectissimi,
3440 4770 3545 4827 Do—.

1964 4846 2155 4901 minici
2182 4846 2297 4917 agri
2333 4848 2538 4902 strenui
2579 4857 2635 4904 et
2659 4850 2887 4907 solertes
2913 4867 3035 4908 esse
3061 4855 3318 4923 cultores,
3343 4868 3398 4913 et
3428 4863 3540 4930 spi-.

1964 4933 2251 4991 ritualibus
2285 4933 2354 4988 ad
2386 4934 2775 5006 purgationem
2804 4939 2974 5009 ipsius
3004 4940 3306 4998 caelestium
3340 4963 3543 5019 praece-

1962 5035 2179 5097 ptorum
2208 5028 2282 5082 uti
2313 5027 2610 5099 ligonibus,
2651 5041 2886 5102 Oportet,
2920 5042 2979 5088 ut
3009 5034 3054 5088 si
3082 5052 3219 5105 quas
3247 5039 3301 5092 in
3329 5056 3394 5095 eo
3423 5022 3541 5112 spi-g

1960 5134 2079 5185 nas,
2116 5119 2162 5177 si
2202 5134 2308 5195 qua
2337 5123 2644 5191 germinare
2672 5137 2952 5178 venenosa
3000 5128 3386 5196 conspicimus,
3416 5124 3536 5200 pari

1961 5209 2147 5265 labore
2206 5210 2551 5280 unanimique
2608 5210 2725 5265 zelo
2770 5211 2886 5265 haec
2928 5212 3189 5269 radicitus
3234 5218 3538 5287 exstirpare

1959 5300 2259 5365 studentes,
2302 5300 2624 5368 arripiamus
2660 5299 2926 5354 examinis
2963 5310 3222 5366 rastrum.
3251 5314 3305 5360 et
3339 5304 3534 5367 falcem

291 5378 509 5439 honore.
552 5380 821 5436 Praeterea
859 5397 1199 5439 communem
1236 5385 1403 5441 ﬁlium
1431 5387 1852 5460 Theoguostum,
1952 5388 2144 5458 iudicii
2170 5389 2425 5447 concordi
2460 5389 2756 5444 certamine
2777 5389 3135 5459 proferamus,
3163 5409 3233 5449 ne
3260 5384 3441 5465 quaeso
3475 5399 3533 5455 in

292 5471 793 5527 reverendissimum
820 5472 1134 5540 exarchum,
1161 5483 1216 5528 et
1242 5475 1494 5532 dilectum
1521 5478 1678 5534 nobis
1687 5518 1705 5547 ,
1725 5496 1854 5538 ecce

292 5560 351 5615 ad
381 5576 475 5638 vos
505 5563 921 5627 transmisimus,
955 5564 1046 5634 qui
1069 5579 1133 5619 ex
1161 5568 1614 5637 persequentibus
1636 5572 1853 5628 aemula-

293 5651 492 5710 toribus
537 5654 644 5710 tuis
691 5653 836 5710 illinc
871 5656 1048 5710 nudus
1082 5656 1342 5722 salvatus,
1378 5658 1508 5727 quin
1547 5668 1603 5715 et
1644 5671 1853 5720 mutato

291 5743 466 5805 habitu
493 5745 580 5808 vix
608 5744 713 5802 huc
737 5745 1048 5820 pertingens
1074 5747 1234 5805 vitam
1266 5748 1504 5810 lucratus
1527 5751 1628 5818 est,
1659 5751 1855 5819 deinde

1959 5500 2058 5540 nos
2101 5482 2478 5553 exprobrantis
2537 5481 2731 5538 affectu
2778 5483 2992 5540 dicatur
3033 5502 3048 5539 :
3092 5483 3276 5541 Hessis
3322 5490 3531 5558 quidem

1956 5575 2159 5641 multa;
2184 5574 2404 5645 operarii
2451 5582 2624 5628 autem
2662 5576 2817 5644 pauci
2842 5572 3059 5647 (Matth.
3086 5576 3185 5648 rx).
3216 5566 3533 5649 Cousonan-é

1957 5674 2040 5720 ter
2070 5674 2272 5729 autem,
2301 5662 2629 5731 charissimi,
2653 5662 2981 5732 laboremus,
3011 5674 3069 5722 et
3106 5667 3159 5722 in
3192 5684 3320 5738 agro
3344 5666 3529 5725 Demi-

1959 5756 2080 5813 nico
2119 5754 2322 5827 jugiter
2359 5753 2596 5829 quidem,
2635 5754 2730 5813 sed
2766 5769 2910 5813 nunc
2956 5748 3305 5837 potissimum
3340 5773 3530 5832 Opere-~
