  <div class='ocr_page' id='page_1' title='image "/cluster/home/n/w/nwhite01/storage/ocr_20150623/122/pst.000018028355/677.png"; bbox 0 0 4142 6296; ppageno 0'>
   <div class='ocr_carea' id='block_1_1' title="bbox 590 325 3892 418">
    <p class='ocr_par' dir='ltr' id='par_1_1' title="bbox 590 325 3892 418">
     <span class='ocr_line' id='line_1_1' title="bbox 590 325 3892 418; baseline 0 -19"><span class='ocrx_word' id='word_1_1' title='bbox 590 352 738 418; x_wconf 70' lang='grc' dir='ltr'><strong>ηπ)</strong></span> <span class='ocrx_word' id='word_1_2' title='bbox 1293 339 1298 342; x_wconf 84' lang='grc'><strong>·</strong></span> <span class='ocrx_word' id='word_1_3' title='bbox 1911 331 2194 404; x_wconf 62' lang='lat' dir='ltr'><strong>sumam</strong></span> <span class='ocrx_word' id='word_1_4' title='bbox 2231 328 2433 408; x_wconf 55' lang='lat' dir='ltr'><strong>Papa:</strong></span> <span class='ocrx_word' id='word_1_5' title='bbox 2465 329 2512 398; x_wconf 72' lang='lat' dir='ltr'><strong>‘u</strong></span> <span class='ocrx_word' id='word_1_6' title='bbox 3741 325 3892 383; x_wconf 69' lang='grc'><strong>1280</strong></span> 
     </span>
    </p>
   </div>
   <div class='ocr_carea' id='block_1_2' title="bbox 605 451 3886 544">
    <p class='ocr_par' dir='ltr' id='par_1_2' title="bbox 605 451 3886 544">
     <span class='ocr_line' id='line_1_2' title="bbox 605 451 3886 544; baseline -0.006 -15"><span class='ocrx_word' id='word_1_7' title='bbox 605 487 752 538; x_wconf 90' lang='lat' dir='ltr'><strong>mur,</strong></span> <span class='ocrx_word' id='word_1_8' title='bbox 787 473 1000 544; x_wconf 81' lang='lat' dir='ltr'><strong>quando</strong></span> <span class='ocrx_word' id='word_1_9' title='bbox 1027 471 1275 527; x_wconf 73' lang='lat' dir='ltr'><strong>videlicet</strong></span> <span class='ocrx_word' id='word_1_10' title='bbox 1309 469 1363 524; x_wconf 92' lang='lat' dir='ltr'><strong>in</strong></span> <span class='ocrx_word' id='word_1_11' title='bbox 1392 466 1629 525; x_wconf 80' lang='lat' dir='ltr'><strong>Ecclesia</strong></span> <span class='ocrx_word' id='word_1_12' title='bbox 1649 505 1665 533; x_wconf 97' lang='lat'><strong>,</strong></span> <span class='ocrx_word' id='word_1_13' title='bbox 1695 473 1816 536; x_wconf 60' lang='lat' dir='ltr'><strong>qua!</strong></span> <span class='ocrx_word' id='word_1_14' title='bbox 1829 462 2184 536; x_wconf 81' lang='lat' dir='ltr'><strong>apertissime</strong></span> <span class='ocrx_word' id='word_1_15' title='bbox 2211 466 2258 526; x_wconf 81' lang='grc' dir='ltr'>Α</span> <span class='ocrx_word' id='word_1_16' title='bbox 2285 451 2402 530; x_wconf 78' lang='lat' dir='ltr'><strong>ejus</strong></span> <span class='ocrx_word' id='word_1_17' title='bbox 2438 455 2652 514; x_wconf 88' lang='lat' dir='ltr'><strong>transiit</strong></span> <span class='ocrx_word' id='word_1_18' title='bbox 2674 465 2839 526; x_wconf 83' lang='lat' dir='ltr'><strong>super</strong></span> <span class='ocrx_word' id='word_1_19' title='bbox 2873 457 3093 520; x_wconf 85' lang='lat' dir='ltr'><strong>terram,</strong></span> <span class='ocrx_word' id='word_1_20' title='bbox 3123 453 3251 509; x_wconf 90' lang='lat' dir='ltr'><strong>dum</strong></span> <span class='ocrx_word' id='word_1_21' title='bbox 3281 453 3530 544; x_wconf 83' lang='lat' dir='ltr'><strong>videlicet</strong></span> <span class='ocrx_word' id='word_1_22' title='bbox 3564 460 3762 512; x_wconf 83' lang='lat' dir='ltr'><strong>contra</strong></span> <span class='ocrx_word' id='word_1_23' title='bbox 3790 455 3886 510; x_wconf 81' lang='lat' dir='ltr'><strong>di-</strong></span> 
     </span>
    </p>
   </div>
   <div class='ocr_carea' id='block_1_3' title="bbox 609 543 3888 631">
    <p class='ocr_par' dir='ltr' id='par_1_3' title="bbox 609 543 3888 631">
     <span class='ocr_line' id='line_1_3' title="bbox 609 543 3888 631; baseline -0.006 -10"><span class='ocrx_word' id='word_1_24' title='bbox 609 543 922 621; x_wconf 88' lang='lat' dir='ltr'><strong>Dominicus</strong></span> <span class='ocrx_word' id='word_1_25' title='bbox 969 566 1100 631; x_wconf 87' lang='lat' dir='ltr'><strong>ager</strong></span> <span class='ocrx_word' id='word_1_26' title='bbox 1147 556 1448 631; x_wconf 80' lang='lat' dir='ltr'><strong>appellatur</strong></span> <span class='ocrx_word' id='word_1_27' title='bbox 1470 599 1486 623; x_wconf 91' lang='lat'><strong>,</strong></span> <span class='ocrx_word' id='word_1_28' title='bbox 1532 564 1774 622; x_wconf 54' lang='lat' dir='ltr'><strong>adetore,</strong></span> <span class='ocrx_word' id='word_1_29' title='bbox 1798 552 2011 616; x_wconf 84' lang='lat' dir='ltr'><strong>Photio,</strong></span> <span class='ocrx_word' id='word_1_30' title='bbox 2045 566 2183 606; x_wconf 84' lang='lat' dir='ltr'><strong>nova</strong></span> <span class='ocrx_word' id='word_1_31' title='bbox 2285 551 2468 604; x_wconf 90' lang='lat' dir='ltr'><strong>vinam</strong></span> <span class='ocrx_word' id='word_1_32' title='bbox 2495 549 2906 613; x_wconf 80' lang='lat' dir='ltr'><strong>Ordinationem,</strong></span> <span class='ocrx_word' id='word_1_33' title='bbox 2937 544 3150 601; x_wconf 63' lang='lat' dir='ltr'><strong>camus</strong></span> <span class='ocrx_word' id='word_1_34' title='bbox 3185 545 3239 599; x_wconf 85' lang='lat' dir='ltr'><strong>in</strong></span> <span class='ocrx_word' id='word_1_35' title='bbox 3266 545 3410 600; x_wconf 82' lang='lat' dir='ltr'><strong>beati</strong></span> <span class='ocrx_word' id='word_1_36' title='bbox 3430 543 3583 600; x_wconf 85' lang='lat' dir='ltr'><strong>Petri</strong></span> <span class='ocrx_word' id='word_1_37' title='bbox 3611 544 3888 614; x_wconf 85' lang='lat' dir='ltr'><strong>principis</strong></span> 
     </span>
    </p>
   </div>
   <div class='ocr_carea' id='block_1_4' title="bbox 611 636 3887 724">
    <p class='ocr_par' dir='ltr' id='par_1_4' title="bbox 611 636 3887 724">
     <span class='ocr_line' id='line_1_4' title="bbox 611 636 3887 724; baseline -0.005 -16"><span class='ocrx_word' id='word_1_38' title='bbox 611 651 957 724; x_wconf 66' lang='lat' dir='ltr'><strong>praesumptio</strong></span> <span class='ocrx_word' id='word_1_39' title='bbox 981 659 1038 705; x_wconf 92' lang='lat' dir='ltr'><strong>et</strong></span> <span class='ocrx_word' id='word_1_40' title='bbox 1063 651 1301 704; x_wconf 88' lang='lat' dir='ltr'><strong>inaudita</strong></span> <span class='ocrx_word' id='word_1_41' title='bbox 1327 658 1409 704; x_wconf 82' lang='lat' dir='ltr'><strong>est</strong></span> <span class='ocrx_word' id='word_1_42' title='bbox 1437 657 1554 702; x_wconf 90' lang='lat' dir='ltr'><strong>orta</strong></span> <span class='ocrx_word' id='word_1_43' title='bbox 1581 646 1876 701; x_wconf 83' lang='lat' dir='ltr'><strong>temeritas.</strong></span> <span class='ocrx_word' id='word_1_44' title='bbox 1907 643 2184 713; x_wconf 85' lang='lat' dir='ltr'><strong>Siquidem</strong></span> <span class='ocrx_word' id='word_1_45' title='bbox 2288 641 2652 712; x_wconf 75' lang='lat' dir='ltr'><strong>apostolorum</strong></span> <span class='ocrx_word' id='word_1_46' title='bbox 2699 648 2936 710; x_wconf 82' lang='lat' dir='ltr'><strong>primatu</strong></span> <span class='ocrx_word' id='word_1_47' title='bbox 2983 637 3300 708; x_wconf 84' lang='lat' dir='ltr'><strong>dispositam</strong></span> <span class='ocrx_word' id='word_1_48' title='bbox 3326 676 3342 701; x_wconf 95' lang='lat'><strong>,</strong></span> <span class='ocrx_word' id='word_1_49' title='bbox 3388 636 3598 706; x_wconf 82' lang='lat' dir='ltr'><strong>putridi</strong></span> <span class='ocrx_word' id='word_1_50' title='bbox 3645 638 3887 708; x_wconf 76' lang='lat' dir='ltr'><strong>gurgitis</strong></span> 
     </span>
    </p>
   </div>
   <div class='ocr_carea' id='block_1_5' title="bbox 611 737 2185 809">
    <p class='ocr_par' dir='ltr' id='par_1_5' title="bbox 611 737 2185 809">
     <span class='ocr_line' id='line_1_5' title="bbox 611 737 2185 809; baseline -0.008 -8"><span class='ocrx_word' id='word_1_51' title='bbox 611 747 701 801; x_wconf 91' lang='lat' dir='ltr'><strong>hic</strong></span> <span class='ocrx_word' id='word_1_52' title='bbox 727 744 972 809; x_wconf 87' lang='lat' dir='ltr'><strong>Pbotius,</strong></span> <span class='ocrx_word' id='word_1_53' title='bbox 1013 759 1136 798; x_wconf 94' lang='lat' dir='ltr'><strong>cum</strong></span> <span class='ocrx_word' id='word_1_54' title='bbox 1177 743 1355 797; x_wconf 88' lang='lat' dir='ltr'><strong>adhuc</strong></span> <span class='ocrx_word' id='word_1_55' title='bbox 1389 741 1694 794; x_wconf 89' lang='lat' dir='ltr'><strong>mundanus</strong></span> <span class='ocrx_word' id='word_1_56' title='bbox 1734 737 1982 792; x_wconf 79' lang='lat' dir='ltr'><strong>minister</strong></span> <span class='ocrx_word' id='word_1_57' title='bbox 2021 742 2185 800; x_wconf 87' lang='lat' dir='ltr'><strong>esset,</strong></span> 
     </span>
    </p>
   </div>
   <div class='ocr_carea' id='block_1_6' title="bbox 612 825 2189 904">
    <p class='ocr_par' dir='ltr' id='par_1_6' title="bbox 612 825 2189 904">
     <span class='ocr_line' id='line_1_6' title="bbox 612 825 2189 904; baseline -0.008 -16"><span class='ocrx_word' id='word_1_58' title='bbox 612 833 901 904; x_wconf 77' lang='lat' dir='ltr'><strong>genuinam</strong></span> <span class='ocrx_word' id='word_1_59' title='bbox 944 831 1338 902; x_wconf 88' lang='lat' dir='ltr'><strong>quodammodo</strong></span> <span class='ocrx_word' id='word_1_60' title='bbox 1382 834 1598 899; x_wconf 88' lang='lat' dir='ltr'><strong>semper</strong></span> <span class='ocrx_word' id='word_1_61' title='bbox 1635 827 1890 882; x_wconf 78' lang='lat' dir='ltr'><strong>invidiam</strong></span> <span class='ocrx_word' id='word_1_62' title='bbox 1931 825 2189 879; x_wconf 83' lang='lat' dir='ltr'><strong>adversus</strong></span> 
     </span>
    </p>
   </div>
   <div class='ocr_carea' id='block_1_7' title="bbox 612 919 2193 994">
    <p class='ocr_par' dir='ltr' id='par_1_7' title="bbox 612 919 2193 994">
     <span class='ocr_line' id='line_1_7' title="bbox 612 919 2193 994; baseline -0.006 -14"><span class='ocrx_word' id='word_1_63' title='bbox 612 926 839 981; x_wconf 80' lang='lat' dir='ltr'><strong>fratrem</strong></span> <span class='ocrx_word' id='word_1_64' title='bbox 870 935 926 981; x_wconf 91' lang='lat' dir='ltr'><strong>et</strong></span> <span class='ocrx_word' id='word_1_65' title='bbox 954 926 1330 994; x_wconf 86' lang='lat' dir='ltr'><strong>coepiscopum</strong></span> <span class='ocrx_word' id='word_1_66' title='bbox 1360 931 1606 978; x_wconf 88' lang='lat' dir='ltr'><strong>nostrum</strong></span> <span class='ocrx_word' id='word_1_67' title='bbox 1635 920 1900 991; x_wconf 88' lang='lat' dir='ltr'><strong>lgnatium</strong></span> <span class='ocrx_word' id='word_1_68' title='bbox 1925 919 2193 973; x_wconf 83' lang='lat' dir='ltr'><strong>Cunstan-</strong></span> 
     </span>
    </p>
   </div>
   <div class='ocr_carea' id='block_1_8' title="bbox 613 1012 2192 1084">
    <p class='ocr_par' dir='ltr' id='par_1_8' title="bbox 613 1012 2192 1084">
     <span class='ocr_line' id='line_1_8' title="bbox 613 1012 2192 1084; baseline -0.004 -16"><span class='ocrx_word' id='word_1_69' title='bbox 613 1014 1028 1084; x_wconf 89' lang='lat' dir='ltr'><strong>tinopolitanum</strong></span> <span class='ocrx_word' id='word_1_70' title='bbox 1077 1013 1446 1083; x_wconf 82' lang='lat' dir='ltr'><strong>patriarcham</strong></span> <span class='ocrx_word' id='word_1_71' title='bbox 1495 1012 1550 1066; x_wconf 91' lang='lat' dir='ltr'><strong>in</strong></span> <span class='ocrx_word' id='word_1_72' title='bbox 1592 1020 1813 1080; x_wconf 85' lang='lat' dir='ltr'><strong>pectore</strong></span> <span class='ocrx_word' id='word_1_73' title='bbox 1854 1017 2105 1080; x_wconf 88' lang='lat' dir='ltr'><strong>gestans;</strong></span> <span class='ocrx_word' id='word_1_74' title='bbox 2137 1015 2192 1062; x_wconf 86' lang='lat' dir='ltr'><strong>et</strong></span> 
     </span>
    </p>
   </div>
   <div class='ocr_carea' id='block_1_9' title="bbox 610 1098 2192 1173">
    <p class='ocr_par' dir='ltr' id='par_1_9' title="bbox 610 1098 2192 1173">
     <span class='ocr_line' id='line_1_9' title="bbox 610 1098 2192 1173; baseline -0.005 -15"><span class='ocrx_word' id='word_1_75' title='bbox 610 1106 680 1158; x_wconf 83' lang='lat' dir='ltr'><strong>ad</strong></span> <span class='ocrx_word' id='word_1_76' title='bbox 725 1103 1046 1173; x_wconf 60' lang='lat' dir='ltr'><strong>praesulatus</strong></span> <span class='ocrx_word' id='word_1_77' title='bbox 1096 1102 1306 1157; x_wconf 89' lang='lat' dir='ltr'><strong>culmen</strong></span> <span class='ocrx_word' id='word_1_78' title='bbox 1366 1117 1472 1156; x_wconf 91' lang='lat' dir='ltr'><strong>non</strong></span> <span class='ocrx_word' id='word_1_79' title='bbox 1515 1100 1816 1172; x_wconf 88' lang='lat' dir='ltr'><strong>gradatim,</strong></span> <span class='ocrx_word' id='word_1_80' title='bbox 1862 1099 1946 1154; x_wconf 88' lang='lat' dir='ltr'><strong>vel</strong></span> <span class='ocrx_word' id='word_1_81' title='bbox 1991 1098 2192 1154; x_wconf 87' lang='lat' dir='ltr'><strong>sensim</strong></span> 
     </span>
    </p>
   </div>
   <div class='ocr_carea' id='block_1_10' title="bbox 607 1189 2195 1263">
    <p class='ocr_par' dir='ltr' id='par_1_10' title="bbox 607 1189 2195 1263">
     <span class='ocr_line' id='line_1_10' title="bbox 607 1189 2195 1263; baseline -0.004 -12"><span class='ocrx_word' id='word_1_82' title='bbox 607 1195 998 1258; x_wconf 77' lang='lat' dir='ltr'><strong>conscendere,</strong></span> <span class='ocrx_word' id='word_1_83' title='bbox 1028 1194 1121 1249; x_wconf 88' lang='lat' dir='ltr'><strong>sed</strong></span> <span class='ocrx_word' id='word_1_84' title='bbox 1151 1193 1515 1263; x_wconf 60' lang='lat' dir='ltr'><strong>praecipitibus</strong></span> <span class='ocrx_word' id='word_1_85' title='bbox 1543 1207 1608 1246; x_wconf 93' lang='lat' dir='ltr'><strong>eo</strong></span> <span class='ocrx_word' id='word_1_86' title='bbox 1635 1191 1922 1261; x_wconf 79' lang='lat' dir='ltr'><strong>superstite</strong></span> <span class='ocrx_word' id='word_1_87' title='bbox 1948 1189 2195 1260; x_wconf 86' lang='lat' dir='ltr'><strong>passibus</strong></span> 
     </span>
    </p>
   </div>
   <div class='ocr_carea' id='block_1_11' title="bbox 613 1279 2191 1351">
    <p class='ocr_par' dir='ltr' id='par_1_11' title="bbox 613 1279 2191 1351">
     <span class='ocr_line' id='line_1_11' title="bbox 613 1279 2191 1351; baseline -0.003 -14"><span class='ocrx_word' id='word_1_88' title='bbox 613 1284 891 1338; x_wconf 87' lang='lat' dir='ltr'><strong>transilire</strong></span> <span class='ocrx_word' id='word_1_89' title='bbox 937 1283 1197 1351; x_wconf 86' lang='lat' dir='ltr'><strong>gestiens,</strong></span> <span class='ocrx_word' id='word_1_90' title='bbox 1227 1281 1580 1350; x_wconf 84' lang='lat' dir='ltr'><strong>semetipsum</strong></span> <span class='ocrx_word' id='word_1_91' title='bbox 1614 1279 1682 1335; x_wconf 83' lang='lat' dir='ltr'><strong>ab</strong></span> <span class='ocrx_word' id='word_1_92' title='bbox 1716 1281 1956 1351; x_wconf 76' lang='lat' dir='ltr'><strong>ejusdem</strong></span> <span class='ocrx_word' id='word_1_93' title='bbox 1991 1279 2191 1333; x_wconf 88' lang='lat' dir='ltr'><strong>beatis-</strong></span> 
     </span>
    </p>
   </div>
   <div class='ocr_carea' id='block_1_12' title="bbox 613 1359 2196 1441">
    <p class='ocr_par' dir='ltr' id='par_1_12' title="bbox 613 1359 2196 1441">
     <span class='ocr_line' id='line_1_12' title="bbox 613 1359 2196 1441; baseline -0.003 -16"><span class='ocrx_word' id='word_1_94' title='bbox 613 1371 738 1426; x_wconf 91' lang='lat' dir='ltr'><strong>simi</strong></span> <span class='ocrx_word' id='word_1_95' title='bbox 781 1371 1025 1441; x_wconf 65' lang='lat' dir='ltr'><strong>praesulis</strong></span> <span class='ocrx_word' id='word_1_96' title='bbox 1062 1371 1438 1424; x_wconf 87' lang='lat' dir='ltr'><strong>communione</strong></span> <span class='ocrx_word' id='word_1_97' title='bbox 1478 1359 1609 1424; x_wconf 86' lang='lat' dir='ltr'><strong>fecit</strong></span> <span class='ocrx_word' id='word_1_98' title='bbox 1635 1376 1951 1423; x_wconf 71' lang='lat' dir='ltr'><strong>eXtru’ueum</strong></span> <span class='ocrx_word' id='word_1_99' title='bbox 1979 1386 1992 1421; x_wconf 91' lang='lat'><strong>:</strong></span> <span class='ocrx_word' id='word_1_100' title='bbox 2017 1373 2073 1422; x_wconf 79' lang='lat' dir='ltr'><strong>et</strong></span> <span class='ocrx_word' id='word_1_101' title='bbox 2099 1377 2196 1437; x_wconf 85' lang='lat' dir='ltr'><strong>per</strong></span> 
     </span>
    </p>
   </div>
   <div class='ocr_carea' id='block_1_13' title="bbox 612 1456 2196 1526">
    <p class='ocr_par' dir='ltr' id='par_1_13' title="bbox 612 1456 2196 1526">
     <span class='ocr_line' id='line_1_13' title="bbox 612 1456 2196 1526; baseline -0.003 -12"><span class='ocrx_word' id='word_1_102' title='bbox 612 1461 720 1514; x_wconf 89' lang='lat' dir='ltr'><strong>hoc</strong></span> <span class='ocrx_word' id='word_1_103' title='bbox 755 1459 822 1513; x_wconf 93' lang='lat' dir='ltr'><strong>ab</strong></span> <span class='ocrx_word' id='word_1_104' title='bbox 848 1458 1138 1513; x_wconf 88' lang='lat' dir='ltr'><strong>universali</strong></span> <span class='ocrx_word' id='word_1_105' title='bbox 1164 1458 1430 1523; x_wconf 84' lang='lat' dir='ltr'><strong>Ecclesia,</strong></span> <span class='ocrx_word' id='word_1_106' title='bbox 1459 1465 1578 1526; x_wconf 67' lang='lat' dir='ltr'><strong>quae</strong></span> <span class='ocrx_word' id='word_1_107' title='bbox 1623 1458 1722 1526; x_wconf 85' lang='lat' dir='ltr'><strong>ipsi</strong></span> <span class='ocrx_word' id='word_1_108' title='bbox 1752 1456 2070 1512; x_wconf 87' lang='lat' dir='ltr'><strong>beatissimo</strong></span> <span class='ocrx_word' id='word_1_109' title='bbox 2101 1460 2196 1526; x_wconf 86' lang='lat' dir='ltr'><strong>pa-</strong></span> 
     </span>
    </p>
   </div>
   <div class='ocr_carea' id='block_1_14' title="bbox 613 1548 2197 1618">
    <p class='ocr_par' dir='ltr' id='par_1_14' title="bbox 613 1548 2197 1618">
     <span class='ocr_line' id='line_1_14' title="bbox 613 1548 2197 1618; baseline -0.003 -14"><span class='ocrx_word' id='word_1_110' title='bbox 613 1549 870 1604; x_wconf 67' lang='lat' dir='ltr'><strong>triarchae</strong></span> <span class='ocrx_word' id='word_1_111' title='bbox 907 1548 1371 1612; x_wconf 88' lang='lat' dir='ltr'><strong>communicabat,</strong></span> <span class='ocrx_word' id='word_1_112' title='bbox 1401 1564 1460 1602; x_wconf 88' lang='lat' dir='ltr'><strong>se</strong></span> <span class='ocrx_word' id='word_1_113' title='bbox 1492 1548 1730 1603; x_wconf 70' lang='lat' dir='ltr'><strong>reddidit</strong></span> <span class='ocrx_word' id='word_1_114' title='bbox 1759 1558 1979 1618; x_wconf 86' lang='lat' dir='ltr'><strong>prorsus</strong></span> <span class='ocrx_word' id='word_1_115' title='bbox 2010 1555 2197 1602; x_wconf 67' lang='lat' dir='ltr'><strong>esser-</strong></span> 
     </span>
    </p>
   </div>
   <div class='ocr_carea' id='block_1_15' title="bbox 619 1637 2196 1710">
    <p class='ocr_par' dir='ltr' id='par_1_15' title="bbox 619 1637 2196 1710">
     <span class='ocr_line' id='line_1_15' title="bbox 619 1637 2196 1710; baseline -0.002 -16"><span class='ocrx_word' id='word_1_116' title='bbox 619 1646 752 1706; x_wconf 86' lang='lat' dir='ltr'><strong>tem,</strong></span> <span class='ocrx_word' id='word_1_117' title='bbox 784 1649 947 1710; x_wconf 90' lang='lat' dir='ltr'><strong>atque</strong></span> <span class='ocrx_word' id='word_1_118' title='bbox 977 1641 1120 1694; x_wconf 89' lang='lat' dir='ltr'><strong>inter</strong></span> <span class='ocrx_word' id='word_1_119' title='bbox 1153 1640 1530 1695; x_wconf 89' lang='lat' dir='ltr'><strong>schismaticos</strong></span> <span class='ocrx_word' id='word_1_120' title='bbox 1562 1639 1750 1710; x_wconf 84' lang='lat' dir='ltr'><strong>procul</strong></span> <span class='ocrx_word' id='word_1_121' title='bbox 1780 1639 1944 1694; x_wconf 88' lang='lat' dir='ltr'><strong>dubio</strong></span> <span class='ocrx_word' id='word_1_122' title='bbox 1991 1637 2196 1694; x_wconf 80' lang='lat' dir='ltr'><strong>consti-</strong></span> 
     </span>
    </p>
   </div>
   <div class='ocr_carea' id='block_1_16' title="bbox 616 1726 2198 1800">
    <p class='ocr_par' dir='ltr' id='par_1_16' title="bbox 616 1726 2198 1800">
     <span class='ocr_line' id='line_1_16' title="bbox 616 1726 2198 1800; baseline -0.003 -15"><span class='ocrx_word' id='word_1_123' title='bbox 616 1740 789 1796; x_wconf 91' lang='lat' dir='ltr'><strong>tutus,</strong></span> <span class='ocrx_word' id='word_1_124' title='bbox 831 1737 1020 1785; x_wconf 90' lang='lat' dir='ltr'><strong>contra</strong></span> <span class='ocrx_word' id='word_1_125' title='bbox 1060 1745 1246 1785; x_wconf 85' lang='lat' dir='ltr'><strong>sacros</strong></span> <span class='ocrx_word' id='word_1_126' title='bbox 1295 1729 1618 1800; x_wconf 85' lang='lat' dir='ltr'><strong>apostolicos</strong></span> <span class='ocrx_word' id='word_1_127' title='bbox 1649 1743 1886 1784; x_wconf 88' lang='lat' dir='ltr'><strong>canones</strong></span> <span class='ocrx_word' id='word_1_128' title='bbox 1924 1726 2198 1783; x_wconf 65' lang='lat' dir='ltr'><strong>saeculari-</strong></span> 
     </span>
    </p>
   </div>
   <div class='ocr_carea' id='block_1_17' title="bbox 2289 728 3886 803">
    <p class='ocr_par' dir='ltr' id='par_1_17' title="bbox 2289 728 3886 803">
     <span class='ocr_line' id='line_1_17' title="bbox 2289 728 3886 803; baseline 0 -17"><span class='ocrx_word' id='word_1_129' title='bbox 2289 741 2475 803; x_wconf 82' lang='lat' dir='ltr'><strong>guttur</strong></span> <span class='ocrx_word' id='word_1_130' title='bbox 2503 732 2743 802; x_wconf 88' lang='lat' dir='ltr'><strong>aperuit,</strong></span> <span class='ocrx_word' id='word_1_131' title='bbox 2786 739 2841 786; x_wconf 91' lang='lat' dir='ltr'><strong>et</strong></span> <span class='ocrx_word' id='word_1_132' title='bbox 2869 730 3128 785; x_wconf 88' lang='lat' dir='ltr'><strong>adversus</strong></span> <span class='ocrx_word' id='word_1_133' title='bbox 3162 728 3404 800; x_wconf 83' lang='lat' dir='ltr'><strong>ejusdem</strong></span> <span class='ocrx_word' id='word_1_134' title='bbox 3440 729 3596 802; x_wconf 82' lang='lat' dir='ltr'><strong>regni</strong></span> <span class='ocrx_word' id='word_1_135' title='bbox 3629 729 3886 786; x_wconf 69' lang='lat' dir='ltr'><strong>‘cualeStis</strong></span> 
     </span>
    </p>
   </div>
   <div class='ocr_carea' id='block_1_18' title="bbox 2289 821 3887 893">
    <p class='ocr_par' dir='ltr' id='par_1_18' title="bbox 2289 821 3887 893">
     <span class='ocr_line' id='line_1_18' title="bbox 2289 821 3887 893; baseline 0.001 -15"><span class='ocrx_word' id='word_1_136' title='bbox 2289 823 2543 893; x_wconf 83' lang='lat' dir='ltr'><strong>clavigeri</strong></span> <span class='ocrx_word' id='word_1_137' title='bbox 2575 821 2926 893; x_wconf 84' lang='lat' dir='ltr'><strong>apostolicam</strong></span> <span class='ocrx_word' id='word_1_138' title='bbox 2961 822 3167 885; x_wconf 83' lang='lat' dir='ltr'><strong>sedem,</strong></span> <span class='ocrx_word' id='word_1_139' title='bbox 3197 828 3253 875; x_wconf 89' lang='lat' dir='ltr'><strong>et</strong></span> <span class='ocrx_word' id='word_1_140' title='bbox 3277 821 3608 891; x_wconf 68' lang='lat' dir='ltr'><strong>praecipuam</strong></span> <span class='ocrx_word' id='word_1_141' title='bbox 3638 832 3703 877; x_wconf 85' lang='lat' dir='ltr'><strong>ac</strong></span> <span class='ocrx_word' id='word_1_142' title='bbox 3729 837 3887 878; x_wconf 78' lang='lat' dir='ltr'><strong>stim-</strong></span> 
     </span>
    </p>
   </div>
   <div class='ocr_carea' id='block_1_19' title="bbox 2292 911 3890 984">
    <p class='ocr_par' dir='ltr' id='par_1_19' title="bbox 2292 911 3890 984">
     <span class='ocr_line' id='line_1_19' title="bbox 2292 911 3890 984; baseline 0.001 -16"><span class='ocrx_word' id='word_1_143' title='bbox 2292 929 2435 969; x_wconf 89' lang='lat' dir='ltr'><strong>mam</strong></span> <span class='ocrx_word' id='word_1_144' title='bbox 2463 913 2779 984; x_wconf 73' lang='lat' dir='ltr'><strong>dignitatem</strong></span> <span class='ocrx_word' id='word_1_145' title='bbox 2808 921 2864 968; x_wconf 94' lang='lat' dir='ltr'><strong>et</strong></span> <span class='ocrx_word' id='word_1_146' title='bbox 2888 919 3234 982; x_wconf 87' lang='lat' dir='ltr'><strong>potestatem,</strong></span> <span class='ocrx_word' id='word_1_147' title='bbox 3271 911 3510 983; x_wconf 87' lang='lat' dir='ltr'><strong>linguam</strong></span> <span class='ocrx_word' id='word_1_148' title='bbox 3540 917 3698 968; x_wconf 86' lang='lat' dir='ltr'><strong>suam</strong></span> <span class='ocrx_word' id='word_1_149' title='bbox 3728 929 3890 970; x_wconf 84' lang='lat' dir='ltr'><strong>more</strong></span> 
     </span>
    </p>
   </div>
   <div class='ocr_carea' id='block_1_20' title="bbox 2293 1000 3887 1074">
    <p class='ocr_par' dir='ltr' id='par_1_20' title="bbox 2293 1000 3887 1074">
     <span class='ocr_line' id='line_1_20' title="bbox 2293 1000 3887 1074; baseline -0.001 -14"><span class='ocrx_word' id='word_1_150' title='bbox 2293 1005 2560 1074; x_wconf 76' lang='lat' dir='ltr'><strong>serpentis</strong></span> <span class='ocrx_word' id='word_1_151' title='bbox 2620 1003 2866 1067; x_wconf 59' lang='lat' dir='ltr'><strong>eiacuit:</strong></span> <span class='ocrx_word' id='word_1_152' title='bbox 2915 1002 3083 1057; x_wconf 82' lang='lat' dir='ltr'><strong>vitam</strong></span> <span class='ocrx_word' id='word_1_153' title='bbox 3147 1000 3350 1056; x_wconf 83' lang='lat' dir='ltr'><strong>scilicet</strong></span> <span class='ocrx_word' id='word_1_154' title='bbox 3398 1002 3705 1059; x_wconf 72' lang='lat' dir='ltr'><strong>decesseris</strong></span> <span class='ocrx_word' id='word_1_155' title='bbox 3773 1005 3887 1060; x_wconf 80' lang='lat' dir='ltr'><strong>mei</strong></span> 
     </span>
    </p>
   </div>
   <div class='ocr_carea' id='block_1_21' title="bbox 2295 1091 3885 1162">
    <p class='ocr_par' dir='ltr' id='par_1_21' title="bbox 2295 1091 3885 1162">
     <span class='ocr_line' id='line_1_21' title="bbox 2295 1091 3885 1162; baseline 0.001 -12"><span class='ocrx_word' id='word_1_156' title='bbox 2295 1097 2466 1151; x_wconf 70' lang='lat' dir='ltr'><strong>beatae</strong></span> <span class='ocrx_word' id='word_1_157' title='bbox 2515 1093 2904 1148; x_wconf 77' lang='lat' dir='ltr'><strong>recordationis</strong></span> <span class='ocrx_word' id='word_1_158' title='bbox 2951 1105 3103 1162; x_wconf 66' lang='lat' dir='ltr'><strong>papa:</strong></span> <span class='ocrx_word' id='word_1_159' title='bbox 3150 1091 3354 1148; x_wconf 71' lang='grc' dir='ltr'><strong>Νῖσοιαί</strong></span> <span class='ocrx_word' id='word_1_160' title='bbox 3405 1091 3677 1149; x_wconf 87' lang='lat' dir='ltr'><strong>lacessere</strong></span> <span class='ocrx_word' id='word_1_161' title='bbox 3734 1096 3885 1152; x_wconf 86' lang='lat' dir='ltr'><strong>nullo</strong></span> 
     </span>
    </p>
   </div>
   <div class='ocr_carea' id='block_1_22' title="bbox 2294 1183 3882 1256">
    <p class='ocr_par' dir='ltr' id='par_1_22' title="bbox 2294 1183 3882 1256">
     <span class='ocr_line' id='line_1_22' title="bbox 2294 1183 3882 1256; baseline 0.001 -16"><span class='ocrx_word' id='word_1_162' title='bbox 2294 1186 2457 1240; x_wconf 88' lang='lat' dir='ltr'><strong>modo</strong></span> <span class='ocrx_word' id='word_1_163' title='bbox 2484 1190 2752 1249; x_wconf 82' lang='lat' dir='ltr'><strong>metuens,</strong></span> <span class='ocrx_word' id='word_1_164' title='bbox 2783 1199 2882 1240; x_wconf 91' lang='lat' dir='ltr'><strong>nec</strong></span> <span class='ocrx_word' id='word_1_165' title='bbox 2908 1184 3088 1248; x_wconf 80' lang='lat' dir='ltr'><strong>nobis,</strong></span> <span class='ocrx_word' id='word_1_166' title='bbox 3111 1184 3202 1253; x_wconf 84' lang='lat' dir='ltr'><strong>qui</strong></span> <span class='ocrx_word' id='word_1_167' title='bbox 3231 1183 3348 1252; x_wconf 82' lang='lat' dir='ltr'><strong>e‘jus</strong></span> <span class='ocrx_word' id='word_1_168' title='bbox 3370 1185 3460 1238; x_wconf 76' lang='lat' dir='ltr'><strong>vix</strong></span> <span class='ocrx_word' id='word_1_169' title='bbox 3488 1185 3638 1256; x_wconf 85' lang='lat' dir='ltr'><strong>digni</strong></span> <span class='ocrx_word' id='word_1_170' title='bbox 3663 1186 3882 1255; x_wconf 80' lang='lat' dir='ltr'><strong>famuli,</strong></span> 
     </span>
    </p>
   </div>
   <div class='ocr_carea' id='block_1_23' title="bbox 2291 1274 3886 1345">
    <p class='ocr_par' dir='ltr' id='par_1_23' title="bbox 2291 1274 3886 1345">
     <span class='ocr_line' id='line_1_23' title="bbox 2291 1274 3886 1345; baseline 0.003 -15"><span class='ocrx_word' id='word_1_171' title='bbox 2291 1284 2355 1330; x_wconf 88' lang='lat' dir='ltr'><strong>ut</strong></span> <span class='ocrx_word' id='word_1_172' title='bbox 2383 1291 2488 1330; x_wconf 93' lang='lat' dir='ltr'><strong>non</strong></span> <span class='ocrx_word' id='word_1_173' title='bbox 2528 1275 2704 1330; x_wconf 88' lang='lat' dir='ltr'><strong>dicam</strong></span> <span class='ocrx_word' id='word_1_174' title='bbox 2747 1286 3028 1345; x_wconf 83' lang='lat' dir='ltr'><strong>sequaces,</strong></span> <span class='ocrx_word' id='word_1_175' title='bbox 3066 1274 3394 1336; x_wconf 79' lang='lat' dir='ltr'><strong>ess‘titimus,</strong></span> <span class='ocrx_word' id='word_1_176' title='bbox 3429 1279 3658 1344; x_wconf 83' lang='lat' dir='ltr'><strong>parcere</strong></span> <span class='ocrx_word' id='word_1_177' title='bbox 3690 1289 3886 1335; x_wconf 62' lang='lat' dir='ltr'><strong>utcuuo</strong></span> 
     </span>
    </p>
   </div>
   <div class='ocr_carea' id='block_1_24' title="bbox 2295 1359 3883 1439">
    <p class='ocr_par' dir='ltr' id='par_1_24' title="bbox 2295 1359 3883 1439">
     <span class='ocr_line' id='line_1_24' title="bbox 2295 1359 3883 1439; baseline 0.002 -19"><span class='ocrx_word' id='word_1_178' title='bbox 2295 1381 2403 1436; x_wconf 87' lang='lat' dir='ltr'><strong>quc</strong></span> <span class='ocrx_word' id='word_1_179' title='bbox 2433 1366 2796 1430; x_wconf 85' lang='lat' dir='ltr'><strong>consentiens,</strong></span> <span class='ocrx_word' id='word_1_180' title='bbox 2833 1365 2928 1420; x_wconf 87' lang='lat' dir='ltr'><strong>sed</strong></span> <span class='ocrx_word' id='word_1_181' title='bbox 2959 1373 3216 1435; x_wconf 89' lang='lat' dir='ltr'><strong>utrosque</strong></span> <span class='ocrx_word' id='word_1_182' title='bbox 3257 1359 3559 1421; x_wconf 85' lang='lat' dir='ltr'><strong>maledictis</strong></span> <span class='ocrx_word' id='word_1_183' title='bbox 3599 1367 3883 1439; x_wconf 79' lang='lat' dir='ltr'><strong>impetere,</strong></span> 
     </span>
    </p>
   </div>
   <div class='ocr_carea' id='block_1_25' title="bbox 2295 1454 3889 1526">
    <p class='ocr_par' dir='ltr' id='par_1_25' title="bbox 2295 1454 3889 1526">
     <span class='ocr_line' id='line_1_25' title="bbox 2295 1454 3889 1526; baseline 0.005 -17"><span class='ocrx_word' id='word_1_184' title='bbox 2295 1466 2556 1526; x_wconf 77' lang='lat' dir='ltr'><strong>quantum</strong></span> <span class='ocrx_word' id='word_1_185' title='bbox 2605 1455 2659 1511; x_wconf 95' lang='lat' dir='ltr'><strong>in</strong></span> <span class='ocrx_word' id='word_1_186' title='bbox 2703 1471 2762 1510; x_wconf 88' lang='lat' dir='ltr'><strong>se</strong></span> <span class='ocrx_word' id='word_1_187' title='bbox 2786 1454 2906 1521; x_wconf 91' lang='lat' dir='ltr'><strong>fuit,</strong></span> <span class='ocrx_word' id='word_1_188' title='bbox 2951 1463 3007 1511; x_wconf 88' lang='lat' dir='ltr'><strong>et</strong></span> <span class='ocrx_word' id='word_1_189' title='bbox 3047 1455 3380 1525; x_wconf 85' lang='lat' dir='ltr'><strong>blasphemis</strong></span> <span class='ocrx_word' id='word_1_190' title='bbox 3429 1457 3656 1514; x_wconf 89' lang='lat' dir='ltr'><strong>inﬁcere</strong></span> <span class='ocrx_word' id='word_1_191' title='bbox 3707 1462 3889 1517; x_wconf 79' lang='lat' dir='ltr'><strong>verbis</strong></span> 
     </span>
    </p>
   </div>
   <div class='ocr_carea' id='block_1_26' title="bbox 2297 1542 3888 1615">
    <p class='ocr_par' dir='ltr' id='par_1_26' title="bbox 2297 1542 3888 1615">
     <span class='ocr_line' id='line_1_26' title="bbox 2297 1542 3888 1615; baseline 0.004 -17"><span class='ocrx_word' id='word_1_192' title='bbox 2297 1545 2636 1607; x_wconf 79' lang='lat' dir='ltr'><strong>existimans,</strong></span> <span class='ocrx_word' id='word_1_193' title='bbox 2682 1542 2936 1598; x_wconf 73' lang='lat' dir='ltr'><strong>falsitatis</strong></span> <span class='ocrx_word' id='word_1_194' title='bbox 2978 1544 3250 1615; x_wconf 65' lang='lat' dir='ltr'><strong>praestigia</strong></span> <span class='ocrx_word' id='word_1_195' title='bbox 3288 1544 3490 1615; x_wconf 87' lang='lat' dir='ltr'><strong>ﬁngere</strong></span> <span class='ocrx_word' id='word_1_196' title='bbox 3527 1557 3796 1613; x_wconf 84' lang='lat' dir='ltr'><strong>conatus;</strong></span> <span class='ocrx_word' id='word_1_197' title='bbox 3833 1558 3888 1605; x_wconf 88' lang='lat' dir='ltr'><strong>et</strong></span> 
     </span>
    </p>
   </div>
   <div class='ocr_carea' id='block_1_27' title="bbox 2299 1631 3884 1707">
    <p class='ocr_par' dir='ltr' id='par_1_27' title="bbox 2299 1631 3884 1707">
     <span class='ocr_line' id='line_1_27' title="bbox 2299 1631 3884 1707; baseline 0.004 -21"><span class='ocrx_word' id='word_1_198' title='bbox 2299 1633 2482 1686; x_wconf 89' lang='lat' dir='ltr'><strong>nescio</strong></span> <span class='ocrx_word' id='word_1_199' title='bbox 2529 1646 2649 1702; x_wconf 67' lang='lat' dir='ltr'><strong>quae</strong></span> <span class='ocrx_word' id='word_1_200' title='bbox 2689 1631 2986 1702; x_wconf 84' lang='lat' dir='ltr'><strong>Pythonica</strong></span> <span class='ocrx_word' id='word_1_201' title='bbox 3032 1642 3116 1688; x_wconf 90' lang='lat' dir='ltr'><strong>est</strong></span> <span class='ocrx_word' id='word_1_202' title='bbox 3160 1634 3369 1689; x_wconf 90' lang='lat' dir='ltr'><strong>somnia</strong></span> <span class='ocrx_word' id='word_1_203' title='bbox 3408 1635 3494 1690; x_wconf 87' lang='lat' dir='ltr'><strong>vel</strong></span> <span class='ocrx_word' id='word_1_204' title='bbox 3541 1647 3884 1707; x_wconf 88' lang='lat' dir='ltr'><strong>argumenta,</strong></span> 
     </span>
    </p>
   </div>
   <div class='ocr_carea' id='block_1_28' title="bbox 2301 1720 3888 1791">
    <p class='ocr_par' dir='ltr' id='par_1_28' title="bbox 2301 1720 3888 1791">
     <span class='ocr_line' id='line_1_28' title="bbox 2301 1720 3888 1791; baseline 0.004 -15"><span class='ocrx_word' id='word_1_205' title='bbox 2301 1720 2642 1789; x_wconf 87' lang='lat' dir='ltr'><strong>compilando</strong></span> <span class='ocrx_word' id='word_1_206' title='bbox 2689 1720 2878 1791; x_wconf 88' lang='lat' dir='ltr'><strong>procul</strong></span> <span class='ocrx_word' id='word_1_207' title='bbox 2920 1721 3102 1787; x_wconf 86' lang='lat' dir='ltr'><strong>dubio,</strong></span> <span class='ocrx_word' id='word_1_208' title='bbox 3153 1731 3573 1779; x_wconf 84' lang='lat' dir='ltr'><strong>commentatus.</strong></span> <span class='ocrx_word' id='word_1_209' title='bbox 3624 1726 3692 1781; x_wconf 86' lang='lat' dir='ltr'><strong>Et</strong></span> <span class='ocrx_word' id='word_1_210' title='bbox 3739 1738 3888 1784; x_wconf 76' lang='lat' dir='ltr'><strong>certe</strong></span> 
     </span>
    </p>
   </div>
   <div class='ocr_carea' id='block_1_29' title="bbox 611 1809 3888 1892">
    <p class='ocr_par' dir='ltr' id='par_1_29' title="bbox 611 1809 3888 1892">
     <span class='ocr_line' id='line_1_29' title="bbox 611 1809 3888 1892; baseline -0.002 -14"><span class='ocrx_word' id='word_1_211' title='bbox 611 1821 719 1878; x_wconf 84' lang='lat' dir='ltr'><strong>bus</strong></span> <span class='ocrx_word' id='word_1_212' title='bbox 746 1835 874 1878; x_wconf 89' lang='lat' dir='ltr'><strong>usus</strong></span> <span class='ocrx_word' id='word_1_213' title='bbox 901 1821 1254 1892; x_wconf 88' lang='lat' dir='ltr'><strong>potestatibus</strong></span> <span class='ocrx_word' id='word_1_214' title='bbox 1276 1861 1292 1886; x_wconf 92' lang='lat'><strong>,</strong></span> <span class='ocrx_word' id='word_1_215' title='bbox 1321 1821 1616 1875; x_wconf 87' lang='lat' dir='ltr'><strong>Ecclesiam</strong></span> <span class='ocrx_word' id='word_1_216' title='bbox 1653 1812 2199 1890; x_wconf 72' lang='lat' dir='ltr'><strong>Constantinopoliia-</strong></span> <span class='ocrx_word' id='word_1_217' title='bbox 2229 1810 2274 1869; x_wconf 88' lang='grc' dir='ltr'><strong>Β</strong></span> <span class='ocrx_word' id='word_1_218' title='bbox 2302 1810 2424 1881; x_wconf 88' lang='lat' dir='ltr'><strong>quis</strong></span> <span class='ocrx_word' id='word_1_219' title='bbox 2452 1809 2543 1866; x_wconf 89' lang='lat' dir='ltr'><strong>ille</strong></span> <span class='ocrx_word' id='word_1_220' title='bbox 2565 1809 2729 1866; x_wconf 85' lang='lat' dir='ltr'><strong>Pater</strong></span> <span class='ocrx_word' id='word_1_221' title='bbox 2755 1819 2962 1875; x_wconf 88' lang='lat' dir='ltr'><strong>noster,</strong></span> <span class='ocrx_word' id='word_1_222' title='bbox 2990 1809 3073 1864; x_wconf 85' lang='lat' dir='ltr'><strong>vel</strong></span> <span class='ocrx_word' id='word_1_223' title='bbox 3111 1817 3348 1880; x_wconf 85' lang='lat' dir='ltr'><strong>quantus</strong></span> <span class='ocrx_word' id='word_1_224' title='bbox 3382 1820 3480 1866; x_wconf 80' lang='lat' dir='ltr'><strong>aut</strong></span> <span class='ocrx_word' id='word_1_225' title='bbox 3507 1813 3683 1882; x_wconf 79' lang='lat' dir='ltr'><strong>qualis</strong></span> <span class='ocrx_word' id='word_1_226' title='bbox 3717 1818 3888 1870; x_wconf 77' lang='lat' dir='ltr'><strong>exsti-</strong></span> 
     </span>
    </p>
   </div>
   <div class='ocr_carea' id='block_1_30' title="bbox 613 1909 2200 1982">
    <p class='ocr_par' dir='ltr' id='par_1_30' title="bbox 613 1909 2200 1982">
     <span class='ocr_line' id='line_1_30' title="bbox 613 1909 2200 1982; baseline -0.003 -16"><span class='ocrx_word' id='word_1_227' title='bbox 613 1921 742 1966; x_wconf 77' lang='lat' dir='ltr'><strong>nam</strong></span> <span class='ocrx_word' id='word_1_228' title='bbox 774 1911 1053 1982; x_wconf 86' lang='lat' dir='ltr'><strong>tyrannica</strong></span> <span class='ocrx_word' id='word_1_229' title='bbox 1080 1920 1134 1965; x_wconf 90' lang='lat' dir='ltr'><strong>et</strong></span> <span class='ocrx_word' id='word_1_230' title='bbox 1160 1911 1458 1966; x_wconf 90' lang='lat' dir='ltr'><strong>adulterina</strong></span> <span class='ocrx_word' id='word_1_231' title='bbox 1491 1909 1794 1965; x_wconf 91' lang='lat' dir='ltr'><strong>temeritate</strong></span> <span class='ocrx_word' id='word_1_232' title='bbox 1810 1909 2052 1980; x_wconf 66' lang='lat' dir='ltr'><strong>perVasit</strong></span> <span class='ocrx_word' id='word_1_233' title='bbox 2081 1916 2200 1962; x_wconf 86' lang='lat' dir='ltr'><strong>tan-</strong></span> 
     </span>
    </p>
   </div>
   <div class='ocr_carea' id='block_1_31' title="bbox 613 1997 2198 2070">
    <p class='ocr_par' dir='ltr' id='par_1_31' title="bbox 613 1997 2198 2070">
     <span class='ocr_line' id='line_1_31' title="bbox 613 1997 2198 2070; baseline -0.001 -16"><span class='ocrx_word' id='word_1_234' title='bbox 613 2001 765 2062; x_wconf 83' lang='lat' dir='ltr'><strong>dem,</strong></span> <span class='ocrx_word' id='word_1_235' title='bbox 796 2000 1045 2054; x_wconf 87' lang='lat' dir='ltr'><strong>videlicet</strong></span> <span class='ocrx_word' id='word_1_236' title='bbox 1080 1999 1316 2054; x_wconf 85' lang='lat' dir='ltr'><strong>indebita</strong></span> <span class='ocrx_word' id='word_1_237' title='bbox 1355 2000 1687 2070; x_wconf 87' lang='lat' dir='ltr'><strong>usurpando,</strong></span> <span class='ocrx_word' id='word_1_238' title='bbox 1717 1998 1862 2054; x_wconf 85' lang='lat' dir='ltr'><strong>foras</strong></span> <span class='ocrx_word' id='word_1_239' title='bbox 1885 1997 2198 2062; x_wconf 85' lang='lat' dir='ltr'><strong>usteudcns,</strong></span> 
     </span>
    </p>
   </div>
   <div class='ocr_carea' id='block_1_32' title="bbox 614 2085 2202 2158">
    <p class='ocr_par' dir='ltr' id='par_1_32' title="bbox 614 2085 2202 2158">
     <span class='ocr_line' id='line_1_32' title="bbox 614 2085 2202 2158; baseline -0.003 -16"><span class='ocrx_word' id='word_1_240' title='bbox 614 2089 761 2158; x_wconf 88' lang='lat' dir='ltr'><strong>quod</strong></span> <span class='ocrx_word' id='word_1_241' title='bbox 810 2089 956 2142; x_wconf 91' lang='lat' dir='ltr'><strong>intus</strong></span> <span class='ocrx_word' id='word_1_242' title='bbox 999 2087 1272 2157; x_wconf 91' lang='lat' dir='ltr'><strong>prohibita</strong></span> <span class='ocrx_word' id='word_1_243' title='bbox 1321 2085 1775 2157; x_wconf 90' lang='lat' dir='ltr'><strong>concupiscendo,</strong></span> <span class='ocrx_word' id='word_1_244' title='bbox 1822 2086 2003 2142; x_wconf 90' lang='lat' dir='ltr'><strong>cordis</strong></span> <span class='ocrx_word' id='word_1_245' title='bbox 2043 2092 2202 2139; x_wconf 89' lang='lat' dir='ltr'><strong>antro</strong></span> 
     </span>
    </p>
   </div>
   <div class='ocr_carea' id='block_1_33' title="bbox 615 2175 2202 2250">
    <p class='ocr_par' dir='ltr' id='par_1_33' title="bbox 615 2175 2202 2250">
     <span class='ocr_line' id='line_1_33' title="bbox 615 2175 2202 2250; baseline -0.003 -17"><span class='ocrx_word' id='word_1_246' title='bbox 615 2179 882 2250; x_wconf 86' lang='lat' dir='ltr'><strong>gerebat,</strong></span> <span class='ocrx_word' id='word_1_247' title='bbox 925 2185 981 2232; x_wconf 88' lang='lat' dir='ltr'><strong>et</strong></span> <span class='ocrx_word' id='word_1_248' title='bbox 1026 2177 1384 2233; x_wconf 84' lang='lat' dir='ltr'><strong>simulationis</strong></span> <span class='ocrx_word' id='word_1_249' title='bbox 1424 2177 1690 2232; x_wconf 89' lang='lat' dir='ltr'><strong>velamine</strong></span> <span class='ocrx_word' id='word_1_250' title='bbox 1740 2178 2082 2246; x_wconf 86' lang='lat' dir='ltr'><strong>contegebat,</strong></span> <span class='ocrx_word' id='word_1_251' title='bbox 2125 2175 2202 2230; x_wconf 89' lang='lat' dir='ltr'><strong>nil</strong></span> 
     </span>
    </p>
   </div>
   <div class='ocr_carea' id='block_1_34' title="bbox 617 2265 2202 2337">
    <p class='ocr_par' dir='ltr' id='par_1_34' title="bbox 617 2265 2202 2337">
     <span class='ocr_line' id='line_1_34' title="bbox 617 2265 2202 2337; baseline -0.004 -12"><span class='ocrx_word' id='word_1_252' title='bbox 617 2283 740 2325; x_wconf 86' lang='lat' dir='ltr'><strong>esse</strong></span> <span class='ocrx_word' id='word_1_253' title='bbox 790 2265 1032 2337; x_wconf 87' lang='lat' dir='ltr'><strong>profecto</strong></span> <span class='ocrx_word' id='word_1_254' title='bbox 1094 2266 1318 2337; x_wconf 84' lang='lat' dir='ltr'><strong>intelligi</strong></span> <span class='ocrx_word' id='word_1_255' title='bbox 1369 2265 1507 2321; x_wconf 88' lang='lat' dir='ltr'><strong>dans</strong></span> <span class='ocrx_word' id='word_1_256' title='bbox 1554 2280 1774 2320; x_wconf 89' lang='lat' dir='ltr'><strong>causam</strong></span> <span class='ocrx_word' id='word_1_257' title='bbox 1837 2265 2114 2320; x_wconf 89' lang='lat' dir='ltr'><strong>scissionis</strong></span> <span class='ocrx_word' id='word_1_258' title='bbox 2167 2274 2202 2319; x_wconf 88' lang='lat' dir='ltr'><strong>a</strong></span> 
     </span>
    </p>
   </div>
   <div class='ocr_carea' id='block_1_35' title="bbox 617 2357 2203 2431">
    <p class='ocr_par' dir='ltr' id='par_1_35' title="bbox 617 2357 2203 2431">
     <span class='ocr_line' id='line_1_35' title="bbox 617 2357 2203 2431; baseline -0.002 -17"><span class='ocrx_word' id='word_1_259' title='bbox 617 2360 923 2431; x_wconf 85' lang='lat' dir='ltr'><strong>patriarcha</strong></span> <span class='ocrx_word' id='word_1_260' title='bbox 969 2373 1106 2424; x_wconf 92' lang='lat' dir='ltr'><strong>suo,</strong></span> <span class='ocrx_word' id='word_1_261' title='bbox 1159 2357 1240 2414; x_wconf 88' lang='lat' dir='ltr'><strong>vel</strong></span> <span class='ocrx_word' id='word_1_262' title='bbox 1299 2358 1525 2412; x_wconf 77' lang='lat' dir='ltr'><strong>deserta:</strong></span> <span class='ocrx_word' id='word_1_263' title='bbox 1569 2357 1963 2413; x_wconf 89' lang='lat' dir='ltr'><strong>communionis</strong></span> <span class='ocrx_word' id='word_1_264' title='bbox 2011 2371 2042 2411; x_wconf 91' lang='lat' dir='ltr'><strong>a</strong></span> <span class='ocrx_word' id='word_1_265' title='bbox 2089 2365 2203 2412; x_wconf 85' lang='lat' dir='ltr'><strong>tota</strong></span> 
     </span>
    </p>
   </div>
   <div class='ocr_carea' id='block_1_36' title="bbox 618 2448 2206 2520">
    <p class='ocr_par' dir='ltr' id='par_1_36' title="bbox 618 2448 2206 2520">
     <span class='ocr_line' id='line_1_36' title="bbox 618 2448 2206 2520; baseline -0.002 -13"><span class='ocrx_word' id='word_1_266' title='bbox 618 2452 883 2515; x_wconf 84' lang='lat' dir='ltr'><strong>Ecclesia,</strong></span> <span class='ocrx_word' id='word_1_267' title='bbox 931 2451 1034 2505; x_wconf 87' lang='lat' dir='ltr'><strong>nisi</strong></span> <span class='ocrx_word' id='word_1_268' title='bbox 1080 2450 1346 2520; x_wconf 87' lang='lat' dir='ltr'><strong>pessimos</strong></span> <span class='ocrx_word' id='word_1_269' title='bbox 1395 2449 1662 2503; x_wconf 86' lang='lat' dir='ltr'><strong>anhelitus</strong></span> <span class='ocrx_word' id='word_1_270' title='bbox 1710 2448 1982 2504; x_wconf 87' lang='lat' dir='ltr'><strong>ambiendi</strong></span> <span class='ocrx_word' id='word_1_271' title='bbox 2025 2449 2206 2519; x_wconf 86' lang='lat' dir='ltr'><strong>ponti-</strong></span> 
     </span>
    </p>
   </div>
   <div class='ocr_carea' id='block_1_37' title="bbox 621 2533 2205 2610">
    <p class='ocr_par' dir='ltr' id='par_1_37' title="bbox 621 2533 2205 2610">
     <span class='ocr_line' id='line_1_37' title="bbox 621 2533 2205 2610; baseline -0.001 -13"><span class='ocrx_word' id='word_1_272' title='bbox 621 2543 813 2598; x_wconf 85' lang='lat' dir='ltr'><strong>ficatus</strong></span> <span class='ocrx_word' id='word_1_273' title='bbox 853 2540 1082 2606; x_wconf 81' lang='lat' dir='ltr'><strong>infulas,</strong></span> <span class='ocrx_word' id='word_1_274' title='bbox 1129 2549 1183 2594; x_wconf 91' lang='lat' dir='ltr'><strong>et</strong></span> <span class='ocrx_word' id='word_1_275' title='bbox 1229 2533 1560 2595; x_wconf 85' lang='lat' dir='ltr'><strong>sublimiuris</strong></span> <span class='ocrx_word' id='word_1_276' title='bbox 1601 2539 1879 2594; x_wconf 84' lang='lat' dir='ltr'><strong>obtinendi</strong></span> <span class='ocrx_word' id='word_1_277' title='bbox 1928 2539 2205 2610; x_wconf 84' lang='lat' dir='ltr'><strong>dignitatis</strong></span> 
     </span>
    </p>
   </div>
   <div class='ocr_carea' id='block_1_38' title="bbox 616 2632 2202 2704">
    <p class='ocr_par' dir='ltr' id='par_1_38' title="bbox 616 2632 2202 2704">
     <span class='ocr_line' id='line_1_38' title="bbox 616 2632 2202 2704; baseline -0.003 -14"><span class='ocrx_word' id='word_1_278' title='bbox 616 2643 676 2690; x_wconf 87' lang='lat' dir='ltr'><strong>et</strong></span> <span class='ocrx_word' id='word_1_279' title='bbox 725 2632 1009 2704; x_wconf 83' lang='lat' dir='ltr'><strong>potestatis</strong></span> <span class='ocrx_word' id='word_1_280' title='bbox 1057 2632 1336 2698; x_wconf 85' lang='lat' dir='ltr'><strong>habenas;</strong></span> <span class='ocrx_word' id='word_1_281' title='bbox 1398 2632 1595 2702; x_wconf 82' lang='lat' dir='ltr'><strong>quibus</strong></span> <span class='ocrx_word' id='word_1_282' title='bbox 1638 2632 1899 2687; x_wconf 89' lang='lat' dir='ltr'><strong>nimirum</strong></span> <span class='ocrx_word' id='word_1_283' title='bbox 1950 2633 2202 2703; x_wconf 85' lang='lat' dir='ltr'><strong>deinceps</strong></span> 
     </span>
    </p>
   </div>
   <div class='ocr_carea' id='block_1_39' title="bbox 621 2723 2204 2793">
    <p class='ocr_par' dir='ltr' id='par_1_39' title="bbox 621 2723 2204 2793">
     <span class='ocr_line' id='line_1_39' title="bbox 621 2723 2204 2793; baseline -0.001 -13"><span class='ocrx_word' id='word_1_284' title='bbox 621 2727 860 2789; x_wconf 90' lang='lat' dir='ltr'><strong>abusus,</strong></span> <span class='ocrx_word' id='word_1_285' title='bbox 903 2732 960 2778; x_wconf 87' lang='lat' dir='ltr'><strong>et</strong></span> <span class='ocrx_word' id='word_1_286' title='bbox 1000 2730 1226 2793; x_wconf 87' lang='lat' dir='ltr'><strong>repente</strong></span> <span class='ocrx_word' id='word_1_287' title='bbox 1270 2739 1376 2778; x_wconf 92' lang='lat' dir='ltr'><strong>non</strong></span> <span class='ocrx_word' id='word_1_288' title='bbox 1427 2732 1608 2778; x_wconf 81' lang='lat' dir='ltr'><strong>mente</strong></span> <span class='ocrx_word' id='word_1_289' title='bbox 1653 2723 1746 2779; x_wconf 91' lang='lat' dir='ltr'><strong>sed</strong></span> <span class='ocrx_word' id='word_1_290' title='bbox 1795 2725 1981 2779; x_wconf 90' lang='lat' dir='ltr'><strong>habitu</strong></span> <span class='ocrx_word' id='word_1_291' title='bbox 2028 2733 2204 2778; x_wconf 87' lang='lat' dir='ltr'><strong>muta-</strong></span> 
     </span>
    </p>
   </div>
   <div class='ocr_carea' id='block_1_40' title="bbox 620 2813 2202 2879">
    <p class='ocr_par' dir='ltr' id='par_1_40' title="bbox 620 2813 2202 2879">
     <span class='ocr_line' id='line_1_40' title="bbox 620 2813 2202 2879; baseline -0.001 -9"><span class='ocrx_word' id='word_1_292' title='bbox 620 2826 730 2879; x_wconf 91' lang='lat' dir='ltr'><strong>tus,</strong></span> <span class='ocrx_word' id='word_1_293' title='bbox 771 2814 960 2870; x_wconf 80' lang='lat' dir='ltr'><strong>exsilia</strong></span> <span class='ocrx_word' id='word_1_294' title='bbox 1007 2822 1062 2868; x_wconf 89' lang='lat' dir='ltr'><strong>et</strong></span> <span class='ocrx_word' id='word_1_295' title='bbox 1091 2813 1303 2868; x_wconf 88' lang='lat' dir='ltr'><strong>diversa</strong></span> <span class='ocrx_word' id='word_1_296' title='bbox 1332 2813 1666 2879; x_wconf 86' lang='lat' dir='ltr'><strong>discrimina,</strong></span> <span class='ocrx_word' id='word_1_297' title='bbox 1711 2814 1806 2868; x_wconf 88' lang='lat' dir='ltr'><strong>sed</strong></span> <span class='ocrx_word' id='word_1_298' title='bbox 1832 2820 1888 2868; x_wconf 89' lang='lat' dir='ltr'><strong>et</strong></span> <span class='ocrx_word' id='word_1_299' title='bbox 1914 2823 2115 2869; x_wconf 84' lang='lat' dir='ltr'><strong>murtes</strong></span> <span class='ocrx_word' id='word_1_300' title='bbox 2149 2815 2202 2868; x_wconf 92' lang='lat' dir='ltr'><strong>in</strong></span> 
     </span>
    </p>
   </div>
   <div class='ocr_carea' id='block_1_41' title="bbox 617 2901 2202 2984">
    <p class='ocr_par' dir='ltr' id='par_1_41' title="bbox 617 2901 2202 2984">
     <span class='ocr_line' id='line_1_41' title="bbox 617 2901 2202 2984; baseline -0.001 -25"><span class='ocrx_word' id='word_1_301' title='bbox 617 2903 824 2984; x_wconf 78' lang='lat' dir='ltr'><strong>Christi</strong></span> <span class='ocrx_word' id='word_1_302' title='bbox 868 2903 1179 2960; x_wconf 82' lang='lat' dir='ltr'><strong>sacerdotes</strong></span> <span class='ocrx_word' id='word_1_303' title='bbox 1220 2911 1276 2957; x_wconf 91' lang='lat' dir='ltr'><strong>et</strong></span> <span class='ocrx_word' id='word_1_304' title='bbox 1313 2911 1539 2958; x_wconf 80' lang='lat' dir='ltr'><strong>caeteros</strong></span> <span class='ocrx_word' id='word_1_305' title='bbox 1578 2901 1786 2968; x_wconf 86' lang='lat' dir='ltr'><strong>ﬁdeles,</strong></span> <span class='ocrx_word' id='word_1_306' title='bbox 1817 2910 1896 2957; x_wconf 90' lang='lat' dir='ltr'><strong>tot</strong></span> <span class='ocrx_word' id='word_1_307' title='bbox 1923 2918 1988 2958; x_wconf 90' lang='lat' dir='ltr'><strong>ac</strong></span> <span class='ocrx_word' id='word_1_308' title='bbox 2022 2912 2202 2959; x_wconf 89' lang='lat' dir='ltr'><strong>tantas</strong></span> 
     </span>
    </p>
   </div>
   <div class='ocr_carea' id='block_1_42' title="bbox 619 2992 2202 3064">
    <p class='ocr_par' dir='ltr' id='par_1_42' title="bbox 619 2992 2202 3064">
     <span class='ocr_line' id='line_1_42' title="bbox 619 2992 2202 3064; baseline 0.001 -16"><span class='ocrx_word' id='word_1_309' title='bbox 619 2992 821 3059; x_wconf 86' lang='lat' dir='ltr'><strong>intulit,</strong></span> <span class='ocrx_word' id='word_1_310' title='bbox 863 3001 922 3046; x_wconf 93' lang='lat' dir='ltr'><strong>ut</strong></span> <span class='ocrx_word' id='word_1_311' title='bbox 949 2993 1270 3049; x_wconf 87' lang='lat' dir='ltr'><strong>Diocletiani</strong></span> <span class='ocrx_word' id='word_1_312' title='bbox 1308 2993 1573 3049; x_wconf 66' lang='lat' dir='ltr'><strong>saavitiam</strong></span> <span class='ocrx_word' id='word_1_313' title='bbox 1621 2993 1823 3049; x_wconf 78' lang='lat' dir='ltr'><strong>imitari</strong></span> <span class='ocrx_word' id='word_1_314' title='bbox 1871 3004 1968 3064; x_wconf 89' lang='lat' dir='ltr'><strong>per</strong></span> <span class='ocrx_word' id='word_1_315' title='bbox 2020 2995 2202 3049; x_wconf 87' lang='lat' dir='ltr'><strong>umnia</strong></span> 
     </span>
    </p>
   </div>
   <div class='ocr_carea' id='block_1_43' title="bbox 617 3080 2204 3152">
    <p class='ocr_par' dir='ltr' id='par_1_43' title="bbox 617 3080 2204 3152">
     <span class='ocr_line' id='line_1_43' title="bbox 617 3080 2204 3152; baseline 0.001 -16"><span class='ocrx_word' id='word_1_316' title='bbox 617 3083 918 3137; x_wconf 64' lang='lat' dir='ltr'><strong>Videretur.</strong></span> <span class='ocrx_word' id='word_1_317' title='bbox 964 3080 1193 3152; x_wconf 84' lang='lat' dir='ltr'><strong>Pmpter</strong></span> <span class='ocrx_word' id='word_1_318' title='bbox 1221 3089 1342 3152; x_wconf 61' lang='lat' dir='ltr'><strong>quas</strong></span> <span class='ocrx_word' id='word_1_319' title='bbox 1375 3081 1460 3136; x_wconf 89' lang='lat' dir='ltr'><strong>vel</strong></span> <span class='ocrx_word' id='word_1_320' title='bbox 1489 3080 1573 3138; x_wconf 91' lang='lat' dir='ltr'><strong>his</strong></span> <span class='ocrx_word' id='word_1_321' title='bbox 1603 3081 1801 3137; x_wconf 85' lang='lat' dir='ltr'><strong>similia</strong></span> <span class='ocrx_word' id='word_1_322' title='bbox 1841 3091 2043 3138; x_wconf 73' lang='lat' dir='ltr'><strong>sanctae</strong></span> <span class='ocrx_word' id='word_1_323' title='bbox 2091 3095 2204 3137; x_wconf 84' lang='lat' dir='ltr'><strong>me-</strong></span> 
     </span>
    </p>
   </div>
   <div class='ocr_carea' id='block_1_44' title="bbox 2303 1901 3883 1974">
    <p class='ocr_par' dir='ltr' id='par_1_44' title="bbox 2303 1901 3883 1974">
     <span class='ocr_line' id='line_1_44' title="bbox 2303 1901 3883 1974; baseline 0.003 -17"><span class='ocrx_word' id='word_1_324' title='bbox 2303 1903 2448 1968; x_wconf 90' lang='lat' dir='ltr'><strong>terit,</strong></span> <span class='ocrx_word' id='word_1_325' title='bbox 2485 1916 2674 1958; x_wconf 87' lang='lat' dir='ltr'><strong>omnes</strong></span> <span class='ocrx_word' id='word_1_326' title='bbox 2710 1901 2802 1972; x_wconf 91' lang='lat' dir='ltr'><strong>qui</strong></span> <span class='ocrx_word' id='word_1_327' title='bbox 2833 1917 3044 1956; x_wconf 91' lang='lat' dir='ltr'><strong>morum</strong></span> <span class='ocrx_word' id='word_1_328' title='bbox 3077 1902 3195 1974; x_wconf 87' lang='lat' dir='ltr'><strong>ejus</strong></span> <span class='ocrx_word' id='word_1_329' title='bbox 3225 1901 3479 1973; x_wconf 87' lang='lat' dir='ltr'><strong>insignia,</strong></span> <span class='ocrx_word' id='word_1_330' title='bbox 3508 1905 3592 1960; x_wconf 90' lang='lat' dir='ltr'><strong>vel</strong></span> <span class='ocrx_word' id='word_1_331' title='bbox 3623 1906 3883 1962; x_wconf 85' lang='lat' dir='ltr'><strong>virtutum</strong></span> 
     </span>
    </p>
   </div>
   <div class='ocr_carea' id='block_1_45' title="bbox 2304 1990 3883 2068">
    <p class='ocr_par' dir='ltr' id='par_1_45' title="bbox 2304 1990 3883 2068">
     <span class='ocr_line' id='line_1_45' title="bbox 2304 1990 3883 2068; baseline 0.003 -22"><span class='ocrx_word' id='word_1_332' title='bbox 2304 1998 2502 2062; x_wconf 67' lang='lat' dir='ltr'><strong>trepzea</strong></span> <span class='ocrx_word' id='word_1_333' title='bbox 2533 1990 3032 2068; x_wconf 20' lang='lat' dir='ltr'><strong>recolitis,.plenius</strong></span> <span class='ocrx_word' id='word_1_334' title='bbox 3060 1992 3384 2062; x_wconf 87' lang='lat' dir='ltr'><strong>agnovistis;</strong></span> <span class='ocrx_word' id='word_1_335' title='bbox 3427 1997 3699 2065; x_wconf 79' lang='lat' dir='ltr'><strong>quomodo</strong></span> <span class='ocrx_word' id='word_1_336' title='bbox 3731 1998 3883 2053; x_wconf 82' lang='lat' dir='ltr'><strong>scili-</strong></span> 
     </span>
    </p>
   </div>
   <div class='ocr_carea' id='block_1_46' title="bbox 2301 2069 3886 2154">
    <p class='ocr_par' dir='ltr' id='par_1_46' title="bbox 2301 2069 3886 2154">
     <span class='ocr_line' id='line_1_46' title="bbox 2301 2069 3886 2154; baseline 0.004 -16"><span class='ocrx_word' id='word_1_337' title='bbox 2301 2085 2390 2138; x_wconf 71' lang='grc' dir='ltr'><strong>εει</strong></span> <span class='ocrx_word' id='word_1_338' title='bbox 2425 2083 2480 2138; x_wconf 89' lang='lat' dir='ltr'><strong>in</strong></span> <span class='ocrx_word' id='word_1_339' title='bbox 2505 2069 2665 2152; x_wconf 81' lang='lat' dir='ltr'><strong>hujus</strong></span> <span class='ocrx_word' id='word_1_340' title='bbox 2702 2081 2828 2138; x_wconf 83' lang='lat' dir='ltr'><strong>tetri</strong></span> <span class='ocrx_word' id='word_1_341' title='bbox 2860 2079 3158 2154; x_wconf 90' lang='lat' dir='ltr'><strong>caliginoso</strong></span> <span class='ocrx_word' id='word_1_342' title='bbox 3197 2077 3379 2139; x_wconf 65' lang='lat' dir='ltr'><strong>saeculi</strong></span> <span class='ocrx_word' id='word_1_343' title='bbox 3409 2101 3565 2142; x_wconf 89' lang='lat' dir='ltr'><strong>cursu</strong></span> <span class='ocrx_word' id='word_1_344' title='bbox 3603 2104 3728 2145; x_wconf 89' lang='lat' dir='ltr'><strong>sero</strong></span> <span class='ocrx_word' id='word_1_345' title='bbox 3767 2098 3886 2144; x_wconf 66' lang='lat' dir='ltr'><strong>tam</strong></span> 
     </span>
    </p>
   </div>
   <div class='ocr_carea' id='block_1_47' title="bbox 2303 2176 3886 2253">
    <p class='ocr_par' dir='ltr' id='par_1_47' title="bbox 2303 2176 3886 2253">
     <span class='ocr_line' id='line_1_47' title="bbox 2303 2176 3886 2253; baseline 0.006 -23"><span class='ocrx_word' id='word_1_346' title='bbox 2303 2176 2426 2231; x_wconf 91' lang='lat' dir='ltr'><strong>dem</strong></span> <span class='ocrx_word' id='word_1_347' title='bbox 2465 2176 2606 2231; x_wconf 88' lang='lat' dir='ltr'><strong>sicut</strong></span> <span class='ocrx_word' id='word_1_348' title='bbox 2645 2192 2843 2232; x_wconf 89' lang='lat' dir='ltr'><strong>novum</strong></span> <span class='ocrx_word' id='word_1_349' title='bbox 2891 2177 3041 2233; x_wconf 92' lang='lat' dir='ltr'><strong>sidus</strong></span> <span class='ocrx_word' id='word_1_350' title='bbox 3078 2179 3405 2249; x_wconf 75' lang='lat' dir='ltr'><strong>apparuerit,</strong></span> <span class='ocrx_word' id='word_1_351' title='bbox 3443 2182 3682 2250; x_wconf 79' lang='lat' dir='ltr'><strong>quinimo</strong></span> <span class='ocrx_word' id='word_1_352' title='bbox 3711 2184 3886 2253; x_wconf 88' lang='lat' dir='ltr'><strong>quasi</strong></span> 
     </span>
    </p>
   </div>
   <div class='ocr_carea' id='block_1_48' title="bbox 2301 2263 3883 2340">
    <p class='ocr_par' dir='ltr' id='par_1_48' title="bbox 2301 2263 3883 2340">
     <span class='ocr_line' id='line_1_48' title="bbox 2301 2263 3883 2340; baseline 0.004 -20"><span class='ocrx_word' id='word_1_353' title='bbox 2301 2263 2540 2321; x_wconf 76' lang='lat' dir='ltr'><strong>Phtebus</strong></span> <span class='ocrx_word' id='word_1_354' title='bbox 2592 2265 2645 2320; x_wconf 91' lang='lat' dir='ltr'><strong>in</strong></span> <span class='ocrx_word' id='word_1_355' title='bbox 2691 2266 2892 2322; x_wconf 65' lang='lat' dir='ltr'><strong>aethere</strong></span> <span class='ocrx_word' id='word_1_356' title='bbox 2934 2282 3046 2337; x_wconf 76' lang='lat' dir='ltr'><strong>prze</strong></span> <span class='ocrx_word' id='word_1_357' title='bbox 3092 2269 3304 2324; x_wconf 83' lang='lat' dir='ltr'><strong>cunctis</strong></span> <span class='ocrx_word' id='word_1_358' title='bbox 3353 2269 3508 2325; x_wconf 88' lang='lat' dir='ltr'><strong>astris</strong></span> <span class='ocrx_word' id='word_1_359' title='bbox 3566 2270 3883 2340; x_wconf 81' lang='lat' dir='ltr'><strong>eifulserit;</strong></span> 
     </span>
    </p>
   </div>
   <div class='ocr_carea' id='block_1_49' title="bbox 2303 2341 3886 2432">
    <p class='ocr_par' dir='ltr' id='par_1_49' title="bbox 2303 2341 3886 2432">
     <span class='ocr_line' id='line_1_49' title="bbox 2303 2341 3886 2432; baseline 0.006 -23"><span class='ocrx_word' id='word_1_360' title='bbox 2303 2355 2574 2425; x_wconf 88' lang='lat' dir='ltr'><strong>quomodo</strong></span> <span class='ocrx_word' id='word_1_361' title='bbox 2599 2355 2743 2412; x_wconf 90' lang='lat' dir='ltr'><strong>hunc</strong></span> <span class='ocrx_word' id='word_1_362' title='bbox 2781 2360 2881 2412; x_wconf 84' lang='lat' dir='ltr'><strong>nec</strong></span> <span class='ocrx_word' id='word_1_363' title='bbox 2918 2356 3114 2412; x_wconf 91' lang='lat' dir='ltr'><strong>blanda</strong></span> <span class='ocrx_word' id='word_1_364' title='bbox 3142 2371 3370 2428; x_wconf 68' lang='lat' dir='ltr'><strong>qumque</strong></span> <span class='ocrx_word' id='word_1_365' title='bbox 3409 2356 3654 2430; x_wconf 74' lang='lat' dir='ltr'><strong>frangere</strong></span> <span class='ocrx_word' id='word_1_366' title='bbox 3688 2341 3886 2432; x_wconf 75' lang='lat' dir='ltr'><strong>potue-</strong></span> 
     </span>
    </p>
   </div>
   <div class='ocr_carea' id='block_1_50' title="bbox 2304 2443 3882 2527">
    <p class='ocr_par' dir='ltr' id='par_1_50' title="bbox 2304 2443 3882 2527">
     <span class='ocr_line' id='line_1_50' title="bbox 2304 2443 3882 2527; baseline 0.006 -30"><span class='ocrx_word' id='word_1_367' title='bbox 2304 2443 2436 2508; x_wconf 92' lang='lat' dir='ltr'><strong>rint,</strong></span> <span class='ocrx_word' id='word_1_368' title='bbox 2470 2458 2578 2527; x_wconf 81' lang='lat' dir='ltr'><strong>nec</strong></span> <span class='ocrx_word' id='word_1_369' title='bbox 2615 2459 2807 2514; x_wconf 90' lang='lat' dir='ltr'><strong>aspera</strong></span> <span class='ocrx_word' id='word_1_370' title='bbox 2855 2448 3206 2516; x_wconf 71' lang='lat' dir='ltr'><strong>perturbare:</strong></span> <span class='ocrx_word' id='word_1_371' title='bbox 3256 2449 3525 2518; x_wconf 79' lang='lat' dir='ltr'><strong>quomOdo</strong></span> <span class='ocrx_word' id='word_1_372' title='bbox 3569 2443 3733 2506; x_wconf 73' lang='lat' dir='ltr'><strong>etiam</strong></span> <span class='ocrx_word' id='word_1_373' title='bbox 3785 2468 3882 2508; x_wconf 85' lang='lat' dir='ltr'><strong>nec</strong></span> 
     </span>
    </p>
   </div>
   <div class='ocr_carea' id='block_1_51' title="bbox 2303 2535 3882 2605">
    <p class='ocr_par' dir='ltr' id='par_1_51' title="bbox 2303 2535 3882 2605">
     <span class='ocr_line' id='line_1_51' title="bbox 2303 2535 3882 2605; baseline 0.005 -15"><span class='ocrx_word' id='word_1_374' title='bbox 2303 2535 2486 2590; x_wconf 89' lang='lat' dir='ltr'><strong>mundi</strong></span> <span class='ocrx_word' id='word_1_375' title='bbox 2513 2535 2868 2605; x_wconf 87' lang='lat' dir='ltr'><strong>principibus,</strong></span> <span class='ocrx_word' id='word_1_376' title='bbox 2892 2535 3134 2592; x_wconf 79' lang='lat' dir='ltr'><strong>Michaeli</strong></span> <span class='ocrx_word' id='word_1_377' title='bbox 3162 2538 3370 2595; x_wconf 88' lang='lat' dir='ltr'><strong>scilicet</strong></span> <span class='ocrx_word' id='word_1_378' title='bbox 3398 2548 3454 2595; x_wconf 89' lang='lat' dir='ltr'><strong>et</strong></span> <span class='ocrx_word' id='word_1_379' title='bbox 3477 2539 3665 2596; x_wconf 74' lang='lat' dir='ltr'><strong>Barda:</strong></span> <span class='ocrx_word' id='word_1_380' title='bbox 3693 2552 3882 2598; x_wconf 89' lang='lat' dir='ltr'><strong>contra</strong></span> 
     </span>
    </p>
   </div>
   <div class='ocr_carea' id='block_1_52' title="bbox 2299 2622 3876 2705">
    <p class='ocr_par' dir='ltr' id='par_1_52' title="bbox 2299 2622 3876 2705">
     <span class='ocr_line' id='line_1_52' title="bbox 2299 2622 3876 2705; baseline 0.007 -28"><span class='ocrx_word' id='word_1_381' title='bbox 2299 2622 2568 2693; x_wconf 88' lang='lat' dir='ltr'><strong>justitiam</strong></span> <span class='ocrx_word' id='word_1_382' title='bbox 2608 2623 2832 2691; x_wconf 89' lang='lat' dir='ltr'><strong>faverit;</strong></span> <span class='ocrx_word' id='word_1_383' title='bbox 2874 2641 3011 2696; x_wconf 90' lang='lat' dir='ltr'><strong>quos</strong></span> <span class='ocrx_word' id='word_1_384' title='bbox 3051 2627 3331 2695; x_wconf 87' lang='lat' dir='ltr'><strong>nimirum,</strong></span> <span class='ocrx_word' id='word_1_385' title='bbox 3365 2645 3423 2685; x_wconf 86' lang='lat' dir='ltr'><strong>se</strong></span> <span class='ocrx_word' id='word_1_386' title='bbox 3463 2646 3677 2686; x_wconf 91' lang='lat' dir='ltr'><strong>murum</strong></span> <span class='ocrx_word' id='word_1_387' title='bbox 3713 2648 3876 2705; x_wconf 89' lang='lat' dir='ltr'><strong>oppo-</strong></span> 
     </span>
    </p>
   </div>
   <div class='ocr_carea' id='block_1_53' title="bbox 2305 2713 3876 2790">
    <p class='ocr_par' dir='ltr' id='par_1_53' title="bbox 2305 2713 3876 2790">
     <span class='ocr_line' id='line_1_53' title="bbox 2305 2713 3876 2790; baseline 0.008 -24"><span class='ocrx_word' id='word_1_388' title='bbox 2305 2726 2439 2768; x_wconf 90' lang='lat' dir='ltr'><strong>nens</strong></span> <span class='ocrx_word' id='word_1_389' title='bbox 2465 2728 2564 2783; x_wconf 92' lang='lat' dir='ltr'><strong>pro</strong></span> <span class='ocrx_word' id='word_1_390' title='bbox 2593 2713 2754 2770; x_wconf 89' lang='lat' dir='ltr'><strong>domo</strong></span> <span class='ocrx_word' id='word_1_391' title='bbox 2783 2714 3016 2780; x_wconf 89' lang='lat' dir='ltr'><strong>Domini,</strong></span> <span class='ocrx_word' id='word_1_392' title='bbox 3053 2731 3206 2786; x_wconf 40' lang='lat' dir='ltr'><strong>saepe.</strong></span> <span class='ocrx_word' id='word_1_393' title='bbox 3234 2718 3536 2790; x_wconf 86' lang='lat' dir='ltr'><strong>redarguit,</strong></span> <span class='ocrx_word' id='word_1_394' title='bbox 3569 2729 3626 2776; x_wconf 87' lang='lat' dir='ltr'><strong>et</strong></span> <span class='ocrx_word' id='word_1_395' title='bbox 3661 2721 3745 2777; x_wconf 92' lang='lat' dir='ltr'><strong>his</strong></span> <span class='ocrx_word' id='word_1_396' title='bbox 3776 2724 3876 2778; x_wconf 85' lang='lat' dir='ltr'><strong>ini-</strong></span> 
     </span>
    </p>
   </div>
   <div class='ocr_carea' id='block_1_54' title="bbox 2303 2804 3917 2885">
    <p class='ocr_par' dir='ltr' id='par_1_54' title="bbox 2303 2804 3917 2885">
     <span class='ocr_line' id='line_1_54' title="bbox 2303 2804 3917 2885; baseline 0.009 -30"><span class='ocrx_word' id='word_1_397' title='bbox 2303 2813 2410 2871; x_wconf 86' lang='lat' dir='ltr'><strong>que</strong></span> <span class='ocrx_word' id='word_1_398' title='bbox 2455 2804 2739 2874; x_wconf 86' lang='lat' dir='ltr'><strong>agentibus</strong></span> <span class='ocrx_word' id='word_1_399' title='bbox 2783 2805 3094 2876; x_wconf 86' lang='lat' dir='ltr'><strong>frequenter</strong></span> <span class='ocrx_word' id='word_1_400' title='bbox 3139 2807 3406 2878; x_wconf 88' lang='lat' dir='ltr'><strong>intrepide</strong></span> <span class='ocrx_word' id='word_1_401' title='bbox 3446 2810 3667 2866; x_wconf 87' lang='lat' dir='ltr'><strong>restitit.</strong></span> <span class='ocrx_word' id='word_1_402' title='bbox 3719 2811 3874 2885; x_wconf 82' lang='lat' dir='ltr'><strong>Ergo,</strong></span> <span class='ocrx_word' id='word_1_403' title='bbox 3911 2827 3917 2831; x_wconf 88' lang='grc'><strong>·</strong></span> 
     </span>
    </p>
   </div>
   <div class='ocr_carea' id='block_1_55' title="bbox 2304 2891 3878 2974">
    <p class='ocr_par' dir='ltr' id='par_1_55' title="bbox 2304 2891 3878 2974">
     <span class='ocr_line' id='line_1_55' title="bbox 2304 2891 3878 2974; baseline 0.007 -28"><span class='ocrx_word' id='word_1_404' title='bbox 2304 2891 2638 2948; x_wconf 89' lang='lat' dir='ltr'><strong>dilectissimi</strong></span> <span class='ocrx_word' id='word_1_405' title='bbox 2679 2893 2876 2950; x_wconf 86' lang='lat' dir='ltr'><strong>fratres</strong></span> <span class='ocrx_word' id='word_1_406' title='bbox 2910 2903 2965 2950; x_wconf 90' lang='lat' dir='ltr'><strong>et</strong></span> <span class='ocrx_word' id='word_1_407' title='bbox 3001 2895 3129 2960; x_wconf 84' lang='lat' dir='ltr'><strong>ﬁlii,</strong></span> <span class='ocrx_word' id='word_1_408' title='bbox 3183 2899 3526 2956; x_wconf 78' lang='lat' dir='ltr'><strong>considerate</strong></span> <span class='ocrx_word' id='word_1_409' title='bbox 3561 2902 3693 2971; x_wconf 66' lang='lat' dir='ltr'><strong>Quid</strong></span> <span class='ocrx_word' id='word_1_410' title='bbox 3721 2917 3878 2974; x_wconf 84' lang='lat' dir='ltr'><strong>super</strong></span> 
     </span>
    </p>
   </div>
   <div class='ocr_carea' id='block_1_56' title="bbox 2304 2979 3880 3063">
    <p class='ocr_par' dir='ltr' id='par_1_56' title="bbox 2304 2979 3880 3063">
     <span class='ocr_line' id='line_1_56' title="bbox 2304 2979 3880 3063; baseline 0.008 -29"><span class='ocrx_word' id='word_1_411' title='bbox 2304 2979 2609 3051; x_wconf 91' lang='lat' dir='ltr'><strong>hujusmodi</strong></span> <span class='ocrx_word' id='word_1_412' title='bbox 2652 2981 2956 3040; x_wconf 88' lang='lat' dir='ltr'><strong>temeritate</strong></span> <span class='ocrx_word' id='word_1_413' title='bbox 2987 2987 3057 3040; x_wconf 87' lang='lat' dir='ltr'><strong>sit</strong></span> <span class='ocrx_word' id='word_1_414' title='bbox 3093 2987 3248 3043; x_wconf 86' lang='lat' dir='ltr'><strong>nobis</strong></span> <span class='ocrx_word' id='word_1_415' title='bbox 3291 2990 3581 3059; x_wconf 86' lang='lat' dir='ltr'><strong>agendum,</strong></span> <span class='ocrx_word' id='word_1_416' title='bbox 3608 2991 3715 3058; x_wconf 92' lang='lat' dir='ltr'><strong>vel,</strong></span> <span class='ocrx_word' id='word_1_417' title='bbox 3755 2993 3880 3063; x_wconf 90' lang='lat' dir='ltr'><strong>quid</strong></span> 
     </span>
    </p>
   </div>
   <div class='ocr_carea' id='block_1_57' title="bbox 2305 3072 3880 3154">
    <p class='ocr_par' dir='ltr' id='par_1_57' title="bbox 2305 3072 3880 3154">
     <span class='ocr_line' id='line_1_57' title="bbox 2305 3072 3880 3154; baseline 0.007 -26"><span class='ocrx_word' id='word_1_418' title='bbox 2305 3072 2373 3128; x_wconf 88' lang='lat' dir='ltr'><strong>de</strong></span> <span class='ocrx_word' id='word_1_419' title='bbox 2402 3075 2758 3131; x_wconf 86' lang='lat' dir='ltr'><strong>conciliabulo</strong></span> <span class='ocrx_word' id='word_1_420' title='bbox 2783 3076 2894 3143; x_wconf 92' lang='lat' dir='ltr'><strong>illo,</strong></span> <span class='ocrx_word' id='word_1_421' title='bbox 2917 3077 3002 3133; x_wconf 81' lang='lat' dir='ltr'><strong>vel</strong></span> <span class='ocrx_word' id='word_1_422' title='bbox 3033 3078 3273 3148; x_wconf 83' lang='lat' dir='ltr'><strong>profanis</strong></span> <span class='ocrx_word' id='word_1_423' title='bbox 3299 3080 3467 3150; x_wconf 87' lang='lat' dir='ltr'><strong>ipsius</strong></span> <span class='ocrx_word' id='word_1_424' title='bbox 3497 3083 3632 3137; x_wconf 86' lang='lat' dir='ltr'><strong>actis</strong></span> <span class='ocrx_word' id='word_1_425' title='bbox 3657 3099 3757 3154; x_wconf 90' lang='lat' dir='ltr'><strong>per</strong></span> <span class='ocrx_word' id='word_1_426' title='bbox 3787 3085 3880 3139; x_wconf 75' lang='lat' dir='ltr'><strong>mi~</strong></span> 
     </span>
    </p>
   </div>
   <div class='ocr_carea' id='block_1_58' title="bbox 619 3153 3878 3250">
    <p class='ocr_par' dir='ltr' id='par_1_58' title="bbox 619 3153 3878 3250">
     <span class='ocr_line' id='line_1_58' title="bbox 619 3153 3878 3250; baseline 0.002 -24"><span class='ocrx_word' id='word_1_427' title='bbox 619 3173 809 3227; x_wconf 67' lang='lat' dir='ltr'><strong>moria:</strong></span> <span class='ocrx_word' id='word_1_428' title='bbox 842 3172 1097 3227; x_wconf 89' lang='lat' dir='ltr'><strong>decessor</strong></span> <span class='ocrx_word' id='word_1_429' title='bbox 1131 3187 1284 3228; x_wconf 90' lang='lat' dir='ltr'><strong>meus</strong></span> <span class='ocrx_word' id='word_1_430' title='bbox 1313 3171 1567 3228; x_wconf 83' lang='lat' dir='ltr'><strong>Nicolaus</strong></span> <span class='ocrx_word' id='word_1_431' title='bbox 1591 3171 1752 3242; x_wconf 90' lang='lat' dir='ltr'><strong>hujus</strong></span> <span class='ocrx_word' id='word_1_432' title='bbox 1780 3173 2088 3242; x_wconf 62' lang='lat' dir='ltr'><strong>apostolicae</strong></span> <span class='ocrx_word' id='word_1_433' title='bbox 2119 3189 2203 3228; x_wconf 79' lang='lat' dir='ltr'><strong>se-</strong></span> <span class='ocrx_word' id='word_1_434' title='bbox 2229 3153 2274 3215; x_wconf 72' lang='grc' dir='ltr'><strong>Ο</strong></span> <span class='ocrx_word' id='word_1_435' title='bbox 2306 3170 2590 3226; x_wconf 90' lang='lat' dir='ltr'><strong>nisterium</strong></span> <span class='ocrx_word' id='word_1_436' title='bbox 2616 3180 2860 3228; x_wconf 88' lang='lat' dir='ltr'><strong>nostrum</strong></span> <span class='ocrx_word' id='word_1_437' title='bbox 2897 3175 3116 3240; x_wconf 80' lang='lat' dir='ltr'><strong>existat,</strong></span> <span class='ocrx_word' id='word_1_438' title='bbox 3150 3175 3266 3231; x_wconf 88' lang='lat' dir='ltr'><strong>fore</strong></span> <span class='ocrx_word' id='word_1_439' title='bbox 3293 3153 3720 3244; x_wconf 86' lang='lat' dir='ltr'><strong>deliberandum,</strong></span> <span class='ocrx_word' id='word_1_440' title='bbox 3754 3180 3878 3250; x_wconf 88' lang='lat' dir='ltr'><strong>quid</strong></span> 
     </span>
    </p>
   </div>
   <div class='ocr_carea' id='block_1_59' title="bbox 617 3261 2204 3334">
    <p class='ocr_par' dir='ltr' id='par_1_59' title="bbox 617 3261 2204 3334">
     <span class='ocr_line' id='line_1_59' title="bbox 617 3261 2204 3334; baseline -0.001 -15"><span class='ocrx_word' id='word_1_441' title='bbox 617 3265 702 3320; x_wconf 89' lang='lat' dir='ltr'><strong>dis</strong></span> <span class='ocrx_word' id='word_1_442' title='bbox 729 3262 978 3330; x_wconf 89' lang='lat' dir='ltr'><strong>antistes,</strong></span> <span class='ocrx_word' id='word_1_443' title='bbox 1005 3261 1242 3318; x_wconf 90' lang='lat' dir='ltr'><strong>fraterna</strong></span> <span class='ocrx_word' id='word_1_444' title='bbox 1272 3263 1446 3319; x_wconf 92' lang='lat' dir='ltr'><strong>victus</strong></span> <span class='ocrx_word' id='word_1_445' title='bbox 1472 3262 1754 3329; x_wconf 88' lang='lat' dir='ltr'><strong>charitate,</strong></span> <span class='ocrx_word' id='word_1_446' title='bbox 1785 3264 1962 3334; x_wconf 90' lang='lat' dir='ltr'><strong>primo</strong></span> <span class='ocrx_word' id='word_1_447' title='bbox 1989 3264 2204 3333; x_wconf 90' lang='lat' dir='ltr'><strong>quidem</strong></span> 
     </span>
    </p>
   </div>
   <div class='ocr_carea' id='block_1_60' title="bbox 619 3354 2202 3428">
    <p class='ocr_par' dir='ltr' id='par_1_60' title="bbox 619 3354 2202 3428">
     <span class='ocr_line' id='line_1_60' title="bbox 619 3354 2202 3428; baseline -0.003 -14"><span class='ocrx_word' id='word_1_448' title='bbox 619 3373 726 3414; x_wconf 89' lang='lat' dir='ltr'><strong>non</strong></span> <span class='ocrx_word' id='word_1_449' title='bbox 774 3358 947 3414; x_wconf 88' lang='lat' dir='ltr'><strong>solum</strong></span> <span class='ocrx_word' id='word_1_450' title='bbox 993 3369 1090 3428; x_wconf 85' lang='lat' dir='ltr'><strong>per</strong></span> <span class='ocrx_word' id='word_1_451' title='bbox 1132 3358 1367 3424; x_wconf 90' lang='lat' dir='ltr'><strong>missos,</strong></span> <span class='ocrx_word' id='word_1_452' title='bbox 1427 3356 1521 3412; x_wconf 88' lang='lat' dir='ltr'><strong>sed</strong></span> <span class='ocrx_word' id='word_1_453' title='bbox 1561 3366 1615 3412; x_wconf 89' lang='lat' dir='ltr'><strong>et</strong></span> <span class='ocrx_word' id='word_1_454' title='bbox 1659 3365 1756 3425; x_wconf 87' lang='lat' dir='ltr'><strong>per</strong></span> <span class='ocrx_word' id='word_1_455' title='bbox 1801 3355 2008 3411; x_wconf 86' lang='lat' dir='ltr'><strong>litteras</strong></span> <span class='ocrx_word' id='word_1_456' title='bbox 2055 3354 2202 3410; x_wconf 87' lang='lat' dir='ltr'><strong>illum</strong></span> 
     </span>
    </p>
   </div>
   <div class='ocr_carea' id='block_1_61' title="bbox 619 3449 2205 3519">
    <p class='ocr_par' dir='ltr' id='par_1_61' title="bbox 619 3449 2205 3519">
     <span class='ocr_line' id='line_1_61' title="bbox 619 3449 2205 3519; baseline -0.001 -13"><span class='ocrx_word' id='word_1_457' title='bbox 619 3452 814 3506; x_wconf 87' lang='lat' dir='ltr'><strong>merito</strong></span> <span class='ocrx_word' id='word_1_458' title='bbox 867 3451 1303 3519; x_wconf 87' lang='lat' dir='ltr'><strong>reprehendens,</strong></span> <span class='ocrx_word' id='word_1_459' title='bbox 1361 3456 1732 3518; x_wconf 74' lang='lat' dir='ltr'><strong>competenter</strong></span> <span class='ocrx_word' id='word_1_460' title='bbox 1781 3449 2102 3516; x_wconf 85' lang='lat' dir='ltr'><strong>admonuit,</strong></span> <span class='ocrx_word' id='word_1_461' title='bbox 2149 3456 2205 3504; x_wconf 87' lang='lat' dir='ltr'><strong>et</strong></span> 
     </span>
    </p>
   </div>
   <div class='ocr_carea' id='block_1_62' title="bbox 619 3539 2206 3611">
    <p class='ocr_par' dir='ltr' id='par_1_62' title="bbox 619 3539 2206 3611">
     <span class='ocr_line' id='line_1_62' title="bbox 619 3539 2206 3611; baseline 0.001 -15"><span class='ocrx_word' id='word_1_462' title='bbox 619 3539 768 3596; x_wconf 90' lang='lat' dir='ltr'><strong>nullo</strong></span> <span class='ocrx_word' id='word_1_463' title='bbox 815 3557 876 3596; x_wconf 77' lang='lat' dir='ltr'><strong>se</strong></span> <span class='ocrx_word' id='word_1_464' title='bbox 926 3550 1086 3611; x_wconf 89' lang='lat' dir='ltr'><strong>pacto</strong></span> <span class='ocrx_word' id='word_1_465' title='bbox 1119 3541 1174 3596; x_wconf 91' lang='lat' dir='ltr'><strong>in</strong></span> <span class='ocrx_word' id='word_1_466' title='bbox 1205 3541 1324 3611; x_wconf 87' lang='lat' dir='ltr'><strong>ejus</strong></span> <span class='ocrx_word' id='word_1_467' title='bbox 1376 3555 1536 3609; x_wconf 91' lang='lat' dir='ltr'><strong>posse</strong></span> <span class='ocrx_word' id='word_1_468' title='bbox 1579 3542 1918 3610; x_wconf 90' lang='lat' dir='ltr'><strong>promutioue</strong></span> <span class='ocrx_word' id='word_1_469' title='bbox 1963 3542 2206 3610; x_wconf 75' lang='lat' dir='ltr'><strong>praebere</strong></span> 
     </span>
    </p>
   </div>
   <div class='ocr_carea' id='block_1_63' title="bbox 617 3623 2204 3697">
    <p class='ocr_par' dir='ltr' id='par_1_63' title="bbox 617 3623 2204 3697">
     <span class='ocr_line' id='line_1_63' title="bbox 617 3623 2204 3697; baseline -0.001 -12"><span class='ocrx_word' id='word_1_470' title='bbox 617 3643 971 3690; x_wconf 88' lang='lat' dir='ltr'><strong>consensum,</strong></span> <span class='ocrx_word' id='word_1_471' title='bbox 1005 3627 1222 3696; x_wconf 86' lang='lat' dir='ltr'><strong>scriptis</strong></span> <span class='ocrx_word' id='word_1_472' title='bbox 1269 3625 1480 3682; x_wconf 89' lang='lat' dir='ltr'><strong>idoneis</strong></span> <span class='ocrx_word' id='word_1_473' title='bbox 1525 3625 1799 3697; x_wconf 68' lang='lat' dir='ltr'><strong>patefecit.</strong></span> <span class='ocrx_word' id='word_1_474' title='bbox 1849 3623 2052 3682; x_wconf 86' lang='lat' dir='ltr'><strong>Deinde</strong></span> <span class='ocrx_word' id='word_1_475' title='bbox 2078 3642 2204 3683; x_wconf 88' lang='lat' dir='ltr'><strong>vero</strong></span> 
     </span>
    </p>
   </div>
   <div class='ocr_carea' id='block_1_64' title="bbox 618 3714 2204 3788">
    <p class='ocr_par' dir='ltr' id='par_1_64' title="bbox 618 3714 2204 3788">
     <span class='ocr_line' id='line_1_64' title="bbox 618 3714 2204 3788; baseline 0.001 -16"><span class='ocrx_word' id='word_1_476' title='bbox 618 3717 836 3773; x_wconf 90' lang='lat' dir='ltr'><strong>intuens</strong></span> <span class='ocrx_word' id='word_1_477' title='bbox 875 3715 1011 3771; x_wconf 90' lang='lat' dir='ltr'><strong>nihil</strong></span> <span class='ocrx_word' id='word_1_478' title='bbox 1055 3731 1115 3771; x_wconf 91' lang='lat' dir='ltr'><strong>se</strong></span> <span class='ocrx_word' id='word_1_479' title='bbox 1151 3714 1449 3784; x_wconf 86' lang='lat' dir='ltr'><strong>proiicere,</strong></span> <span class='ocrx_word' id='word_1_480' title='bbox 1494 3715 1588 3770; x_wconf 88' lang='lat' dir='ltr'><strong>sed</strong></span> <span class='ocrx_word' id='word_1_481' title='bbox 1616 3716 1788 3787; x_wconf 86' lang='lat' dir='ltr'><strong>magis</strong></span> <span class='ocrx_word' id='word_1_482' title='bbox 1828 3731 1892 3772; x_wconf 89' lang='lat' dir='ltr'><strong>ac</strong></span> <span class='ocrx_word' id='word_1_483' title='bbox 1931 3718 2102 3788; x_wconf 85' lang='lat' dir='ltr'><strong>magis</strong></span> <span class='ocrx_word' id='word_1_484' title='bbox 2136 3719 2204 3773; x_wconf 90' lang='lat' dir='ltr'><strong>ad</strong></span> 
     </span>
    </p>
   </div>
   <div class='ocr_carea' id='block_1_65' title="bbox 617 3803 2201 3876">
    <p class='ocr_par' dir='ltr' id='par_1_65' title="bbox 617 3803 2201 3876">
     <span class='ocr_line' id='line_1_65' title="bbox 617 3803 2201 3876; baseline 0.002 -16"><span class='ocrx_word' id='word_1_485' title='bbox 617 3805 878 3860; x_wconf 88' lang='lat' dir='ltr'><strong>ulteriora</strong></span> <span class='ocrx_word' id='word_1_486' title='bbox 902 3803 1020 3875; x_wconf 87' lang='lat' dir='ltr'><strong>ejus</strong></span> <span class='ocrx_word' id='word_1_487' title='bbox 1044 3804 1264 3859; x_wconf 80' lang='lat' dir='ltr'><strong>extendi</strong></span> <span class='ocrx_word' id='word_1_488' title='bbox 1291 3805 1657 3876; x_wconf 84' lang='lat' dir='ltr'><strong>tyrannidem,</strong></span> <span class='ocrx_word' id='word_1_489' title='bbox 1684 3803 2010 3862; x_wconf 87' lang='lat' dir='ltr'><strong>auctoritate</strong></span> <span class='ocrx_word' id='word_1_490' title='bbox 2037 3805 2201 3863; x_wconf 91' lang='lat' dir='ltr'><strong>simul</strong></span> 
     </span>
    </p>
   </div>
   <div class='ocr_carea' id='block_1_66' title="bbox 618 3883 2202 3964">
    <p class='ocr_par' dir='ltr' id='par_1_66' title="bbox 618 3883 2202 3964">
     <span class='ocr_line' id='line_1_66' title="bbox 618 3883 2202 3964; baseline 0.001 -15"><span class='ocrx_word' id='word_1_491' title='bbox 618 3893 800 3949; x_wconf 88' lang='lat' dir='ltr'><strong>divina</strong></span> <span class='ocrx_word' id='word_1_492' title='bbox 846 3900 902 3948; x_wconf 93' lang='lat' dir='ltr'><strong>et</strong></span> <span class='ocrx_word' id='word_1_493' title='bbox 948 3891 1249 3964; x_wconf 83' lang='lat' dir='ltr'><strong>apostolica</strong></span> <span class='ocrx_word' id='word_1_494' title='bbox 1293 3883 1497 3957; x_wconf 83' lang='lat' dir='ltr'><strong>fretus,</strong></span> <span class='ocrx_word' id='word_1_495' title='bbox 1547 3893 1692 3948; x_wconf 85' lang='lat' dir='ltr'><strong>sedis</strong></span> <span class='ocrx_word' id='word_1_496' title='bbox 1739 3893 2067 3964; x_wconf 61' lang='lat' dir='ltr'><strong>apostolicae,</strong></span> <span class='ocrx_word' id='word_1_497' title='bbox 2115 3896 2202 3951; x_wconf 91' lang='lat' dir='ltr'><strong>cui</strong></span> 
     </span>
    </p>
   </div>
   <div class='ocr_carea' id='block_1_67' title="bbox 617 3979 2202 4055">
    <p class='ocr_par' dir='ltr' id='par_1_67' title="bbox 617 3979 2202 4055">
     <span class='ocr_line' id='line_1_67' title="bbox 617 3979 2202 4055; baseline 0.002 -19"><span class='ocrx_word' id='word_1_498' title='bbox 617 3981 962 4054; x_wconf 65' lang='lat' dir='ltr'><strong>praesidebat,</strong></span> <span class='ocrx_word' id='word_1_499' title='bbox 1002 3979 1316 4052; x_wconf 85' lang='lat' dir='ltr'><strong>pontiﬁcum</strong></span> <span class='ocrx_word' id='word_1_500' title='bbox 1360 3993 1568 4036; x_wconf 89' lang='lat' dir='ltr'><strong>morem</strong></span> <span class='ocrx_word' id='word_1_501' title='bbox 1610 3989 1851 4048; x_wconf 89' lang='lat' dir='ltr'><strong>secutus,</strong></span> <span class='ocrx_word' id='word_1_502' title='bbox 1882 3983 1936 4037; x_wconf 76' lang='lat' dir='ltr'><strong>in</strong></span> <span class='ocrx_word' id='word_1_503' title='bbox 1961 3994 2202 4055; x_wconf 84' lang='lat' dir='ltr'><strong>promptu</strong></span> 
     </span>
    </p>
   </div>
   <div class='ocr_carea' id='block_1_68' title="bbox 616 4071 2202 4145">
    <p class='ocr_par' dir='ltr' id='par_1_68' title="bbox 616 4071 2202 4145">
     <span class='ocr_line' id='line_1_68' title="bbox 616 4071 2202 4145; baseline 0.001 -17"><span class='ocrx_word' id='word_1_504' title='bbox 616 4072 833 4139; x_wconf 79' lang='lat' dir='ltr'><strong>habens,</strong></span> <span class='ocrx_word' id='word_1_505' title='bbox 863 4072 1156 4129; x_wconf 85' lang='lat' dir='ltr'><strong>secundum</strong></span> <span class='ocrx_word' id='word_1_506' title='bbox 1175 4071 1513 4143; x_wconf 83' lang='lat' dir='ltr'><strong>Apostolum,</strong></span> <span class='ocrx_word' id='word_1_507' title='bbox 1541 4080 1744 4127; x_wconf 75' lang='lat' dir='ltr'><strong>onmem</strong></span> <span class='ocrx_word' id='word_1_508' title='bbox 1774 4072 1956 4127; x_wconf 70' lang='lat' dir='ltr'><strong>ulcisci</strong></span> <span class='ocrx_word' id='word_1_509' title='bbox 1986 4091 2202 4145; x_wconf 79' lang='lat' dir='ltr'><strong>prorsus</strong></span> 
     </span>
    </p>
   </div>
   <div class='ocr_carea' id='block_1_69' title="bbox 617 4160 2202 4237">
    <p class='ocr_par' dir='ltr' id='par_1_69' title="bbox 617 4160 2202 4237">
     <span class='ocr_line' id='line_1_69' title="bbox 617 4160 2202 4237; baseline 0.004 -19"><span class='ocrx_word' id='word_1_510' title='bbox 617 4165 1024 4220; x_wconf 82' lang='lat' dir='ltr'><strong>inobedientiam</strong></span> <span class='ocrx_word' id='word_1_511' title='bbox 1056 4160 1143 4237; x_wconf 86' lang='lat' dir='ltr'><strong>(II</strong></span> <span class='ocrx_word' id='word_1_512' title='bbox 1177 4160 1301 4219; x_wconf 87' lang='lat' dir='ltr'><strong>Cor.</strong></span> <span class='ocrx_word' id='word_1_513' title='bbox 1340 4163 1436 4235; x_wconf 80' lang='lat' dir='ltr'><strong>x);</strong></span> <span class='ocrx_word' id='word_1_514' title='bbox 1484 4166 1628 4221; x_wconf 91' lang='lat' dir='ltr'><strong>hunc</strong></span> <span class='ocrx_word' id='word_1_515' title='bbox 1667 4166 1733 4220; x_wconf 88' lang='lat' dir='ltr'><strong>ad</strong></span> <span class='ocrx_word' id='word_1_516' title='bbox 1765 4167 2091 4222; x_wconf 89' lang='lat' dir='ltr'><strong>erectionem</strong></span> <span class='ocrx_word' id='word_1_517' title='bbox 2133 4169 2202 4224; x_wconf 91' lang='lat' dir='ltr'><strong>ab</strong></span> 
     </span>
    </p>
   </div>
   <div class='ocr_carea' id='block_1_70' title="bbox 616 4247 2203 4324">
    <p class='ocr_par' dir='ltr' id='par_1_70' title="bbox 616 4247 2203 4324">
     <span class='ocr_line' id='line_1_70' title="bbox 616 4247 2203 4324; baseline 0.001 -14"><span class='ocrx_word' id='word_1_518' title='bbox 616 4269 686 4310; x_wconf 91' lang='lat' dir='ltr'><strong>eo</strong></span> <span class='ocrx_word' id='word_1_519' title='bbox 709 4255 986 4322; x_wconf 88' lang='lat' dir='ltr'><strong>elisorum,</strong></span> <span class='ocrx_word' id='word_1_520' title='bbox 1017 4262 1071 4310; x_wconf 90' lang='lat' dir='ltr'><strong>et</strong></span> <span class='ocrx_word' id='word_1_521' title='bbox 1101 4253 1573 4309; x_wconf 89' lang='lat' dir='ltr'><strong>innumerabilium</strong></span> <span class='ocrx_word' id='word_1_522' title='bbox 1612 4247 1952 4324; x_wconf 84' lang='lat' dir='ltr'><strong>refrigerium</strong></span> <span class='ocrx_word' id='word_1_523' title='bbox 1979 4252 2203 4312; x_wconf 83' lang='lat' dir='ltr'><strong>amictu-</strong></span> 
     </span>
    </p>
   </div>
   <div class='ocr_carea' id='block_1_71' title="bbox 619 4341 2202 4418">
    <p class='ocr_par' dir='ltr' id='par_1_71' title="bbox 619 4341 2202 4418">
     <span class='ocr_line' id='line_1_71' title="bbox 619 4341 2202 4418; baseline -0.003 -16"><span class='ocrx_word' id='word_1_524' title='bbox 619 4362 762 4412; x_wconf 90' lang='lat' dir='ltr'><strong>rum,</strong></span> <span class='ocrx_word' id='word_1_525' title='bbox 788 4343 1024 4418; x_wconf 84' lang='lat' dir='ltr'><strong>regulari</strong></span> <span class='ocrx_word' id='word_1_526' title='bbox 1062 4343 1352 4409; x_wconf 87' lang='lat' dir='ltr'><strong>sententia,</strong></span> <span class='ocrx_word' id='word_1_527' title='bbox 1378 4343 1525 4414; x_wconf 87' lang='lat' dir='ltr'><strong>quia,</strong></span> <span class='ocrx_word' id='word_1_528' title='bbox 1553 4341 1694 4398; x_wconf 88' lang='lat' dir='ltr'><strong>sicut</strong></span> <span class='ocrx_word' id='word_1_529' title='bbox 1733 4342 1835 4412; x_wconf 91' lang='lat' dir='ltr'><strong>ipsi</strong></span> <span class='ocrx_word' id='word_1_530' title='bbox 1863 4344 2055 4409; x_wconf 90' lang='lat' dir='ltr'><strong>nostis,</strong></span> <span class='ocrx_word' id='word_1_531' title='bbox 2081 4354 2202 4400; x_wconf 84' lang='lat' dir='ltr'><strong>cor-</strong></span> 
     </span>
    </p>
   </div>
   <div class='ocr_carea' id='block_1_72' title="bbox 620 4432 2200 4508">
    <p class='ocr_par' dir='ltr' id='par_1_72' title="bbox 620 4432 2200 4508">
     <span class='ocr_line' id='line_1_72' title="bbox 620 4432 2200 4508; baseline 0 -17"><span class='ocrx_word' id='word_1_532' title='bbox 620 4437 798 4508; x_wconf 91' lang='lat' dir='ltr'><strong>rigere</strong></span> <span class='ocrx_word' id='word_1_533' title='bbox 835 4451 942 4490; x_wconf 93' lang='lat' dir='ltr'><strong>non</strong></span> <span class='ocrx_word' id='word_1_534' title='bbox 968 4435 1163 4504; x_wconf 91' lang='lat' dir='ltr'><strong>potuit,</strong></span> <span class='ocrx_word' id='word_1_535' title='bbox 1193 4432 1514 4504; x_wconf 88' lang='lat' dir='ltr'><strong>deponendo</strong></span> <span class='ocrx_word' id='word_1_536' title='bbox 1549 4432 1859 4503; x_wconf 87' lang='lat' dir='ltr'><strong>prostravit,</strong></span> <span class='ocrx_word' id='word_1_537' title='bbox 1888 4445 1944 4488; x_wconf 91' lang='lat' dir='ltr'><strong>et</strong></span> <span class='ocrx_word' id='word_1_538' title='bbox 1977 4435 2200 4491; x_wconf 84' lang='lat' dir='ltr'><strong>anathe-</strong></span> 
     </span>
    </p>
   </div>
   <div class='ocr_carea' id='block_1_73' title="bbox 619 4519 2200 4592">
    <p class='ocr_par' dir='ltr' id='par_1_73' title="bbox 619 4519 2200 4592">
     <span class='ocr_line' id='line_1_73' title="bbox 619 4519 2200 4592; baseline 0 -11"><span class='ocrx_word' id='word_1_539' title='bbox 619 4523 928 4582; x_wconf 86' lang='lat' dir='ltr'><strong>matizando</strong></span> <span class='ocrx_word' id='word_1_540' title='bbox 963 4524 1030 4578; x_wconf 90' lang='lat' dir='ltr'><strong>ab</strong></span> <span class='ocrx_word' id='word_1_541' title='bbox 1060 4522 1272 4587; x_wconf 89' lang='lat' dir='ltr'><strong>ordine,</strong></span> <span class='ocrx_word' id='word_1_542' title='bbox 1320 4535 1482 4592; x_wconf 87' lang='lat' dir='ltr'><strong>quem</strong></span> <span class='ocrx_word' id='word_1_543' title='bbox 1519 4519 1744 4576; x_wconf 86' lang='lat' dir='ltr'><strong>latronis</strong></span> <span class='ocrx_word' id='word_1_544' title='bbox 1786 4529 1937 4576; x_wconf 78' lang='lat' dir='ltr'><strong>more</strong></span> <span class='ocrx_word' id='word_1_545' title='bbox 1978 4524 2200 4581; x_wconf 85' lang='lat' dir='ltr'><strong>sortitus</strong></span> 
     </span>
    </p>
   </div>
   <div class='ocr_carea' id='block_1_74' title="bbox 620 4609 2199 4683">
    <p class='ocr_par' dir='ltr' id='par_1_74' title="bbox 620 4609 2199 4683">
     <span class='ocr_line' id='line_1_74' title="bbox 620 4609 2199 4683; baseline 0.001 -14"><span class='ocrx_word' id='word_1_546' title='bbox 620 4614 816 4681; x_wconf 90' lang='lat' dir='ltr'><strong>fuerat,</strong></span> <span class='ocrx_word' id='word_1_547' title='bbox 863 4611 1241 4683; x_wconf 86' lang='lat' dir='ltr'><strong>sequestravit.</strong></span> <span class='ocrx_word' id='word_1_548' title='bbox 1279 4609 1444 4682; x_wconf 86' lang='lat' dir='ltr'><strong>Cujus</strong></span> <span class='ocrx_word' id='word_1_549' title='bbox 1472 4611 1550 4666; x_wconf 85' lang='lat' dir='ltr'><strong>rei</strong></span> <span class='ocrx_word' id='word_1_550' title='bbox 1579 4609 1756 4680; x_wconf 88' lang='lat' dir='ltr'><strong>gratia</strong></span> <span class='ocrx_word' id='word_1_551' title='bbox 1802 4609 1945 4667; x_wconf 91' lang='lat' dir='ltr'><strong>idem</strong></span> <span class='ocrx_word' id='word_1_552' title='bbox 1973 4611 2199 4671; x_wconf 88' lang='lat' dir='ltr'><strong>Photius</strong></span> 
     </span>
    </p>
   </div>
   <div class='ocr_carea' id='block_1_75' title="bbox 622 4701 2200 4774">
    <p class='ocr_par' dir='ltr' id='par_1_75' title="bbox 622 4701 2200 4774">
     <span class='ocr_line' id='line_1_75' title="bbox 622 4701 2200 4774; baseline 0 -15"><span class='ocrx_word' id='word_1_553' title='bbox 622 4707 1004 4768; x_wconf 84' lang='lat' dir='ltr'><strong>inﬂammatus,</strong></span> <span class='ocrx_word' id='word_1_554' title='bbox 1037 4717 1142 4756; x_wconf 92' lang='lat' dir='ltr'><strong>non</strong></span> <span class='ocrx_word' id='word_1_555' title='bbox 1172 4701 1346 4755; x_wconf 93' lang='lat' dir='ltr'><strong>solum</strong></span> <span class='ocrx_word' id='word_1_556' title='bbox 1377 4716 1484 4756; x_wconf 91' lang='lat' dir='ltr'><strong>non</strong></span> <span class='ocrx_word' id='word_1_557' title='bbox 1510 4709 1596 4757; x_wconf 91' lang='lat' dir='ltr'><strong>est</strong></span> <span class='ocrx_word' id='word_1_558' title='bbox 1638 4715 1891 4758; x_wconf 88' lang='lat' dir='ltr'><strong>reversus</strong></span> <span class='ocrx_word' id='word_1_559' title='bbox 1913 4704 1981 4760; x_wconf 90' lang='lat' dir='ltr'><strong>ad</strong></span> <span class='ocrx_word' id='word_1_560' title='bbox 2011 4719 2200 4774; x_wconf 79' lang='lat' dir='ltr'><strong>percu-</strong></span> 
     </span>
    </p>
   </div>
   <div class='ocr_carea' id='block_1_76' title="bbox 621 4787 2199 4858">
    <p class='ocr_par' dir='ltr' id='par_1_76' title="bbox 621 4787 2199 4858">
     <span class='ocr_line' id='line_1_76' title="bbox 621 4787 2199 4858; baseline 0.001 -11"><span class='ocrx_word' id='word_1_561' title='bbox 621 4793 846 4848; x_wconf 88' lang='lat' dir='ltr'><strong>tieutem</strong></span> <span class='ocrx_word' id='word_1_562' title='bbox 877 4804 956 4855; x_wconf 91' lang='lat' dir='ltr'><strong>se,</strong></span> <span class='ocrx_word' id='word_1_563' title='bbox 985 4787 1242 4844; x_wconf 89' lang='lat' dir='ltr'><strong>nimirum</strong></span> <span class='ocrx_word' id='word_1_564' title='bbox 1271 4789 1361 4858; x_wconf 88' lang='lat' dir='ltr'><strong>qui</strong></span> <span class='ocrx_word' id='word_1_565' title='bbox 1391 4788 1576 4844; x_wconf 89' lang='lat' dir='ltr'><strong>durior</strong></span> <span class='ocrx_word' id='word_1_566' title='bbox 1603 4788 1752 4846; x_wconf 86' lang='lat' dir='ltr'><strong>silice</strong></span> <span class='ocrx_word' id='word_1_567' title='bbox 1785 4804 1886 4846; x_wconf 90' lang='lat' dir='ltr'><strong>uec</strong></span> <span class='ocrx_word' id='word_1_568' title='bbox 1916 4793 2050 4847; x_wconf 90' lang='lat' dir='ltr'><strong>dura</strong></span> <span class='ocrx_word' id='word_1_569' title='bbox 2081 4805 2199 4848; x_wconf 88' lang='lat' dir='ltr'><strong>ver-</strong></span> 
     </span>
    </p>
   </div>
   <div class='ocr_carea' id='block_1_77' title="bbox 620 4877 2198 4954">
    <p class='ocr_par' dir='ltr' id='par_1_77' title="bbox 620 4877 2198 4954">
     <span class='ocr_line' id='line_1_77' title="bbox 620 4877 2198 4954; baseline 0.001 -15"><span class='ocrx_word' id='word_1_570' title='bbox 620 4883 751 4939; x_wconf 89' lang='lat' dir='ltr'><strong>bera</strong></span> <span class='ocrx_word' id='word_1_571' title='bbox 783 4880 974 4946; x_wconf 88' lang='lat' dir='ltr'><strong>sensit,</strong></span> <span class='ocrx_word' id='word_1_572' title='bbox 1017 4887 1074 4935; x_wconf 89' lang='lat' dir='ltr'><strong>et</strong></span> <span class='ocrx_word' id='word_1_573' title='bbox 1116 4878 1356 4934; x_wconf 88' lang='lat' dir='ltr'><strong>imitatus</strong></span> <span class='ocrx_word' id='word_1_574' title='bbox 1402 4877 1694 4948; x_wconf 90' lang='lat' dir='ltr'><strong>diabolum,</strong></span> <span class='ocrx_word' id='word_1_575' title='bbox 1723 4897 1826 4938; x_wconf 92' lang='lat' dir='ltr'><strong>nec</strong></span> <span class='ocrx_word' id='word_1_576' title='bbox 1857 4892 2139 4954; x_wconf 86' lang='lat' dir='ltr'><strong>postquam</strong></span> <span class='ocrx_word' id='word_1_577' title='bbox 2167 4895 2198 4941; x_wconf 85' lang='lat' dir='ltr'><strong>e</strong></span> 
     </span>
    </p>
   </div>
   <div class='ocr_carea' id='block_1_78' title="bbox 619 4970 2200 5043">
    <p class='ocr_par' dir='ltr' id='par_1_78' title="bbox 619 4970 2200 5043">
     <span class='ocr_line' id='line_1_78' title="bbox 619 4970 2200 5043; baseline 0 -12"><span class='ocrx_word' id='word_1_578' title='bbox 619 4973 762 5031; x_wconf 83' lang='lat' dir='ltr'><strong>ccelo</strong></span> <span class='ocrx_word' id='word_1_579' title='bbox 800 4970 1016 5043; x_wconf 89' lang='lat' dir='ltr'><strong>cecidit,</strong></span> <span class='ocrx_word' id='word_1_580' title='bbox 1059 4970 1342 5042; x_wconf 86' lang='lat' dir='ltr'><strong>superbire</strong></span> <span class='ocrx_word' id='word_1_581' title='bbox 1384 4972 1638 5038; x_wconf 88' lang='lat' dir='ltr'><strong>cessavit,</strong></span> <span class='ocrx_word' id='word_1_582' title='bbox 1668 4988 1851 5029; x_wconf 91' lang='lat' dir='ltr'><strong>verum</strong></span> <span class='ocrx_word' id='word_1_583' title='bbox 1881 4976 2042 5031; x_wconf 84' lang='lat' dir='ltr'><strong>etiam</strong></span> <span class='ocrx_word' id='word_1_584' title='bbox 2070 4989 2200 5031; x_wconf 89' lang='lat' dir='ltr'><strong>cou-</strong></span> 
     </span>
    </p>
   </div>
   <div class='ocr_carea' id='block_1_79' title="bbox 619 5059 2196 5137">
    <p class='ocr_par' dir='ltr' id='par_1_79' title="bbox 619 5059 2196 5137">
     <span class='ocr_line' id='line_1_79' title="bbox 619 5059 2196 5137; baseline 0 -16"><span class='ocrx_word' id='word_1_585' title='bbox 619 5063 888 5121; x_wconf 89' lang='lat' dir='ltr'><strong>venticula</strong></span> <span class='ocrx_word' id='word_1_586' title='bbox 922 5059 1276 5134; x_wconf 87' lang='lat' dir='ltr'><strong>malignorum</strong></span> <span class='ocrx_word' id='word_1_587' title='bbox 1307 5076 1450 5133; x_wconf 69' lang='lat' dir='ltr'><strong>saepe</strong></span> <span class='ocrx_word' id='word_1_588' title='bbox 1482 5077 1837 5135; x_wconf 87' lang='lat' dir='ltr'><strong>congregans,</strong></span> <span class='ocrx_word' id='word_1_589' title='bbox 1868 5080 2196 5137; x_wconf 88' lang='lat' dir='ltr'><strong>synagogam</strong></span> 
     </span>
    </p>
   </div>
   <div class='ocr_carea' id='block_1_80' title="bbox 619 5151 2193 5227">
    <p class='ocr_par' dir='ltr' id='par_1_80' title="bbox 619 5151 2193 5227">
     <span class='ocr_line' id='line_1_80' title="bbox 619 5151 2193 5227; baseline -0.001 -15"><span class='ocrx_word' id='word_1_590' title='bbox 619 5156 965 5227; x_wconf 86' lang='lat' dir='ltr'><strong>sanguinum,</strong></span> <span class='ocrx_word' id='word_1_591' title='bbox 989 5153 1076 5210; x_wconf 92' lang='lat' dir='ltr'><strong>cui</strong></span> <span class='ocrx_word' id='word_1_592' title='bbox 1107 5159 1166 5207; x_wconf 93' lang='lat' dir='ltr'><strong>ut</strong></span> <span class='ocrx_word' id='word_1_593' title='bbox 1193 5153 1443 5223; x_wconf 89' lang='lat' dir='ltr'><strong>princeps</strong></span> <span class='ocrx_word' id='word_1_594' title='bbox 1481 5151 1748 5208; x_wconf 84' lang='lat' dir='ltr'><strong>latronum</strong></span> <span class='ocrx_word' id='word_1_595' title='bbox 1782 5153 1896 5223; x_wconf 90' lang='lat' dir='ltr'><strong>ipse</strong></span> <span class='ocrx_word' id='word_1_596' title='bbox 1923 5156 2193 5223; x_wconf 63' lang='lat' dir='ltr'><strong>praesedit,</strong></span> 
     </span>
    </p>
   </div>
   <div class='ocr_carea' id='block_1_81' title="bbox 618 5245 2192 5319">
    <p class='ocr_par' dir='ltr' id='par_1_81' title="bbox 618 5245 2192 5319">
     <span class='ocr_line' id='line_1_81' title="bbox 618 5245 2192 5319; baseline -0.002 -14"><span class='ocrx_word' id='word_1_597' title='bbox 618 5249 951 5319; x_wconf 80' lang='lat' dir='ltr'><strong>collegitzet</strong></span> <span class='ocrx_word' id='word_1_598' title='bbox 997 5254 1126 5300; x_wconf 89' lang='lat' dir='ltr'><strong>ante</strong></span> <span class='ocrx_word' id='word_1_599' title='bbox 1170 5247 1410 5315; x_wconf 90' lang='lat' dir='ltr'><strong>quidem,</strong></span> <span class='ocrx_word' id='word_1_600' title='bbox 1443 5255 1503 5299; x_wconf 94' lang='lat' dir='ltr'><strong>ut</strong></span> <span class='ocrx_word' id='word_1_601' title='bbox 1538 5245 1866 5300; x_wconf 72' lang='lat' dir='ltr'><strong>saevissimus</strong></span> <span class='ocrx_word' id='word_1_602' title='bbox 1909 5246 2192 5315; x_wconf 86' lang='lat' dir='ltr'><strong>patricida,</strong></span> 
     </span>
    </p>
   </div>
   <div class='ocr_carea' id='block_1_82' title="bbox 619 5335 2194 5409">
    <p class='ocr_par' dir='ltr' id='par_1_82' title="bbox 619 5335 2194 5409">
     <span class='ocr_line' id='line_1_82' title="bbox 619 5335 2194 5409; baseline 0 -17"><span class='ocrx_word' id='word_1_603' title='bbox 619 5346 829 5409; x_wconf 87' lang='lat' dir='ltr'><strong>patrem</strong></span> <span class='ocrx_word' id='word_1_604' title='bbox 875 5351 1033 5391; x_wconf 90' lang='lat' dir='ltr'><strong>suum</strong></span> <span class='ocrx_word' id='word_1_605' title='bbox 1073 5335 1337 5404; x_wconf 90' lang='lat' dir='ltr'><strong>lgnatium</strong></span> <span class='ocrx_word' id='word_1_606' title='bbox 1405 5335 1913 5390; x_wconf 84' lang='lat' dir='ltr'><strong>reverendissimum</strong></span> <span class='ocrx_word' id='word_1_607' title='bbox 1965 5338 2194 5406; x_wconf 83' lang='lat' dir='ltr'><strong>patriar-</strong></span> 
     </span>
    </p>
   </div>
   <div class='ocr_carea' id='block_1_83' title="bbox 617 5426 2191 5499">
    <p class='ocr_par' dir='ltr' id='par_1_83' title="bbox 617 5426 2191 5499">
     <span class='ocr_line' id='line_1_83' title="bbox 617 5426 2191 5499; baseline -0.001 -13"><span class='ocrx_word' id='word_1_608' title='bbox 617 5430 777 5486; x_wconf 90' lang='lat' dir='ltr'><strong>cham</strong></span> <span class='ocrx_word' id='word_1_609' title='bbox 801 5426 1078 5499; x_wconf 90' lang='lat' dir='ltr'><strong>proprium</strong></span> <span class='ocrx_word' id='word_1_610' title='bbox 1115 5426 1360 5495; x_wconf 90' lang='lat' dir='ltr'><strong>perculit,</strong></span> <span class='ocrx_word' id='word_1_611' title='bbox 1385 5433 1440 5482; x_wconf 89' lang='lat' dir='ltr'><strong>et</strong></span> <span class='ocrx_word' id='word_1_612' title='bbox 1464 5427 1531 5481; x_wconf 89' lang='lat' dir='ltr'><strong>ad</strong></span> <span class='ocrx_word' id='word_1_613' title='bbox 1557 5427 1730 5483; x_wconf 89' lang='lat' dir='ltr'><strong>lucem</strong></span> <span class='ocrx_word' id='word_1_614' title='bbox 1757 5427 2058 5497; x_wconf 88' lang='lat' dir='ltr'><strong>pervenire,</strong></span> <span class='ocrx_word' id='word_1_615' title='bbox 2091 5429 2191 5484; x_wconf 90' lang='lat' dir='ltr'><strong>nisi</strong></span> 
     </span>
    </p>
   </div>
   <div class='ocr_carea' id='block_1_84' title="bbox 617 5516 2194 5588">
    <p class='ocr_par' dir='ltr' id='par_1_84' title="bbox 617 5516 2194 5588">
     <span class='ocr_line' id='line_1_84' title="bbox 617 5516 2194 5588; baseline -0.001 -11"><span class='ocrx_word' id='word_1_616' title='bbox 617 5519 976 5577; x_wconf 79' lang='lat' dir='ltr'><strong>esstinctione</strong></span> <span class='ocrx_word' id='word_1_617' title='bbox 1013 5517 1276 5588; x_wconf 87' lang='lat' dir='ltr'><strong>parentis,</strong></span> <span class='ocrx_word' id='word_1_618' title='bbox 1309 5533 1467 5588; x_wconf 88' lang='lat' dir='ltr'><strong>posse</strong></span> <span class='ocrx_word' id='word_1_619' title='bbox 1493 5516 1806 5588; x_wconf 88' lang='lat' dir='ltr'><strong>desperans,</strong></span> <span class='ocrx_word' id='word_1_620' title='bbox 1839 5520 1981 5575; x_wconf 90' lang='lat' dir='ltr'><strong>hunc</strong></span> <span class='ocrx_word' id='word_1_621' title='bbox 2023 5520 2194 5576; x_wconf 91' lang='lat' dir='ltr'><strong>instar</strong></span> 
     </span>
    </p>
   </div>
   <div class='ocr_carea' id='block_1_85' title="bbox 617 5607 2188 5679">
    <p class='ocr_par' dir='ltr' id='par_1_85' title="bbox 617 5607 2188 5679">
     <span class='ocr_line' id='line_1_85' title="bbox 617 5607 2188 5679; baseline 0.003 -17"><span class='ocrx_word' id='word_1_622' title='bbox 617 5609 820 5665; x_wconf 82' lang='lat' dir='ltr'><strong>atrocis</strong></span> <span class='ocrx_word' id='word_1_623' title='bbox 851 5609 1048 5678; x_wconf 71' lang='lat' dir='ltr'><strong>vipera:</strong></span> <span class='ocrx_word' id='word_1_624' title='bbox 1088 5607 1354 5679; x_wconf 87' lang='lat' dir='ltr'><strong>perimere</strong></span> <span class='ocrx_word' id='word_1_625' title='bbox 1389 5608 1593 5663; x_wconf 89' lang='lat' dir='ltr'><strong>crudeli</strong></span> <span class='ocrx_word' id='word_1_626' title='bbox 1627 5625 1808 5665; x_wconf 88' lang='lat' dir='ltr'><strong>morsu</strong></span> <span class='ocrx_word' id='word_1_627' title='bbox 1847 5627 1950 5666; x_wconf 91' lang='lat' dir='ltr'><strong>non</strong></span> <span class='ocrx_word' id='word_1_628' title='bbox 1980 5613 2188 5667; x_wconf 92' lang='lat' dir='ltr'><strong>metuit.</strong></span> 
     </span>
    </p>
   </div>
   <div class='ocr_carea' id='block_1_86' title="bbox 615 5692 2189 5774">
    <p class='ocr_par' dir='ltr' id='par_1_86' title="bbox 615 5692 2189 5774">
     <span class='ocr_line' id='line_1_86' title="bbox 615 5692 2189 5774; baseline 0.004 -24"><span class='ocrx_word' id='word_1_629' title='bbox 615 5692 745 5751; x_wconf 80' lang='lat' dir='ltr'><strong>Post</strong></span> <span class='ocrx_word' id='word_1_630' title='bbox 788 5696 903 5750; x_wconf 72' lang='lat' dir='ltr'><strong>haec</strong></span> <span class='ocrx_word' id='word_1_631' title='bbox 943 5711 1070 5751; x_wconf 85' lang='lat' dir='ltr'><strong>vero</strong></span> <span class='ocrx_word' id='word_1_632' title='bbox 1107 5697 1285 5766; x_wconf 87' lang='lat' dir='ltr'><strong>posuit</strong></span> <span class='ocrx_word' id='word_1_633' title='bbox 1326 5697 1380 5754; x_wconf 90' lang='lat' dir='ltr'><strong>in</strong></span> <span class='ocrx_word' id='word_1_634' title='bbox 1406 5697 1604 5754; x_wconf 62' lang='lat' dir='ltr'><strong>celum</strong></span> <span class='ocrx_word' id='word_1_635' title='bbox 1631 5711 1692 5755; x_wconf 81' lang='lat' dir='ltr'><strong>as</strong></span> <span class='ocrx_word' id='word_1_636' title='bbox 1719 5713 1896 5769; x_wconf 85' lang='lat' dir='ltr'><strong>suum,</strong></span> <span class='ocrx_word' id='word_1_637' title='bbox 1925 5709 1978 5758; x_wconf 86' lang='lat' dir='ltr'><strong>et</strong></span> <span class='ocrx_word' id='word_1_638' title='bbox 2010 5701 2189 5774; x_wconf 81' lang='lat' dir='ltr'><strong>lingua</strong></span> 
     </span>
    </p>
   </div>
   <div class='ocr_carea' id='block_1_87' title="bbox 2227 4487 2279 4548">
    <p class='ocr_par' dir='ltr' id='par_1_87' title="bbox 2227 4487 2279 4548">
     <span class='ocr_line' id='line_1_87' title="bbox 2227 4487 2279 4548; baseline 0 0"><span class='ocrx_word' id='word_1_639' title='bbox 2227 4487 2279 4548; x_wconf 82' lang='grc' dir='ltr'><strong>Ι)</strong></span> 
     </span>
    </p>
   </div>
   <div class='ocr_carea' id='block_1_88' title="bbox 2304 3259 3882 3339">
    <p class='ocr_par' dir='ltr' id='par_1_88' title="bbox 2304 3259 3882 3339">
     <span class='ocr_line' id='line_1_88' title="bbox 2304 3259 3882 3339; baseline 0.008 -26"><span class='ocrx_word' id='word_1_640' title='bbox 2304 3259 2470 3314; x_wconf 89' lang='lat' dir='ltr'><strong>etiam</strong></span> <span class='ocrx_word' id='word_1_641' title='bbox 2497 3260 2566 3315; x_wconf 90' lang='lat' dir='ltr'><strong>de</strong></span> <span class='ocrx_word' id='word_1_642' title='bbox 2595 3261 2662 3316; x_wconf 90' lang='lat' dir='ltr'><strong>iis</strong></span> <span class='ocrx_word' id='word_1_643' title='bbox 2687 3263 2777 3333; x_wconf 88' lang='lat' dir='ltr'><strong>qui</strong></span> <span class='ocrx_word' id='word_1_644' title='bbox 2807 3263 3188 3331; x_wconf 89' lang='lat' dir='ltr'><strong>interfuerunt,</strong></span> <span class='ocrx_word' id='word_1_645' title='bbox 3218 3265 3304 3320; x_wconf 89' lang='lat' dir='ltr'><strong>vel</strong></span> <span class='ocrx_word' id='word_1_646' title='bbox 3331 3283 3490 3321; x_wconf 86' lang='lat' dir='ltr'><strong>manu</strong></span> <span class='ocrx_word' id='word_1_647' title='bbox 3516 3270 3734 3339; x_wconf 85' lang='lat' dir='ltr'><strong>propria</strong></span> <span class='ocrx_word' id='word_1_648' title='bbox 3761 3271 3882 3325; x_wconf 55' lang='lat' dir='ltr'><strong>sub-</strong></span> 
     </span>
    </p>
   </div>
   <div class='ocr_carea' id='block_1_89' title="bbox 2304 3351 3878 3420">
    <p class='ocr_par' dir='ltr' id='par_1_89' title="bbox 2304 3351 3878 3420">
     <span class='ocr_line' id='line_1_89' title="bbox 2304 3351 3878 3420; baseline 0.005 -14"><span class='ocrx_word' id='word_1_649' title='bbox 2304 3351 2669 3420; x_wconf 89' lang='lat' dir='ltr'><strong>scripserunt,</strong></span> <span class='ocrx_word' id='word_1_650' title='bbox 2714 3353 2795 3410; x_wconf 91' lang='lat' dir='ltr'><strong>sic</strong></span> <span class='ocrx_word' id='word_1_651' title='bbox 2843 3355 2911 3410; x_wconf 82' lang='lat' dir='ltr'><strong>ab</strong></span> <span class='ocrx_word' id='word_1_652' title='bbox 2958 3356 3313 3412; x_wconf 71' lang='lat' dir='ltr'><strong>unanimitate</strong></span> <span class='ocrx_word' id='word_1_653' title='bbox 3357 3359 3599 3413; x_wconf 89' lang='lat' dir='ltr'><strong>omnium</strong></span> <span class='ocrx_word' id='word_1_654' title='bbox 3641 3369 3878 3415; x_wconf 88' lang='lat' dir='ltr'><strong>nostrum</strong></span> 
     </span>
    </p>
   </div>
   <div class='ocr_carea' id='block_1_90' title="bbox 2304 3439 3880 3521">
    <p class='ocr_par' dir='ltr' id='par_1_90' title="bbox 2304 3439 3880 3521">
     <span class='ocr_line' id='line_1_90' title="bbox 2304 3439 3880 3521; baseline 0.007 -26"><span class='ocrx_word' id='word_1_655' title='bbox 2304 3439 2689 3508; x_wconf 90' lang='lat' dir='ltr'><strong>deﬁniendum,</strong></span> <span class='ocrx_word' id='word_1_656' title='bbox 2730 3444 2935 3500; x_wconf 89' lang='lat' dir='ltr'><strong>intente</strong></span> <span class='ocrx_word' id='word_1_657' title='bbox 2973 3453 3222 3512; x_wconf 90' lang='lat' dir='ltr'><strong>tractate,</strong></span> <span class='ocrx_word' id='word_1_658' title='bbox 3251 3455 3307 3502; x_wconf 91' lang='lat' dir='ltr'><strong>et</strong></span> <span class='ocrx_word' id='word_1_659' title='bbox 3330 3447 3499 3503; x_wconf 85' lang='lat' dir='ltr'><strong>libere</strong></span> <span class='ocrx_word' id='word_1_660' title='bbox 3535 3450 3730 3521; x_wconf 90' lang='lat' dir='ltr'><strong>singuli</strong></span> <span class='ocrx_word' id='word_1_661' title='bbox 3762 3465 3880 3520; x_wconf 68' lang='lat' dir='ltr'><strong>qua:</strong></span> 
     </span>
    </p>
   </div>
   <div class='ocr_carea' id='block_1_91' title="bbox 2304 3530 3881 3612">
    <p class='ocr_par' dir='ltr' id='par_1_91' title="bbox 2304 3530 3881 3612">
     <span class='ocr_line' id='line_1_91' title="bbox 2304 3530 3881 3612; baseline 0.008 -28"><span class='ocrx_word' id='word_1_662' title='bbox 2304 3530 2516 3586; x_wconf 89' lang='lat' dir='ltr'><strong>sentitis</strong></span> <span class='ocrx_word' id='word_1_663' title='bbox 2554 3532 2772 3586; x_wconf 91' lang='lat' dir='ltr'><strong>edicite.</strong></span> <span class='ocrx_word' id='word_1_664' title='bbox 2809 3533 2920 3604; x_wconf 88' lang='lat' dir='ltr'><strong>Ego</strong></span> <span class='ocrx_word' id='word_1_665' title='bbox 2957 3543 3136 3592; x_wconf 86' lang='lat' dir='ltr'><strong>tamen</strong></span> <span class='ocrx_word' id='word_1_666' title='bbox 3160 3551 3260 3606; x_wconf 89' lang='lat' dir='ltr'><strong>pro</strong></span> <span class='ocrx_word' id='word_1_667' title='bbox 3295 3537 3410 3608; x_wconf 88' lang='lat' dir='ltr'><strong>lege</strong></span> <span class='ocrx_word' id='word_1_668' title='bbox 3438 3538 3554 3605; x_wconf 87' lang='lat' dir='ltr'><strong>Dei,</strong></span> <span class='ocrx_word' id='word_1_669' title='bbox 3582 3553 3680 3608; x_wconf 89' lang='lat' dir='ltr'><strong>pro</strong></span> <span class='ocrx_word' id='word_1_670' title='bbox 3706 3550 3881 3612; x_wconf 84' lang='lat' dir='ltr'><strong>pater-</strong></span> 
     </span>
    </p>
   </div>
   <div class='ocr_carea' id='block_1_92' title="bbox 2305 3619 3883 3702">
    <p class='ocr_par' dir='ltr' id='par_1_92' title="bbox 2305 3619 3883 3702">
     <span class='ocr_line' id='line_1_92' title="bbox 2305 3619 3883 3702; baseline 0.009 -29"><span class='ocrx_word' id='word_1_671' title='bbox 2305 3619 2390 3674; x_wconf 90' lang='lat' dir='ltr'><strong>nis</strong></span> <span class='ocrx_word' id='word_1_672' title='bbox 2434 3623 2820 3678; x_wconf 89' lang='lat' dir='ltr'><strong>conservandis</strong></span> <span class='ocrx_word' id='word_1_673' title='bbox 2862 3626 3182 3693; x_wconf 89' lang='lat' dir='ltr'><strong>cauonibus,</strong></span> <span class='ocrx_word' id='word_1_674' title='bbox 3232 3643 3330 3697; x_wconf 92' lang='lat' dir='ltr'><strong>pro</strong></span> <span class='ocrx_word' id='word_1_675' title='bbox 3358 3632 3699 3686; x_wconf 74' lang='lat' dir='ltr'><strong>venerandae</strong></span> <span class='ocrx_word' id='word_1_676' title='bbox 3746 3641 3883 3702; x_wconf 81' lang='lat' dir='ltr'><strong>apu-</strong></span> 
     </span>
    </p>
   </div>
   <div class='ocr_carea' id='block_1_93' title="bbox 2303 3710 3876 3791">
    <p class='ocr_par' dir='ltr' id='par_1_93' title="bbox 2303 3710 3876 3791">
     <span class='ocr_line' id='line_1_93' title="bbox 2303 3710 3876 3791; baseline 0.006 -25"><span class='ocrx_word' id='word_1_677' title='bbox 2303 3710 2584 3779; x_wconf 84' lang='lat' dir='ltr'><strong>stolorum,</strong></span> <span class='ocrx_word' id='word_1_678' title='bbox 2613 3729 2712 3783; x_wconf 90' lang='lat' dir='ltr'><strong>pro</strong></span> <span class='ocrx_word' id='word_1_679' title='bbox 2738 3715 3035 3786; x_wconf 90' lang='lat' dir='ltr'><strong>privilegiis</strong></span> <span class='ocrx_word' id='word_1_680' title='bbox 3063 3717 3413 3775; x_wconf 85' lang='lat' dir='ltr'><strong>defendendis</strong></span> <span class='ocrx_word' id='word_1_681' title='bbox 3447 3713 3580 3776; x_wconf 69' lang='lat' dir='ltr'><strong>siidis</strong></span> <span class='ocrx_word' id='word_1_682' title='bbox 3609 3722 3876 3791; x_wconf 73' lang='lat' dir='ltr'><strong>ipsarum,</strong></span> 
     </span>
    </p>
   </div>
   <div class='ocr_carea' id='block_1_94' title="bbox 2301 3802 3881 3884">
    <p class='ocr_par' dir='ltr' id='par_1_94' title="bbox 2301 3802 3881 3884">
     <span class='ocr_line' id='line_1_94' title="bbox 2301 3802 3881 3884; baseline 0.009 -28"><span class='ocrx_word' id='word_1_683' title='bbox 2301 3816 2509 3873; x_wconf 86' lang='lat' dir='ltr'><strong>proque</strong></span> <span class='ocrx_word' id='word_1_684' title='bbox 2554 3813 2756 3860; x_wconf 61' lang='lat' dir='ltr'><strong>sanctae</strong></span> <span class='ocrx_word' id='word_1_685' title='bbox 2794 3807 3084 3864; x_wconf 85' lang='lat' dir='ltr'><strong>mentionis</strong></span> <span class='ocrx_word' id='word_1_686' title='bbox 3121 3809 3425 3867; x_wconf 77' lang='lat' dir='ltr'><strong>decessoris</strong></span> <span class='ocrx_word' id='word_1_687' title='bbox 3466 3813 3569 3868; x_wconf 89' lang='lat' dir='ltr'><strong>mei</strong></span> <span class='ocrx_word' id='word_1_688' title='bbox 3609 3829 3763 3884; x_wconf 61' lang='lat' dir='ltr'><strong>papa:</strong></span> <span class='ocrx_word' id='word_1_689' title='bbox 3787 3802 3881 3870; x_wconf 78' lang='lat' dir='ltr'><strong>Ni-</strong></span> 
     </span>
    </p>
   </div>
   <div class='ocr_carea' id='block_1_95' title="bbox 2302 3891 3878 3972">
    <p class='ocr_par' dir='ltr' id='par_1_95' title="bbox 2302 3891 3878 3972">
     <span class='ocr_line' id='line_1_95' title="bbox 2302 3891 3878 3972; baseline 0.008 -24"><span class='ocrx_word' id='word_1_690' title='bbox 2302 3891 2441 3948; x_wconf 85' lang='lat' dir='ltr'><strong>colai</strong></span> <span class='ocrx_word' id='word_1_691' title='bbox 2476 3893 2817 3963; x_wconf 65' lang='lat' dir='ltr'><strong>praedicanda</strong></span> <span class='ocrx_word' id='word_1_692' title='bbox 2863 3900 3147 3964; x_wconf 87' lang='lat' dir='ltr'><strong>memoria,</strong></span> <span class='ocrx_word' id='word_1_693' title='bbox 3178 3907 3232 3956; x_wconf 91' lang='lat' dir='ltr'><strong>&#39;et</strong></span> <span class='ocrx_word' id='word_1_694' title='bbox 3265 3903 3617 3972; x_wconf 83' lang='lat' dir='ltr'><strong>sequentibus</strong></span> <span class='ocrx_word' id='word_1_695' title='bbox 3655 3906 3878 3971; x_wconf 69' lang='lat' dir='ltr'><strong>actibus,</strong></span> 
     </span>
    </p>
   </div>
   <div class='ocr_carea' id='block_1_96' title="bbox 2301 3979 3878 4056">
    <p class='ocr_par' dir='ltr' id='par_1_96' title="bbox 2301 3979 3878 4056">
     <span class='ocr_line' id='line_1_96' title="bbox 2301 3979 3878 4056; baseline 0.01 -22"><span class='ocrx_word' id='word_1_696' title='bbox 2301 3988 2464 4050; x_wconf 87' lang='lat' dir='ltr'><strong>atque</strong></span> <span class='ocrx_word' id='word_1_697' title='bbox 2503 3982 2842 4042; x_wconf 89' lang='lat' dir='ltr'><strong>celebrandis</strong></span> <span class='ocrx_word' id='word_1_698' title='bbox 2887 3987 3309 4056; x_wconf 81' lang='lat' dir='ltr'><strong>definitionibus,</strong></span> <span class='ocrx_word' id='word_1_699' title='bbox 3355 4000 3462 4047; x_wconf 80' lang='lat' dir='ltr'><strong>nun</strong></span> <span class='ocrx_word' id='word_1_700' title='bbox 3506 3979 3681 4048; x_wconf 85' lang='lat' dir='ltr'><strong>solum</strong></span> <span class='ocrx_word' id='word_1_701' title='bbox 3734 3997 3878 4050; x_wconf 80' lang='lat' dir='ltr'><strong>varia</strong></span> 
     </span>
    </p>
   </div>
   <div class='ocr_carea' id='block_1_97' title="bbox 2301 4071 3881 4148">
    <p class='ocr_par' dir='ltr' id='par_1_97' title="bbox 2301 4071 3881 4148">
     <span class='ocr_line' id='line_1_97' title="bbox 2301 4071 3881 4148; baseline 0.01 -22"><span class='ocrx_word' id='word_1_702' title='bbox 2301 4071 2641 4130; x_wconf 80' lang='lat' dir='ltr'><strong>incommoda</strong></span> <span class='ocrx_word' id='word_1_703' title='bbox 2683 4079 2909 4148; x_wconf 87' lang='lat' dir='ltr'><strong>perpeti,</strong></span> <span class='ocrx_word' id='word_1_704' title='bbox 2952 4090 3138 4134; x_wconf 87' lang='lat' dir='ltr'><strong>verum</strong></span> <span class='ocrx_word' id='word_1_705' title='bbox 3181 4083 3341 4136; x_wconf 82' lang='lat' dir='ltr'><strong>etiam</strong></span> <span class='ocrx_word' id='word_1_706' title='bbox 3383 4095 3537 4140; x_wconf 87' lang='lat' dir='ltr'><strong>more</strong></span> <span class='ocrx_word' id='word_1_707' title='bbox 3576 4094 3881 4142; x_wconf 85' lang='lat' dir='ltr'><strong>sanctorum</strong></span> 
     </span>
    </p>
   </div>
   <div class='ocr_carea' id='block_1_98' title="bbox 2298 4163 3880 4245">
    <p class='ocr_par' dir='ltr' id='par_1_98' title="bbox 2298 4163 3880 4245">
     <span class='ocr_line' id='line_1_98' title="bbox 2298 4163 3880 4245; baseline 0.009 -29"><span class='ocrx_word' id='word_1_708' title='bbox 2298 4163 2756 4231; x_wconf 68' lang='lat' dir='ltr'><strong>praedecessorum</strong></span> <span class='ocrx_word' id='word_1_709' title='bbox 2793 4182 3036 4223; x_wconf 88' lang='lat' dir='ltr'><strong>meorum</strong></span> <span class='ocrx_word' id='word_1_710' title='bbox 3067 4163 3381 4239; x_wconf 78' lang='lat' dir='ltr'><strong>pontificum</strong></span> <span class='ocrx_word' id='word_1_711' title='bbox 3421 4172 3473 4226; x_wconf 89' lang='lat' dir='ltr'><strong>in</strong></span> <span class='ocrx_word' id='word_1_712' title='bbox 3504 4184 3761 4245; x_wconf 89' lang='lat' dir='ltr'><strong>promptu</strong></span> <span class='ocrx_word' id='word_1_713' title='bbox 3792 4177 3880 4232; x_wconf 90' lang='lat' dir='ltr'><strong>ha-</strong></span> 
     </span>
    </p>
   </div>
   <div class='ocr_carea' id='block_1_99' title="bbox 2299 4250 3729 4321">
    <p class='ocr_par' dir='ltr' id='par_1_99' title="bbox 2299 4250 3729 4321">
     <span class='ocr_line' id='line_1_99' title="bbox 2299 4250 3729 4321; baseline 0.008 -15"><span class='ocrx_word' id='word_1_714' title='bbox 2299 4250 2425 4320; x_wconf 88' lang='lat' dir='ltr'><strong>beo,</strong></span> <span class='ocrx_word' id='word_1_715' title='bbox 2453 4253 2499 4308; x_wconf 90' lang='lat' dir='ltr'><strong>si</strong></span> <span class='ocrx_word' id='word_1_716' title='bbox 2525 4267 2751 4311; x_wconf 87' lang='lat' dir='ltr'><strong>necesse</strong></span> <span class='ocrx_word' id='word_1_717' title='bbox 2778 4256 2871 4321; x_wconf 90' lang='lat' dir='ltr'><strong>sit,</strong></span> <span class='ocrx_word' id='word_1_718' title='bbox 2899 4259 3090 4314; x_wconf 87' lang='lat' dir='ltr'><strong>mortis</strong></span> <span class='ocrx_word' id='word_1_719' title='bbox 3118 4259 3388 4314; x_wconf 83' lang='lat' dir='ltr'><strong>sustinere</strong></span> <span class='ocrx_word' id='word_1_720' title='bbox 3415 4260 3729 4318; x_wconf 89' lang='lat' dir='ltr'><strong>discrimen.</strong></span> 
     </span>
    </p>
   </div>
   <div class='ocr_carea' id='block_1_100' title="bbox 3010 4358 3150 4424">
    <p class='ocr_par' dir='ltr' id='par_1_100' title="bbox 3010 4358 3150 4424">
     <span class='ocr_line' id='line_1_100' title="bbox 3010 4358 3150 4424; baseline 0.007 -1"><span class='ocrx_word' id='word_1_721' title='bbox 3010 4358 3150 4424; x_wconf 74' lang='lat' dir='ltr'><strong>XVI.</strong></span> 
     </span>
    </p>
   </div>
   <div class='ocr_carea' id='block_1_101' title="bbox 2443 4462 3739 4525">
    <p class='ocr_par' dir='ltr' id='par_1_101' title="bbox 2443 4462 3739 4525">
     <span class='ocr_line' id='line_1_101' title="bbox 2443 4462 3739 4525; baseline 0.011 -15"><span class='ocrx_word' id='word_1_722' title='bbox 2443 4471 2511 4510; x_wconf 70' lang='lat' dir='ltr'><strong>an</strong></span> <span class='ocrx_word' id='word_1_723' title='bbox 2541 4462 2847 4516; x_wconf 66' lang='lat' dir='ltr'><strong>amomum</strong></span> <span class='ocrx_word' id='word_1_724' title='bbox 2892 4463 3342 4518; x_wconf 66' lang='lat' dir='ltr'><strong>ARCHIEPISCOPUM</strong></span> <span class='ocrx_word' id='word_1_725' title='bbox 3395 4479 3739 4525; x_wconf 62' lang='lat' dir='ltr'><strong>annuas-sus&quot;.</strong></span> 
     </span>
    </p>
   </div>
   <div class='ocr_carea' id='block_1_102' title="bbox 2633 4543 3163 4624">
    <p class='ocr_par' dir='ltr' id='par_1_102' title="bbox 2633 4543 3163 4624">
     <span class='ocr_line' id='line_1_102' title="bbox 2633 4543 3163 4624; baseline 0.006 -19"><span class='ocrx_word' id='word_1_726' title='bbox 2633 4550 2635 4553; x_wconf 73' lang='grc'>’</span> <span class='ocrx_word' id='word_1_727' title='bbox 2800 4543 2977 4619; x_wconf 80' lang='lat' dir='ltr'><strong>(Anno</strong></span> <span class='ocrx_word' id='word_1_728' title='bbox 3015 4549 3163 4624; x_wconf 82' lang='lat'><strong>868.)</strong></span> 
     </span>
    </p>
   </div>
   <div class='ocr_carea' id='block_1_103' title="bbox 2299 4631 3880 4714">
    <p class='ocr_par' dir='ltr' id='par_1_103' title="bbox 2299 4631 3880 4714">
     <span class='ocr_line' id='line_1_103' title="bbox 2299 4631 3880 4714; baseline 0.007 -19"><span class='ocrx_word' id='word_1_729' title='bbox 2299 4631 2640 4696; x_wconf 78' lang='lat' dir='ltr'><strong>Comutendat</strong></span> <span class='ocrx_word' id='word_1_730' title='bbox 2670 4642 2755 4714; x_wconf 73' lang='lat' dir='ltr'><strong>illi</strong></span> <span class='ocrx_word' id='word_1_731' title='bbox 2793 4644 3061 4714; x_wconf 77' lang='lat' dir='ltr'><strong>ecclesiam</strong></span> <span class='ocrx_word' id='word_1_732' title='bbox 3105 4640 3528 4714; x_wconf 79' lang='lat' dir='ltr'><strong>Laudunenscm,</strong></span> <span class='ocrx_word' id='word_1_733' title='bbox 3558 4650 3679 4704; x_wconf 83' lang='lat' dir='ltr'><strong>dum</strong></span> <span class='ocrx_word' id='word_1_734' title='bbox 3707 4653 3880 4708; x_wconf 75' lang='lat' dir='ltr'><strong>llinc-</strong></span> 
     </span>
    </p>
   </div>
   <div class='ocr_carea' id='block_1_104' title="bbox 2371 4712 3872 4836">
    <p class='ocr_par' dir='ltr' id='par_1_104' title="bbox 2371 4712 3872 4836">
     <span class='ocr_line' id='line_1_104' title="bbox 2371 4712 3872 4836; baseline 0.008 -72"><span class='ocrx_word' id='word_1_735' title='bbox 2371 4727 2550 4765; x_wconf 77' lang='lat' dir='ltr'><strong>marus</strong></span> <span class='ocrx_word' id='word_1_736' title='bbox 2597 4713 2867 4836; x_wconf 71' lang='lat' dir='ltr'><strong>episcolms</strong></span> <span class='ocrx_word' id='word_1_737' title='bbox 2912 4712 3151 4770; x_wconf 65' lang='lat' dir='ltr'><strong>&#39;Romam</strong></span> <span class='ocrx_word' id='word_1_738' title='bbox 3218 4721 3352 4772; x_wconf 77' lang='lat' dir='ltr'><strong>venit</strong></span> <span class='ocrx_word' id='word_1_739' title='bbox 3401 4712 3872 4776; x_wconf 68' lang='lat' dir='ltr'><strong>:Nbrtlmtan’uum</strong></span> 
     </span>
     <span class='ocr_line' id='line_1_105' title="bbox 2373 4782 3872 4836; baseline 0.001 -1"><span class='ocrx_word' id='word_1_740' title='bbox 2373 4797 2512 4836; x_wconf 60' lang='lat' dir='ltr'><strong>verat</strong></span> <span class='ocrx_word' id='word_1_741' title='bbox 2543 4782 2646 4836; x_wconf 81' lang='lat' dir='ltr'><strong>nisi</strong></span> <span class='ocrx_word' id='word_1_742' title='bbox 2691 4782 2755 4836; x_wconf 74' lang='lat' dir='ltr'><strong>ab</strong></span> <span class='ocrx_word' id='word_1_743' title='bbox 2780 4793 2870 4836; x_wconf 84' lang='lat' dir='ltr'><strong>ata</strong></span> <span class='ocrx_word' id='word_1_744' title='bbox 2921 4788 3183 4836; x_wconf 76' lang='lat' dir='ltr'><strong>restituat-</strong></span> <span class='ocrx_word' id='word_1_745' title='bbox 3231 4791 3666 4836; x_wconf 71' lang='lat' dir='ltr'><strong>excammunimri</strong></span> <span class='ocrx_word' id='word_1_746' title='bbox 3705 4791 3872 4836; x_wconf 67' lang='lat' dir='ltr'><strong>iubet-</strong></span> 
     </span>
    </p>
   </div>
   <div class='ocr_carea' id='block_1_105' title="bbox 2373 4782 3874 4860">
    <p class='ocr_par' dir='ltr' id='par_1_105' title="bbox 2373 4782 3874 4860">
     <span class='ocr_line' id='line_1_106' title="bbox 2373 4782 3874 4860; baseline 0.008 -27"><span class='ocrx_word' id='word_1_747' title='bbox 2373 4797 2512 4846; x_wconf 78' lang='lat' dir='ltr'><strong>vero,</strong></span> <span class='ocrx_word' id='word_1_748' title='bbox 2543 4782 2646 4836; x_wconf 80' lang='lat' dir='ltr'><strong>nisi</strong></span> <span class='ocrx_word' id='word_1_749' title='bbox 2691 4782 2870 4838; x_wconf 78' lang='lat' dir='ltr'><strong>ablata</strong></span> <span class='ocrx_word' id='word_1_750' title='bbox 2921 4788 3183 4852; x_wconf 81' lang='lat' dir='ltr'><strong>restituat,</strong></span> <span class='ocrx_word' id='word_1_751' title='bbox 3231 4791 3666 4843; x_wconf 70' lang='lat' dir='ltr'><strong>excammuuican’</strong></span> <span class='ocrx_word' id='word_1_752' title='bbox 3692 4791 3874 4860; x_wconf 69' lang='lat' dir='ltr'><strong>jubet.</strong></span> 
     </span>
    </p>
   </div>
   <div class='ocr_carea' id='block_1_106' title="bbox 2370 4891 3886 4964">
    <p class='ocr_par' dir='ltr' id='par_1_106' title="bbox 2370 4891 3886 4964">
     <span class='ocr_line' id='line_1_107' title="bbox 2370 4891 3886 4964; baseline 0.007 -20"><span class='ocrx_word' id='word_1_753' title='bbox 2370 4891 2646 4947; x_wconf 73' lang='lat' dir='ltr'><strong>ADBIANUS</strong></span> <span class='ocrx_word' id='word_1_754' title='bbox 2676 4893 2981 4964; x_wconf 83' lang='lat' dir='ltr'><strong>episcupus,</strong></span> <span class='ocrx_word' id='word_1_755' title='bbox 3025 4904 3216 4953; x_wconf 85' lang='lat' dir='ltr'><strong>servus</strong></span> <span class='ocrx_word' id='word_1_756' title='bbox 3271 4906 3542 4954; x_wconf 76' lang='lat' dir='ltr'><strong>servarum</strong></span> <span class='ocrx_word' id='word_1_757' title='bbox 3577 4897 3695 4963; x_wconf 87' lang='lat' dir='ltr'><strong>Dei,</strong></span> <span class='ocrx_word' id='word_1_758' title='bbox 3720 4915 3886 4954; x_wconf 57' lang='lat' dir='ltr'><strong>reve-n</strong></span> 
     </span>
    </p>
   </div>
   <div class='ocr_carea' id='block_1_107' title="bbox 2299 4976 3884 5049">
    <p class='ocr_par' dir='ltr' id='par_1_107' title="bbox 2299 4976 3884 5049">
     <span class='ocr_line' id='line_1_108' title="bbox 2299 4976 3884 5049; baseline 0.008 -13"><span class='ocrx_word' id='word_1_759' title='bbox 2299 4981 2610 5037; x_wconf 86' lang='lat' dir='ltr'><strong>rentissimo</strong></span> <span class='ocrx_word' id='word_1_760' title='bbox 2635 4991 2690 5038; x_wconf 89' lang='lat' dir='ltr'><strong>et</strong></span> <span class='ocrx_word' id='word_1_761' title='bbox 2714 4976 3057 5043; x_wconf 78' lang='lat' dir='ltr'><strong>sanctis‘Simo</strong></span> <span class='ocrx_word' id='word_1_762' title='bbox 3080 4986 3341 5045; x_wconf 88' lang='lat' dir='ltr'><strong>confratri</strong></span> <span class='ocrx_word' id='word_1_763' title='bbox 3389 4999 3571 5046; x_wconf 88' lang='lat' dir='ltr'><strong>nostro</strong></span> <span class='ocrx_word' id='word_1_764' title='bbox 3591 4981 3884 5049; x_wconf 71' lang='lat' dir='ltr'><strong>Emenso</strong></span> 
     </span>
    </p>
   </div>
   <div class='ocr_carea' id='block_1_108' title="bbox 2299 5073 3022 5145">
    <p class='ocr_par' dir='ltr' id='par_1_108' title="bbox 2299 5073 3022 5145">
     <span class='ocr_line' id='line_1_109' title="bbox 2299 5073 3022 5145; baseline 0.008 -19"><span class='ocrx_word' id='word_1_765' title='bbox 2299 5073 2705 5145; x_wconf 88' lang='lat' dir='ltr'><strong>archiepiscopo</strong></span> <span class='ocrx_word' id='word_1_766' title='bbox 2729 5075 3022 5133; x_wconf 79' lang='lat' dir='ltr'><strong>Rhemeusi</strong></span> 
     </span>
    </p>
   </div>
   <div class='ocr_carea' id='block_1_109' title="bbox 2363 5161 3888 5242">
    <p class='ocr_par' dir='ltr' id='par_1_109' title="bbox 2363 5161 3888 5242">
     <span class='ocr_line' id='line_1_110' title="bbox 2363 5161 3888 5242; baseline 0.007 -25"><span class='ocrx_word' id='word_1_767' title='bbox 2363 5161 2628 5219; x_wconf 86' lang='lat' dir='ltr'><strong>illustrem</strong></span> <span class='ocrx_word' id='word_1_768' title='bbox 2683 5162 3027 5221; x_wconf 89' lang='lat' dir='ltr'><strong>llincmarum</strong></span> <span class='ocrx_word' id='word_1_769' title='bbox 3079 5163 3494 5240; x_wconf 81' lang='lat' dir='ltr'><strong>Lugdunensem</strong></span> <span class='ocrx_word' id='word_1_770' title='bbox 3545 5172 3888 5242; x_wconf 81' lang='lat' dir='ltr'><strong>episcopum,</strong></span> 
     </span>
    </p>
   </div>
   <div class='ocr_carea' id='block_1_110' title="bbox 2295 5250 3886 5330">
    <p class='ocr_par' dir='ltr' id='par_1_110' title="bbox 2295 5250 3886 5330">
     <span class='ocr_line' id='line_1_111' title="bbox 2295 5250 3886 5330; baseline 0.004 -21"><span class='ocrx_word' id='word_1_771' title='bbox 2295 5251 2562 5309; x_wconf 88' lang='lat' dir='ltr'><strong>desiderio</strong></span> <span class='ocrx_word' id='word_1_772' title='bbox 2607 5250 2946 5310; x_wconf 84' lang='lat' dir='ltr'><strong>visendarum</strong></span> <span class='ocrx_word' id='word_1_773' title='bbox 2974 5266 3284 5317; x_wconf 86' lang='lat' dir='ltr'><strong>sanctorum</strong></span> <span class='ocrx_word' id='word_1_774' title='bbox 3313 5259 3679 5330; x_wconf 85' lang='lat' dir='ltr'><strong>apostolorum</strong></span> <span class='ocrx_word' id='word_1_775' title='bbox 3733 5260 3886 5316; x_wconf 51' lang='lat' dir='ltr'><strong>limi-</strong></span> 
     </span>
    </p>
   </div>
   <div class='ocr_carea' id='block_1_111' title="bbox 2297 5345 3884 5422">
    <p class='ocr_par' dir='ltr' id='par_1_111' title="bbox 2297 5345 3884 5422">
     <span class='ocr_line' id='line_1_112' title="bbox 2297 5345 3884 5422; baseline 0.008 -24"><span class='ocrx_word' id='word_1_776' title='bbox 2297 5360 2425 5400; x_wconf 92' lang='lat' dir='ltr'><strong>num</strong></span> <span class='ocrx_word' id='word_1_777' title='bbox 2479 5345 2848 5414; x_wconf 86' lang='lat' dir='ltr'><strong>anhelantem,</strong></span> <span class='ocrx_word' id='word_1_778' title='bbox 2881 5358 2936 5404; x_wconf 91' lang='lat' dir='ltr'><strong>et</strong></span> <span class='ocrx_word' id='word_1_779' title='bbox 2988 5347 3222 5407; x_wconf 89' lang='lat' dir='ltr'><strong>libenter</strong></span> <span class='ocrx_word' id='word_1_780' title='bbox 3266 5353 3671 5422; x_wconf 85' lang='lat' dir='ltr'><strong>amplectimur,</strong></span> <span class='ocrx_word' id='word_1_781' title='bbox 3699 5363 3758 5409; x_wconf 89' lang='lat' dir='ltr'><strong>et</strong></span> <span class='ocrx_word' id='word_1_782' title='bbox 3786 5357 3884 5410; x_wconf 87' lang='lat' dir='ltr'><strong>ad-</strong></span> 
     </span>
    </p>
   </div>
   <div class='ocr_carea' id='block_1_112' title="bbox 2293 5437 3880 5507">
    <p class='ocr_par' dir='ltr' id='par_1_112' title="bbox 2293 5437 3880 5507">
     <span class='ocr_line' id='line_1_113' title="bbox 2293 5437 3880 5507; baseline 0.008 -19"><span class='ocrx_word' id='word_1_783' title='bbox 2293 5445 2511 5491; x_wconf 90' lang='lat' dir='ltr'><strong>ventum</strong></span> <span class='ocrx_word' id='word_1_784' title='bbox 2542 5437 2684 5492; x_wconf 89' lang='lat' dir='ltr'><strong>illius</strong></span> <span class='ocrx_word' id='word_1_785' title='bbox 2704 5454 2810 5492; x_wconf 93' lang='lat' dir='ltr'><strong>non</strong></span> <span class='ocrx_word' id='word_1_786' title='bbox 2833 5437 3006 5495; x_wconf 91' lang='lat' dir='ltr'><strong>solum</strong></span> <span class='ocrx_word' id='word_1_787' title='bbox 3029 5457 3135 5497; x_wconf 94' lang='lat' dir='ltr'><strong>non</strong></span> <span class='ocrx_word' id='word_1_788' title='bbox 3148 5440 3468 5507; x_wconf 76' lang='lat' dir='ltr'><strong>differimus,</strong></span> <span class='ocrx_word' id='word_1_789' title='bbox 3492 5459 3681 5498; x_wconf 90' lang='lat' dir='ltr'><strong>verum</strong></span> <span class='ocrx_word' id='word_1_790' title='bbox 3706 5446 3880 5500; x_wconf 87' lang='lat' dir='ltr'><strong>etiam</strong></span> 
     </span>
    </p>
   </div>
   <div class='ocr_carea' id='block_1_113' title="bbox 2292 5526 3885 5605">
    <p class='ocr_par' dir='ltr' id='par_1_113' title="bbox 2292 5526 3885 5605">
     <span class='ocr_line' id='line_1_114' title="bbox 2292 5526 3885 5605; baseline 0.006 -25"><span class='ocrx_word' id='word_1_791' title='bbox 2292 5526 2522 5582; x_wconf 89' lang='lat' dir='ltr'><strong>neultra</strong></span> <span class='ocrx_word' id='word_1_792' title='bbox 2573 5527 2837 5584; x_wconf 80' lang='lat' dir='ltr'><strong>Kalendas</strong></span> <span class='ocrx_word' id='word_1_793' title='bbox 2883 5529 3108 5603; x_wconf 80' lang='lat' dir='ltr'><strong>Augusti</strong></span> <span class='ocrx_word' id='word_1_794' title='bbox 3140 5540 3286 5586; x_wconf 87' lang='lat' dir='ltr'><strong>stare</strong></span> <span class='ocrx_word' id='word_1_795' title='bbox 3333 5534 3553 5591; x_wconf 86' lang='lat' dir='ltr'><strong>audeat.</strong></span> <span class='ocrx_word' id='word_1_796' title='bbox 3605 5535 3885 5605; x_wconf 84' lang='lat' dir='ltr'><strong>gravitate</strong></span> 
     </span>
    </p>
   </div>
   <div class='ocr_carea' id='block_1_114' title="bbox 2292 5617 3880 5694">
    <p class='ocr_par' dir='ltr' id='par_1_114' title="bbox 2292 5617 3880 5694">
     <span class='ocr_line' id='line_1_115' title="bbox 2292 5617 3880 5694; baseline 0.006 -24"><span class='ocrx_word' id='word_1_797' title='bbox 2292 5617 2606 5686; x_wconf 87' lang='lat' dir='ltr'><strong>apostolica,</strong></span> <span class='ocrx_word' id='word_1_798' title='bbox 2631 5619 2867 5675; x_wconf 86' lang='lat' dir='ltr'><strong>scientes</strong></span> <span class='ocrx_word' id='word_1_799' title='bbox 2896 5620 3043 5676; x_wconf 91' lang='lat' dir='ltr'><strong>illum</strong></span> <span class='ocrx_word' id='word_1_800' title='bbox 3075 5623 3166 5676; x_wconf 87' lang='lat' dir='ltr'><strong>tali</strong></span> <span class='ocrx_word' id='word_1_801' title='bbox 3198 5632 3324 5679; x_wconf 91' lang='lat' dir='ltr'><strong>voto</strong></span> <span class='ocrx_word' id='word_1_802' title='bbox 3345 5622 3663 5692; x_wconf 88' lang='lat' dir='ltr'><strong>spiritaliter</strong></span> <span class='ocrx_word' id='word_1_803' title='bbox 3712 5639 3880 5694; x_wconf 83' lang='lat' dir='ltr'><strong>posse</strong></span> 
     </span>
    </p>
   </div>
   <div class='ocr_carea' id='block_1_115' title="bbox 2291 5705 3879 5784">
    <p class='ocr_par' dir='ltr' id='par_1_115' title="bbox 2291 5705 3879 5784">
     <span class='ocr_line' id='line_1_116' title="bbox 2291 5705 3879 5784; baseline 0.005 -25"><span class='ocrx_word' id='word_1_804' title='bbox 2291 5705 2576 5777; x_wconf 85' lang='lat' dir='ltr'><strong>proﬁcere,</strong></span> <span class='ocrx_word' id='word_1_805' title='bbox 2604 5708 2971 5777; x_wconf 87' lang='lat' dir='ltr'><strong>prohibemus.</strong></span> <span class='ocrx_word' id='word_1_806' title='bbox 3004 5709 3139 5767; x_wconf 88' lang='lat' dir='ltr'><strong>Huic</strong></span> <span class='ocrx_word' id='word_1_807' title='bbox 3169 5723 3297 5782; x_wconf 87' lang='lat' dir='ltr'><strong>ergo</strong></span> <span class='ocrx_word' id='word_1_808' title='bbox 3319 5711 3373 5767; x_wconf 91' lang='lat' dir='ltr'><strong>in</strong></span> <span class='ocrx_word' id='word_1_809' title='bbox 3405 5711 3694 5784; x_wconf 83' lang='lat' dir='ltr'><strong>veniendo,</strong></span> <span class='ocrx_word' id='word_1_810' title='bbox 3731 5714 3879 5771; x_wconf 83' lang='lat' dir='ltr'><strong>sicut</strong></span> 
     </span>
    </p>
   </div>
  </div>
