4142 6296
323 456 460 520 128!

1531 454 1888 531 39.1.8wa
1927 455 2025 515 ET.
2054 448 2395 513 occasu.

3430 488 3435 491 -
3462 450 3608 539 4282

328 572 627 633 auctoritas
654 569 968 642 apostolica,
992 566 1074 627 sic
1111 565 1293 645 faveat
1341 576 1397 626 et
1445 570 1766 645 episcopalis
1802 572 1906 625 hu-
1932 577 1977 635 Α
2011 578 2274 634 mentum,
2326 565 2581 649 quoniam
2631 567 3000 638 episcopatum
3036 564 3153 640 ejus
3190 568 3382 643 gloria:
3408 583 3605 643 vestrae

327 667 606 741 inanitas:
638 674 904 737 quatenus
954 664 1298 734 episcopatus
1351 663 1469 735 ejus
1518 663 1665 721 omni
1724 669 1907 721 careat

326 774 426 831 per
446 768 685 815 vestram
713 754 1134 823 sollicitudinem
1152 754 1500 818 detrimento,
1538 754 1664 809 dum
1686 753 1910 824 praedio-

328 866 451 907 rum
494 863 734 913 suorum,
764 861 1019 919 perverse
1061 862 1093 902 a
1124 834 1470 902 ‘Nortmanno
1513 858 1909 917 possessorum,

325 938 648 995 liberalitate
674 944 857 992 vestra
881 952 979 1008 per
1002 935 1445 1011 intercessionem
1475 943 1716 1009 nostram
1751 934 1913 990 fuerit

306 1100 309 1103 Α
326 1029 534 1101 potitus
573 1035 887 1099 augmento.
916 1024 1253 1097 Quapmpter
1276 1032 1331 1082 et
1350 1025 1744 1082 Nortmannum
1775 1024 1913 1079 scito

328 1121 655 1177 auctoritate
677 1120 974 1190 apostolica
1001 1120 1256 1175 continuo
1282 1120 1352 1179 ab
1374 1119 1742 1176 ecclesiastica
1766 1132 1915 1175 com-

326 1211 605 1278 munione,
626 1212 731 1267 nisi
759 1209 1169 1281 praesentialiter
1194 1226 1254 1266 se
1272 1211 1520 1269 omnibus
1544 1198 1917 1281 Lugdunensis

331 1393 657 1461 lendum-,-et
704 1393 1068 1449 venerabilem
1110 1393 1291 1449 virum
1330 1391 1681 1448 Hincmarum
1708 1392 1919 1463 episco-

330 1504 481 1559 pum,
509 1488 555 1547 si
588 1488 867 1560 proposito
925 1485 1157 1543 Romam
1204 1486 1453 1544 veniendi
1502 1486 1721 1551 abusus,
1760 1478 1920 1556 'qu‘od

331 1579 471 1635 bene
518 1580 686 1645 vovit,
730 1578 957 1634 reddere
1006 1592 1114 1635 non
1160 1579 1447 1646 studuerit,
1500 1579 1921 1650 transgressoris

322 1666 545 1738 judicio,
576 1667 719 1740 quod
738 1669 883 1726 Deus
912 1668 1193 1736 averterit,
1213 1669 1562 1741 puniendum.
1596 1669 1919 1741 Quicunque

322 1760 496 1832 igitur
523 1776 555 1816 a
586 1768 828 1841 tempore
860 1777 966 1833 quo
998 1761 1229 1818 Romam
1255 1763 1443 1819 venire
1475 1762 1724 1833 coeperit,
1750 1777 1923 1833 usque

329 1853 387 1909 in
409 1854 461 1908 id
493 1870 623 1925 quo,
676 1842 894 1911 Christo
941 1854 1101 1921 duce,
1134 1855 1200 1910 ad
1228 1854 1447 1927 propria
1480 1853 1823 1919 remeaverit,
1863 1853 1921 1909 in

1992 662 2316 733 ,specialiter
2374 661 2698 718 servandum
2751 664 3162 731 committimus,
3209 668 3393 722 tandiu
3425 685 3605 726 seuo-

2008 753 2151 808 verit
2179 761 2522 809 sacramento
2561 753 2804 824 corporis
2832 762 2887 809 et
2916 757 3198 826 sanguinis
3239 758 3449 814 Domini
3490 759 3606 818 fore

2009 844 2615 916 privandum,quandiu
2646 854 2848 905 sancta:
2876 846 3219 917 Lugdunensi
3239 849 3518 917 Ecclesiae,
3550 861 3608 907 et

1964 934 2188 1011 "vobis,
2239 936 2519 1011 ipsiusque
2573 936 2815 1007 pontiﬁci
2863 936 3122 1009 legitime,
3174 940 3284 995 imo
3343 943 3609 999 canonico

2012 1024 2177 1082 fuerit
2225 1019 2607 1095 satisfactum.'
2636 1024 2898 1095 Optamus
2973 1018 3191 1097 regiam
3231 1030 3608 1109 excellentiam

2012 1131 2252 1193 vestram
2281 1128 2483 1193 sanctae
2512 1119 2656 1175 sedis
2709 1118 3017 1190 apostolicae
3066 1122 3201 1177 scita
3252 1125 3606 1191 consuetudj-

1990 1210 2209 1267 .naliter
2229 1209 2605 1269 observantem
2626 1211 2679 1266 in
2701 1202 2917 1266 Christo
2945 1226 3159 1282 semper
3184 1212 3385 1270 valere.

327 1302 587 1360 Ecclesia:
621 1303 782 1360 rebus
803 1302 1034 1368 exuerit,
1082 1316 1179 1373 per
1210 1301 1287 1358 tui
1320 1301 1434 1375 oris
1457 1300 1693 1357 cilicium
1746 1300 1916 1371 repel-
1992 1342 1999 1367 τ
2710 1294 2715 1297 ν

2716 1344 2902 1402 XVIII.

2016 1457 2086 1497 AD
2120 1452 2384 1497 IGNATIUI
2408 1452 2863 1496 ARCHIEPISCOPUI
2891 1451 3594 1496 CONSTANTINOPOLITANUSI.

2615 1555 2792 1627 (Anno
2836 1554 2988 1627 869.)

2024 1666 2314 1740 Ut_gradu
2369 1667 2688 1740 deﬁciuntur
2738 1669 2962 1740 episcopi
3024 1686 3057 1723 a
3114 1667 3302 1726 Pltotio
3355 1670 3605 1726 ordinati.

2092 1736 2355 1817 Joannem
2404 1736 2787 1811 metropolitani
2826 1736 2973 1795 Silrci
3001 1741 3351 1795 commendat.
3416 1812 3419 1817 η

2026 1920 2031 1925 ἡ
2092 1851 2369 1908 ADRIANUS
2396 1853 2700 1923 episcopus,
2745 1867 2934 1909 servus
2976 1840 3258 1910 servorum
3306 1855 3426 1923 Dei,
3453 1850 3738 1920 rcve~\

328 1946 660 2016 quibuslibet
688 1949 849 2004 rebus
875 1947 1019 2004 illius
1049 1948 1315 2021 Ecclesiae:
1351 1947 1637 2027 quodlibet,
1666 1954 1922 2027 operatus
1950 1948 2000 2011 B
2026 1944 2350 2015 rendissimo
2385 1953 2441 2000 et
2464 1945 2810 2003 Sanctissimo
2842 1945 3103 2003 confratri
3131 1957 3186 2002 et
3233 1949 3610 2013 comniinistro

330 2034 495 2093 fuerit
545 2028 953 2111 detrimentum,
1036 2041 1292 2111 quoniam
1364 2040 1757 2111 episcopatum,
1803 2037 1919 2108 ejus

329 2131 604 2186 sanctitati
656 2140 761 2187 tuae
813 2132 1122 2204 specialiter
1176 2138 1299 2203 post
1340 2147 1525 2202 regem
1592 2131 1918 2189 servandum

302 2221 739 2303 committimus,
774 2224 962 2279 tandiu
981 2238 1042 2279 sc
1064 2224 1279 2280 noverit
1303 2233 1656 2303 sacramento,
1674 2221 1919 2294 corporis

326 2306 382 2367 et
403 2314 683 2385 sanguinis
702 2314 917 2370 Domini
946 2316 1062 2371 fore
1102 2316 1444 2387 privandum,
1492 2301 1735 2385 quandiu
1794 2330 1920 2377 san-

329 2414 429 2461 ctae
452 2400 800 2481 Lugdunensi
824 2406 1100 2475 Ecclesiae,
1126 2416 1184 2465 et
1205 2408 1326 2475 tibi,
1355 2408 1636 2479 ipsiusque
1651 2406 1917 2479 pontiﬁci,

330 2495 590 2568 legitime,
624 2498 734 2553 imo
759 2498 1021 2567 canonice
1054 2498 1218 2554 fuerit
1245 2497 1607 2571 satisfactum.
1653 2495 1921 2569 Optamus

328 2588 676 2653 sanctitatem
700 2595 848 2643 tuam
876 2588 933 2643 in
962 2586 1182 2647 Christo
1210 2587 1352 2647 bene
1373 2587 1571 2645 valere.

958 2729 963 2732 ’
1045 2720 1206 2779 XVII.

700 2826 773 2871 AD
800 2828 1048 2873 σηοως
1093 2830 1306 2873 ΟᾹῐΝῐΙκ
1333 2830 1533 2874 ΒΕϐΕΗ.
1592 2832 1597 2837 ⁴

948 2926 1125 3000 (Anno
1144 2927 1295 3002 868.)
1382 2928 1387 2931 ’

332 3032 675 3095 Commendat
720 3040 845 3111 regi,
881 3023 1173 3111 Ecclesium
1197 3037 1621 3109 Laudunensem,
1653 3037 1781 3111 dum
1806 3036 1921 3109 ejus

769 3109 1053 3183 episcopus
1077 3109 1293 3165 Romam
1320 3112 1478 3165 venit.

404 3210 679 3289 ADRIANUS
706 3222 1014 3295 episcopus,
1045 3237 1234 3280 servus
1253 3238 1539 3281 servorum
1575 3223 1697 3293 Dei,
1726 3222 1922 3285 dilecto

333 3314 447 3370 ﬁlio
473 3314 688 3373 CAP-0L0
702 3314 1172 3391 excellentissimo
1200 3315 1338 3385 regi.
1606 3386 1609 3389 _

404 3403 669 3461 lllustrem
718 3403 1093 3469 Hincmarum,
1115 3402 1527 3475 Lugdunensem
1568 3403 1919 3479 episcopum,

331 3495 604 3551 desiderio
632 3496 980 3571 visendarum
1011 3505 1322 3552 sanctorum
1362 3496 1734 3567 apostolorum
1779 3497 1923 3552 limi-

331 3574 460 3643 num
501 3585 865 3659 anhelantem,
897 3594 953 3645 et
974 3585 1211 3652 libenter
1232 3588 1624 3663 amplectimur,
1648 3598 1703 3645 et
1724 3589 1924 3649 adven-

331 3685 446 3733 tum
467 3678 608 3757 illius
631 3695 740 3735 non
764 3677 939 3735 solum
965 3693 1072 3734 non
1102 3676 1423 3745 diﬂ‘erimus,
1445 3694 1636 3736 verum
1650 3681 1823 3743 etiam
1852 3695 1923 3735 ne

329 3772 471 3851 uitta
495 3771 766 3830 Kalendas
813 3772 1041 3845 Augusti
1070 3780 1219 3829 stare
1257 3772 1471 3839 audeat,
1499 3773 1767 3845 gravitate
1795 3788 1923 3845 apo-

331 3861 544 3929 stolica,
575 3862 812 3920 scientes
837 3863 987 3918 illum
1017 3862 1108 3933 tali
1130 3871 1256 3920 voto
1283 3862 1600 3932 spiritaliter
1618 3879 1778 3931 posse
1787 3880 1920 3933 pro-

331 3949 531 4019 ﬁcere,
580 3951 947 4023 prohibemus.
977 3951 1117 4009 Huic
1169 3966 1303 4021 ergo
1343 3951 1401 4005 in
1454 3952 1740 4015 veniendo,
1779 3950 1923 4005 sicut

337 4043 638 4121 auctoritas
662 4044 1085 4115 apostolicatsic
1109 4043 1290 4099 faveat
1316 4050 1370 4101 et
1400 4040 1714 4096 humanitas
1729 4040 1876 4110 regia
1903 4058 1916 4094 :

330 4143 601 4208 quatenus
624 4136 966 4209 episcopatus
986 4135 1104 4207 ejus
1137 4134 1287 4192 omni
1315 4142 1506 4190 careat
1551 4147 1651 4202 per
1673 4140 1916 4201 vestram

328 4216 747 4286 sollicitudinem
776 4229 1142 4287 detrimento:
1170 4226 1300 4285 dum
1324 4225 1651 4297 praediorum
1667 4241 1915 4293 suorum,

328 4332 587 4394 perverse
614 4338 646 4378 a
666 4322 1004 4379 Nortmanno
1027 4336 1423 4393 possessorum,
1474 4319 1801 4376 liberalitate
1824 4335 1917 4376 ve-

328 4422 443 4470 stra
472 4430 573 4485 per
599 4415 1047 4485 intercessionem
1093 4422 1337 4471 nostram
1380 4412 1546 4469 fuerit
1591 4413 1917 4485 potitus-au-

328 4516 569 4579 gmento.
597 4508 750 4565 Sicut
772 4510 918 4565 enim
930 4509 1231 4578 gaudemus
1246 4521 1369 4561 cum
1391 4505 1741 4563 serenitatem
1765 4514 1913 4585 tuam

330 4616 460 4674 erga
506 4610 707 4661 statum
756 4600 1206 4664 ecclesiasticum,
1259 4613 1410 4655 more
1455 4598 1912 4669 praedecessorum

325 4694 660 4767 principum,
686 4692 964 4750 liberalem
986 4701 1099 4747 tam
1120 4690 1319 4747 litteris
1357 4689 1608 4747 audimus
1638 4707 1801 4761 quam
1818 4707 1918 4748 vo-

327 4787 523 4843 cibus:
567 4787 647 4844 sic
698 4788 976 4855 nimirum,
1006 4799 1131 4841 cum
1152 4797 1274 4839 eam
1304 4783 1361 4839 in
1385 4783 1568 4854 aliquo
1615 4783 1923 4840 distrahen-

328 4887 442 4933 tem
497 4888 651 4936 extra
702 4880 1163 4937 consuetudinem.
1202 4891 1357 4939 suam
1382 4877 1774 4948 comperimus,
1808 4886 1922 4933 tota

327 4962 638 5028 valetudine
658 4973 1062 5031 contristamur.
1093 4971 1435 5041 Quapropter
1453 4975 1511 5025 et
1525 4968 1922 5027 Nortmannum

329 5064 472 5119 scito
508 5068 829 5125 auctoritate
852 5066 1145 5138 apostolica
1174 5064 1433 5121 continuo
1459 5064 1530 5119 ab
1553 5064 1924 5121 ecclesiastica

332 5154 734 5219 communione,
769 5157 873 5211 nisi
904 5173 964 5213 se
981 5156 1398 5228 praesentialiter
1425 5153 1679 5210 omnibus
1705 5155 1917 5227 Lugdu-

330 5244 519 5300 nensis
545 5243 793 5300 ecclesiae
819 5248 982 5303 rebus
997 5247 1231 5311 exuerit,
1256 5244 1657 5316 repellendum;
1684 5255 1743 5301 et
1760 5261 1923 5302 vene-

330 5336 560 5393 rabilem
615 5336 793 5391 virum
837 5337 1187 5395 Hincmarum
1214 5338 1548 5408 episcOpum,
1575 5338 1623 5392 si
1646 5338 1923 5409 proposito

330 5430 566 5485 Romam
594 5430 844 5486 veniendi
875 5431 1099 5495 abusus,
1146 5431 1290 5500 quod
1316 5430 1455 5487 bene
1481 5431 1665 5499 vovit,
1695 5433 1922 5490 reddere

328 5539 440 5581 non
501 5524 792 5592 studuerit,
846 5523 1261 5596 transgressoris
1307 5522 1543 5595 judicio,
1593 5526 1737 5595 quod
1776 5525 1920 5583 Deus

330 5618 614 5685 averterit,
671 5617 1020 5689 puniendum.
1048 5616 1368 5692 Quicunque
1405 5618 1624 5691 igitura
1651 5628 1918 5690 tempore,

328 5724 439 5781 quo
462 5709 692 5769 Romam
742 5711 930 5767 venire
962 5711 1209 5782 cmperit,
1237 5726 1411 5782 usque
1433 5712 1488 5768 in
1512 5711 1566 5770 id
1592 5727 1727 5784 quo,
1754 5711 1917 5769 Chri-

328 5808 416 5855 sto
440 5800 599 5867 duce,
635 5799 705 5855 ad
727 5801 948 5871 propria
974 5803 1317 5866 remeaverit,
1350 5802 1405 5858 in
1429 5802 1768 5873 quibuslibet
1821 5818 1915 5861 re-

328 5891 432 5951 bus
454 5891 599 5951 illius
636 5892 880 5952 ecclesiae
919 5891 1195 5964 quodlibet
1241 5901 1495 5965 operatus
1535 5893 1700 5953 fuerit
1743 5895 1917 5955 detri-

735 6003 1006 6071 Ριτιιοι.
1029 5988 1308 6089 CXXII.

2023 2046 2211 2092 nostro
2243 2035 2464 2109 Icnmo
2491 2036 2811 2106 patriarchae
2840 2032 3458 2107 Constantinopolitano.

2092 2124 2206 2205 Nec
2228 2127 2495 2197 scriptura
2519 2128 2775 2196 pandere,
2820 2140 2923 2183 nec
2965 2128 3207 2197 profecto
3237 2128 3422 2200 lingua
3451 2128 3605 2185 sulti-

2021 2219 2099 2276 cit
2123 2233 2403 2285 enarrare,
2435 2227 2695 2288 quantas,
2723 2235 2756 2275 ο
2779 2219 3132 2277 dilectissime
3158 2220 3346 2289 frater,
3383 2238 3483 2294 pro
3504 2224 3611 2279 Ec-

1994 2310 2202 2369 clesiae
2231 2308 2841 2381 Constantinopolitanae
2863 2318 3028 2379 statu,
3055 2321 3219 2383 atque
3240 2328 3338 2391 pro
3365 2324 3455 2370 tua
3483 2330 3610 2385 spc-

2021 2402 2233 2460 cialiter
2276 2402 2573 2473 erectione,
2598 2402 2967 2477 certaminum
3021 2404 3304 2474 palaestras
3352 2407 3609 2479 decessor

1998 2508 2176 2563 ,meus
2220 2500 2423 2565 sanctis
2443 2493 2720 2550 memoriae
2739 2509 2879 2564 papa
2903 2495 3160 2552 Nicolaus
3206 2512 3332 2554 cum
3361 2498 3607 2567 subjecta

2022 2586 2127 2643 sibi
2156 2583 2398 2642 Ecclesia
2422 2585 2792 2655 indesinenter
2815 2586 3086 2654 exercuit,
3113 2596 3168 2642 et
3199 2604 3373 2660 usque
3398 2590 3467 2644 ad
3496 2606 3607 2663 nic-

2021 2679 2173 2736 Iioris
2198 2679 2337 2751 vita},
2370 2670 2656 2752 transitum
2682 2677 2953 2745 toleravit,
2987 2680 3122 2736 adeo
3156 2687 3217 2735 ut
3245 2681 3300 2736 in
3348 2681 3467 2752 ipso
3496 2698 3609 2757 suae

2004 2771 2362 2847 _migrationis
2392 2770 2623 2827 articulo
2662 2784 2769 2843 pro
2814 2773 3245 2827 commendanda
3272 2786 3438 2829 causa
3486 2782 3602 2851 tua,

2002 2862 2107 2931 .vel
2130 2859 2387 2919 Ecclesiae
2419 2851 2516 2917 tibi
2536 2860 2796 2918 divinitus
2823 2862 3155 2929 commissae,
3178 2877 3286 2939 nec
3312 2863 3609 2939 scribendo

1998 2954 2125 3027 .sihi
2153 2953 2414 3025 pepercit,
2437 2967 2539 3008 nec
2564 2967 2663 3023 pro
2688 2953 2829 3020 hac,_
2856 2955 3041 3029 sijnon
3090 2938 3397 3025 loquendo,
3413 2954 3609 3023 saltem

2000 3045 2315 3111 -innuendo,
2359 3044 2684 3113 cessaverit;
2719 3046 2891 3104 donec
2912 3045 3146 3102 ofﬁcium
3190 3048 3458 3104 duntaxat
3497 3049 3611 3107 oris

2008 3137 2318 3205 _amitteret,
2364 3145 2420 3193 et
2445 3136 2631 3193 oculos
2669 3137 2883 3207 penitus
2925 3139 3225 3195 obseraret.
3271 3138 3437 3208 Cujus
3481 3140 3612 3195 affe-

2021 3237 2172 3287 ctum
2189 3237 2247 3285 et
2276 3244 2377 3284 nos
2402 3243 2619 3300 quoque
2643 3237 2944 3295 sumentes,
2973 3229 3116 3285 sicut
3137 3228 3322 3284 divina
3354 3230 3530 3305 gratia
3558 3231 3612 3285 ei

1872 3356 1879 3361 -
1949 3314 1994 3376 C
2025 3320 2387 3376 successimus
2410 3320 2462 3374 in
2489 3319 2717 3384 honore,
2744 3318 2819 3373 ita
2863 3326 2920 3373 et
2942 3319 3140 3387 merito
3164 3319 3529 3377 successimus
3555 3320 3614 3375 in

1998 3409 2230 3477 .labore,
2258 3417 2314 3465 et
2336 3408 2482 3464 sicut
2501 3407 2760 3463 sudorum
2798 3407 2917 3479 ejus
2944 3415 3009 3487 et?
3026 3407 3450 3483 dispositionum
3486 3417 3614 3465 tunc

2024 3501 2330 3558 exstitimus
2351 3500 2870 3578 communicatores,
2883 3498 2960 3579 ita
2976 3514 3190 3569 quoque
3204 3515 3349 3556 nunc
3362 3508 3615 3570 optamus

2006 3602 2082 3668 ‘et
2103 3593 2403 3669 satagimus
2435 3608 2557 3649 esse
2580 3592 2638 3648 in
2666 3590 2880 3647 cunctis
2936 3591 3336 3649 observatores.
3399 3590 3617 3659 Quanto

2010 3700 2155 3743 ,vero
2196 3684 2395 3758 gaudio
2425 3692 2738 3756 quantaque
2765 3681 3355 3761 simusgexsultatioue
3396 3680 3613 3753 repleti,

2024 3780 2387 3851 percipientes
2412 3780 2625 3842 auditu,
2648 3775 2794 3846 quod
2823 3775 2891 3830 de
2915 3760 3163 3833 sanitatis
3193 3783 3298 3830 tuae
3325 3788 3617 3845 recupera-

2004 3871 2177 3947 ..tione
2191 3868 2309 3937 jugi
2335 3868 2687 3947 gestabamus
2706 3863 2925 3930 atl‘ectu,
2956 3880 3060 3920 nec
3086 3879 3148 3920 os
3178 3865 3488 3935 exprimere
3514 3880 3616 3920 nec

2025 3958 2268 4013 calamus
2314 3959 2573 4027 przevalet
2618 3940 2866 4011 eiarare.
2897 3954 3053 4012 Unde
3076 3957 3453 4015 benediximus
3478 3958 3610 4025 Deo,

2025 4057 2082 4104 et
2103 4048 2269 4105 totius
2294 4048 2476 4103 cordis
2505 4045 2833 4116 jubilatione
2855 4045 3218 4112 laudavimus,
3241 4049 3503 4103 excitanti
3529 4050 3609 4104 vi-

2018 4139 2219 4209 delicet
2243 4139 2427 4196 dilecti
2456 4137 2553 4193 lilii
2578 4137 2751 4194 nostri
2780 4137 2965 4193 Basilii
2992 4137 3256 4209 principis
3283 4147 3338 4196 et
3380 4141 3607 4212 Augusti

2022 4229 2487 4287 ferventissimam
2530 4227 2802 4298 spiritum,
2848 4242 2956 4283 non
2996 4227 3175 4284 solum
3218 4230 3287 4285 ad
3314 4230 3611 4286 vindictam

2020 4319 2460 4386 malefactorum,
2515 4332 2707 4375 verum
2753 4317 2920 4372 etiam
2969 4318 3037 4372 ad
3086 4316 3304 4374 laudem
3335 4317 3607 4376 bonorum

2000 4394 2229 4470 scilicet
2255 4411 2346 4484 qui
2392 4410 2593 4481 eripuit
2647 4408 2969 4471 Ecclesiam‘
2996 4408 3115 4475 Dei,
3167 4409 3295 4465 dum
3339 4411 3608 4481 quotidie,

2020 4507 2151 4578 quia
2172 4520 2290 4579 non
2308 4503 2584 4560 consensit
2618 4501 2886 4568 adultero,
2920 4501 3227 4556 traheretur
3258 4509 3368 4555 tam
3395 4501 3464 4555 ad
3489 4516 3612 4556 cor-

2022 4580 2174 4670 poris
2217 4610 2383 4666 quam
2419 4596 2489 4651 ad
2546 4595 2742 4650 anima:
2787 4601 3042 4659 mortem,
3091 4593 3262 4648 instar
3288 4594 3477 4663 utique
3506 4593 3610 4648 Da-

1944 4701 1996 4762 D
2022 4692 2181 4749 nielis
2210 4691 2608 4749 sanctissimam
2633 4689 2914 4761 eripientis
2942 4689 3251 4746 Susannam
3279 4708 3311 4747 a
3340 4691 3610 4748 sententia

2026 4784 2239 4851 mortis,
2266 4797 2433 4855 quam
2459 4783 2720 4854 impudici
2765 4783 3094 4856 presbyteri,
3147 4784 3240 4853 qui
3286 4774 3613 4840 videbantur

2028 4890 2219 4948 regere
2264 4875 2525 4947 pepulum
2567 4875 2805 4942 Domini,
2843 4890 2952 4931 non
2974 4884 3154 4931 autem
3184 4876 3467 4947 regebant,
3519 4878 3612 4933 sed

2027 4970 2207 5040 potius
2227 4969 2408 5026 Photii
2436 4986 2593 5026 more
2611 4971 2928 5042 perdebant,
2954 4972 3211 5041 nequiter
3236 4958 3608 5028 extorserunt.

2027 5060 2298 5117 Praeterea
2350 5077 2472 5133 quae
2531 5062 2785 5132 praefatus
2852 5063 3160 5131 apostolica:
3209 5062 3614 5118 recordationis

2026 5153 2273 5224 pontifex
2298 5153 2623 5225 regulariter
2647 5168 2713 5208 ac
2747 5153 3003 5224 synodice
3030 5161 3138 5207 tam
3170 5152 3237 5207 de
3258 5153 3611 5213 schismatico

1992 5296 1995 5297 ,
2028 5236 2086 5302 et
2113 5248 2327 5302 mtecho
2353 5247 2570 5308 Photio,
2599 5254 2655 5300 et
2699 5245 3062 5313 ordinatione,
3088 5246 3196 5302 imo
3226 5247 3607 5304 exsecratione

2026 5340 2220 5411 ipsius,
2248 5347 2409 5410 atque
2454 5337 2797 5408 Syracusano
2825 5336 3106 5407 Gregorio,
3156 5352 3317 5407 quam
3346 5339 3513 5393 etiam
3542 5339 3610 5395 de

1990 5488 1995 5493 ,
2025 5440 2083 5487 te
2103 5430 2413 5501 specialiter
2456 5437 2514 5483 et
2545 5429 2613 5483 de
2631 5428 3088 5498 compatientibus
3135 5428 3231 5483 tibi
3284 5431 3528 5485 sanxerit
3552 5439 3610 5486 et

2026 5521 2319 5586 definierit,
2362 5528 2552 5575 tenore
2574 5517 2783 5573 valebis
2805 5517 2923 5587 ejus
2953 5517 3321 5589 epistolarum,
3349 5534 3488 5591 quas
3516 5536 3608 5575 su-

2022 5628 2122 5684 per
2145 5612 2232 5668 bis
2251 5611 2468 5668 diverso
2493 5620 2731 5682 tempore
2744 5608 3269 5680 Constantinopolim
3289 5610 3606 5679 destinavit,

2022 5711 2274 5776 patenter
2298 5700 2564 5758 ediscere.
2597 5698 2798 5756 Verum
2826 5700 2872 5757 si
2898 5700 2965 5756 ad
2988 5700 3236 5755 notitiam
3280 5709 3386 5756 tuae
3429 5700 3608 5758 beati-

2025 5796 2230 5856 tudinis
2256 5810 2365 5852 non
2392 5801 2782 5866 pervenerunt,
2807 5808 2838 5848 a
2868 5792 3052 5849 missis
3077 5794 3283 5849 nostris
3308 5793 3409 5850 has
3455 5795 3605 5850 acci-

2023 5892 2199 5962 piens,
2240 5889 2312 5948 ad
2335 5888 2751 5947 instructionem
2789 5878 2937 5944 tuam
2981 5894 3038 5944 et
3074 5895 3484 5945 monumentum
3526 5885 3606 5942 fu-

3161 5987 3259 6057 ιι1.
