4142 6296
623 455 770 518 1285

1981 441 2260 503 ADRINAI
2293 439 2500 504 ΡΑΡᾹΞ
2532 442 2578 503 ll

3767 453 3911 521 “8t

625 574 875 620 turorum
903 571 1155 628 reserva;
1183 569 1519 635 cognoscens
1541 559 1785 629 interim,
1813 564 1869 618 et
1904 561 2209 618 certissime
2234 567 2289 628 Α
2313 563 2495 618 monia
2523 570 2614 620 tua
2646 560 2950 622 consecrati
2994 575 3144 635 sunt,
3177 548 3307 625 haec'
3334 566 3514 627 forma
3566 573 3902 651 servabitur,

619 657 806 714 sciens
833 669 934 710 nos
985 668 1015 708 a
1047 655 1279 711 decretis
1305 653 1425 727 ejus
1454 653 1603 710 nullo
1647 653 1811 710 modo
1847 652 2204 721 discessuros,

625 746 723 802 sed
759 743 876 814 ejus
897 743 1038 801 sicut
1063 743 1258 809 locum,
1284 745 1358 800 ita
1382 751 1438 800 et
1463 743 1701 800 studium
1731 743 2088 814 possidentes,
2125 743 2207 814 lp-

626 840 759 904 sius,
784 847 1047 911 quantum
1078 839 1292 895 ratione
1331 838 1592 911 magistra
1628 853 1934 910 possumus,
1977 837 2208 908 vestigia

623 937 944 986 secuturos:
978 938 1247 1001 quatenus
1275 931 1342 987 ad
1373 930 1645 988 lucernam
1679 931 2056 988 mandatorum
2087 928 2206 1001 ejus

621 1020 864 1094 in'hujus
894 1021 1172 1092 caliginosi
1201 1021 1380 1077 smculi
1413 1022 1531 1078 loco
1561 1022 1892 1093 gradientes,
1925 1020 2207 1078 inoffensis

619 1113 870 1184 pedibus,
899 1113 1008 1168 Deo
1045 1114 1203 1179 duce,
1229 1113 1480 1170 incedere
1502 1113 1799 1169 valeamus.
1840 1113 2206 1180 Quamobrem

621 1214 677 1258 et
702 1203 756 1258 in
803 1204 908 1269 his,
938 1217 1102 1273 super
1125 1203 1322 1273 quibus
1371 1218 1402 1258 a
1433 1203 1587 1282 nobis
1615 1204 1994 1273 dispositiones
2016 1213 2073 1260 et
2099 1204 2207 1260 dis-

621 1298 888 1352 crctiones
916 1298 1106 1369 exigis,
1130 1298 1203 1352 nil
1229 1299 1560 1371 sequendum
1589 1309 1786 1369 praeter
1811 1296 1928 1368 ejus
1946 1297 2207 1354 divinitus

621 1389 882 1461 inspirata
918 1391 1133 1446 decreta
1184 1391 1578 1463 conspicimus;
1612 1407 1723 1464 prae
1749 1391 2003 1449 omnibus
2026 1402 2082 1446 et
2109 1406 2202 1449 su-

617 1497 716 1552 per
763 1483 942 1536 omnia
978 1483 1297 1554 Gregorium
1353 1483 1784 1556 Syracusanum;
1844 1491 1901 1538 et
1949 1482 2202 1538 Photium

619 1585 908 1643 tyrannum
936 1584 990 1629 et
1011 1591 1146 1645 quos
1167 1576 1308 1631 idem
1339 1574 1628 1631 Photiusin
1658 1574 1828 1646 gradu
1853 1573 2094 1645 quolibet
2114 1589 2204 1630 or-

617 1668 836 1724 dinasse
867 1676 1086 1740 putatus
1115 1677 1219 1734 est,
1244 1669 1312 1724 ab
1353 1666 1732 1740 episcoporum
1759 1679 1986 1723 numero
2007 1665 2095 1721 vel
2124 1665 2204 1722 di-

616 1764 842 1834 gnitate,
897 1779 1058 1833 quam
1093 1761 1403 1832 usurpative
1431 1776 1495 1816 ac
1523 1760 1647 1816 ficte
1669 1759 1835 1824 dedit,
1884 1757 2080 1815 merito
2111 1775 2199 1815 se-

615 1863 978 1924 questrantes.
1010 1853 1212 1919 Primo,
1262 1853 1388 1923 quia
1436 1850 1664 1907 Photius
1692 1849 1944 1914 Maximo,
1974 1859 2028 1905 et
2055 1848 2203 1906 ordi-

2309 663 2367 708 ut
2383 655 2650 726 siquidem
2672 665 2802 713 sunt
2820 657 2962 714 inter
2976 671 3074 715 eos
3091 661 3203 732 qui,
3220 660 3392 734 gratia
3408 662 3532 733 Dei,
3549 668 3900 732 confortante

2308 745 2546 804 invasori
2577 747 2770 806 Photio
2814 752 3150 819 restiterunt,
3202 768 3300 825 per
3329 755 3650 830 nullumque
3681 765 3902 822 modum

2309 838 2704 897 inhonorantite
2751 841 2835 898 vel
2857 843 3200 902 contumelia:
3224 845 3585 907 fraternitatis
3617 861 3750 922 tuae,
3803 868 3897 913 aut

2305 931 2560 1000 putativae
2583 931 2905 1004 depositioni
2928 938 3487 1008 communicaverunt,
3512 942 3612 999 sed
3630 953 3688 1000 et
3714 949 3892 1006 varias

2307 1027 2484 1076 tecum
2512 1022 2582 1078 ob
2615 1022 2719 1078 hoc
2741 1023 3118 1083 tribulationes
3147 1036 3203 1082 et
3239 1028 3450 1096 exsilia,
3487 1033 3618 1104 quin
3649 1045 3706 1092 et
3733 1037 3896 1111 depo-

2305 1113 2528 1171 sitiones
2555 1114 2925 1185 pertulerunt;
2982 1118 3082 1176 hos
3129 1119 3336 1188 beatos,
3371 1133 3426 1178 et
3470 1130 3559 1181 ter
3581 1127 3774 1188 beatos
3821 1133 3893 1188 di-

2304 1206 2497 1274 xerim,
2525 1215 2582 1262 et
2614 1207 2760 1264 inter
2785 1208 2988 1266 Christi
3041 1211 3386 1270 confessores
3416 1223 3888 1281 connumerandus

2305 1298 2672 1368 decreverim;
2729 1301 2864 1358 adeo
2895 1311 2954 1357 ut
2987 1303 3222 1361 habeant
3273 1304 3543 1377 insignem
3572 1309 3626 1365 in
3656 1326 3746 1377 ea,
3777 1329 3886 1384 qua:

2304 1387 2445 1459 apud
2465 1402 2560 1446 vos
2585 1399 2688 1456 est,
2715 1390 2957 1448 Ecclesia
2981 1393 3180 1461 locum,
3232 1404 3285 1453 et
3309 1399 3585 1469 praecipua
3630 1402 3782 1459 circa
3811 1405 3881 1461 die

2304 1477 2590 1534 lectionem
2612 1487 2758 1535 tuam
2786 1480 2984 1538 fiducia
3008 1482 3392 1554 perfruantur;
3412 1488 3487 1543 ita
3510 1499 3572 1545 ut
3593 1495 3886 1551 secundum

2304 1571 2703 1630 multitudinem
2752 1573 2998 1631 dolorum
3026 1576 3288 1650 ipsorum,
3339 1583 3748 1642 consolationes
3794 1597 3889 1645 tua:

2305 1663 2519 1719 animas
2545 1678 2733 1720 eorum
2761 1664 3057 1733 lactificent,
3083 1683 3235 1725 more
3263 1668 3475 1728 scilicet
3520 1675 3617 1731 Dei
3652 1679 3746 1747 qui
3775 1681 3889 1735 red-

2305 1755 2395 1810 det
2415 1755 2642 1825 singulis
2672 1757 2969 1813 secundum
2999 1773 3162 1830 opera
3188 1762 3451 1832 ipsorum.
3478 1763 3652 1824 Porro
3683 1772 3888 1829 caeteris

2305 1845 2397 1915 qui
2427 1861 2492 1902 ex
2522 1847 2934 1905 consecratione
2975 1849 3334 1910 fraternitatis
3364 1863 3469 1911 tuae
3515 1868 3667 1926 sunt,
3697 1869 3751 1916 et
3775 1863 3885 1918 sive

615 1949 763 2004 natio
805 1947 944 2016 ejus,
981 1947 1064 2000 vel
1093 1946 1272 2017 potius
1323 1944 1645 2008 exsecratio,
1674 1943 1830 1998 istius
1875 1939 2204 1998 ordinationi
2234 1926 2283 1987 Β
2309 1947 2503 2008 sponte
2523 1938 2638 1995 sive
2664 1939 2716 1994 vi
2734 1953 2794 1996 se
2821 1941 2888 1995 ad
2920 1938 3174 1996 Photium
3199 1943 3572 2011 contulerunt,
3596 1948 3643 2004 si
3677 1952 3778 2006 sub
3803 1966 3886 2007 sa-

615 2053 753 2109 pene
779 2038 831 2092 in
857 2036 1066 2092 cunctis
1082 2037 1296 2091 videtur
1317 2051 1437 2092 esse
1451 2034 1744 2091 simillima.
1778 2032 2048 2099 Secundo,
2072 2032 2200 2105 quia

614 2130 692 2184 sic
725 2145 783 2183 se
814 2128 974 2182 habet
999 2143 1095 2198 per
1125 2129 1467 2182 decessorem
1499 2140 1677 2180 meum
1709 2123 2020 2195 apostolicae
2048 2125 2198 2180 sedis

521 2259 524 2262 -
615 2225 913 2287 decretum,
937 2219 1089 2289 cujus
1113 2220 1376 2292 judicium
1407 2233 1672 2289 nusquam
1701 2216 2023 2288 praecipiunt
2055 2214 2202 2272 sacri

614 2329 849 2368 canones
875 2312 1183 2376 retractari,
1213 2312 1341 2366 dum
1363 2318 1542 2365 tamen
1571 2318 1827 2364 censeant
1852 2323 1972 2363 eam
1995 2307 2049 2362 in
2074 2305 2203 2362 alio-

613 2421 734 2459 rum
758 2418 984 2474 quaeque
1013 2402 1324 2459 renovanda
1369 2415 1463 2456 seu
1493 2398 1798 2455 definienda
1828 2397 2042 2469 negotia
2072 2410 2200 2468 per-

611 2498 846 2554 scrutari
879 2516 892 2550 :
927 2511 1132 2566 nosque
1162 2494 1434 2558 convenit,
1467 2501 1528 2547 ut
1574 2491 1930 2562 praetulimus,
1972 2489 2090 2560 ejus
2143 2489 2200 2546 in

612 2589 862 2644 omnibus
891 2587 1184 2644 constituta
1214 2584 1434 2641 sectari.
1460 2582 1666 2649 Tertio,
1695 2582 1820 2653 quia
1867 2580 2089 2637 Photius
2114 2579 2200 2636 vir

612 2682 866 2748 forensis,
917 2679 1158 2746 curialis,
1210 2679 1534 2749 neophytus,
1569 2675 1806 2740 invasor,
1852 2682 2017 2743 atque
2045 2668 2198 2726 adul-

612 2784 716 2842 ter,
770 2790 871 2831 nec
901 2789 1010 2830 non
1056 2780 1112 2828 et
1149 2771 1492 2828 anathemate
1519 2769 1910 2825 condemnatus
1936 2764 2196 2832 existens,

613 2865 747 2920 nihil
789 2864 979 2920 habuit
1007 2879 1067 2919 se
1095 2861 1200 2936 [f.,
1241 2877 1403 2932 quam
1452 2858 1533 2932 se]
1563 2859 1915 2929 sequentibus
1939 2857 2196 2928 propina-

611 2958 772 3012 verit.
804 2957 997 3013 Photio
1027 2964 1193 3023 certe,
1240 2953 1561 3025 praesidente
1590 2961 1830 3016 auctore,
1863 2949 2068 3006 dictum
2112 2957 2198 3005 est

612 3049 682 3102 ab
711 3046 1222 3103 anathematizatis:
1253 3045 1614 3102 Consecratus
1636 3058 1742 3098 non
1769 3041 1944 3098 solum
1975 3056 2081 3097 non
2105 3054 2196 3097 ae-

613 3138 741 3208 cipit
771 3135 1032 3209 Spiritum
1081 3145 1350 3202 sanctum,
1403 3136 1497 3191 sed
1544 3142 1600 3190 et
1642 3133 1786 3204 quod
1815 3141 1973 3189 antea
2007 3131 2198 3188 habuit

610 3232 807 3284 tlamen
838 3229 1085 3286 aufertur
1112 3230 1178 3284 ab
1204 3245 1269 3286 eo
1293 3245 1308 3283 :
1332 3242 1519 3284 verum
1542 3224 1794 3296 quamvis
1839 3225 1944 3281 hoc
1974 3223 2191 3297 tyranni

2305 2032 2616 2089 tisfactione
2637 2033 2824 2101 libelli,
2841 2033 2994 2106 cujus
3019 2037 3301 2108 exemplar
3320 2039 3500 2096 missis
3519 2044 3720 2100 nostris
3743 2060 3884 2101 com-

2304 2125 2572 2192 misimus,
2603 2127 2671 2182 ad
2695 2135 2747 2182 te
2775 2129 3158 2196 remeaverint,
3183 2133 3429 2200 quamvis
3449 2144 3634 2190 contra
3671 2137 3889 2207 profes-

2302 2216 2508 2271 sionem
2536 2217 2621 2272 vel
2649 2218 3102 2290 subscriptionem
3148 2237 3300 2277 suam
3326 2226 3546 2294 egerint,
3597 2240 3663 2282 ac
3693 2227 3888 2284 multi-

2302 2307 2515 2378 pliciter
2541 2310 2804 2367 adversus
2829 2327 3102 2367 summum
3132 2313 3492 2372 sacerdotium
3525 2327 3702 2387 tuum,
3730 2329 3790 2376 et
3824 2321 3880 2378 in

2301 2407 2673 2471 contemptum
2712 2402 2856 2458 sedis
2885 2404 3195 2474 apostolicae
3223 2407 3557 2476 exarserint,
3589 2425 3686 2467 eos
3715 2427 3878 2484 gene-

2304 2489 2491 2545 raliter
2542 2492 2596 2547 in
2627 2491 2740 2548 suis
2777 2494 3031 2564 gradibus
3055 2497 3462 2565 continuantes,
3497 2499 3878 2572 ignoscean

2301 2582 2659 2639 decrevimus.
2696 2583 2948 2654 Discipuli
2978 2585 3120 2642 enim
3174 2603 3362 2646 sumus
3389 2590 3537 2646 mitis
3583 2601 3641 2649 et
3674 2594 3879 2650 miseri-

2299 2675 2481 2730 cordis
2533 2674 2798 2748 Magistri,
2841 2679 2951 2749 qui,
3017 2681 3383 2749 apostolorum
3433 2685 3680 2758 principe
3729 2698 3878 2754 teste,

2298 2781 2483 2836 passus
2512 2782 2605 2836 pro
2631 2767 2802 2835 nobis,
2833 2769 2980 2825 nobis
3013 2771 3220 2843 reliquit
3247 2774 3542 2845 exemplum
3577 2788 3634 2831 ut
3664 2795 3880 2850 sequan-

2300 2873 2420 2911 mur
2439 2857 2653 2928 vestigia
2679 2859 2816 2930 ejus,
2858 2862 2950 2931 qui
2985 2874 3255 2933 peccatum
3281 2881 3387 2921 non
3414 2867 3561 2936 fecit,
3592 2880 3650 2924 ut
3677 2888 3771 2926 nos
3792 2874 3884 2926 sci-

2298 2947 2415 3004 licet
2445 2949 2796 3020 lucrifaceret,
2825 2970 2917 3008 nec
2941 2955 3181 3011 inventus
3205 2967 3279 3011 est
3301 2959 3456 3014 dolus
3476 2960 3532 3014 in
3561 2979 3652 3017 ore
3675 2964 3875 3033 ipsius:

2297 3047 2346 3092 et
2366 3050 2539 3094 tamen.
2551 3056 2668 3095 cum
2683 3041 3104 3112 malediceretur,
3117 3061 3220 3100 non
3246 3047 3668 3116 remaledicebat,
3687 3063 3738 3107 et
3765 3069 3876 3108 cum

2297 3140 2580 3200 pateretur,
2617 3149 2720 3188 non
2741 3135 3160 3191 comminabatur
3183 3135 3243 3208 (Ι
3264 3135 3410 3192 Petr.
3439 3140 3527 3212 ιι).
3562 3141 3622 3197 Si
3651 3145 3744 3214 qui
3781 3161 3876 3200 au-

2301 3229 2410 3276 tem
2438 3237 2506 3278 ex
2535 3223 2601 3279 iis
2630 3233 2755 3280 sunt
2775 3226 2870 3297 qui
2908 3226 3066 3282 aliter
3092 3226 3174 3284 vel
3211 3229 3262 3282 in
3287 3227 3480 3298 Deum,
3509 3232 3593 3288 vel
3621 3235 3878 3293 adversus

611 3322 790 3378 Photii
826 3323 1031 3379 dictum
1060 3321 1265 3390 favore,
1296 3321 1519 3393 ipseque
1545 3334 1709 3390 super
1733 3316 2041 3388 hujusmodi
2063 3331 2194 3371 sen-
2222 3302 2267 3364 C
2299 3306 2590 3370 constituta
2641 3315 2890 3383 Patrum,
2918 3319 3044 3390 quia
3075 3326 3131 3374 et
3172 3320 3286 3392 ipsa
3318 3321 3413 3377 Dei
3439 3321 3646 3393 Spiritu
3673 3327 3878 3398 prolata

613 3415 783 3470 tentia
830 3415 1148 3482 delectatus,
1176 3430 1298 3470 eum
1331 3412 1470 3468 male
1493 3427 1525 3466 a
1569 3426 1628 3468 se
1651 3410 1940 3482 promotis,
1971 3408 2022 3464 ei
2066 3423 2196 3463 cou-

611 3523 831 3562 scnsum
859 3507 1169 3577 praebuerit,
1191 3506 1439 3577 quamvis
1462 3504 1629 3559 etiam
1669 3517 1776 3558 non
1799 3501 1884 3565 iis,
1915 3500 1980 3555 de
2001 3499 2196 3570 quibus

611 3598 716 3653 hoc
736 3597 938 3652 frustra
965 3598 1166 3651 dictum
1189 3607 1273 3652 est
1300 3596 1479 3650 valeat
1508 3595 1751 3664 coaptari
1785 3611 1796 3648 :
1826 3593 1952 3665 quia
2010 3601 2192 3648 tamen

611 3688 879 3742 veraciter
902 3688 1102 3742 dictum
1150 3696 1252 3752 est,
1285 3701 1472 3742 eorum
1509 3686 1682 3754 magis
1710 3685 2044 3739 damnationi
2071 3700 2196 3755 pro-

611 3778 698 3834 cul
727 3777 892 3832 dubio
923 3777 1196 3849 congruit,
1226 3776 1318 3847 qui
1363 3775 1922 3831 ab'anathematizato
1956 3783 2011 3828 et
2038 3772 2193 3829 dam-

611 3883 738 3931 nato
768 3870 985 3939 Photio,
1017 3887 1116 3943 per
1145 3870 1542 3942 impositionem
1574 3883 1788 3936 manus,
1821 3883 1928 3924 non
1957 3867 2188 3938 lucrum,

610 3968 705 4025 sed
728 3967 921 4023 vulnus
945 3967 999 4022 in
1031 3967 1209 4038 capite
1231 3972 1601 4035 susceperunt.
1626 3961 1685 4017 in
1715 3978 1821 4033 quo
1843 3977 1973 4034 ergo
1992 3961 2196 4036 judicio

605 4061 1004 4132 iudicaverunt,
1028 4060 1320 4116 secundum
1343 4057 1688 4129 Evangelium
1719 4056 1935 4127 (Matth.
1966 4058 2086 4128 vn),
2108 4057 2195 4126 ju-

612 4157 900 4212 dicandum
934 4163 1018 4210 est
1061 4155 1125 4210 de
1170 4153 1270 4218 eis,
1308 4159 1362 4205 et
1393 4153 1446 4205 in
1475 4165 1583 4220 qua
1614 4164 1868 4204 mensura
1896 4149 2194 4205 mensurati

613 4255 758 4309 sunt,
783 4255 864 4302 est
885 4246 964 4301 eis
988 4245 1173 4316 utique
1213 4242 1632 4307 remetiendum,
1667 4247 1830 4310 atque
1859 4253 1959 4309 pro
1997 4255 2195 4311 magno

611 4337 718 4395 illis
743 4337 1070 4401 habendum,
1097 4337 1140 4390 si
1171 4334 1362 4389 saltem
1388 4347 1510 4389 sero
1538 4332 1607 4387 ad
1637 4339 1688 4386 te
1713 4338 1985 4402 pastorem
2010 4345 2190 4399 suum,

612 4446 775 4502 quem
803 4437 927 4500 post
953 4425 1230 4483 Christum
1260 4425 1390 4482 olim
1409 4423 1545 4493 jam,
1576 4431 1632 4477 et
1653 4436 1748 4492 per
1772 4419 2054 4477 Christum
2081 4421 2192 4476 uti-

611 4541 719 4597 que
742 4521 1020 4579 consecuti
1042 4527 1189 4584 sunt,
1220 4516 1560 4588 repedantes,
1593 4526 1658 4570 ac
1688 4512 1806 4568 sine
1829 4510 2020 4583 majori
2061 4521 2195 4567 tem-

613 4614 899 4685 poraliquc
921 4611 1284 4682 promotione,
1316 4607 1546 4662 Domino
1575 4605 1806 4662 contrito
1828 4604 1992 4660 corde
2015 4603 2192 4659 humi-

613 4706 849 4774 liatoque
879 4704 1076 4772 spiritu
1101 4700 1455 4764 famulantes,
1478 4698 1619 4754 bona
1661 4697 1970 4753 studuerint
1996 4709 2189 4765 exspe-

612 4804 764 4850 ctare
795 4794 996 4846 futura.
1035 4790 1301 4844 Caeterum
1323 4789 1389 4842 de
1418 4789 1583 4842 Paulo
1611 4787 1952 4850 Caesariensi,
1986 4787 2055 4842 de
2088 4801 2195 4856 quo

613 4898 796 4941 sermo
823 4899 853 4938 a
880 4890 934 4937 te
971 4879 1172 4936 multus
1196 4889 1280 4936 est
1303 4879 1539 4945 habitus,
1569 4879 1808 4945 interim,
1835 4879 1978 4949 quod
2001 4879 2071 4934 de
2092 4893 2196 4935 ca:-

613 4974 748 5029 teris
769 4973 861 5043 qui
911 4986 941 5026 a
967 4969 1162 5026 Photio
1207 4968 1440 5042 promuti
1469 4977 1617 5035 sunt,
1645 4968 1983 5026 decrevimus
2011 4969 2196 5026 obser-

612 5067 871 5134 vandum,
897 5065 1018 5138 jure
1034 5065 1338 5121 statuimus.
1363 5061 1632 5120 Praeterea
1654 5063 2093 5134 persecutionum
2115 5072 2196 5118 to-

616 5161 873 5227 lerantia,
900 5159 985 5214 vel
1007 5157 1274 5228 palaestrae
1297 5155 1652 5212 certaminum
1668 5169 1806 5226 quas
1833 5156 2093 5210 adversus
2119 5160 2198 5226 ty-

615 5268 850 5311 rannum
873 5250 960 5306 vel
983 5251 1256 5306 moechum
1283 5264 1382 5321 pro
1400 5249 1630 5305 veritate
1657 5246 2029 5317 multipliciter
2041 5259 2197 5300 exer-

617 5347 798 5402 cuisse
821 5343 1058 5411 testaris,
1092 5357 1246 5398 suam
1267 5343 1472 5398 habent
1497 5338 1742 5411 profecto
1781 5337 2112 5404 mercedem,
2143 5344 2200 5392 et

616 5434 1122 5494 immarcescibilem
1145 5433 1526 5508 praestolamur
1545 5447 1577 5487 a
1605 5431 1908 5488 caelestium
1929 5428 2196 5486 bonorum

617 5529 875 5602 largitore
899 5543 1178 5586 coronam.
1229 5526 1373 5582 Sane
1404 5533 1600 5582 caetera
1631 5524 1889 5580 Ecclesia.-
1931 5524 2196 5580 beneﬁcia

619 5620 929 5694 largissime
958 5630 1342 5689 consequatur,
1375 5628 1429 5674 et
1457 5618 1665 5674 honore
1711 5614 2057 5688 competenti,
2085 5623 2196 5672 tam

621 5714 762 5782 apud
789 5712 1202 5768 sanctimoniam
1235 5719 1378 5764 tuam
1401 5723 1566 5778 penes
1595 5722 1804 5772 omnes,
1854 5707 2050 5762 merito
2076 5721 2199 5777 per-

619 5799 851 5856 fruatur.
884 5804 958 5856 De
986 5805 1072 5856 his
1095 5811 1273 5857 autem
1301 5800 1676 5856 sacerdotibus
1702 5801 1788 5855 vel
1809 5801 2022 5856 clericis
2051 5800 2198 5870 quia

619 5887 792 5951 beatae
819 5893 1093 5948 memorize
1118 5889 1426 5963 patriarcha
1472 5889 1764 5958 Methodio,
1804 5891 1890 5947 vel
1935 5907 1966 5947 a
1995 5891 2199 5948 sancti-

2222 4657 2271 4720 D

2300 3403 2627 3472 consistunt,
2666 3405 2957 3476 deliquisse
2988 3406 3074 3462 vel
3101 3409 3402 3467 excessisse
3429 3413 3750 3485 probantur,
3781 3418 3877 3473 hos

2295 3495 2564 3562 volumus,
2591 3496 2830 3554 adhibita
2859 3497 2963 3554 sibi
3012 3507 3200 3557 nostra
3227 3509 3442 3574 quoque
3468 3509 3812 3576 auctoritate,
3842 3523 3872 3565 a
3898 3511 3907 3521 '

2295 3588 2575 3657 pontificio
2601 3597 2692 3644 tuo
2713 3589 3032 3662 regulariter
3069 3594 3391 3662 examinari,
3418 3605 3474 3652 et
3522 3603 3760 3670 paternis
3783 3603 3879 3660 de-

2298 3680 2631 3738 finitionibus
2655 3685 2849 3739 amodo
2867 3693 2923 3740 et
2940 3685 3193 3756 deinceps
3209 3687 3431 3745 omnino
3450 3691 3702 3746 submitti.
3734 3694 3876 3751 Cum

2299 3772 2442 3826 enim
2469 3773 2877 3830 beatus-Petrus
2900 3774 3128 3832 Domino
3162 3793 3270 3834 non
3299 3770 3446 3836 dicat
3469 3798 3484 3836 :
3510 3781 3567 3838 Si
3586 3785 3883 3852 peccauerit

2296 3863 2350 3924 in
2383 3872 2453 3929 te,
2488 3863 2580 3920 sed
2606 3865 2664 3918 in
2694 3881 2796 3932 me,
2826 3866 2992 3942 frater
3016 3884 3180 3937 meus,
3231 3869 3495 3927 dimittam
3524 3875 3576 3927 ei
3613 3890 3777 3945 usque
3803 3890 3881 3932 se-

2298 3954 2466 4020 pties?
2513 3953 2731 4026 (Matth.
2768 3955 2926 4028 xvm)
2960 3969 3084 4028 apte
3109 3957 3272 4015 datur
3301 3960 3527 4034 intelligi
3554 3979 3619 4020 ea
3649 3981 3751 4023 nos
3776 3967 3880 4023 fra-

2299 4043 2470 4099 tribus
2525 4045 2786 4115 impunita
2823 4060 2984 4117 posse
3043 4048 3338 4117 dimittere,
3371 4067 3494 4122 quat
3542 4055 3598 4110 in
3626 4071 3746 4124 nos,
3775 4074 3880 4114 non

2295 4148 2415 4203 qua:
2436 4134 2489 4189 in
2518 4135 2823 4202 Dominum,
2845 4137 2929 4192 vel
2949 4139 3002 4194 in
3025 4138 3302 4198 Dominlca
3324 4147 3641 4213 constituta,
3663 4159 3883 4218 patran-

2298 4231 2400 4278 tur.
2435 4223 2576 4280 Dicit
2601 4227 2744 4281 enim
2777 4225 3058 4298 Scriptura
3081 4245 3098 4285 :
3125 4231 3190 4286 Si
3210 4237 3505 4303 peccauerit
3523 4237 3681 4292 homo
3717 4240 3776 4294 in
3797 4242 3889 4295 Ito-

2295 4319 2508 4385 mineat,
2559 4320 2759 4390 rogabit
2788 4337 2882 4391 pro
2913 4338 2974 4376 eo
3012 4324 3298 4392 sacerdos;
3327 4326 3375 4380 si
3411 4335 3600 4383 autem
3619 4332 3677 4384 in
3705 4331 3878 4385 Dem

2292 4412 2598 4480 peccauerit,
2628 4415 2744 4484 quis
2769 4415 2972 4483 rogabit
2998 4429 3093 4485 pro
3121 4417 3226 4472 eo?
3246 4416 3299 4488 (I
3327 4416 3455 4489 Reg.
3485 4420 3574 4492 ll.)
3605 4419 3751 4476 Sane
3780 4421 3882 4479 hos

2293 4502 2388 4572 qui
2411 4503 2465 4557 in
2489 4502 2722 4559 nefando
2746 4505 3120 4570 conciliabula,
3151 4508 3296 4578 quod
3324 4509 3380 4564 in
3412 4511 3669 4582 injuriam
3696 4521 3752 4569 et
3781 4513 3882 4569 de-

2297 4594 2633 4662 rogationem
2674 4596 2819 4651 sedis
2844 4598 3154 4666 apostolica
3177 4598 3638 4674 Constantinopoli
3671 4603 3880 4661 factum

2297 4696 2402 4750 est,
2427 4687 2728 4744 voluntarie
2745 4690 3134 4760 subscripsisse
3159 4695 3474 4762 probantur,
3502 4696 3880 4766 cujuscunque

2297 4780 2407 4834 sint
2425 4779 2634 4835 ordinis
2658 4778 2739 4836 vel
2763 4780 3136 4851 professionis,
3165 4785 3307 4838 nulla
3331 4785 3485 4841 venia
3513 4787 3696 4856 dignos
3721 4801 3869 4855 esse,

2296 4873 2400 4928 nisi
2429 4872 2596 4928 multa
2617 4874 2894 4930 miseratio
2917 4874 3178 4943 ejusdem,
3203 4893 3368 4948 quam
3387 4879 3570 4934 laedere
3590 4879 3692 4934 nisi
3717 4889 3877 4949 sunt,

2298 4964 2611 5034 apostolica:
2661 4966 2806 5022 sedis
2830 4975 3104 5032 occurrat,
3152 4969 3550 5026 evidentissima
3594 4971 3739 5026 ratio
3789 4972 3882 5028 ἀοι

2299 5063 2421 5122 eet,
2466 5063 2526 5112 et
2570 5055 2862 5112 multifaria
2891 5057 3158 5130 majorum
3211 5063 3426 5119 sanctio
3469 5061 3756 5118 manifeste
3785 5065 3886 5119 do-

2300 5158 2566 5206 ηιοηειηι

2370 5243 2511 5312 Quin
2567 5252 2624 5300 et
2654 5243 2975 5302 universalis
3005 5245 3347 5304 Chalcedone
3396 5246 3581 5302 habita
3641 5249 3890 5318 synodus

2300 5338 2436 5394 adeo
2464 5335 2774 5406 huiusmodi
2791 5339 3154 5396 temeritatem
3174 5339 3444 5397 detestata
3461 5348 3565 5406 est,
3589 5349 3651 5396 ut
3669 5342 3728 5396 in
3755 5358 3891 5398 sen-

2303 5430 2472 5486 tentia
2499 5445 2664 5500 quam
2691 5430 2749 5486 in
2777 5430 3100 5488 Dioscorum
3123 5431 3369 5502 protulit,
3393 5432 3496 5487 hoc
3513 5432 3754 5486 maxime
3782 5444 3892 5486 me-

2301 5537 2517 5580 morare
2540 5522 2806 5592 videatur,
2837 5541 2962 5580 eum
2982 5526 3050 5581 de
3080 5527 3198 5598 ipso
3221 5527 3354 5581 dicit
3395 5526 3566 5598 (eone.
3611 5523 3887 5587 Chatta!"

2302 5628 2410 5674 act.
2439 5618 2560 5689 tu):
2593 5617 2858 5676 Secundis
2903 5620 3220 5676 messibus
3272 5619 3514 5689 priore
3536 5617 3885 5689 iniquitatem

2301 5711 2459 5766 valde
2503 5711 2880 5767 transcendit:
2911 5712 3254 5780 praesumpsit
3283 5711 3429 5765 enim
3465 5717 3520 5764 et
3571 5720 3889 5764 excommu-

2303 5803 2629 5859 nicationem
2654 5803 2864 5860 dictare
2885 5805 3145 5860 adversus
3174 5803 3572 5859 sanctissimum
3604 5808 3662 5856 et
3685 5799 3892 5855 beatis-

2303 5890 2504 5948 sima
2527 5892 2994 5966 archiepiscopum
3018 5909 3224 5966 magnae
3241 5893 3430 5949 Roma:
3449 5890 3706 5948 Leonem,
3729 5889 3890 5946 Prio-
