4142 6296
305 459 447 518 uss
1519 447 1879 507 EPISTOLA‘.
1918 445 2007 504 ET
2047 421 2390 504 Decuma.
2517 429 2524 434 ’
3441 443 3580 503 isse

305 594 424 636 rem
457 583 640 634 autem
666 572 1028 646 iniquitatem,
1057 566 1381 640 pravitatem
1402 565 1591 637 utique
1626 564 1756 620 dicit
1785 565 1888 618 hzc-
1913 567 1967 625 Α
2059 560 2410 646 schismaticg.
2429 555 2676 646 Capitula
2694 554 2936 646 Romana
2953 562 3138 646 contra
3155 552 3332 646 Plautii
3353 553 3577 646 pseudn-

305 623 424 636 -νιη
457 623 640 634 ν--ν-
670 623 1027 646 "ur—mw.
1057 623 1137 640 τη
1224 623 1229 624 κ
1501 623 1518 637 ,
1913 623 1915 625 .

305 673 552 730 retieam.
588 668 746 727 Unde
769 676 896 724 nota
928 664 1071 735 quod
1102 663 1394 720 Dioscorus
1417 659 1669 718 secundis
1695 670 1888 713 exces-

2067 630 2323 702 synodum
2354 623 2806 696 Constantinopoli
2824 627 2877 679 in
2903 627 3100 698 synodo
3123 623 3428 678 cunctorum
3454 623 3579 677 sub-

2064 701 2347 757 scriptione
2377 698 2707 753 roborentur.
2733 694 2992 752 Basiliam
3041 694 3282 757 Petrum,
3309 693 3578 747 Zosimum

307 766 477 832 sibus,
506 779 640 835 quos
667 763 723 817 in
752 755 1314 818 cxcommunicatioue
1359 751 1589 809 Romani
1617 764 1771 821 papae
1798 746 1888 803 di-

2064 719 2347 771 scriptione
2377 719 2707 753 iuvarentur.
2733 719 2992 752 Dusrtutm
3041 719 3282 758 renum,
3309 719 3578 747 DUMHUHI‘

2029 809 2034 813 Α
2063 781 2111 826 et
2137 771 2306 826 alium
2329 768 2591 823 Basiliam
2612 767 2737 838 petit
2760 767 2858 821 sibi
2883 767 3044 820 tradi.
3078 763 3123 818 Α
3147 765 3282 818 bono
3311 765 3578 834 proposito

307 862 460 928 ctata
507 851 761 924 patravit,
817 849 983 906 etiam
1011 847 1261 904 haeresim
1295 843 1686 918 Eutychiauam
1740 839 1894 900 Valde
2067 841 2202 897 nolit
2230 840 2486 897 recedere.

309 943 709 1000 transcendisse
766 941 1073 998 referatur:
1120 939 1250 996 hinc
1318 943 1376 992 et
1444 932 1727 990 Anatolius
1776 930 1888 986 ait:

303 1036 533 1106 Propter
579 1035 743 1090 fidem
789 1048 898 1088 non
953 1039 1038 1087 est
1084 1029 1373 1086 damnatus
1414 1025 1746 1089 Dioscorus,
1792 1019 1891 1078 sed
2063 1019 2340 1078 ADRIANUS
2379 1019 2690 1092 episcopus,
2735 1032 2926 1075 servus
2976 1029 3258 1076 servarunt
3304 1015 3438 1082 Del,
3471 1015 3584 1073 Deo

305 1128 434 1200 quia
460 1123 1077 1185 excommunicationem
1097 1119 1228 1200 fecit
1247 1117 1467 1175 domino
1486 1113 1895 1186 archiepiscopo
1995 1112 2212 1170 amabili
2235 1128 2300 1168 ac
2319 1111 2564 1182 piissimo
2587 1109 2899 1181 imperatori
2923 1108 3141 1167 Basiuo
3163 1109 3408 1180 Augusto
3429 1107 3584 1163 Chri-

309 1216 501 1278 Leoni.
1995 1203 2328 1260 stianissimo
2355 1211 2412 1258 et
2437 1201 2957 1260 desiderabilissimo
2984 1200 3118 1255 filio.

377 1308 517 1364 Nam
543 1315 601 1365 et
623 1307 894 1364 adversus
931 1299 1296 1364 reverentiam
1327 1308 1478 1360 tuam
1520 1299 1666 1356 inter
1701 1306 1898 1366 extera
2067 1295 2380 1367 Legationis
2413 1293 2749 1350 excellentia:
2785 1303 2888 1348 tuae
2914 1291 3393 1364 praestantissimos
3419 1306 3589 1363 geru-

309 1401 449 1458 banc
470 1416 634 1456 unam
665 1397 1059 1456 calumniarum
1087 1395 1142 1451 iu
1169 1403 1222 1450 te
1241 1393 1536 1459 illatarum,
1558 1388 1715 1461 quasi
1739 1401 1900 1443 aceu-
1996 1390 2080 1447 los
2104 1390 2174 1446 ad
2199 1399 2603 1446 antecessorem
2634 1399 2814 1443 meum
2845 1385 3159 1458 apostolica:
3189 1385 3588 1441 recordationis

308 1492 573 1548 sationem
605 1496 895 1547 texuerunt
939 1486 1121 1544 amuli
1172 1485 1273 1553 tui,
1303 1482 1588 1554 opinantes
1620 1477 1898 1544 Videlicet:
1999 1498 2192 1556 papam
2235 1480 2516 1538 Nicolaum
2549 1479 2869 1547 destinatos,
2905 1494 3004 1536 nos
3033 1478 3166 1535 licet
3193 1478 3422 1550 indigni,
3453 1493 3588 1549 quo-

309 1594 568 1656 tanquam
593 1584 646 1641 in
672 1588 1044 1652 contemptum
1076 1577 1392 1635 reverenda:
1415 1572 1709 1630 meutiouis
1747 1584 1902 1642 papas
1999 1575 2144 1630 niam
2164 1573 2526 1631 itaDominus
2544 1571 2848 1643 imperavit,
2877 1571 3024 1628 vices
3051 1569 3170 1640 ejus
3191 1572 3374 1642 adepti
3398 1587 3588 1628 susce-

306 1674 584 1731 Benedicti
609 1681 849 1739 erectus,
875 1669 929 1726 in
960 1667 1350 1726 contumeliam
1375 1663 1542 1729 illius,
1574 1676 1675 1717 nec
1701 1660 1902 1730 episto-
2000 1663 2179 1737 pimus
2204 1664 2628 1735 innumerasque
2677 1662 2866 1720 laudes
2894 1673 2952 1719 et
2995 1665 3296 1735 gratiarum
3341 1665 3589 1721 actiones

305 1766 415 1824 lam
438 1765 556 1837 ejus
580 1764 876 1836 suscipere,
901 1761 1035 1818 dicti
1059 1758 1310 1816 Dioscuri
1340 1769 1512 1822 more,
1531 1751 1899 1811 consenseris.
2002 1765 2113 1814 tota
2138 1765 2321 1812 mente
2356 1763 2577 1826 totaque
2608 1770 2836 1826 prorsus
2860 1755 3164 1812 intentione
3191 1756 3302 1812 Deo
3326 1756 3593 1825 persolvi.

307 1857 446 1928 Quia
473 1872 604 1928 ergo
625 1857 681 1912 in
707 1869 895 1922 causa,
919 1869 1082 1925 quam
1114 1852 1168 1908 in
1197 1860 1250 1908 te
1281 1848 1582 1920 impingere
1609 1842 1903 1900 fallacibus
1926 1923 1964 1928 _
2003 1860 2153 1913 mus;
2201 1844 2482 1912 nimirum,
2516 1845 2611 1914 qui
2662 1843 2795 1902 facit
2825 1860 3046 1917 magna,
3088 1853 3145 1902 et
3187 1846 3584 1912 inscrutabilia,

308 1923 752 2008 accusationibus
787 1923 1156 2014 tentaveruut,
1189 1944 1265 2000 illi
1293 1941 1580 1999 veracibus
1621 1936 1898 2009 probatio-
1926 1923 1974 1985 Β
2003 1945 2059 1993 et
2087 1937 2375 2003 mirabilia,
2405 1952 2640 2009 quorum
2669 1953 2778 1995 non
2805 1947 2889 1994 est
2931 1953 3214 2006 numerus,
3243 1939 3446 2010 quique
3469 1953 3590 1994 om-

306 2042 469 2098 nibus
491 2042 841 2100 inveniuntur
869 2039 1110 2104 obnoxii,
1144 2036 1350 2093 idcirco
1396 2034 1498 2106 ipsi
1533 2032 1716 2104 potius
1749 2029 1903 2105 judi—

305 2133 452 2189 cium
482 2130 1025 2203 quodjudicaverunt
1047 2127 1251 2193 subire,
1300 2133 1356 2182 et
1383 2121 1712 2180 sententiam
1739 2134 1903 2190 quam

300 2221 648 2294 protulerunt
711 2220 1010 2285 incurrere,
1094 2213 1334 2271 Simonis
1385 2213 1617 2269 nexibus
1679 2208 1902 2276 irretiti,

301 2313 422 2384 iure
445 2315 665 2371 debent.
697 2312 838 2383 Ergo
868 2309 1186 2365 fraternitas
1209 2317 1300 2363 tua
1321 2315 1476 2364 curet
1518 2317 1744 2361 necesse
1795 2308 1902 2368 est,

309 2417 372 2464 ut
401 2406 794 2463 sententiarum
818 2401 1074 2473 capitula,
1118 2414 1241 2470 quae
1285 2397 1542 2470 synodice
1576 2395 1630 2451 in
1660 2393 1904 2450 Ecclesia

311 2499 432 2566 Dei,
464 2498 556 2555 ubi
601 2503 851 2553 sanctum
879 2509 1076 2564 corpus
1103 2490 1470 2561 apostolorum
1500 2489 1775 2561 principis
1802 2486 1905 2544 Pe-

315 2590 386 2647 tri
419 2586 736 2660 requiescit,
760 2600 860 2657 pro
893 2581 1174 2640 abolendis
1202 2578 1446 2652 profanis
1468 2578 1734 2645 conciliis,
1757 2577 1904 2634 Con-

313 2680 664 2752 stantinopoli
693 2694 726 2736 a
752 2677 970 2746 Pbotio,
1001 2687 1113 2734 tam
1135 2675 1398 2732 adversus
1419 2673 1565 2730 sedis
1586 2671 1905 2744 apostolica

313 2775 699 2842 reverentiam,
752 2788 918 2844 quam
974 2771 1238 2828 adversus
1273 2767 1693 2826 sanctimoniam
1757 2775 1906 2822 tuam

315 2869 676 2940 congregatis,
707 2865 988 2926 communi
1033 2863 1389 2923 consonantia
1413 2860 1906 2932 promulgavimus,

315 2959 460 3030 apud
497 2974 596 3016 vos
621 2958 678 3016 iu
723 2957 930 3030 synodo
961 2963 1281 3013 cunctorum
1324 2952 1722 3023 subscriptione
1746 2952 1909 3008 robo-

316 3061 528 3116 rentur,
552 3059 609 3108 et
651 3051 710 3110 in
734 3049 1072 3121 singularum
1124 3045 1359 3104 archivis
1384 3045 1746 3102 ecclesiarum
1773 3059 1907 3115 pro-

315 3147 440 3201 vide
489 3143 874 3202 recondantur.
951 3141 1234 3197 Postremo
1284 3137 1800 3194 reverendissimum
1852 3143 1910 3194 et

316 3233 722 3292 sanctissimum
746 3245 1094 3289 communem
1120 3229 1346 3285 fratrem
1365 3235 1614 3284 nostrum
1643 3225 1908 3284 Joannem

317 3326 720 3398 metmpolitam
752 3323 819 3398 Sy
830 3323 914 3380 lani
938 3321 1261 3378 beatitudini
1293 3329 1395 3376 tua;
1415 3333 1743 3391 magnopere
1762 3333 1910 3374 corn-
1935 3295 1981 3360 (ἶ

318 3419 642 3476 mendamus
671 3435 685 3473 :
719 3409 786 3474 de
812 3431 921 3488 quo
945 3414 1200 3471 videlicet
1219 3412 1614 3470 fraternitatem
1637 3422 1786 3466 tuam
1809 3426 1910 3468 no-

319 3511 501 3568 lumus
529 3510 814 3583 ignorare,
860 3506 1117 3578 quoniam
1145 3505 1560 3578 quibuscunque
1588 3502 1912 3558 maeroribus

317 3599 404 3656 vel
428 3599 692 3656 molestiis
721 3614 788 3655 ex
821 3607 901 3656 tot
926 3596 1299 3654 accidentibus
1354 3593 1509 3651 vobis
1555 3592 1912 3650 incommodis

316 3707 414 3750 cor
433 3700 680 3749 nostrum
707 3689 873 3745 fuerit
899 3689 1247 3743 vulneratum
1274 3703 1289 3740 :
1315 3686 1443 3755 quia
1475 3685 1620 3742 sicut
1647 3685 1910 3754 scriptum

318 3790 440 3840 est:
473 3781 700 3852 Legatus
729 3779 904 3850 ﬁdelis
954 3778 1156 3834 sanitas
1204 3774 1387 3847 (Prov.
1441 3775 1596 3846 xm);
1629 3777 1704 3831 ita
1732 3777 1909 3832 medi-

321 3883 574 3931 cameuto
603 3873 770 3943 ipsius
796 3870 968 3926 ﬁdelis
999 3867 1318 3941 legationis,
1348 3865 1494 3936 quod
1523 3866 1578 3918 in
1606 3865 1760 3919 vobis
1784 3865 1914 3920 hinc

327 3965 544 4024 turbide
564 3965 818 4022 diuturna
845 3963 1120 4032 hucusque
1143 3956 1405 4014 maestitia
1435 3953 1800 4017 sauciaverat,
1829 3959 1914 4006 est

328 4071 622 4120 sanatum:
651 4069 713 4115 ut
737 4073 874 4130 pene
898 4058 970 4114 nil
995 4055 1294 4119 residuum,
1345 4051 1491 4121 quod
1530 4046 1725 4102 exinde
1769 4044 1914 4102 sani-

325 4163 440 4210 tate
470 4152 730 4224 indigeat,
780 4151 925 4207 idem
959 4150 1044 4204 vir
1095 4142 1548 4219 prudentissimus
1594 4139 1648 4195 in
1693 4147 1914 4220 pectore

322 4253 510 4302 nostro
569 4242 866 4314 reliquerit.
924 4238 1291 4308 Quamobrem
1344 4232 1714 4290 consolatione
1743 4230 1913 4290 multa

322 4337 517 4408 dignus
544 4334 847 4400 habendus,
875 4342 930 4388 et
967 4348 997 4386 a
1021 4338 1209 4388 sancta
1225 4325 1571 4383 fraternitate
1593 4329 1686 4378 tua
1707 4321 1913 4394 quiete,

325 4427 632 4498 refrigerio,
679 4432 736 4486 et
767 4423 914 4481 omni
943 4429 1025 4476 est
1051 4418 1408 4475 veneratione
1431 4413 1704 4479 ditandus,
1749 4419 1914 4480 atque

325 4519 382 4574 iu
410 4516 797 4574 ecclesiasticis
839 4512 1071 4584 negotiis
1119 4507 1530 4581 diligentissime
1568 4505 1915 4569 moderandis

327 4610 586 4666 irremote
609 4607 902 4672 tenendus;
939 4610 1162 4675 prepter
1184 4615 1304 4671 quae
1325 4599 1578 4655 videlicet
1623 4597 1739 4669 ipse
1763 4596 1908 4667 peri-

326 4703 446 4759 cula
486 4702 720 4769 infinita,
750 4716 860 4757 nou
883 4697 1055 4754 solum
1082 4712 1176 4767 per
1203 4710 1370 4760 mare,
1391 4693 1486 4749 sed
1510 4701 1565 4748 et
1586 4707 1686 4763 per
1704 4691 1916 4747 aridam

327 4796 623 4869 gradiendo
675 4793 963 4858 sustinuit;
993 4790 1122 4864 quin
1148 4789 1330 4861 potius
1365 4802 1532 4858 penes
1576 4801 1676 4842 nos
1727 4785 1915 4841 demo-

331 4903 482 4955 rans,
512 4894 567 4944 et
592 4902 757 4944 causa
784 4882 1082 4956 tuijugiter
1108 4881 1353 4954 pulsans,
1381 4886 1438 4932 et
1487 4877 1778 4934 continuas
1825 4891 1921 4932 ne-

333 4979 420 5036 bis
471 4980 750 5038 molestias
777 4981 1048 5051 irrogaus,
1115 4989 1294 5045 neque
1323 4969 1592 5042 quaslibet
1617 4969 1719 5026 sibi
1751 4967 1919 5026 ferias

335 5071 586 5137 contulit,
609 5088 708 5128 nec
728 5072 892 5127 ullam
923 5069 1238 5140 quotidiano
1262 5063 1435 5120 labori
1462 5069 1650 5120 nostro
1677 5063 1920 5134 requiem

335 5162 502 5220 dedit.
519 5159 778 5218 Sanctam
806 5159 1201 5215 fraternitatem
1219 5163 1456 5211 vestram
1483 5161 1737 5224 optamus
1757 5169 1922 5221 nunc,
1967 5160 1971 5167 ’

335 5264 396 5313 et
423 5269 663 5326 semper,
688 5253 822 5310 etin
851 5250 1068 5307 Christo
1095 5249 1235 5306 bene
1255 5245 1458 5310 valere,
1487 5243 1838 5301 dilectissime
1861 5259 1926 5302 ac

335 5343 713 5405 sacratissime
737 5340 1124 5400 comminister.
1156 5339 1290 5394 Data
1320 5343 1519 5406 quarto
1573 5333 1701 5392 ldus
1751 5331 1921 5402 Junii,

339 5437 643 5496 indictione
663 5435 922 5498 secunda.
1060 5518 1184 5578 XIX

732 5634 804 5676 AD
838 5631 1087 5677 ιΑειιιωι
1123 5627 1526 5672 ικρειιλτοιεκο

957 5734 1132 5808 (Auno
1167 5731 1318 5803 869.)

347 5851 562 5911 Gratias
591 5853 695 5922 aqlt
714 5851 775 5906 ob
807 5850 920 5921 ejus
947 5849 1184 5922 pietatem
1207 5863 1331 5917 erga
1361 5845 1534 5900 sedem
1560 5842 1921 5922 apostolicam.

417 5913 848 5996 Dolinqu'eutlbas
888 5913 1154 5993 indulgeat
1181 5959 1196 5987 ,
1240 5913 1452 5989 recepto
1499 5913 1674 5972 tamen
1733 5913 1926 5970 P1.on
1977 5983 1988 5987 _

1979 2031 2096 2087 .nia
2117 2031 2241 2102 jura
2283 2045 2602 2103 regnorum,
2629 2031 2979 2102 omniumque
3023 2033 3310 2088 continens
3349 2037 3592 2101 potesta-

2005 2133 2140 2190 tem,
2170 2123 2257 2180 his
2301 2132 2452 2180 tuum
2476 2123 2668 2180 diebus
2696 2122 2983 2178 suscitavit
3017 2123 3234 2178 ctelitus
3283 2131 3592 2193 protectum

2006 2217 2316 2288 imperium,
2344 2231 2443 2287 per
2486 2215 2631 2286 quod
2679 2216 2976 2286 apostolica
3015 2217 3172 2272 sedes
3201 2216 3320 2286 ipso
3369 2224 3593 2272 auctore

2005 2318 2242 2380 emptum
2285 2321 2386 2378 pro
2438 2305 2680 2364 Ecclesia
2730 2306 3327 2378 Constantinopolitana
3377 2306 3594 2376 pietatis

2005 2417 2143 2472 opus
2171 2408 2600 2466 consummaret,
2631 2406 2688 2455 et
2739 2397 2856 2467 ejus
2899 2398 3013 2467 jam
3052 2398 3274 2468 jamque
3309 2413 3596 2456 removens

2006 2493 2249 2552 funditus
2295 2507 2482 2550 casum
2510 2492 2857 2558 instauraret,
2889 2492 3105 2548 tandem
3153 2493 3445 2563 aliquando
3472 2509 3597 2564 gra-

2008 2586 2321 2652 tulabunda,
2356 2585 2450 2658 qui
2497 2583 2639 2640 male
2684 2583 2980 2651 ceciderat,
3029 2592 3256 2650 statum,
3285 2593 3341 2640 et
3387 2601 3597 2642 merce-

2007 2682 2184 2750 nario,
2212 2681 2461 2755 quiuimo
2486 2681 2612 2753 lupo
2637 2696 2834 2753 rapace
2877 2697 2986 2739 non
3019 2682 3266 2752 parcenti
3299 2683 3471 2754 gregi,
3503 2695 3598 2751 pe-

2008 2775 2158 2831 nitus
2204 2781 2570 2847 sequestrato,
2602 2783 2872 2832 rectorem
2915 2774 2966 2830 ei
2993 2775 3241 2830 redderet
3289 2775 3596 2846 preprium,

2008 2873 2065 2922 et
2100 2873 2378 2938 pastorem
2408 2866 2738 2923 reformaret
2779 2866 3102 2938 legitimum.
3151 2867 3336 2938 Igitur,
3363 2883 3398 2922 o
3433 2881 3597 2937 quam

2007 2961 2161 3018 vobis
2181 2970 2264 3019 est
2289 2961 2382 3018 illa
2405 2959 2690 3026 laudabilis
2711 2968 2768 3017 et
2788 2961 3040 3018 omnibus
3055 2962 3383 3026 veneranda,
3407 2975 3592 3031 quam,

2007 3055 2248 3126 inquam,
2279 3063 2364 3112 est
2390 3054 2547 3112 sedes
2575 3056 2874 3125 apostolica
2903 3054 3212 3122 laudabilis,
3239 3064 3295 3109 et
3320 3057 3539 3121 merito,
3562 3071 3593 3110 a

2009 3146 2222 3204 cunctis
2243 3145 2564 3202 mortalibus
2604 3145 2901 3213 efferenda,
2927 3161 3049 3216 qua:
3081 3159 3297 3216 semper
3320 3147 3604 3203 catholicis

2010 3237 2303 3295 subvenire
2327 3237 2632 3303 consuevit,
2662 3253 2785 3308 quae
2814 3251 3031 3308 semper
3057 3235 3296 3308 gaudere
3318 3252 3439 3292 cum
3473 3253 3603 3307 gau-

2012 3331 2288 3396 dentibus,
2318 3337 2376 3386 et
2418 3329 2548 3384 flere
2579 3345 2704 3384 eum
2734 3328 2988 3384 ﬂentibus
3035 3343 3145 3384 non
3173 3329 3438 3385 cessavit!
3496 3329 3602 3385 Sed

2009 3433 2065 3481 et
2095 3432 2176 3490 tu,
2205 3422 2336 3480 felix
2381 3423 2699 3494 imperator,
2727 3430 2784 3478 et
2831 3422 3018 3478 multis
3059 3422 3346 3493 prmeoniis
3385 3421 3602 3493 dignus,

2011 3514 2105 3584 qui
2125 3515 2416 3569 verborum
2439 3513 2649 3569 semina
2680 3511 3010 3578 divinorum,
3042 3528 3153 3568 non
3175 3522 3232 3567 ut
3258 3527 3387 3584 ager
3411 3513 3603 3583 petris,

2011 3616 2106 3662 aut
2153 3605 2362 3677 spinis,
2393 3615 2488 3662 aut
2533 3605 2788 3675 vepribus
2835 3613 3168 3676 occupatus,
3214 3606 3311 3660 sed
3351 3613 3412 3660 ut
3458 3613 3606 3661 terra

2013 3697 2152 3755 bona
2199 3698 2364 3754 corde
2412 3698 2558 3754 bono
2593 3697 2935 3767 suscipiens,
2975 3694 3211 3752 fructum
3254 3696 3605 3767 multiplicem

2011 3789 2273 3856 attulisti,
2296 3798 2354 3844 et
2381 3790 2540 3857 quasi
2572 3805 2736 3844 verus
2773 3789 3150 3853 Ecclesiastes,
3181 3805 3304 3843 mox
3337 3790 3608 3859 perceptis

2014 3879 2242 3933 habenis
2319 3879 2571 3946 imperii,
2613 3877 2871 3932 Ecclesiae
2910 3878 3027 3946 paci
3095 3880 3380 3935 consulere
3433 3876 3608 3952 magis

2014 3981 2178 4035 quam
2204 3968 2273 4021 ad
2303 3975 2533 4022 caeteras
2564 3981 2654 4022 res
2677 3968 2943 4022 humanas
2967 3969 3248 4023 attendere
3274 3974 3604 4039 procurasti,

2015 4071 2080 4114 ac
2124 4073 2222 4128 per
2249 4057 2304 4113 id
2332 4057 2472 4113 alter
2512 4058 2913 4128 quodammodo
2939 4058 3216 4126 Salomon,
3249 4060 3301 4114 id
3348 4071 3435 4116 est
3461 4065 3607 4130 paci-

2011 4149 2170 4221 ﬁcus,
2201 4151 2534 4220 temporibus
2561 4150 2768 4206 nostris
2800 4151 3099 4220 apparuisti
3133 4168 3145 4202 :
3178 4151 3374 4206 audisti
3408 4153 3608 4223 quippe

2015 4247 2180 4303 verba
2210 4246 2307 4302 Dei
2337 4244 2516 4302 Patris
2557 4246 2658 4311 tui,
2685 4253 2746 4301 et
2771 4261 2879 4301 non
2919 4244 3174 4302 dimisisti
3205 4245 3380 4316 legem
3424 4246 3610 4309 Eccle-

2016 4341 2110 4397 sia:
2131 4341 2345 4397 matris
2371 4349 2511 4406 ture;
2539 4339 2676 4396 adeo
2703 4347 2784 4415 ut,
2813 4340 2956 4410 quod
2998 4338 3271 4394 decessori
3299 4347 3390 4394 tuo
3418 4355 3515 4409 pro
3543 4351 3608 4395 ea

2018 4431 2442 4503 suggerebatur,
2472 4430 2587 4502 ipse
2630 4427 2946 4501 perfeceris.
2995 4429 3065 4485 Et
3117 4430 3278 4499 quia,
3310 4430 3608 4484 secundum

2019 4523 2384 4598 Scripturam,
2413 4540 2566 4580 nemo
2601 4534 2675 4580 est
2700 4524 2788 4594 qui
2818 4523 2978 4592 possit
3005 4522 3265 4591 corrigere
3287 4538 3439 4592 quem
3465 4521 3609 4580 Deus

2019 4617 2309 4690 despexerit
2360 4615 2562 4687 (Eccle.
2587 4615 2710 4686 vn),
2732 4630 2799 4671 eo
2831 4614 3155 4680 iucorrecto,
3178 4614 3359 4669 divina
3383 4615 3612 4684 permiss

2022 4712 2177 4768 sione
2217 4709 2526 4772 deficiente,
2551 4709 2669 4778 ipse
2694 4707 3059 4764 correctiones
3096 4705 3337 4775 ejusdem
3365 4706 3612 4764 ecclesiae

2023 4802 2239 4875 operari
2267 4801 2488 4872 satagis.
2509 4800 2828 4856 intellexisti
2850 4799 3014 4863 enim,
3039 4807 3100 4854 ut
3121 4798 3437 4855 litteratum
3458 4815 3612 4854 man.

2025 4893 2327 4951 suetudinis
2371 4892 2626 4958 iuuuunt,
2659 4892 2858 4961 quibus
2904 4890 3220 4946 vulneribus
3263 4890 3525 4954 sauciata,
3559 4899 3612 4944 te

2026 4986 2242 5044 caelitus
2263 4993 2557 5042 eousecuto
2589 4985 2898 5054 imperium,
2928 4999 3050 5052 quae
3073 4984 3217 5051 apud
3243 4997 3338 5038 vos
3364 4992 3469 5047 est,
3497 4999 3613 5037 ma-

2028 5079 2194 5136 nebat
2221 5077 2496 5143 Ecclesia;
2526 5083 2584 5132 ct
2609 5077 2754 5146 quod
2775 5077 2890 5130 haec
2915 5073 3073 5129 sedes
3102 5073 3470 5140 hujuscemodi
3501 5085 3614 5126 me-

1994 5225 2007 5232 -
2031 5171 2149 5227 deri
2184 5179 2368 5241 posset
2395 5168 2734 5232 vulneribus,
2755 5165 3031 5236 magistris
3074 5163 3196 5220 ﬁdei
3227 5171 3427 5218 nostra:
3455 5177 3612 5218 scru-

2030 5261 2178 5329 tatis,
2196 5263 2399 5334 liquido
2425 5260 2681 5317 didicisti.
2701 5259 2880 5328 Atque
2901 5257 3024 5314 ideo
3045 5256 3160 5311 haec
3179 5268 3372 5310 curare
3390 5255 3616 5325 cupiens

2031 5355 2343 5426 apostolica:
2365 5355 2512 5411 sedis
2547 5351 2748 5408 deereti
2781 5348 3081 5407 remedium
3110 5345 3402 5403 sanissimo
3433 5346 3616 5415 requio

2032 5447 2196 5515 sisti;
2232 5448 2387 5517 cujus
2426 5445 2682 5502 nimirum
2724 5439 3141 5499 medicamentis
3185 5437 3428 5493 Ecclesia
3468 5437 3614 5493 Con-

2032 5541 2529 5612 stantiuopolitana,
2559 5551 2700 5609 saepe
2725 5533 3046 5607 praesulibus
3077 5533 3194 5605 ejus
3217 5529 3612 5601 languentibus,

2034 5633 2335 5697 infirmata,
2355 5629 2643 5700 pristinam
2671 5625 2990 5696 sespitalem
3019 5621 3371 5692 vigoremque
3399 5633 3615 5674 resum-

2032 5727 2157 5798 psit.
2200 5725 2334 5780 Nam
2365 5723 2685 5793 quibusdam
2729 5721 2970 5789 ipsorum
3016 5728 3402 5781 nonnunquam
3433 5728 3619 5768 errau-

2033 5819 2220 5881 tibus.
2272 5816 2594 5886 quibusdam
2658 5829 2788 5868 vero
2844 5811 3177 5868 imminentis
3226 5808 3620 5880 persecutionis

2035 5907 2739 5988 iniuriam__susliueutibus,
2769 5906 2885 5961 iure
2925 5919 3138 5973 semper
3180 5904 3467 5959 sulm-enirn
3514 5916 3619 5958 non
