4142 6296
521 662 535 690 'l

567 428 708 495 I287

1934 453 2218 520 ADRlANl
2262 461 2460 522 ΡΛΡΛΞ
2502 462 2546 522 ll

3725 450 3872 511 1288

577 570 805 637 destitit,
833 568 939 629 illis
963 569 1169 630 scilicet
1201 573 1475 631 tramitem
1498 571 1812 633 directionis
1837 579 2153 646 ostendens,
2184 585 2232 645 Λ
2261 581 2387 636 dum
2447 581 2588 650 quod
2639 595 2745 636 non
2809 574 3068 636 dueeatbr‘
3117 571 3284 637 fuisse
3329 577 3632 638 collatum?
3681 582 3870 653 Neque

528 662 535 721 ξ
575 662 697 719 istis
726 663 942 736 pietatis
970 681 1190 722 manum
1224 681 1437 739 semper
1463 670 1780 724 extendens.

645 756 852 826 Itaque,
882 757 957 813 ﬁli
1000 759 1321 816 charissimc
1361 770 1418 817 et
1444 763 1774 818 venerabilis
1811 778 2025 834 semper
2052 765 2162 818 Au-

574 855 749 917 guste,
781 850 1017 917 noveris,
1049 853 1310 923 quidquid
1332 868 1459 924 erga
1497 855 1902 911 sanctissimum
1939 855 2161 912 fratrem

572 947 630 996 et
676 941 1052 1014 coepiscopum
1086 953 1334 1001 nostrum
1372 945 1659 1017 lgnatium,
1688 947 1775 1002 vel
1827 949 1972 1004 circa
2013 949 2160 1004 schi-

571 1032 860 1089 smaticum
894 1032 1168 1102 Photium,
1196 1037 1453 1094 divinitus
1477 1038 1800 1110 inspiratum
1849 1050 1904 1097 et
1936 1041 2162 1112 iustitiae

574 1119 692 1176 zelo
736 1137 1056 1180 succensum
1087 1133 1140 1181 te
1178 1125 1379 1183 litteris
1422 1128 1642 1185 intimas
1684 1131 1978 1202 peregisse,
2008 1131 2162 1186 nobis

571 1218 627 1266 et
651 1213 920 1270 universae
949 1213 1378 1273 Occidentalium
1425 1219 1681 1275 Ecclesiae
1702 1235 1803 1290 per
1843 1221 2024 1276 omnia
2050 1220 2165 1288 pla-

571 1303 779 1370 cuisse;
809 1307 1110 1374 praesertim
1142 1322 1263 1363 cum
1289 1309 1362 1364 nil
1393 1311 1571 1380 egeris
1597 1319 1794 1381 praeter
1821 1312 1962 1381 quod
1985 1309 2160 1382 [fort.,

569 1405 772 1465 prteter
797 1409 861 1450 ea
886 1395 1028 1470 quae]
1052 1399 1343 1470 apostolica
1367 1402 1524 1457 sedes
1541 1419 1662 1458 cum
1689 1403 1858 1458 totius
1882 1403 2159 1474 Hesperia:

569 1485 892 1554 praesulibus
933 1486 1251 1555 jamdudum
1297 1490 1564 1562 agendum
1595 1491 1850 1564 [agenda]
1896 1493 2160 1559 decrevit,

571 1585 647 1644 et,
677 1578 823 1632 nulla
849 1593 1000 1635 mora
1029 1581 1446 1649 interveniente,
1475 1585 1810 1655 perﬁciendo
1838 1586 2113 1641 mandavit
2147 1599 2162 1639 :

570 1684 693 1740 quae
733 1670 985 1728 videlicet
1031 1687 1157 1729 cum
1203 1674 1289 1730 his
1334 1676 1587 1732 omnibus
1615 1685 1836 1747 propter
1863 1677 1917 1732 id
1949 1677 2164 1732 caelitus

2263 673 2406 728 enim
2434 673 2573 727 inter
2596 671 2844 726 Pholium
2870 673 3144 727 moechum
3168 681 3222 726 et
3250 671 3551 727 Maximum
3571 673 3864 744 Cynicum,

2263 779 2293 819 a
2324 765 2528 834 synodo
2557 764 2791 819 secunda
2823 763 3159 828 damnatum,
3185 763 3267 818 vel
3302 764 3443 818 inter
3481 764 3860 820 ordinationes

2263 853 2420 924 hujus
2447 867 2501 911 et
2535 855 2676 910 illius
2723 855 3087 911 distinctionis
3118 857 3320 926 aliquid
3348 872 3468 912 esse
3515 856 3857 924 conjicimus.

2261 947 2438 1018 Atque
2463 947 2583 1002 ideo
2610 947 2729 1017 pari
2762 947 2869 1002 ﬁne
2910 948 3210 1016 constringi
3244 948 3442 1002 debere
3465 948 3746 1014 videntur,
3770 949 3857 1019 qui

2265 1053 2362 1108 par
2412 1039 2663 1093 habuisse
2706 1053 2828 1093 cum
2883 1054 2947 1094 eo
2985 1039 3313 1109 principium
3371 1039 3549 1093 modis
3609 1041 3856 1098 omnibus

2264 1132 2704 1200 comprobantur.
2761 1129 3040 1198 Siquidem
3099 1140 3153 1184 et
3198 1129 3352 1199 juxta
3411 1131 3557 1200 quod
3608 1131 3853 1201 praefatus

2264 1222 2642 1293 magniloquus
2697 1221 2939 1292 pontifex
2996 1221 3265 1276 universis
3321 1237 3420 1290 per
3465 1221 3848 1278 Caesariensem

2264 1313 2644 1368 Mauritaniam
2665 1312 2974 1367 constitutis
2995 1311 3262 1381 episcopis
3296 1313 3488 1366 scribit
3517 1312 3698 1383 (epist.
3741 1316 3849 1382 9|}:

2264 1403 2486 1459 Difﬁcile
2507 1411 2590 1458 est
2615 1412 2673 1457 ut
2697 1405 2837 1458 bono
2861 1411 3188 1473 peregantur
3208 1404 3380 1468 exitu,
3405 1420 3527 1473 quae
3558 1406 3708 1459 malo
3737 1415 3854 1460 sunt

2265 1494 2520 1550 inchoata
2548 1493 2836 1563 principio.
2868 1493 2935 1547 Et
2959 1493 3094 1546 infra
3127 1511 3140 1546 :
3165 1492 3280 1548 Non
3304 1509 3434 1564 ergo
3465 1495 3518 1548 in
3545 1495 3854 1566 cujusquam

2264 1600 2495 1656 persona
2525 1585 3039 1654 pnetermittendum
3065 1593 3168 1650 est,
3197 1585 3396 1655 inquit,
3429 1587 3576 1655 quod
3611 1588 3664 1640 in
3695 1597 3852 1644 statu-

2268 1679 2334 1732 tis
2367 1678 2707 1749 generalibus
2737 1679 3066 1743 continetur,
3097 1692 3195 1732 nec
3239 1678 3515 1747 putandus
3559 1689 3645 1734 est
3695 1681 3854 1734 honor

570 1769 822 1832 protecto
865 1762 1100 1835 imperio
1128 1773 1221 1821 tuo
1251 1774 1434 1837 grates
1462 1767 1789 1824 multifarias
1836 1769 2086 1833 reddunt,
2114 1775 2170 1823 et
2267 1767 2356 1823 ille
2397 1768 2693 1838 legitimus,
2724 1768 2815 1837 qui
2846 1767 3023 1822 fuerat
3049 1777 3240 1822 contra
3271 1769 3470 1822 divina
3501 1769 3641 1840 legis
3666 1785 3854 1839 praece-

571 1854 889 1912 humillimae
911 1857 1236 1914 obedientize
1259 1868 1361 1915 tua:
1387 1862 1655 1931 praeconia
1679 1861 1927 1916 laudibus
1951 1860 2165 1916 eximiis

2266 1868 2359 1930 pta
2391 1859 2637 1914 collatus.
2669 1860 2735 1914 Et
2772 1869 2920 1914 certe
2953 1859 3301 1915 ﬁdelissimus
3322 1870 3376 1916 et
3402 1863 3853 1930 prudentiSsimus

572 1943 832 2014 indagare
860 1944 1202 2020 [inclamare]
1231 1964 1339 2004 non
1369 1949 1638 2005 desinunt.
1675 1949 1842 2007 Porro
1875 1948 1943 2005 de
1988 1965 2168 2005 sacer—
2198 1945 2244 2007 Β
2270 1950 2356 2004 vir
2397 1949 2628 2006 Basilius
2667 1949 2965 2019 imperialis
2994 1950 3304 2019 spatharius
3340 1961 3393 2004 et
3438 1967 3627 2020 preces
3657 1963 3855 2007 vestras

573 2034 790 2097 dotibus
813 2037 907 2108 vel
951 2040 1162 2093 caeteris
1195 2040 1286 2109 qui
1335 2051 1526 2096 contra
1571 2055 1760 2112 pacem
1800 2041 2056 2097 Ecclesiae
2086 2041 2164 2096 fa-

573 2125 799 2192 cientes,
847 2127 1109 2183 unitatem
1139 2131 1256 2199 ejus
1309 2131 1559 2188 scindere
1599 2143 2082 2204 prmsumpserunt,
2111 2141 2167 2188 et

574 2217 631 2274 in
679 2216 904 2275 fratrem
965 2227 1021 2274 et
1066 2219 1449 2291 coepiscopum
1513 2232 1759 2279 nostrum
1811 2224 2165 2279 multifariam

575 2310 919 2367 commisisse
964 2311 1294 2381 probantur;
1327 2328 1490 2383 super
1536 2316 1733 2386 quibus
1766 2317 1931 2372 etiam
1977 2317 2165 2372 decre-

578 2410 691 2458 tum
722 2405 792 2460 ab
831 2406 1128 2476 apostolica
1169 2409 1298 2464 sede
1319 2407 1606 2464 clementia
1644 2417 1732 2465 tua
1759 2425 1912 2466 more
1953 2411 2167 2481 prisco-

575 2512 697 2554 rum
741 2500 1046 2572 principum
1088 2502 1329 2572 postulat
1377 2521 1391 2557 :
1445 2504 1585 2560 sciat
1631 2503 1850 2560 dilectio
1901 2512 1991 2558 tua
2041 2504 2166 2574 quia

577 2593 950 2652 sicutdiverso
973 2596 1135 2653 modo
1159 2597 1452 2669 deliquisse
1481 2598 1813 2667 referuntur,
1837 2601 1911 2654 ita
1939 2600 2168 2656 diversis

577 2699 672 2741 eos
703 2684 1111 2744 definitionibus
1139 2687 1334 2758 subjici
1388 2706 1496 2746 non
1541 2691 1988 2748 inconvenienter
2012 2707 2170 2762 opor-

576 2782 696 2830 tere
727 2776 1132 2846 perpendimus.
1177 2779 1417 2846 Quorum
1446 2788 1632 2837 tamen
1677 2779 2013 2837 ditl'erentias
2041 2796 2170 2852 apo-

578 2866 783 2923 ειοιίαθ
809 2869 952 2924 sedis
980 2868 1191 2940 legatis,
1225 2886 1332 2926 una
1361 2886 1483 2927 cum
1511 2873 1678 2927 fratre
1703 2879 1760 2928 et
1792 2874 2168 2929 comministro

577 2968 765 3016 nostro
789 2960 995 3033 lguatio
1023 2963 1492 3031 convenientibus,
1521 2966 1976 3035 quemadmodum
2005 2966 2160 3022 nobis

579 3052 814 3124 desuper
829 3054 1014 3110 datum
1036 3064 1142 3124 est,
1167 3057 1526 3114 moderandas
1549 3059 1947 3114 commisimus.
1965 3057 2168 3115 Verum

576 3146 706 3217 quia
750 3147 924 3218 pietas
951 3156 1044 3204 tua
1073 3165 1200 3205 cum
1246 3150 1618 3207 ecclesiastica
1665 3150 2042 3206 misericordia
2072 3165 2170 3205 nos

579 3237 723 3293 circa
767 3238 888 3296 illos
931 3240 1001 3296 ad
1030 3240 1083 3297 id
1115 3242 1260 3314 quod
1305 3242 1596 3298 humanius
1630 3250 1716 3298 est
1743 3243 2084 3308 exhortatur,
2115 3251 2170 3298 te

2268 2039 2424 2094 nobis
2444 2055 2542 2110 pro
2571 2039 2656 2093 his
2682 2039 2736 2092 in
2763 2040 3031 2109 perceptis
3053 2040 3339 2094 ordinibus
3376 2041 3700 2110 recipiendis
3730 2040 3857 2094 mul-

2269 2131 2480 2202 tiplices
2508 2130 2719 2197 detulit,
2741 2139 2798 2184 et
2827 2133 2961 2184 adeo
2987 2140 3247 2185 constans
3276 2140 3328 2184 et
3369 2132 3655 2184 continuus
3681 2145 3859 2200 penes

2268 2237 2368 2278 nos
2398 2225 2449 2277 in
2487 2223 2738 2293 precibus
2767 2222 3024 2292 perstitit,
3057 2231 3116 2276 ut
3147 2223 3192 2276 si
3241 2237 3337 2276 non
3385 2221 3619 2292 legitime
3673 2222 3853 2290 recipi

2268 2329 2429 2385 posse
2462 2315 2838 2384 quoquomodo
2891 2313 3268 2378 crederentur,
3298 2312 3474 2381 ipsius,
3501 2319 3562 2364 ut
3589 2311 3670 2364 ita
3701 2312 3856 2364 dica-

2269 2422 2413 2474 mus,
2441 2406 2729 2462 insolentia
2771 2405 2921 2472 victi,
2953 2404 3292 2475 recipiendos
3323 2419 3442 2460 esse
3467 2401 3712 2472 proiecto
3743 2411 3853 2456 stac

2269 2507 2565 2555 tueremus.
3206 2516 3213 2522 ’

2279 2608 2286 2612 ·
2340 2591 2545 2647 Verum
2585 2600 2640 2645 et
2677 2591 2825 2646 circa
2855 2589 2954 2645 hos
2988 2596 3111 2660 post
3155 2587 3527 2643 reversionem
3575 2587 3853 2642 missorum

2269 2692 2598 2748 nostrorum,
2623 2691 2852 2753 postque
2881 2697 3066 2736 rerum
3088 2691 3363 2751 gestarum
3395 2679 3554 2735 nobis
3585 2678 3852 2748 expositas

2271 2774 2623 2841 differentias,
2651 2783 2706 2829 et
2735 2775 3017 2845 indagatas
3053 2772 3306 2842 liquidius
3333 2787 3718 2843 personarum,
3745 2770 3850 2825 cul-

2268 2884 2460 2941 parum
2490 2877 2545 2923 et
2568 2868 2975 2938 provectionum
3009 2866 3318 2937 qualitates,
3347 2877 3511 2935 atque
3541 2866 3842 2931 distantias,

2269 2962 2314 3018 si
2365 2962 2493 3032 quid
2539 2961 2902 3017 miserationis
2945 2961 3400 3031 impartiendum,
3434 2961 3666 3015 docente
3714 2959 3851 3025 Deo,

2268 3055 2410 3124 apud
2439 3070 2599 3124 quem
2627 3055 2809 3109 omnia
2838 3053 3113 3124 possibilia
3143 3062 3286 3116 sunt,
3324 3052 3482 3108 nobis
3508 3050 3676 3106 fuerit
3719 3066 3854 3107 rese-

2271 3161 2493 3218 ratum,
2527 3167 2633 3206 non
2683 3150 2888 3206 erimus
2937 3150 3152 3220 penitus
3198 3147 3556 3214 inﬂexibiles;
3608 3148 3854 3202 nimirum

2236 3318 2238 3320 ν
2270 3245 2361 3313 qui
2392 3257 2608 3314 semper
2637 3243 2704 3297 ad
2729 3257 2888 3297 onme
2917 3243 3115 3296 bonum
3144 3243 3391 3312 cupimus
3420 3243 3660 3296 existere
3691 3241 3856 3296 suasi-

578 3330 830 3387 nolumus
872 3332 1124 3404 ignorare
1157 3334 1415 3404 quoniam
1460 3334 1602 3388 ultra
1647 3349 1810 3404 quam
1840 3333 1946 3388 dici
1997 3333 2169 3404 possit
2195 3325 2238 3388 C
2270 3335 2427 3391 biles.
2467 3333 2727 3390 Volumus
2747 3349 2895 3404 ergo,
2926 3349 3023 3404 per
3046 3343 3240 3388 vestrm
3269 3335 3488 3404 pictatis
3517 3334 3851 3396 industriam,

579 3420 726 3487 hinc,
745 3420 940 3489 fateor,
971 3438 1208 3480 mmrore
1224 3424 1638 3496 comprimimur
1669 3424 2041 3494 immensoque
2067 3424 2166 3478 do-

579 3511 698 3567 lore
740 3515 1186 3586 constringimur,
1216 3531 1311 3571 eos
1357 3516 1615 3570 nimirum
1647 3531 1754 3570 non
1783 3516 1958 3570 solum
1995 3516 2168 3572 beata:

579 3606 860 3661 memoria:
907 3608 1210 3663 decessoris
1258 3609 1363 3664 mei
1411 3624 1564 3679 papae
1608 3607 1838 3675 Nicolai,
1869 3611 2067 3680 quibus
2115 3619 2171 3666 et.

582 3695 698 3765 ipse
726 3697 1044 3766 subscripsi,
1067 3697 1230 3768 justis
1258 3700 1632 3755 sanctionibus
1672 3702 2004 3756 creberrime
2049 3717 2170 3771 per-

582 3788 924 3856 cellentibus,
954 3805 1141 3846 verum
1169 3791 1334 3848 etiam
1365 3800 1683 3848 sanctorum
1710 3793 1936 3848 Patrum
1955 3792 2168 3864 regulis

583 3881 948 3949 severisSime,
979 3898 1075 3940 seu
1105 3883 1505 3954 quodammodo
1546 3888 1911 3957 peremptoris
1949 3888 2170 3959 punien—

584 3974 748 4030 tibus.
783 3973 1170 4032 Verumtamen
1197 3984 1419 4049 propter
1456 3992 1649 4050 pacem
1672 3979 1929 4035 Ecclesia:
1959 3979 2170 4036 facilius

583 4067 964 4134 obtinendam,
1012 4078 1340 4141 propterque
1385 4079 1590 4126 tantam
1641 4070 2074 4138 multitudinem,
2122 4073 2168 4128 si

584 4169 766 4216 tamen
825 4161 1186 4232 resipuerint,
1231 4164 1656 4220 misericorditer
1702 4164 2065 4231 liberandam,
2112 4174 2171 4221 ut

585 4268 709 4309 cum
745 4262 935 4310 sancto
960 4254 1178 4312 Gelasio
1204 4272 1340 4328 papa
1369 4258 1616 4313 dicamus
1642 4259 1814 4329 (epist.
1841 4258 1895 4329 6)
1933 4277 1946 4313 :
1971 4257 2171 4316 Neces-

583 4349 730 4406 saria
755 4365 938 4408 rerum
965 4351 1368 4424 dispensatione
1390 4353 1844 4425 constringimur,
1870 4363 1925 4409 et
1952 4363 2170 4425 aposto-

583 4441 702 4498 licaa
753 4445 900 4501 sedis
945 4447 1315 4502 moderamine
1353 4448 1739 4514 convenimur,
1771 4447 1851 4503 sic
1899 4463 2167 4505 canonum

583 4545 936 4607 paternorum
963 4538 1182 4595 decreta
1209 4539 1433 4607 librare,
1461 4548 1517 4596 et
1548 4549 1697 4596 retro
1717 4540 2006 4610 prmsulum
2036 4557 2171 4613 pree-

585 4627 1041 4700 decessorumque
1069 4638 1381 4688 nostrorum
1427 4641 1696 4703 praecepta
1728 4633 1933 4700 metiri,
1965 4643 2024 4687 ut
2049 4649 2170 4705 quae

583 4718 934 4787 praesentium
954 4721 1253 4775 necessitas
1280 4731 1583 4793 temporum
1608 4724 1978 4779 restaurandis
1999 4724 2174 4780 cccle-

586 4807 684 4863 siis
716 4807 1006 4865 relaxanda
1051 4811 1310 4881 deposcit,
1346 4813 1586 4868 adhibita
1612 4815 2047 4871 consideratione
2092 4817 2174 4872 di-

585 4899 798 4972 ligenti,
824 4909 1086 4973 quantum
1122 4911 1302 4973 potest
1330 4902 1470 4969 ﬁeri,
1504 4912 1900 4976 temperemus;
1933 4908 2075 4977 quod
2119 4917 2175 4964 et

585 5009 686 5050 nos
710 5010 863 5066 aequa
892 5008 1178 5066 possumus
1202 5010 1303 5066 pro
1331 4995 1602 5052 lucrandis
1651 4997 1915 5056 fratribus
1959 5002 2172 5056 ratione

584 5087 863 5159 prosequi,
896 5096 953 5142 et
980 5095 1281 5160 temporum
1311 5089 1622 5146 necessitati
1669 5089 1998 5148 consulendo
2023 5094 2174 5162 peni-

586 5186 675 5234 tus
708 5179 949 5245 imitari;
980 5179 1156 5238 Photii
1187 5181 1451 5237 duntaxat
1491 5182 1887 5238 ordinationem
1917 5183 1985 5238 ab
2015 5184 2174 5254 hujus

586 5271 957 5327 moderamine
1006 5271 1223 5343 pietatis
1277 5273 1495 5328 interim
1541 5289 1764 5345 prorsus
1809 5273 2168 5343 excipientes,

586 5377 824 5435 eamque
852 5363 1028 5437 [fort.,
1064 5364 1318 5438 eumque]
1367 5365 1566 5436 passim
1593 5373 1650 5421 et
1697 5375 1894 5436 praeter
1940 5379 2170 5421 examen

586 5456 896 5513 nullatenus
919 5454 1282 5537 admittentes.
1309 5457 1451 5512 Dicit
1486 5457 1629 5513 enim
1651 5457 1882 5513 altisona
1913 5455 2170 5513 Ecclesia:

586 5551 740 5613 tuba,
767 5560 990 5607 sanctus
1037 5549 1291 5605 videlicet
1321 5551 1467 5606 sedis
1511 5549 1821 5619 apostolicae
1865 5566 1998 5620 papa
2034 5549 2167 5618 Leo,

588 5639 744 5708 cujus
790 5640 1121 5696 sententiam
1155 5639 1415 5710 quidquid
1457 5641 1656 5710 ubique
1685 5640 2009 5697 catholicum
2063 5650 2168 5708 cst,

587 5732 739 5786 velut
766 5734 988 5790 caeleste
1014 5734 1264 5799 miratur,
1293 5733 1554 5798 celebrat,
1581 5741 1636 5789 et
1663 5744 1951 5789 veneratur
1975 5749 2167 5790 oracu-

588 5824 698 5878 lntn
735 5839 746 5874 :
779 5823 912 5878 Cum
958 5842 1100 5896 smpe
1148 5827 1372 5896 quaestio
1415 5827 1483 5881 de
1513 5827 1651 5881 male
1698 5837 1918 5897 accepto
1965 5829 2170 5884 honore

581 5921 864 5988 pascatur,
887 5917 1011 5979 quis
1033 5917 1266 5980 ambigat
1291 5928 1631 5982 nequaquam
1654 5918 1772 5975 istis
1793 5935 1914 5976 esse
1935 5919 2170 5978 tribuen-

2273 3425 2381 3481 illic
2410 3441 2754 3481 numerosum
2783 3425 3046 3480 celebrari
3075 3426 3380 3489 concilium,
3411 3425 3500 3478 cui
3533 3425 3703 3478 nostri
3727 3439 3855 3493 quo-

2272 3535 2377 3589 que
2401 3520 2551 3574 missi
2590 3520 2963 3590 praesidentes,
2995 3529 3050 3572 et
3099 3518 3376 3588 culparum
3403 3530 3860 3587 personarumque

2250 3608 2602 3666 differentias
2627 3611 2830 3680 liquido
2849 3619 3258 3681 cognoscentes,
3280 3611 3433 3679 juxta
3463 3610 3604 3679 quod
3629 3611 3682 3661 in
3709 3624 3864 3662 man-

2273 3703 2415 3757 datis
2435 3712 2779 3773 acceperunt,
2797 3703 3127 3774 singulorum
3142 3702 3310 3756 libere
3334 3702 3676 3757 discretioncs
3697 3715 3864 3756 exer-

2273 3802 2434 3848 ceant
2465 3811 2477 3847 :
2507 3795 2560 3848 in
2591 3809 2696 3864 quo
2713 3794 2964 3850 videlicet
2986 3809 3140 3849 sacro
3170 3805 3315 3848 cmtu
3345 3794 3669 3850 exsecranda
3700 3794 3862 3848 vani-

2276 3895 2416 3941 tates
2442 3887 2678 3953 concilii,
2706 3889 2850 3957 quod
2880 3889 3140 3942 adversus
3185 3889 3329 3942 sedis
3359 3886 3520 3957 hujus
3549 3897 3733 3942 actum
3780 3897 3863 3944 est

2273 3993 2497 4048 prorsus
2547 3978 2831 4050 injuriam,
2872 3989 3064 4034 cuncta
3111 3980 3452 4034 decernimus
3497 3979 3862 4050 exemplaria.

2273 4085 2498 4140 prorsus
2529 4087 2558 4125 a
2594 4073 3001 4141 possessoribus
3031 4071 3143 4126 suis
3182 4071 3362 4127 ablata
3386 4113 3399 4138 ,
3430 4072 3484 4126 in
3519 4071 3864 4141 mediumque

2276 4163 2473 4228 delata,
2502 4163 2994 4234 contemplantibus
3033 4163 3264 4228 cunctis,
3307 4163 3416 4233 igni
3466 4163 3737 4227 cremari;
3770 4177 3868 4217 nec

2275 4273 2559 4328 superesse
2609 4260 2747 4330 apud
2795 4257 3090 4328 quemlibet
3132 4273 3199 4312 ex
3252 4258 3335 4312 his
3385 4256 3640 4312 omnibus
3673 4255 3866 4310 saltem

2273 4369 2441 4409 unum
2486 4355 2616 4421 iota,
2647 4355 2731 4410 vel
2759 4371 2923 4409 unum
2952 4355 3184 4425 apicem,
3214 4355 3316 4410 nisi
3363 4353 3503 4410 forte
3543 4355 3667 4424 quis
3701 4352 3874 4409 totius

2277 4446 2595 4513 clericatus,
2625 4447 2734 4502 imo
2787 4447 2950 4502 totius
2983 4447 3218 4502 nominis
3247 4446 3540 4502 Christiani
3579 4445 3866 4515 dignitate,

2277 4541 2622 4595 anathemate
2647 4541 3153 4609 perculsus,carere
3180 4539 3428 4594 voluerit.
3454 4537 3570 4592 Non
3595 4537 3739 4590 enim
3771 4552 3871 4591 nos

2229 4665 2240 4677 «-
2278 4640 2390 4686 tam
2439 4631 2809 4686 detestandum
2866 4629 3150 4701 collegium
3178 4671 3191 4694 ,
3239 4629 3340 4682 nisi
3387 4626 3711 4682 Ariminensi
3766 4627 3869 4680 sub

2201 4701 2638 4787 DConstantio,
2688 4721 2771 4775 vel
2821 4720 3095 4788 Ephesino
3146 4735 3176 4772 a
3222 4721 3481 4775 Dioscoro
3538 4724 3865 4784 congregato

2276 4815 2562 4871 latrocinio
2611 4812 3032 4883 comparandum
3090 4810 3451 4865 decernimus.
3517 4804 3864 4858 Accendatur

2275 4907 2420 4962 circa
2466 4913 2834 4976 protectorum
2884 4888 3098 4957 tuorum
3143 4901 3522 4960 reverentiam,
3568 4895 3866 4949 beatorum

2273 4997 2526 5052 videlicet
2574 4995 2936 5067 apostolorum
2984 4992 3290 5064 principum
3317 5033 3332 5054 ,
3359 4991 3431 5045 ﬁli
3476 4985 3864 5050 dilectissime,

2275 5097 2381 5145 tua:
2405 5088 2554 5144 zelus
2584 5088 2822 5158 pietatis,
2853 5093 2908 5141 et
2937 5093 3210 5141 tantorum
3237 5084 3361 5137 ﬁcta
3393 5088 3695 5137 connnenta
3727 5092 3868 5148 prae-

2275 5182 2557 5253 stigiorum
2589 5194 2870 5236 remanere
2917 5178 3062 5232 nullo
3108 5179 3270 5233 modo
3298 5191 3464 5247 penes
3506 5174 3739 5243 aliquem
3771 5185 3868 5240 pa-

2276 5275 2441 5328 tiatur
2472 5291 2484 5327 :
2515 5273 2608 5328 sed
2656 5280 2710 5328 et
2742 5272 2787 5328 si
2823 5271 3110 5341 quisquam
3145 5272 3261 5325 haec
3306 5266 3614 5329 defendere,
3645 5264 3734 5320 vel
3775 5278 3867 5318 oc-

2274 5365 2504 5431 cultare,
2536 5364 2745 5433 sibique
2775 5363 2830 5416 in
2872 5371 3149 5433 posterum
3174 5360 3410 5416 fortasse
3439 5372 3724 5414 reservare
3749 5366 3866 5411 ten-

2272 5458 2510 5522 taverit,
2562 5465 2653 5510 tua
2701 5455 2934 5526 publicis
2977 5454 3184 5525 legibus
3229 5452 3536 5526 promulget
3582 5449 3867 5519 multiplex

2273 5547 2732 5620 sapientia,_quid
2777 5545 3083 5616 hujusmodi
3133 5561 3365 5616 persona
3416 5552 3540 5614 post
3586 5540 3868 5611 imperiale

2273 5641 2467 5696 debeat
2489 5637 2724 5696 edictum
2748 5639 3144 5710 redargutionis
3167 5639 3465 5700 incurrere,
3491 5634 3575 5690 vel
3597 5641 3866 5704 quantum

2273 5736 2578 5797 conveniat,
2605 5733 2651 5787 si
2696 5749 2801 5788 non
2832 5733 3216 5796 correctionis,
3259 5730 3447 5785 saltem
3504 5727 3868 5798 correptionis

2269 5823 2544 5890 incidere;
2571 5830 2836 5894 quatenus
2855 5837 2952 5893 per
2977 5823 3094 5887 hoc,
3119 5837 3253 5893 pura
3274 5821 3339 5875 de
3363 5827 3561 5875 caetero
3586 5819 3872 5874 conscien-

2269 5914 2367 5981 tia,
2393 5928 2518 5971 cum
2559 5912 2844 5971 Psalmista
2892 5913 3162 5972 veraciter
3206 5924 3399 5970 canere
3441 5908 3626 5966 valeas
3656 5927 3673 5966 :
3709 5908 3873 5975 0άὲνὸ

2427 6028 2500 6035 .._—
