4142 6296
506 290 633 348 1291
1908 285 2188 342 ADRIANI
2226 283 2427 341 PAPIE
2464 284 2509 340 ll
3699 294 3842 350 i292

544 429 735 485 perare
793 411 1111 466 necessitas.
1173 406 1481 461 Piissintutn
1542 403 1831 473 imperium
1892 408 2130 455 vestrum
2161 403 2211 464 Α
2237 399 2529 456 sollicitare
2555 400 2892 464 consentiat;
2915 414 3103 454 eorum
3125 399 3395 463 videlicet,
3417 397 3540 470 qua!
3567 414 3693 456 cum
3723 403 3832 457 sint

543 507 717 578 gratia
751 519 981 574 superna
1032 500 1322 564 custodiat,
1352 499 1511 569 eique
1553 495 1796 552 omnium
1828 491 2126 548 infidelium
2237 491 2292 548 in
2319 507 2486 560 regno
2524 491 2768 561 gloriosa:
2814 493 3089 546 memoriae
3114 491 3358 547 Lolharii
3389 492 3664 562 quondam
3692 495 3835 564 regis

542 599 784 669 gentium
811 594 1120 650 ferocitates
1149 593 1216 647 ad
1236 590 1620 648 exaltationetn
1645 595 1850 645 sanette
1877 584 2133 642 Ecclesia:
2233 584 2476 655 germani
2503 585 2586 640 sui
2615 622 2630 648 ,
2675 585 2740 638 ad
2771 597 2830 638 se
2864 582 3282 652 suffragantibus
3323 583 3539 638 cunctis
3585 583 3793 653 legibus
3815 627 3830 649 ,

543 689 750 761 potenti
776 687 978 743 virtute
1009 685 1344 742 substernat.
2235 691 2344 734 non
2377 685 2486 732 tam
2507 690 2607 746 pro
2632 674 2873 731 fraterna
2901 675 3270 738 successione,
3298 689 3462 744 quam
3483 688 3587 746 pro
3608 684 3831 744 paterna

1277 819 1374 875 xx
2237 770 2620 840 dispositione,
2669 768 3016 825 hereditario
3051 766 3174 836 jure
3207 767 3484 838 pertinere
3510 767 3830 838 probantur.

1380 859 1394 874 ⁸
2237 861 2338 930 Qui
2365 862 2510 920 enim
2532 861 2771 918 concutit
2793 859 2949 926 ﬂues,
2975 868 3031 915 et
3053 858 3310 915 sollicitat
3327 858 3596 922 homines,
3619 860 3711 928 qui
3735 859 3832 916 sub

2239 953 2609 1010 moderamine
2644 955 2916 1023 quondam
2937 951 3048 1020 jam
3075 951 3338 1008 nominati
3363 951 3509 1020 regis
3535 960 3714 1017 erant,
3747 953 3830 1009 illa

1145 1045 1342 1120 (Anno
1371 1042 1494 1101 869.
1521 1043 1538 1117 )
2239 1058 2359 1114 qua:
2383 1042 2480 1098 Dei
2509 1049 2658 1108 sunt,
2685 1050 2740 1097 et
2773 1041 3032 1098 Ecclesiae
3061 1041 3284 1097 utilitati
3316 1041 3670 1100 conveniunt.
3702 1059 3828 1098 con-

546 1161 808 1216 Horlatur
838 1169 895 1215 ut
937 1159 1186 1216 Carolum
1223 1175 1393 1230 regem
1459 1157 1752 1230 deterreant
1818 1172 1882 1212 tta
1919 1155 2138 1230 invadat

2241 1135 2379 1194 cutit
2404 1153 2417 1191 :
2439 1142 2494 1191 et
2509 1135 2602 1206 qui
2623 1136 2767 1190 hunc
2793 1135 3018 1189 avaritia
3039 1135 3215 1190 victus
3237 1142 3563 1198 commovet,
3582 1150 3827 1208 magnum

613 1247 830 1303 regnum
873 1231 1140 1293 Lotharii,
1172 1241 1217 1284 et
1254 1224 1310 1284 u't
1349 1226 1576 1284 Paulum
1603 1245 1662 1286 ac
1691 1226 1916 1284 Leonem
1941 1227 2138 1300 legatos
2241 1244 2249 1301 ι

613 1320 736 1356 suos
772 1303 991 1356 beniane
1013 1301 1323 1356 suscipiant.
2246 1335 2249 1356 ι

2241 1226 2427 1301 procul
2455 1227 2619 1285 dubio
2642 1226 2898 1282 Ecclesiae
2913 1225 3173 1296 diSpergit
3193 1234 3562 1296 augmentum.
3588 1224 3825 1296 Iniquum

2246 1328 2505 1356 ηι-ωιοηδει
2533 1326 2614 1356 act
2643 1327 2698 1356 nt
2731 1317 2872 1356 mind
2902 1316 3103 1356 fratr-nc
3131 1317 3233 1356 eihi
3262 1326 3448 1356 mnlnn
3496 1332 3598 1356 nm
3627 1318 3825 1356 intonvit

613 1320 736 1357 suos
772 1315 991 1372 bemgne
1013 1315 1323 1370 suscrptant.

838 949 903 992 AD
938 945 1205 992 PROCEBES
1239 947 1396 989 REGNI
1431 945 1622 988 CABOLI
1658 944 1833 988 CALVI.

2245 1328 2506 1390 praeterea
2533 1326 2618 1374 est
2643 1327 2704 1372 ut
2731 1317 2875 1388 quod
2902 1316 3104 1372 fratres
3131 1317 3233 1372 sibi
3260 1326 3469 1383 mutuo,
3496 1332 3598 1388 pro
3627 1318 3830 1390 integra

613 1417 888 1472 ADRIANUS
911 1415 1214 1488 episcopus,
1243 1429 1431 1471 servus
1451 1427 1730 1470 servorum
1752 1411 1868 1478 Dei,
1889 1412 2142 1485 omnibus
2244 1413 2386 1470 inter
2407 1428 2466 1469 se
2486 1427 2550 1466 ac
2569 1420 2794 1480 nepotes
2817 1425 2946 1466 suos
2967 1409 3318 1465 custodienda
3339 1419 3494 1479 parte
3519 1426 3828 1482 regnorum,

541 1509 793 1582 gloriosis
821 1507 1067 1572 ducibus,
1093 1507 1398 1570 comitibus,
1429 1516 1485 1562 et
1511 1505 1722 1562 caeteris
1742 1504 2066 1575 primatibus
2086 1503 2142 1562 in
2243 1521 2407 1578 quam
2435 1504 2630 1576 singuli
2661 1505 2912 1559 distincta
2937 1512 3085 1558 sorte
3107 1512 3488 1574 perceperant,
3514 1503 3832 1572 iuramentis

542 1616 711 1669 regno
739 1597 921 1653 Caroli
948 1597 1391 1654 excellentissimi
1422 1597 1566 1668 regis
1592 1595 1923 1652 constitutis.
2247 1596 2580 1654 terribilibus
2607 1594 3028 1666 spoponderant,
3059 1595 3223 1664 impia
3252 1594 3702 1665 prtevaricatione
3725 1595 3834 1649 vioo

613 1691 814 1745 Omnes
844 1690 1060 1762 quidem
1077 1690 1303 1745 virtutes
1326 1689 1526 1746 Christi
1554 1687 1851 1744 cultoribus
1873 1686 2144 1744 sectanda:
2247 1689 2422 1756 letur,
2465 1687 2550 1743 vel
2594 1687 2910 1758 cujusquam
2958 1685 3225 1755 cupidinis
3272 1683 3464 1740 fomite
3501 1692 3828 1740 temeretur:

541 1793 686 1850 sunt,
734 1783 827 1839 sed
878 1782 1023 1839 nulla
1074 1783 1260 1840 utilius
1305 1797 1468 1854 quam
1520 1796 1627 1851 pax
1676 1796 1799 1838 cum
1856 1779 2144 1836 dilectione
2173 1767 2369 1840 Bcum
2398 1780 2578 1852 potius
2605 1780 2696 1850 pio
2729 1777 3018 1834 conveniat
3054 1776 3247 1834 aii‘ectu
3281 1775 3506 1833 fratrem
3535 1776 3724 1845 fratri,
3773 1793 3834 1834 ac

541 1885 726 1930 mutua
760 1875 899 1930 inter
921 1889 1128 1941 omnes,
1163 1883 1218 1929 et
1241 1873 1475 1930 maxime
1498 1872 1638 1929 inter
1659 1871 2002 1929 sublimiores
2020 1885 2144 1941 per-
2241 1883 2466 1948 patruos
2509 1872 2830 1944 nepotibus,
2871 1871 3037 1926 totius
3062 1870 3376 1941 praesidium
3405 1871 3656 1927 conferre
3677 1869 3835 1941 juva-

541 1981 703 2020 sonas
730 2006 744 2030 ,
786 1965 1091 2020 custoditur
1125 1972 1179 2020 et
1205 1965 1421 2021 colitur.
1457 1964 1671 2032 Quanto
1714 1963 1860 2020 enim
1890 1961 2014 2033 quis
2051 1976 2144 2016 su-
2244 1967 2406 2023 minis
2429 2006 2445 2033 ,
2485 1974 2542 2024 et
2582 1964 2878 2021 secundum
2907 1963 3232 2035 promissam
3271 1964 3502 2020 invicem
3527 1964 3837 2034 juramento

540 2057 774 2123 blimior,
823 2066 974 2113 tanto
1022 2057 1090 2112 ad
1136 2073 1316 2114 mores
1358 2072 1486 2113 suos
1531 2071 1774 2127 quosque
1819 2055 2142 2112 trahendum
2246 2060 2428 2125 ﬁdem,
2453 2060 2632 2116 omnis
2650 2058 2908 2113 auxilium
2932 2064 3189 2128 praestare
3209 2055 3835 2126 solatii.Pr:ecipuejam

544 2154 765 2201 constat
807 2162 927 2200 esse
972 2144 1203 2201 facilior.
1244 2147 1476 2217 Ideoque
1515 2147 1599 2202 his
1647 2145 2006 2217 praesentibus
2048 2158 2145 2215 op-
2244 2151 2414 2208 tatum
2460 2149 2721 2223 inclytum
2761 2163 2942 2222 regem
2971 2155 3212 2203 vestrum
3236 2188 3250 2213 ,
3280 2147 3368 2218 qui
3396 2147 3534 2202 hunc
3575 2155 3831 2216 nepotem

544 2247 772 2308 portunc
810 2253 1004 2292 moneo
1024 2279 1038 2306 ,
1069 2237 1298 2304 suadeo,
1331 2246 1385 2292 et
1415 2237 1678 2294 exhortor
1711 2235 1952 2307 apicibus
1973 2275 1989 2302 ,
2035 2249 2145 2305 quo
2244 2235 2425 2310 suum,
2453 2257 2706 2314 magnum
2735 2240 2942 2297 scilicet
2968 2240 3293 2312 Augustum,
3322 2240 3384 2294 de
3421 2237 3590 2307 patris
3617 2237 3832 2308 proprii

545 2329 694 2398 pacis
722 2329 922 2386 bonum
951 2329 1004 2384 in
1037 2344 1246 2396 omnes,
1278 2327 1371 2384 sed
1394 2326 1662 2400 praecipue
1692 2327 1833 2383 inter
1861 2326 2145 2384 sublimio-
2245 2334 2434 2394 dextra
2455 2373 2472 2401 ,
2514 2348 2641 2390 cum
2671 2331 2924 2388 omnibus
2950 2345 3072 2401 quae
3107 2330 3175 2386 ad
3216 2345 3340 2385 eum
3373 2329 3644 2399 pertinere
3683 2329 3838 2384 vide-

545 2435 632 2475 res
664 2420 847 2476 tnnndi
878 2421 1187 2491 principes,
1227 2421 1498 2477 :ediiicare
1538 2428 1594 2476 et
1641 2428 1960 2476 construere
2000 2430 2146 2477 sata-
2245 2435 2472 2492 rentur,
2514 2425 2582 2481 ad
2633 2423 2924 2481 fovendum
2968 2423 3441 2493 roborandumque
3490 2437 3589 2493 pro
3635 2422 3840 2476 viribus

545 2511 704 2581 gatis.
731 2510 788 2564 in
812 2509 915 2564 hoc
937 2511 1080 2565 enint
1105 2511 1286 2566 dilecti
1311 2509 1407 2566 lilii
1432 2509 1536 2566 mei
1561 2510 1705 2583 regis
1729 2511 1894 2566 vestri
1917 2525 2164 2584 regnum,
2245 2519 2412 2576 veluti
2435 2519 2706 2575 secundus
2723 2525 2880 2587 pater
2899 2516 3172 2586 accepisse
3192 2515 3548 2587 dignoscitur.
3593 2515 3838 2586 Iniquum

543 2603 705 2662 citius
732 2602 931 2672 poterit
976 2601 1244 2660 incolume
1287 2617 1606 2676 permanere
1628 2644 1642 2668 ,
1685 2603 1731 2660 si
1759 2603 2030 2660 nemiuem
2058 2603 2146 2660 ille
2246 2618 2432 2666 autem
2457 2616 2512 2666 et
2539 2608 2712 2664 instar
2737 2606 3011 2678 sacrilegii
3035 2612 3138 2671 est,
3171 2612 3229 2660 ut
3256 2605 3350 2676 qui
3379 2621 3440 2661 se
3468 2603 3612 2660 ultro
3637 2620 3840 2676 prorsa-

547 2693 882 2760 concnticns,
919 2708 948 2747 a
976 2693 1120 2750 nullo
1149 2695 1512 2754 concutiatur.
1542 2693 1660 2749 Non
1683 2703 1864 2750 autem
1894 2694 2146 2764 ignorare
2245 2701 2356 2758 tute
2379 2701 2713 2766 ﬁdelium,et
2733 2699 2969 2756 maxime
2981 2713 3081 2769 pro
3101 2705 3302 2754 sancta:
3316 2697 3576 2754 Romana:
3591 2697 3840 2753 Ecclesiae

547 2800 643 2840 vos
671 2787 850 2853 credo,
884 2786 1117 2857 qualiter
1146 2788 1693 2847 desiderabilissimus
1711 2796 1767 2844 et
1788 2788 2048 2861 spiritalis
2077 2789 2144 2846 η-
2244 2795 2438 2852 matris
2463 2810 2574 2851 sua)
2604 2793 2922 2849 defensione
2943 2833 2958 2859 ,
2987 2799 3071 2848 tot
3100 2792 3356 2863 periculis
3383 2790 3544 2848 oii‘ert
3567 2835 3583 2857 ,
3613 2807 3644 2846 a
3668 2801 3840 2862 coepto

548 2877 653 2931 lius
684 2893 836 2933 mens
864 2875 1202 2946 Ludovicus,
1233 2881 1510 2950 piissimus
1553 2887 1608 2937 et
1649 2895 1680 2935 a
1720 2880 1831 2937 Deo
1868 2889 2146 2952 protectus
2245 2887 2466 2958 pietatis
2493 2885 2721 2956 alicujus
2748 2884 2984 2942 factione
3028 2884 3339 2940 stimulatus
3380 2886 3600 2940 recedat
3647 2900 3839 2955 opere,

551 2971 864 3042 imperator,
896 2988 1004 3027 non
1037 2974 1334 3045 utquidam
1361 2974 1621 3032 adversus
1646 2981 1849 3030 sanctae
1871 2973 2148 3046 religionis
2247 2987 2415 3050 atque
2465 2978 2532 3034 ad
2587 2978 2821 3050 patriam
2876 2984 3100 3033 coactus
3154 2975 3536 3032 vindicandam
3589 2977 3846 3048 procedat

549 3063 709 3131 ﬁlios,
752 3081 858 3120 non
896 3072 1082 3120 contra
1129 3064 1254 3123 ﬁdei
1299 3064 1624 3123 Christianae
1667 3065 2017 3132 domesticos,
2049 3063 2148 3121 sed
2181 3133 2217 3143 Α
2248 3073 2640 3132 hereditatem.
2669 3070 2870 3128 Verum
2909 3071 3154 3143 quisquis
3196 3086 3296 3126 suo
3337 3071 3471 3126 vitio
3512 3079 3625 3124 tam
3659 3080 3847 3126 sancto

553 3155 814 3211 adversus
862 3155 1000 3213 iilios
1040 3155 1208 3214 Belial
1233 3198 1248 3224 ,
1297 3155 1561 3212 adversus
1607 3154 1811 3212 Christi
1865 3154 2145 3220 inimicos,
2174 3133 2219 3198 (ἶ
2254 3164 2448 3230 labori,
2475 3163 2785 3236 cupiditatis
2809 3133 3030 3218 esti-bu.
3049 3133 3343 3227 sucensus,
3370 3159 3590 3231 aliquod
3623 3160 3845 3231 impedi-

552 3250 822 3320 praecipue
849 3267 947 3323 pro
973 3260 1156 3307 nostra
1185 3250 1500 3318 securitate,
1530 3264 1736 3323 proque
1765 3247 2056 3306 multorum
2086 3247 2150 3304 ii-

2253 3265 2496 3314 tnentum
2529 3255 2863 3326 praestiterit,
2895 3253 3219 3323 condignam
3249 3252 3515 3323 profecto,
3552 3249 3842 3322 apostolica

553 3345 836 3404 bcratione
864 3344 1124 3414 fidelium,
1156 3344 1249 3415 qui
1278 3344 1546 3402 ﬁnetcnus
1580 3343 1721 3414 apud
1750 3341 2054 3408 Samnium,
2096 3348 2152 3397 et
2255 3351 2384 3406 sede
2422 3349 2734 3412 sanciente,
2772 3346 2888 3402 luet
2915 3361 3042 3402 cum
3071 3345 3186 3400 suis
3218 3343 3522 3400 fautoribus
3567 3342 3841 3397 ultionem.

555 3439 980 3511 circumquaque
1009 3439 1279 3510 regiones,
1303 3437 1662 3510 jamjamque
1682 3433 2151 3505 periclitabantur,
2257 3440 2412 3500 Unde
2449 3439 2494 3498 εί
2535 3439 2826 3510 quisquam
2860 3448 3102 3494 vestrum
3145 3436 3307 3508 huius
3342 3433 3630 3490 diabolica
3673 3433 3840 3488 mm-

557 3527 632 3584 ita
685 3537 746 3583 ut
811 3529 976 3586 etiam
1023 3529 1160 3586 fines
1195 3536 1410 3584 nostros
1449 3525 1726 3583 infestatio
1763 3525 2154 3596 propemodum
2257 3532 2421 3590 tionis
2459 3539 2735 3588 auctorem
2776 3539 3014 3587 sectatus
3042 3530 3242 3595 fuerit,
3274 3528 3360 3584 vel
3383 3529 3436 3584 ei
3467 3527 3846 3598 qttoquomodo

559 3619 988 3675 Sarracenorum
1019 3618 1338 3686 invaderet,
1383 3633 1636 3690 egressus
1673 3633 1706 3678 tt
1735 3633 1949 3676 summo
1988 3617 2158 3676 subii-
2258 3620 2313 3677 in
2340 3622 2549 3692 rapinis
2569 3621 2971 3692 concupiscenti
3004 3620 3246 3676 favorem
3277 3618 3585 3685 contulerit,
3616 3620 3844 3673 anathe-

559 3712 766 3768 mitatis
794 3710 1024 3782 propria:
1061 3709 1196 3766 solio
1219 3749 1236 3775 ,
1282 3717 1339 3764 et
1363 3725 1393 3764 a
1423 3709 1786 3780 pacatissimo:
1815 3710 2018 3780 requiei
2045 3725 2158 3767 sum
2259 3713 2421 3770 matis
2454 3713 2686 3771 vinculis
2724 3713 3102 3776 innodabitur,
3147 3728 3210 3767 ac
3240 3726 3340 3782 pro
3366 3713 3468 3767 hoc
3492 3726 3519 3766 a
3547 3724 3708 3779 regno
3738 3708 3843 3764 Do-

559 3803 896 3870 fundaminc,
923 3817 1030 3858 non
1061 3801 1275 3874 corpori
1299 3810 1508 3871 parcat,
1542 3817 1648 3858 non
1675 3802 1917 3870 testibus,
1941 3818 2050 3860 non
2081 3802 2160 3857 al-
2259 3805 2394 3864 mini
2414 3812 2719 3875 separatus.
2752 3819 2877 3860 cum
2898 3803 3188 3874 impiorum
3214 3805 3458 3859 omnium
3482 3802 3672 3871 capite,
3700 3799 3844 3869 quod

561 3893 804 3966 goribus,
833 3909 938 3949 non
971 3893 1206 3965 denique
1231 3892 1355 3950 uilis
1375 3893 1660 3951 eventibus
1684 3892 1842 3951 cedat
1869 3910 1883 3948 :
1917 3894 2012 3950 sed
2036 3908 2160 3950 ont-
2261 3904 2345 3956 est
2370 3896 2648 3962 diabolus,
2685 3897 2881 3953 merito
2910 3895 3274 3966 deputabitur.
3304 3893 3567 3949 Attendat
3591 3906 3724 3961 ergo
3754 3905 3851 3944 rex

562 3986 654 4041 nia
681 3986 1044 4053 incommoda,
1093 3986 1275 4044 omnia
1318 3986 1635 4046 discrimina
1679 4001 1777 4058 pro
1813 3985 2017 4045 Christi
2063 4000 2163 4043 no-
2260 3991 2738 4064 prudentissimus,
2761 3989 2961 4046 vestris
2981 4002 3198 4060 quoque
3219 3986 3591 4059 probabilibus
3612 3983 3854 4039 consiliis

564 4077 710 4134 mine
753 4077 1031 4146 tolerans.
1083 4077 1218 4134 nihil
1263 4087 1348 4134 est
1395 4077 1541 4152 Quod
1587 4091 1687 4148 pro
1729 4077 2162 4136 Christianorum
2261 4085 2606 4150 adhortatus,
2640 4099 2709 4140 ne
2735 4083 3047 4154 iniquorum
3078 4082 3418 4138 suasionibus
3445 4080 3623 4142 cedat,
3660 4094 3759 4135 nec
3785 4079 3857 4133 si-

563 4169 841 4238 ereptione
864 4176 1078 4223 recuset
1097 4167 1358 4237 arripere,
1376 4166 1511 4221 nihil
1533 4175 1616 4221 est
1635 4166 1778 4238 quod
1799 4181 1900 4237 pro
1922 4166 2162 4226 ﬁdelium
2262 4175 2435 4232 nistra
2480 4171 2918 4230 machinantibus
2947 4185 3108 4226 aures
3141 4169 3512 4226 accommodet
3547 4181 3564 4222 :
3597 4167 3693 4223 sed
3732 4183 3856 4238 pro-

562 4259 743 4328 quiete
773 4274 836 4312 ac
864 4274 999 4330 pace
1027 4257 1260 4314 declinet
1283 4271 1583 4314 assumere.
1615 4257 1858 4329 Denique
1888 4272 1995 4316 non
2040 4272 2164 4318 mo-
2261 4265 2383 4338 prio
2404 4265 2529 4335 jure
2554 4271 2866 4327 contentus,
2891 4277 3014 4332 quas
3045 4276 3141 4315 sua
3166 4275 3274 4316 non
3304 4267 3431 4316 sunt
3456 4271 3726 4328 usurpare
3748 4273 3853 4312 non

567 4351 747 4406 dicam
778 4351 1034 4408 Ecclesiae
1062 4359 1262 4408 sancite
1287 4351 1523 4424 quietem
1553 4365 1651 4426 per
1678 4365 1803 4410 eum
1831 4350 2161 4424 divina_pie-
2264 4366 2469 4424 tentet,
2506 4370 2606 4414 nec
2642 4355 2899 4412 invadere
2923 4369 3247 4424 quocunque
3275 4354 3436 4410 modo
3460 4352 3696 4418 nitatur,
3724 4365 3858 4422 quo-

569 4447 652 4495 tas
682 4449 901 4511 cperata
942 4449 1045 4507 est;
1079 4455 1180 4498 nec
1205 4440 1431 4498 modicae
1473 4456 1806 4515 paganorum
1838 4442 1984 4500 vires
2009 4440 2163 4499 forti-
2189 4490 2242 4551 Π
2267 4449 2428 4507 modo
2450 4450 2696 4506 invasam
2715 4463 2821 4505 non
2843 4447 3114 4503 modicum
3135 4455 3314 4518 potest
3333 4445 3572 4501 invasori
3596 4457 3858 4516 generare

571 4535 757 4589 tudine
782 4549 1016 4607 superna
1043 4543 1328 4606 prostratae
1357 4544 1504 4592 sunt.
1538 4534 1818 4607 Siquidem
1843 4535 2041 4606 saepius
2065 4535 2164 4592 1η-
2192 4534 2239 4551 ⁸¹
2268 4540 2580 4600 discrimen.
2607 4539 2686 4597 Ne
2707 4541 2894 4610 itaque
2911 4539 3022 4610 jam
3050 4547 3352 4593 memorato
3374 4538 3725 4594 dilectissimo
3747 4537 3856 4591 tilio

571 4635 682 4680 stes
706 4667 720 4692 ,
755 4633 1014 4696 tanquam
1047 4640 1228 4681 mures
1253 4626 1504 4684 cavernis
1531 4625 1648 4684 suis
1672 4640 1940 4698 egressos,
1976 4626 2044 4684 ad
2063 4640 2162 4683 sua
2268 4647 2392 4690 meo
2415 4673 2432 4699 ,
2484 4632 2705 4690 domino
2738 4647 2954 4702 semper
2981 4633 3226 4702 Augusto
3247 4673 3262 4699 ,
3303 4646 3522 4688 causam
3564 4631 3655 4688 Dei
3697 4646 3853 4686 exse-

570 4715 793 4770 latibula
844 4725 995 4786 terga
1041 4725 1255 4772 vertere
1296 4716 1578 4787 compulit,
1624 4724 1680 4774 et
1715 4717 1942 4781 brachia
1971 4726 2164 4776 contra

2269 4725 2490 4795 quanti,
2531 4723 2906 4782 hereditatem
2953 4723 3166 4779 Domini
3207 4723 3532 4787 viudicanti,
3581 4738 3640 4777 ac
3680 4722 3845 4788 ipsius

575 4817 788 4862 nostros
815 4818 1000 4862 exerta
1031 4809 1235 4878 potenti
1259 4809 1458 4864 virtute
1481 4807 1746 4866 dissolvit.
1772 4809 2165 4879 Quinetnobis
2271 4815 2409 4874 bella
2447 4815 2750 4886 praelianti,
2799 4814 3076 4885 quodlibet
3118 4813 3498 4870 oil‘endiculunt
3542 4822 3800 4884 praeparet
3831 4852 3848 4875 ,

574 4902 848 4969 omnibus,
883 4902 972 4973 qui
1010 4901 1164 4980 longe
1196 4901 1396 4959 fuimus
1419 4915 1476 4960 et
1498 4903 1588 4974 qui
1612 4919 1811 4978 prope,
1845 4919 2053 4976 magnae
2081 4920 2166 4961 se-
2273 4922 2380 4979 quo
2406 4916 2610 4963 sancte
2634 4905 2733 4962 Dei
2762 4907 3019 4965 ECCIesite
3045 4907 3237 4976 quavis
3265 4922 3332 4979 ex
3355 4916 3504 4978 parte
3529 4905 3859 4976 impediatur

577 4996 828 5052 eut'ilatis
871 4996 1120 5068 praesidia
1150 4995 1380 5054 contulit
1420 5012 1436 5053 :
1483 4998 1612 5056 dum
1648 4998 1855 5056 scilicet
1881 4996 2167 5055 nonnullos
2267 4999 2498 5068 utilitas,
2528 4999 2614 5055 vel
2655 4998 2932 5070 profectus
2963 4999 3201 5056 ildciium
3231 4999 3572 5055 excludatur.
3601 4997 3860 5067 Alioquin

579 5105 766 5148 eorum
797 5091 1078 5162 postravit,
1101 5091 1388 5148 nonnullos
1414 5091 1580 5149 etiam
1606 5093 1676 5150 ab
1695 5106 1883 5148 eorum
1907 5090 2169 5161 supersti~
2269 5104 2490 5147 manum
2513 5090 2824 5160 apostolica:
2842 5087 2987 5147 sedis
3007 5103 3130 5145 eum
3154 5089 3346 5146 eodem
3362 5086 3865 5160 piissimo‘principe

606 5185 725 5240 ione
770 5195 1132 5250 convertens,
1187 5185 1390 5243 Christi
1438 5184 1563 5242 ﬁdei
1603 5191 1659 5240 et
1705 5198 1848 5242 verte
1895 5182 2171 5254 religionis
2271 5184 2486 5242 fortiter
2505 5198 2626 5242 esse
2643 5183 2963 5252 contperiat,
2985 5191 3041 5239 et
3064 5197 3218 5239 arma
3244 5190 3429 5239 nostra
3456 5181 3531 5237 iiii
3563 5180 3866 5236 munimina

583 5279 779 5334 itinera
806 5278 1005 5338 sectari
1031 5278 1332 5352 perdocuit.
1364 5277 1480 5346 Qua
1509 5277 1576 5334 de
1603 5291 1664 5340 re
1691 5285 1867 5332 ratum
1897 5276 2170 5344 ducimus,
2273 5274 2603 5333 validissima
2643 5274 3004 5340 conferentia,
3052 5288 3266 5330 summo
3315 5273 3644 5344 agonotheta
3704 5270 3872 5326 nobis

583 5379 818 5426 vestram
861 5385 1206 5428 commonere
1249 5370 1626 5430 dilectionem,
1659 5383 1767 5441 quo
1796 5367 2021 5440 pnefato
2057 5367 2172 5441 glo-
2277 5374 2734 5430 concertante,-et
2763 5364 3043 5420 beatorum
3065 5364 3368 5435 principum
3393 5362 3766 5434 apostolon
3794 5363 3874 5417 in-

585 5461 728 5514 t-ioso
751 5461 862 5532 regi
883 5469 1087 5528 vestro,
1120 5472 1176 5518 et
1218 5460 1341 5519 ﬁliis
1376 5460 1491 5532 ejus
1519 5474 1807 5533 suggerere
1831 5468 2044 5534 satagat
2066 5499 2081 5527 ,
2122 5468 2179 5518 et
2281 5459 2612 5518 tereessione
2638 5465 2994 5528 cooperante,
3037 5466 3339 5529 praiparata
3371 5456 3490 5512 sine
3521 5456 3877 5511 cunctatione

587 5552 835 5618 prudenti
875 5552 1101 5610 consilio
1151 5553 1379 5610 suadere
1423 5551 1744 5620 contendat,
1773 5560 2042 5622 quatenus
2076 5568 2178 5610 nec
2279 5559 2598 5624 praenoscat.
2631 5549 2743 5608 Hos
2779 5558 3036 5620 praeterea
3077 5550 3273 5606 missos
3312 5548 3624 5620 apostolica:
3667 5557 3877 5604 nostra

589 5644 700 5698 suis
722 5647 982 5711 moribus,
1013 5661 1112 5701 nec
1139 5645 1366 5702 aliorum
1387 5645 1727 5701 suasionibus
1749 5646 2033 5716 impulsus,
2057 5663 2177 5717 qum
2279 5647 2446 5714 sedis,
2469 5645 2693 5704 Paulum
2719 5655 2774 5700 et
2799 5644 3034 5702 Leonem
3057 5644 3392 5701 venerabiles
3412 5643 3717 5712 episcopos,
3750 5641 3862 5702 tlila

597 5737 724 5790 lattli
755 5737 1013 5807 principis
1040 5750 1094 5794 et
1126 5746 1234 5793 tam
1271 5738 1342 5808 pii
1371 5736 1595 5808 Augusti
1619 5747 1774 5807 sunt,
1807 5739 2060 5798 invadere
2093 5737 2177 5796 vel
2279 5748 2398 5798 ctos
2423 5739 2760 5799 consiliarios
2785 5748 3020 5808 nostros,
3045 5753 3181 5810 quos
3206 5751 3302 5812 pro
3334 5750 3468 5810 pace
3492 5745 3551 5795 et
3577 5734 3877 5793 concordia
