4142 6296
358 335 500 398 1293

1553 325 1922 399 Εριετοιηιιει
1951 330 2042 390 nr
2077 281 2420 414 omnem.

2425 266 2478 283 -ιιο

3499 310 3646 373 1294

313 516 328 544 ,
370 474 572 527 sanctae
593 462 691 522 Dei
712 459 974 523 Ecclesia)
999 457 1129 520 illuc
1157 456 1570 525 destinavimus,
1601 457 1673 513 ab
1695 464 1950 512 reveren-
1976 454 2030 516 Α
2051 447 2197 504 enim
2223 445 2386 501 debet
2404 447 2686 514 paternam
2707 437 3074 495 baereditatem
3096 433 3184 544 ii'ie
3204 432 3496 544 dimittere,
3517 432 3637 502 qui,

373 563 505 618 tiam
532 557 838 632 principum
867 555 1233 629 apostolorum
1262 551 1408 607 Petri
1449 559 1507 607 et
1541 548 1693 606 Pauli
1722 547 1953 616 benigne

371 649 652 723 suscipite,
683 656 739 706 et
761 663 826 702 ea
847 662 968 718 quas
985 645 1139 700 vobis
1163 657 1262 717 pro
1289 642 1613 698 utilitatibus
1634 638 1956 697 Christianae

373 741 496 798 iidei
527 747 688 811 atque
710 736 981 808 religionis
999 733 1260 800 dixerim,
1289 747 1422 788 aure
1448 731 1628 788 cordis
1654 727 1958 801 percipien-

375 844 476 899 tes,
510 833 580 889 ad
603 829 851 888 eﬂ'ectum
880 826 1180 900 perducere
1224 823 1498 881 festinate.
1538 821 1803 894 Optamus
1844 819 1958 891 glo-

377 929 515 983 riam
549 931 784 980 vestram
831 921 886 976 in
933 917 1150 977 Christo
1187 919 1328 976 bene
1364 914 1568 974 valere.
1612 911 1750 970 Data
1792 911 1959 969 Nonis

377 1018 740 1094 Septembris,
767 1014 1065 1072 indictione
1093 1030 1176 1069 ιιι.

1111 1127 1251 1186 XXI.

410 1262 482 1307 ΑΒ
514 1257 796 1304 8918001³08
829 1258 883 1301 IN
921 1257 1095 1300 RBGNO
1127 1255 1318 1298 CABOLI
1356 1253 1510 1298 CALVI
1547 1250 1928 1296 CONSTI'IIJTOSo

995 1356 1174 1430 (Anno
1197 1355 1348 1448 s69.)

384 1475 452 1534 Ut
474 1475 721 1547 Carolum
752 1491 920 1547 [egent
947 1473 1241 1547 deterreant
1273 1471 1336 1526 ab
1373 1469 1667 1547 inpadend‘o
1691 1484 1846 1547 regno
1869 1466 1969 1522 Lo-

450 1545 639 1614 tharii,
673 1557 720 1602 et
756 1540 989 1603 Paulum
1019 1560 1083 1598 ac
1117 1543 1342 1599 Leonem
1379 1544 1564 1598 missos
1603 1557 1638 1597 α
1677 1557 1731 1596 se
1768 1540 1966 1610 legatos

456 1620 674 1691 benigne
699 1617 1012 1689 suscipiant.

449 1735 728 1790 ADMAMJS
753 1731 1073 1802 episcOpus,
1103 1742 1295 1784 servus
1319 1739 1600 1782 servorum
1639 1723 1735 1780 Dei
1754 1763 1770 1790 ,
1811 1737 1967 1779 reve-

381 1824 710 1882 rentissimis
750 1831 806 1879 et
837 1821 1200 1880 sanctissimis
1238 1818 1498 1875 fratribus
1543 1825 1600 1875 et
1635 1817 1968 1889 coepiscopis

384 1920 588 1977 nostris
615 1919 672 1976 in
704 1933 871 1992 regno
903 1915 1086 1974 Caroli
1112 1915 1330 1990 gloriosi
1356 1914 1500 1987 regis
1522 1911 1818 1970 Ecclesium
1859 1911 1967 1968 Do-

383 2013 518 2070 mini
552 2011 1004 2086 gubernantibus.

455 2106 603 2161 Inter
629 2103 849 2160 exordia
881 2101 1227 2174 pontiﬁcatus
1270 2099 1376 2156 mei
1413 2098 1565 2170 pacis
1594 2096 1833 2154 studium
1862 2109 1974 2166 pm

386 2202 600 2258 casteria
627 2198 919 2253 virtutibus
948 2189 1654 2268 praedicantisuadendique
1679 2188 1976 2258 arripuisse

387 2291 631 2349 memini.
669 2287 877 2359 Quippe
902 2287 994 2357 qui
1024 2287 1275 2342 noverint
1303 2283 1446 2355 quod
1475 2283 1529 2338 in
1552 2281 1848 2337 Dominicae
1880 2294 1974 2333 na.

389 2385 617 2442 tivitatis
637 2382 902 2454 principio
928 2379 1166 2447 scelestis
1189 2377 1396 2434 militiai
1415 2377 1564 2432 visus
1585 2375 1656 2432 sit
1679 2374 1974 2439 exercitus,

391 2477 481 2547 qui
515 2474 806 2530 clamavit:
839 2470 1021 2528 Gloria
1047 2472 1102 2526 in
1128 2469 1347 2526 excelsis
1371 2469 1513 2534 Deo,
1551 2468 1680 2523 etin
1707 2476 1846 2522 terra
1874 2481 1980 2537 pas

390 2565 690 2623 hominibus
718 2563 866 2619 bonae
891 2562 1174 2619 voluntatis
1199 2557 1351 2632 (Luc.
1381 2560 1460 2632 ιι).
1493 2557 1596 2615 Ubi
1622 2557 1867 2629 profecto
1893 2571 1984 2614 so-

389 2658 560 2715 lerter
583 2654 971 2713 attendendum
1001 2660 1105 2719 est,
1135 2654 1262 2725 quia
1293 2651 1434 2708 sicut
1459 2659 1728 2723 pastores,
1761 2651 1854 2722 qui
1885 2666 1978 2706 su-

390 2765 490 2824 per
525 2761 742 2823 gregem
786 2759 946 2804 suum
989 2759 1101 2816 pne
1142 2744 1357 2801 ctcteris
1403 2742 1799 2815 vigilaverunt,
1845 2741 1982 2796 tanti

395 2843 616 2916 tripudii
649 2843 834 2899 videre
861 2851 974 2911 prae
1010 2837 1225 2895 caeteris
1253 2836 1444 2909 gaudia
1482 2843 1797 2893 meruerunt
1840 2851 1854 2890 :
1906 2833 1982 2888 ita

394 2953 495 2994 nos
533 2938 624 3008 qui
656 2943 901 3009 pastores
923 2933 1174 2998 dicimur,
1217 2941 1343 2989 tunc
1376 2931 1677 2988 caelestium
1717 2931 1982 2986 bonorum

397 3031 637 3087 laetitiam
665 3027 889 3100 adipisci
915 3026 1266 3091 merebimur,
1289 3025 1334 3080 si
1356 3039 1517 3096 super
1533 3037 1663 3079 oves
1675 3021 1985 3078 Dominicas

396 3121 623 3178 sollicite
659 3119 942 3192 vigilemus
975 3135 990 3185 ;
1026 3131 1093 3174 ne
1112 3117 1365 3173 videlicet
1390 3117 1493 3172 bas
1517 3115 1604 3172 vel
1633 3129 1731 3186 per
1760 3113 1984 3170 insidias

2059 541 2170 596 Deo
2195 539 2435 611 gratias,
2469 548 2578 590 non
2610 533 2825 604 ignorat
2857 528 3071 586 Nabotb
3110 524 3497 583 Jezrahelitam
3539 540 3639 596 pro

2057 635 2169 692 sola
2195 639 2422 704 paterna
2450 628 2608 684 vinea
2625 667 2641 694 ,
2672 625 2835 681 etiam
2871 632 3058 679 contra
3086 635 3267 691 regem
3294 619 3520 689 impium
3547 619 3642 673 de-

2057 725 2344 790 fendenda,
2369 735 2540 792 usque
2564 720 2632 776 ad
2660 726 2889 773 mortem
2918 715 3154 785 lapidum
3179 712 3494 784 pervenisse
3518 709 3571 782 (I
3577 708 3641 764 11
3676 756 3680 762 .

2059 817 2184 890 Reg.
2213 830 2304 872 xxi
2325 814 2368 889 ).
2399 813 2600 869 Verum
2635 811 2680 867 si
2707 818 2762 865 et
2785 809 2939 865 labor
2967 807 3194 877 alicujus
3215 803 3510 860 ambitione
3539 803 3642 880 im-
3674 859 3678 870 ,

2057 910 2348 982 pediatur,
2396 905 2649 979 quoniam
2699 911 2987 975 paternum
3035 899 3211 955 deseri
3259 895 3644 969 patrimonium

2060 975 2486 1072 subripientib'us
2514 1011 2620 1053 non
2646 1002 2877 1067 oportet,
2909 1008 3008 1063 per
3034 1000 3194 1063 quem
3225 989 3356 1061 quid
3379 989 3486 1044 tale
3515 1003 3647 1044 con-
3675 975 3680 1052 ῗ

2063 1071 2262 1165 tigerit,
2293 1106 2396 1146 una
2423 1104 2548 1146 cum
2579 1087 2882 1144 fautoribus
2913 1094 2969 1140 et
2991 1083 3347 1141 sectatoribus
3383 1082 3498 1138 suis
3517 1121 3531 1145 ,
3559 1081 3645 1135 di-
3676 1071 3681 1146 ξ

2062 1200 2223 1260 gnam
2271 1199 2568 1256 paremque
2613 1180 3138 1238 animadversionem
3183 1178 3444 1235 exsolvet.
3491 1176 3560 1232 Et
3600 1177 3647 1232 si

2063 1282 2186 1352 quis
2208 1286 2446 1336 vestrum
2484 1285 2592 1333 tam
2629 1275 2849 1332 nefariae
2879 1273 3201 1330 temeritatis
3243 1279 3521 1327 auctorem
3564 1269 3651 1323 vel

2066 1373 2294 1431 tacendo
2319 1370 2532 1442 fugerit,
2557 1366 2644 1424 vel
2670 1383 2778 1422 non
2807 1365 3113 1422 resistendo
3138 1363 3507 1427 consenserit,
3539 1375 3650 1415 non

2037 1461 2172 1533 .jam
2199 1462 2454 1534 pastoris,
2486 1461 2581 1517 sed
2603 1458 2927 1515 mercenarii
2956 1456 3172 1512 nomine
3202 1469 3260 1510 se
3290 1453 3502 1508 noverit
3534 1450 3654 1505 fore

2067 1555 2396 1610 censendum
2422 1569 2435 1607 :
2475 1559 2529 1608 et
2565 1551 2690 1622 quia
2714 1549 2828 1617 jam
2860 1563 2964 1603 non
2993 1545 3288 1616 pertinebit
3334 1543 3402 1598 ad
3429 1557 3554 1596 eum
3584 1540 3654 1596 de

2068 1645 2280 1712 ovibus,
2316 1658 2422 1700 non
2457 1640 2752 1714 pertinebit
2779 1644 3173 1707 consequenter
3201 1636 3266 1690 de
3292 1632 3655 1703 pastoralibus

2069 1739 2442 1813 dignitatibus.
2475 1735 2586 1792 llos
2610 1743 2869 1804 praeterea
2897 1732 3092 1789 missos
3121 1728 3432 1801 apostolicae
3455 1733 3655 1782 nostrae

2000 1849 2044 1910 Β
2072 1830 2237 1897 sedis,
2278 1828 2500 1884 Paulum
2526 1833 2581 1881 et
2609 1824 2846 1880 Leonem
2878 1819 3213 1876 venerabiles
3242 1819 3546 1889 episcopos,
3576 1815 3656 1870 di-

2071 1923 2239 1979 lectos
2267 1920 2605 1977 consiliarios
2629 1925 2875 1981 nostros,
2907 1929 3042 1986 quos
3071 1929 3169 1983 pro
3199 1927 3328 1983 pace
3351 1921 3406 1966 et
3435 1925 3659 1965 concor-

2072 2017 2160 2072 dia
2191 2014 2286 2072 Dei
2317 2013 2572 2070 Ecclesiae
2598 2010 2725 2066 illuc
2754 2008 3161 2070 destinavimus,
3192 2004 3262 2060 ob
3293 2001 3657 2058 reverentiam

2072 2107 2377 2180 principum
2406 2103 2772 2176 apostolorum
2797 2101 2942 2156 Petri
2967 2108 3022 2155 et
3049 2097 3218 2152 Pauli
3232 2095 3464 2165 benigne
3487 2091 3661 2149 susci-

2074 2203 2204 2274 pite,
2232 2212 2288 2257 et
2314 2214 2378 2254 ea
2403 2214 2522 2268 quae
2541 2197 2696 2252 vobis
2720 2208 2820 2264 pro
2840 2191 3162 2247 utilitatibus
3184 2187 3510 2243 Christiana:
3536 2183 3661 2238 ﬁdei

2076 2303 2241 2364 atque
2277 2288 2550 2360 religionis
2577 2286 2847 2351 dixerint,
2876 2297 3008 2338 aure
3039 2281 3219 2337 cordis
3261 2277 3622 2349 percipientcs
3643 2312 3658 2338 ,

2075 2387 2143 2442 ad
2175 2384 2428 2440 cll'ectum
2461 2382 2659 2436 ducere
2691 2377 2960 2434 festinate.
2990 2373 3251 2445 Optamus
3277 2377 3520 2426 sanctam
3553 2365 3662 2421 fra-

2080 2476 2389 2532 ternitatem
2441 2480 2677 2527 vestram
2729 2469 2783 2524 in
2829 2467 3043 2522 Christo
3090 2466 3228 2521 bene
3277 2461 3479 2517 valere.
3528 2459 3662 2515 Data

2080 2568 2247 2625 Nonis
2271 2564 2626 2640 Septembris,
2661 2561 2954 2618 indictione
2980 2572 3062 2613 ιιι.

2785 2671 2949 2730 XXII.

2240 2809 2309 2853 ΔΙ)
2341 2805 2652 2853 ΗΙΝΟΜΔΒΗΜ
2688 2797 3140 2848 ΔΒΟΠΙΕΡΙΒΟΟΡΗΜ
3179 2793 3518 2838 RHEIIENSEM.

2688 2900 2877 2974 (Anno
2909 2895 3068 2968 869.)

2083 3017 2504 3078 Benevolentiam
2551 3029 2704 3072 suam
2755 3013 3043 3068 Hincmaro
3090 3007 3387 3079 polticetur,
3447 3017 3667 3073 eumque

2154 3094 2397 3148 hortatur
2441 3097 2498 3144 ut
2536 3103 2755 3158 operam,
2779 3100 2930 3158 suam
2971 3083 3304 3158 interponat”
3337 3093 3400 3158 ne
3450 3091 3668 3158 regnum

2153 3143 2396 3232 initiis:
2436 3143 2708 3232 quicquam
2740 3154 2970 3232 invadat.
3004 3143 3240 3222 Legatos
3270 3148 3491 3219 denique
3512 3143 3668 3198 ’Pau-

396 3213 504 3268 odii
535 3226 629 3267 seu
655 3209 938 3268 discordiae
961 3222 1124 3264 vorax
1155 3207 1314 3278 lupus
1341 3207 1592 3274 invadat,
1623 3205 1710 3262 vel
1748 3219 1847 3275 per
1881 3219 1981 3262 cu-
2008 3213 2054 3276 ο
2153 3205 2338 3289 ἦῦἦςί
2354 3205 2956 3288 ’λθῦἦᾶςι”ὧῆιῶξήάῶο

401 3306 682 3380 piditat‘em
713 3302 900 3358 avidus
936 3303 1026 3358 ille
1058 3301 1143 3356 leo
1172 3300 1460 3372 deglutiat,
1490 3301 1614 3372 qui,
1653 3307 1713 3356 ut
1735 3299 1989 3370 princeps

399 3397 769 3468 apostolorum
803 3394 1028 3459 scribit,
1059 3393 1278 3465 rugiens
1311 3394 1504 3448 circuit
1546 3405 1795 3464 quterens
1824 3407 1986 3464 quem

398 3495 616 3551 devoret
648 3489 702 3564 (1
724 3487 870 3544 Petr.
887 3489 948 3561 ι).
976 3489 1229 3561 Ideoque,
1255 3487 1450 3545 fratres
1496 3487 1821 3553 cbarissimi,
1846 3495 1988 3544 nunc

401 3589 566 3645 etiam
595 3587 647 3643 id
674 3585 854 3658 ipsum
876 3593 1081 3657 repeto,
1114 3575 1167 3640 id
1199 3583 1372 3655 ipsum
1397 3589 1661 3655 oportune
1683 3583 1768 3638 vel
1793 3581 1988 3654 impor-

405 3687 533 3736 tune
565 3676 786 3742 suadeo,
817 3686 1043 3747 prorsus
1073 3669 1326 3746 emaglto.
1359 3674 1720 3742 Quamobrem
1749 3681 1809 3728 ut
1837 3672 1988 3745 pacis

401 3783 498 3824 seu
521 3765 822 3822 dilectionis
850 3763 1144 3826 vinculum,
1169 3777 1290 3834 quae
1314 3764 1486 3835 major
1507 3771 1590 3820 est
1608 3763 1858 3820 omnibus
1878 3765 1986 3818 vir-

406 3859 610 3914 tutibus
630 3864 685 3913 et
705 3855 1244 3922 bolocautomatibus,
1275 3864 1456 3909 vestra
1485 3870 1700 3924 quoque
1727 3855 1988 3910 sanctitas

407 3945 764 4006 insolublllter
785 3947 924 4002 inter
941 3959 1148 4010 omnes,
1171 3944 1264 3998 sed
1279 3944 1547 4013 praecipue
1560 3944 1702 3996 inter
1712 3941 1989 3996 sublimio-

406 4057 498 4097 res
513 4054 770 4112 personas
789 4039 1064 4096 observari
1088 4037 1296 4100 doceat,
1320 4034 1686 4089 indesinenter
1707 4030 1984 4086 adhortor.

407 4134 748 4206 Quapropter
769 4133 896 4188 illud
921 4148 952 4189 a
976 4130 1130 4187 vobis
1149 4128 1328 4205 exigo,
1351 4135 1412 4182 ut
1432 4124 1645 4181 solliciti
1670 4124 1984 4190 existentes,

405 4231 451 4286 si
482 4243 618 4300 quos
647 4226 927 4284 senseritis
953 4223 1088 4280 velle
1113 4221 1214 4279 filii
1228 4220 1398 4276 nostri
1423 4219 1639 4292 gloriosi
1660 4217 1805 4291 regis
1824 4215 1987 4274 vestri

404 4323 581 4381 Caroli
604 4321 853 4378 fortassis
874 4318 1083 4375 animos
1103 4315 1167 4372 ad
1188 4312 1548 4372 invadendum
1570 4323 1816 4380 regnum,
1844 4309 1988 4380 quod

406 4419 660 4476 defuncto
680 4416 952 4490 quondam
966 4409 1166 4484 inclyte
1176 4423 1304 4480 rege
1323 4405 1597 4471 Lothario,
1623 4404 1688 4459 ad
1711 4403 1987 4459 dominum

406 4511 961 4572 desiderantisslmum
995 4506 1163 4564 lilium
1192 4512 1435 4561 nostrum
1473 4500 1773 4574 piissimum
1819 4498 1986 4568 impe-

2155 3347 2430 3408 Annunus
2456 3344 2774 3414 episcopus,
2819 3351 3014 3414 servus
3037 3350 3316 3414 servorum
3346 3331 3472 3414 Dei,
3514 3343 3667 3383 reve-

2089 3402 2403 3476 rentissimo
2435 3402 2858 3471 et'sanc'tissi'mo
2884 3406 3144 3465 confralri
3169 3413 3356 3462 nostro
3385 3402 3666 3457 l‘llNCHARO

2088 3489 2495 3561 archiepiscopo
2523 3481 2840 3540 Rhemensi.

2159 3578 2532 3640 Sanctimonia
2559 3587 2649 3633 tua
2680 3589 2841 3648 quam
2872 3572 3034 3629 fuerit
3055 3569 3364 3642 apostolicae
3393 3565 3671 3622 memoriae

2087 3688 2237 3748 papae
2281 3669 2488 3728 Nicolai
2524 3667 2842 3732 familiaris,
2886 3681 2994 3720 non
3027 3662 3165 3718 forte
3202 3660 3348 3716 dedit
3389 3657 3666 3714 oblivioni.

2086 3768 2142 3825 In
2188 3767 2340 3840 cujus
2368 3763 2617 3822 videlicet
2652 3757 3035 3816 familiaritatis
3071 3756 3194 3810 sinu
3240 3767 3339 3808 nos
3373 3763 3587 3821 quoque
3616 3754 3670 3802 te

2086 3859 2443 3927 recipientes,
2513 3853 2761 3908 fiduciam
2815 3865 2979 3920 penes
3022 3845 3378 3917 apostolatum
3425 3849 3668 3896 nostrum

2088 3945 2416 4001 fraternitati
2446 3952 2553 3996 tuae
2581 3940 2816 4012 gratanti
2848 3945 3026 3993 mente
3053 3936 3350 3992 offerimus.
3400 3934 3668 3988 Prmterea

2087 4035 2308 4092 noveris
2335 4033 2552 4088 misisse
2577 4046 2676 4087 nos
2707 4029 2962 4099 epistolas
2995 4027 3253 4096 quasdam
3289 4025 3342 4077 in
3369 4021 3670 4077 Gallicana-

2089 4142 2210 4183 rum
2234 4125 2470 4197 partium
2493 4121 2771 4194 regiones,
2803 4127 2913 4173 tam
2956 4130 3109 4186 rcges
3129 4155 3143 4181 ,
3181 4127 3343 4184 quam
3373 4109 3631 4182 praesules
3651 4150 3665 4174 ,

2089 4223 2146 4274 et
2183 4227 2373 4273 omnes
2414 4211 2636 4270 omnino
2681 4221 2972 4281 regnorum
2999 4207 3289 4278 primates,
3339 4201 3406 4256 ad
3433 4200 3668 4270 compri-

2089 4308 2343 4365 mendum
2389 4304 2671 4370 ambitum,
2711 4310 2767 4358 et
2787 4299 3074 4368 unicuique
3091 4297 3179 4367 jus
3200 4291 3474 4365 proprium
3493 4304 3670 4345 reser-

2091 4403 2361 4466 vandum,
2419 4401 2790 4468 competenter
2831 4392 3218 4452 admonentes,
3286 4384 3668 4445 cohortantes,

2092 4495 2402 4560 suadentes,
2425 4496 2812 4552 contestantes,
2840 4484 3208 4556 prohibentes,
3234 4487 3290 4535 et
3311 4479 3666 4533 deterrentes.

404 4618 642 4664 ratorcm
699 4603 889 4670 rediit,
942 4601 1171 4672 jureque
1228 4566 1554 4651 hereditario
1620 4590 1696 4648 illi
1739 4566 1984 4655 debetur,
2015 4568 2067 4629 D
2093 4585 2260 4656 Cujus
2305 4585 2382 4640 rei
2411 4579 2831 4639 sollicitudinem
2866 4574 3127 4632 sanctitas
3165 4580 3254 4627 tua
3291 4566 3511 4640 speciali
3537 4579 3672 4636 quo-

404 4698 656 4771 nequiter
697 4695 954 4758 incitare;
995 4704 1112 4756 vos,
1142 4687 1234 4760 qui
1263 4684 1571 4758 spirituales
1599 4683 1753 4749 estis,
1797 4682 1987 4738 borum

404 4790 655 4848 carnales
670 4801 853 4853 voces,
875 4783 1004 4857 quin
1021 4782 1198 4861 potius
1213 4787 1267 4836 et
1282 4779 1456 4852 ipsum
1476 4773 1987 4834 excellentissimum

405 4897 589 4955 regem
606 4924 622 4950 ,
651 4897 716 4939 ac
745 4881 884 4938 filios
913 4877 1028 4948 ejus
1053 4884 1310 4946 tanquam
1334 4871 1449 4927 veri
1481 4868 1752 4955 episcopi,
1780 4884 1810 4923 a
1837 4875 1988 4923 tanto

406 4987 755 5046 compescere
792 4971 1007 5046 piaculo
1042 4967 1321 5027 studentis.
1370 4941 1622 5032 Quinimo
1650 4962 1716 5017 ad
1749 4959 1986 5016 favorem

408 5057 463 5120 et
497 5080 656 5135 opem
681 5065 800 5139 ejus
828 5067 973 5120 hunc
1012 5058 1407 5116 inﬂammantes
1454 5051 1742 5110 bortemini
1769 5093 1782 5116 ,
1829 5059 1993 5123 atque

410 5158 552 5213 sicut
571 5171 694 5211 eum
713 5157 770 5210 in
795 5151 900 5208 fide
920 5167 1014 5208 sua
1029 5160 1286 5220 tanquam
1307 5145 1444 5200 alter
1463 5149 1616 5216 pater
1633 5143 1889 5214 suscepit,
1913 5143 1990 5199 ita

411 5247 623 5314 fbveat,
652 5241 710 5303 et
753 5247 897 5302 hunc
930 5251 996 5309 ut
1033 5238 1313 5318 proprium
1344 5237 1583 5310 genitum
1615 5233 1987 5305 amplectatur.

410 5336 660 5410 Iniquum
687 5335 832 5394 enim
848 5375 863 5400 ,
892 5338 948 5390 et
969 5331 1141 5388 instar
1161 5327 1428 5400 sacrilegii
1459 5332 1561 5391 est,
1585 5333 1647 5382 ut
1664 5325 1754 5396 qui
1777 5339 1836 5381 se
1852 5326 1994 5382 ultro

411 5427 512 5502 pro
539 5427 711 5486 salute
735 5423 997 5489 fidelium,
1027 5431 1082 5478 et
1109 5419 1342 5477 maxime
1369 5421 1572 5474 Sancta
1601 5417 1856 5472 Romanas
1893 5416 1996 5472 Ec-

413 5523 612 5590 clesiae,
647 5521 839 5579 matris
867 5519 1072 5576 scilicet
1103 5514 1342 5570 omnium
1372 5511 1469 5568 Dei
1496 5507 1872 5575 ecclesiarum,
1905 5508 1996 5564 de—

413 5613 660 5672 fensione
679 5654 694 5682 ,
724 5621 804 5670 tot
831 5608 1022 5667 mortis
1047 5606 1263 5663 casibus
1287 5601 1474 5670 offert,
1506 5599 1732 5670 alicujus
1761 5599 1995 5658 factione

413 5705 745 5772 stimulatus,
776 5720 806 5760 a
836 5709 1011 5774 empto
1035 5697 1251 5773 pietatis
1277 5698 1493 5754 recedat
1520 5709 1702 5766 opere,
1739 5703 1901 5765 atque
1927 5692 1994 5750 ad

411 5800 652 5875 patriam
702 5795 1080 5860 vindicandam
1129 5790 1386 5868 procedat
1433 5788 1823 5849 baercditatem.
1875 5785 1993 5844 Non

2093 4677 2383 4733 dammodo
2424 4672 2724 4730 certamine
2769 4667 3103 4738 suscipiens,
3151 4663 3272 4718 vice
3321 4667 3503 4716 nostra
3559 4665 3669 4712 tam

2092 4784 2248 4843 reges
2271 4783 2434 4840 quam
2461 4773 2686 4822 caeteros
2713 4763 2810 4818 Dei
2832 4760 2919 4817 vel
2942 4757 3127 4814 mundi
3162 4755 3459 4816 ministros,
3487 4751 3674 4806 admo-

2094 4840 2293 4930 nendo,
2306 4860 2604 4926 suadendo,
2619 4868 2674 4914 et
2692 4851 3046 4928 prohibendo,
3072 4865 3102 4905 a
3118 4840 3428 4920 cupiditatis
3441 4845 3528 4900 vel
3550 4858 3674 4897 ava.

2095 4959 2234 5015 ritia:
2281 4953 2412 5010 vitio
2455 4951 2779 5024 comprimat
2832 4957 2886 5005 et
2951 4951 3260 5014 compescat
3302 4960 3318 4998 :
3358 4945 3418 4995 ut
3465 4938 3676 4994 scilicet

2099 5049 2469 5120 unusquisque
2512 5045 2625 5102 suis
2658 5049 2948 5100 contentus
2983 5037 3218 5091 alienum
3249 5047 3356 5087 non
3384 5029 3672 5098 subripiat,

2095 5157 2205 5202 non
2227 5143 2508 5205 sollicitet,
2557 5153 2664 5194 non
2707 5137 2968 5202 usurpet.
3017 5127 3294 5195 Prmeipue
3340 5131 3403 5176 ut
3447 5135 3718 5192 regnum

2097 5236 2368 5308 quondam
2396 5231 2538 5302 regis
2565 5226 2792 5289 Lotarii,
2819 5220 2963 5292 quod
2984 5216 3310 5308 charissimo
3336 5212 3446 5308 ﬁlio
3484 5221 3674 5308 nostro

2100 5281 2317 5384 domino
2344 5281 2652 5392 imperatori
2689 5314 2812 5385 jure
2837 5281 3089 5373 debetur,
3135 5308 3220 5364 vel
3245 5304 3493 5361 homines
3521 5303 3575 5358 in
3608 5281 3712 5386 eo;

2100 5421 2376 5490 degentes,
2403 5409 2710 5467 mortalium
2738 5405 2918 5462 nullus
2943 5401 3183 5467 invadat,
3228 5397 3408 5454 nullus
3437 5409 3676 5451 commo-
3705 5403 3721 5472 ξί

2100 5481 2257 5572 veat,
2302 5503 2482 5560 nullus
2521 5501 2590 5556 ad
2629 5513 2690 5556 se
2732 5505 2958 5553 conetur
2992 5493 3288 5552 inﬂectere.
3319 5488 3587 5558 Quoniam
3628 5481 3734 5568 si

2100 5613 2200 5671 per
2225 5587 2593 5666 hujuscemodi
2639 5588 2997 5646 temeritatem
3039 5583 3363 5640 charitatem
3392 5579 3676 5643 scindere,

2101 5689 2449 5748 concordiam
2513 5685 2785 5746 dividere,
2860 5679 3169 5736 invidentia;
3215 5676 3419 5731 facibus
3465 5674 3678 5730 inarde-

2101 5797 2290 5848 scere,
2339 5779 2608 5854 cupidatis
2647 5775 2866 5834 testibus
2891 5773 3186 5838 anhelare,
3216 5767 3672 5845 propinquitatem
