4142 6296
461 205 602 277 ΙΩθΒ

1862 200 2145 264 ADRIANI
2180 202 2384 263 ΡΑΡιΕ
2419 200 2464 263 II

3628 168 3769 239 £296

476 340 588 395 telo
628 330 966 399 crudelitatis
991 326 1287 402 percellere
1304 366 1321 395 ,
1364 322 1684 383 scandalum
1724 322 1780 379 iu
1823 322 2066 381 Ecclesia
2090 324 2147 387 Α
2168 325 2310 389 vice,
2330 325 2682 395 omniumque
2700 316 3059 379 ecclesiarum
3085 316 3185 377 Dei
3210 331 3399 376 curam
3421 325 3482 376 et
3506 315 3774 376 sollicita.

476 429 573 486 Dei
602 440 865 497 generare
885 439 992 480 non
1016 419 1378 492 pertimescit,
1407 434 1513 474 non
1538 417 1709 474 solum
1732 430 1845 487 per.
1862 415 2066 471 medio-
2096 434 2103 467 :

476 519 691 575 critatis
730 525 929 573 nostrm
974 513 1369 577 ministerium,
1411 509 1524 565 Deo
1557 518 1810 574 auctore,
1856 509 2066 565 viribus

378 667 385 674 ,
476 610 864 674 inﬁrmabitur,
893 622 1083 663 verum
1103 607 1268 661 etiam
1295 603 1522 660 vinculis
1544 601 1913 656 auathematis
1934 601 2067 656 obli-

476 710 651 770 gatus,
678 700 902 755 nomine
923 696 1356 767 Christianitatis
1379 695 1645 765 privatus,
1670 707 1792 747 cum
1810 692 2061 759 diabolo,

475 809 635 863 quem
678 806 840 861 super
884 792 989 846 hoc
1036 789 1303 853 imitatur,
1349 785 1571 841 omnino
1611 783 1902 840 locabitur.
1949 781 2065 838 Tua

473 901 604 940 vero
630 884 960 948 reverentia,
1014 883 1060 937 si
1088 882 1142 936 in
1174 881 1280 936 hoc
1314 888 1533 935 strenue
1560 876 1858 933 secundum
1882 875 2067 933 datam

474 977 578 1032 sibi
603 976 861 1032 divinitus
885 974 1207 1044 sapientiam
1236 969 1583 1035 Iaboraverit,
1624 977 1825 1024 nostrae
1854 966 1978 1035 sibi,
2009 973 2068 1021 ut

470 1068 847 1139 prmiulimus,‘
886 1064 1273 1121 familiaritatis
1303 1061 1555 1118 ﬁduciam
1582 1076 1691 1116 non
1724 1059 1931 1115 dubitet
1955 1073 2069 1113 mo-

474 1159 557 1213 dis
584 1156 835 1214 omuibus
866 1155 1242 1222 tribuendam,
1290 1168 1389 1208 nec
1438 1152 1647 1208 dilﬁdat
1673 1151 2066 1207 benevolentia:

473 1260 673 1307 llObll‘tB
703 1250 1126 1320 benignitatem,
1169 1262 1291 1301 cum
1319 1245 1618 1301 necessitas
1643 1243 1915 1313 exegerit,
1953 1242 2069 1297 suis

472 1341 968 1413 opportunitatibus
1011 1340 1345 1395 adfuturam.
1403 1336 1517 1392 Hoc
1563 1344 1823 1406 praeterea
1869 1335 2065 1391 missos

472 1436 785 1507 apostolicae
813 1443 1014 1490 nostra:
1037 1433 1203 1497 sedis,
1235 1431 1462 1487 Paulum
1491 1437 1545 1484 et
1566 1428 1806 1484 Leonem
1841 1441 2066 1482 venera-

470 1530 610 1586 biles
638 1530 951 1600 episcopos,
1002 1528 1228 1583 dilectos
1255 1524 1597 1582 consiliarios
1626 1531 1875 1587 nostros,
1928 1534 2065 1590 quos

471 1636 569 1690 pro
605 1635 738 1691 pace
763 1629 817 1676 et
842 1619 1137 1676 concordia
1172 1618 1263 1674 Dei
1310 1616 1566 1672 Ecclesia:
1613 1615 1742 1678 illuc
1773 1613 2065 1670 destinavi-

454 1728 621 1775 ,mus,
674 1713 743 1767 ob
779 1712 1137 1767 reverentiam
1169 1709 1474 1780 principum
1500 1707 1866 1778 apostolorum
1916 1704 2064 1761 Petri
2096 1685 2145 1746 Β

470 1814 525 1859 et
550 1803 702 1858 Pauli
730 1804 964 1873 benigne
989 1803 1224 1874 suscipe,
1270 1810 1326 1858 et
1370 1817 1436 1856 ea
1475 1817 1596 1871 quae
1621 1800 1719 1856 tibi
1744 1815 1844 1869 pro
1866 1798 2067 1853 utilita-

468 1897 615 1950 tibus
639 1895 965 1951 Cbristianae
1000 1895 1127 1951 ﬁdei
1157 1904 1320 1965 atque
1349 1893 1629 1964 religionis
1665 1892 1935 1957 dixerint,
1969 1905 2065 1946 ore

471 1989 652 2042 cordis
677 1988 1008 2058 percipient,
1052 1989 1119 2043 ad
1144 1986 1392 2044 eﬂ‘ectum
1423 1986 1623 2042 ducere
1653 1984 1868 2041 festina.
1900 1983 2067 2054 Opta-

469 2094 593 2133 mus
620 2078 964 2134 sanctitatem
990 2088 1136 2133 tuam
1182 2080 1238 2134 iu
1281 2078 1501 2135 Christo
1521 2079 1661 2136 bene
1685 2077 1880 2135 valere.
1929 2078 2065 2135 Data

470 2168 642 2226 Nonis
667 2166 1030 2239 Septembris,
1058 2168 1359 2227 indictione
1384 2185 1466 2226 ill.

1179 2299 1365 2356 XXIII.

822 2432 892 2472 AD
918 2431 1186 2474 PBOCERES
1223 2432 1384 2473 REGNI
1424 2396 1705 2493 LOTIIABH;

1085 2527 1265 2597 (Anno
1306 2528 1458 2601 869.)

471 2634 606 2716 Post
646 2649 864 2716 mortem
910 2640 1360 2716 Lothariiuregis,
1388 2642 1636 2716 hortatur
1658 2655 1718 2700 ut
1743 2646 1926 2716 ﬁdeles
1963 2651 2070 2704 sint

538 2710 804 2788 Ludopico
830 2713 1133 2788 imperatori
1153 2710 1297 2769 illius
1334 2715 1514 2785 fratri,
1537 2716 1624 2770 cui
1652 2710 1870 2788 regnum
1898 2720 2068 2777 hare-

541 2782 736 2836 ditario
753 2784 880 2853 jure
907 2783 1179 2839 debeatur.

538 2896 821 2961 ADIIANUS,
838 2896 1141 2966 episcopus,
1182 2912 1374 2955 servus
1425 2914 1710 2958 servorum
1752 2901 2075 2971 Dei,'omui-

466 2986 569 3042 bus
597 2987 916 3056 primatibus
944 2996 999 3043 et
1020 2988 1272 3059 gloriosis
1296 2991 1588 3047 comitibus
1643 2994 2070 3053 consistentibus

463 3078 523 3134 in
549 3092 714 3151 regno
743 3079 927 3135 domui
955 3080 1218 3147 Lotbarii,
1250 3083 1521 3152 quondam
1567 3084 1749 3155 magni
1780 3086 2069 3157 imperato-
2096 3063 2142 3128 Ο

466 3172 564 3238 ris,
598 3182 651 3227 et
685 3175 946 3245 genitoris
969 3173 1153 3230 domui
1181 3173 1439 3231 Ludovici
1483 3177 1849 3248 imperatoris.

536 3268 798 3347 Perfecta:
844 3268 1036 3340 procul
1076 3268 1240 3325 dubio
1280 3270 1563 3327 charitatis
1607 3280 1692 3328 est
1724 3273 1948 3341 bonum,
1983 3289 2067 3331 se-

466 3361 701 3416 cundum
750 3360 1089 3430 Apostolum,
1115 3361 1351 3433 gaudere
1406 3378 1532 3418 cum
1577 3363 1966 3435 gaudentibus,
2011 3373 2070 3422 et

463 3447 597 3504 ﬂere
623 3465 747 3504 cum
773 3448 1025 3505 ﬂentibus
1062 3449 1235 3519 (Rom.
1277 3449 1400 3523 xu).
1433 3450 1589 3508 Unde
1621 3452 1747 3523 quia
1778 3452 2069 3513 Letharius

464 3542 735 3612 quondam
768 3554 864 3594 rex
890 3549 1071 3596 vester
1115 3542 1297 3597 divina
1351 3542 1419 3599 de
1472 3543 1578 3598 hoc
1600 3545 1798 3600 saeculo
1820 3545 2066 3614 iussione

461 3631 736 3703 migravit,
763 3645 860 3685 vos
884 3631 951 3686 de
975 3628 1125 3690 obitu
1157 3630 1326 3700 ipsius
1348 3631 1504 3687 valde
1523 3632 1707 3689 tristes
1735 3633 1981 3704 eﬂ‘ectos,
2007 3646 2066 3693 et

458 3724 675 3795 lugubri
733 3721 933 3778 doloris
982 3714 1227 3793 ingentis
1247 3721 1630 3791 amaritudine,
1686 3731 1873 3796 utpote
1910 3727 2060 3785 viros

460 3815 667 3881 ﬁdeles,
704 3814 941 3887 repletos
968 3829 1090 3873 esse
1115 3816 1511 3886 cognoscimus,
1533 3817 1847 3890 carnalique
1866 3817 2065 3878 aﬂ'ectu

457 3908 575 3981 ejus
592 3924 739 3966 nunc
768 3908 1058 3965 transitum
1088 3907 1216 3964 ﬁere
1249 3927 1260 3963 :
1298 3918 1483 3965 noster
1502 3925 1612 3971 non
1642 3912 1822 3969 minus
1843 3924 2064 3983 aposto-

456 4002 595 4060 licus
639 4004 853 4059 animus
908 4002 1064 4058 vobis
1113 3987 1452 4070 compatieus
1481 4011 1536 4059 et
1586 4004 1901 4073 condolens,
1952 4024 2059 4065 nou

457 4096 634 4151 solum
656 4109 755 4164 pro
783 4101 985 4149 aeterna
1009 4093 1150 4148 illius
1166 4094 1352 4164 requie
1379 4095 1746 4163 atquesalute,
1773 4097 1868 4153 sed
1897 4099 2062 4154 etiam

455 4202 556 4258 pro
581 4185 834 4256 praesenti
854 4184 1225 4241 consolatione
1242 4192 1439 4247 vestra,
1458 4199 1555 4254 pro
1568 4199 1720 4255 pace,
1739 4188 2054 4255 concordia,

454 4286 512 4334 et
536 4277 760 4341 unitate,
809 4291 970 4345 quam
1008 4291 1105 4332 vos
1133 4290 1201 4330 ex
1243 4284 1359 4330 toto
1385 4275 1547 4331 corde
1581 4276 1760 4347 sequi,
1808 4286 1864 4333 et
1910 4279 2056 4335 ﬁdeli

454 4372 679 4427 omnino
703 4372 989 4426 devotione
1012 4368 1264 4440 amplecti
1292 4385 1390 4426 ceu
1417 4370 1619 4426 Christi
1645 4373 1892 4430 membra
1931 4374 2053 4429 uul-

452 4462 562 4518 Iam
590 4464 840 4519 habentia
869 4462 1158 4526 maculam,
1188 4477 1307 4531 quae
1350 4463 1640 4519 instantem
1666 4473 1760 4521 aut
1817 4464 2053 4523 futuram

452 4558 645 4612 mortis
705 4558 1000 4625 perniciem
1028 4555 1180 4610 vobis
1199 4556 1373 4625 possit
1395 4555 1618 4622 inferre,
1642 4556 2049 4626 incunctanter,

451 4659 513 4707 nt
537 4658 769 4720 Oportet,
802 4646 1380 4704 ﬂebilibus.Dominurn
1409 4650 1664 4718 precibus
1705 4652 1915 4720 precati
1954 4667 2081 4707 su-.

450 4755 591 4798 mus.
623 4740 693 4794 Et
709 4738 952 4808 quotidie
980 4737 1297 4807 suppliciter
1342 4753 1631 4795 exoramus
1665 4747 1725 4794 ut
1747 4749 1803 4796 et
1826 4741 1925 4805 illi,
1956 4744 2050 4813 qui

451 4835 657 4893 carnali
693 4834 829 4889 obiit
876 4832 1207 4899 conditione,
1239 4832 1406 4888 vitam
1444 4842 1784 4904 perpetuam,
1811 4842 1868 4890 et
1894 4837 2048 4893 vobis

448 4928 840 4986 misericordiae
864 4928 1115 5001 largitate
1136 4928 1549 4997 consolationis,
1579 4931 1751 5001 pacis,
1774 4939 1832 4986 et
1858 4933 2054 4988 unani-

449 5024 658 5080 mitatis
681 5022 931 5080 aﬂ'ectum
963 5032 1017 5080 et
1043 5023 1371 5081 desiderium
1423 5025 1695 5096 iuSpirare
1740 5019 2051 5096 donareque

450 5116 717 5188 dignetur.
764 5116 1031 5183 Quoniam
1068 5116 1182 5186 ipse
1215 5125 1320 5183 est,
1377 5117 1469 5188 qui
1520 5132 1619 5173 nos
1643 5126 1870 5187 paterno
1901 5134 2051 5175 more

449 5207 604 5277 virga
627 5207 852 5279 iustitiae
872 5206 1122 5278 corripit,
1147 5223 1213 5263 ac
1240 5208 1581 5281 purgationis
1604 5225 1839 5266 mterore
1862 5209 2050 5280 aﬂligit

448 5307 507 5356 et
534 5299 649 5371 ipse
673 5300 853 5356 nosin
895 5300 1047 5356 omni
1102 5300 1452 5356 tribulatione
1508 5311 1696 5357 nostra
1752 5301 2050 5359 clementer

450 5392 718 5448 consolari
742 5393 1015 5463 dignatur,
1049 5400 1109 5446 ut
1133 5394 1404 5461 pessimus
1424 5394 1720 5460 sustinere,
1740 5408 2074 5464 nunquam--

452 5497 559 5551 quc
579 5483 827 5540 deﬁcere.
864 5482 1247 5551 Quamobrem,
1275 5484 1367 5539 lilii
1396 5483 2051 5556 charissimi,apostolic:e

453 5574 598 5627 sedis
632 5576 944 5645 magisterio
996 5575 1288 5646 plurimum
1337 5575 1618 5640 debentes,
1674 5591 1792 5641 nos,
1833 5578 1926 5647 qui
1950 5591 2050 5647 per

455 5675 744 5728 supernam
776 5665 1005 5734 gratiam
1054 5664 1419 5736 apostolorum
1450 5665 1716 5737 principis
1769 5664 2048 5738 fungimur

2167 417 2348 472 dinem
2390 415 2546 473 nobis
2575 430 2606 468 a
2634 414 2864 469 Domino
2889 429 3003 484 prae
3059 412 3274 469 caeteris
3320 411 3628 483 delegatam
3670 413 3771 469 ba-

2165 506 2375 571 beutes,
2412 513 2700 575 antequam
2730 504 2987 573 antiquus
3012 511 3200 559 uoster
3235 501 3585 557 adversarius
3610 518 3764 559 meu-

2167 604 2250 652 tes
2271 604 2482 652 vestras
2503 592 2732 651 occultis
2764 600 2820 649 et
2848 593 3029 665 impiis
3058 592 3317 664 nequitiae
3344 606 3460 646 suae
3505 593 3763 648 versutiis

2165 698 2498 760 corrumpat,
2529 695 2584 743 et
2611 687 2805 743 morbo
2839 685 3131 743 insanabili
3155 685 3384 751 sanciet,
3422 684 3596 740 armis
3627 700 3773 756 prte-

2165 783 2330 839 cincti
2390 781 2607 847 divinis,
2638 794 2951 846 occurrere,
2983 778 3406 848 salubribusque
3457 791 3554 832 vos
3607 776 3775 855 infor;

2166 890 2317 931 mare
2346 874 2632 945 praeceptis
2653 858 2949 931 debemus:
2982 871 3178 941 quibus
3207 870 3495 953 humiliter
3507 869 3763 926 obedien-

2166 976 2270 1035 tes,
2298 970 2440 1026 sicut
2482 983 2672 1024 omnes
2717 967 2811 1038 qui
2837 966 2904 1021 ab
2933 966 3089 1022 initio
3118 966 3231 1022 Deo
3251 963 3600 1034 placuerunt,
3634 963 3770 1019 salvi

2165 1080 2288 1122 esse
2308 1062 2552 1135 possitis,
2580 1062 2797 1117 dicente
2823 1060 3055 1116 Domino
3083 1059 3139 1115 in
3168 1057 3466 1130 Evangelio
3495 1074 3512 1114 :
3540 1055 3603 1114 Si
3651 1059 3770 1129 quis

2166 1154 2335 1225 diligit
2363 1169 2468 1218 me,
2494 1168 2785 1208 sermonem
2824 1166 3000 1206 meum
3028 1150 3274 1215 servabit,
3324 1158 3374 1204 et
3424 1149 3592 1204 Pater
3623 1166 3772 1206 meus

2166 1246 2345 1317 diliget
2383 1260 2523 1309 eum,
2558 1252 2609 1299 et
2636 1244 2707 1298 ad
2739 1259 2857 1298 eum
2897 1243 3176 1304 veniemus,
3210 1249 3259 1296 et
3278 1240 3612 1296 mansionem
3632 1241 3774 1310 apud

2164 1353 2285 1393 eum
2334 1337 2589 1407 faciemus
2643 1332 2828 1406 (Joan.
2869 1332 3006 1405 xxv).
3032 1333 3373 1403 Quapropter
3433 1333 3760 1389 charitatem

2164 1438 2426 1496 vestram,
2452 1442 2488 1483 o
2507 1425 2818 1483 charissimi
2841 1427 2896 1481 in
2926 1424 3157 1481 Domino
3178 1424 3294 1490 ﬁlii,
3320 1424 3619 1495 apostolica
3647 1425 3773 1481 tuba

2164 1536 2471 1585 monemus,
2499 1531 2556 1579 et
2593 1519 2803 1577 caelesti
2848 1519 3161 1591 magisterio
3204 1532 3521 1585 exoramus,
3568 1526 3631 1575 ut
3676 1534 3775 1589 pro

2166 1613 2319 1685 regni
2350 1611 2671 1677 stabilitate,
2702 1626 2800 1667 vos
2828 1626 2975 1667 nunc
3002 1612 3057 1666 in
3081 1610 3274 1667 eadem
3307 1610 3436 1678 ﬁde,
3464 1612 3770 1682 mentisque

2169 1706 2506 1768 sinceritate,
2547 1703 2872 1777 generaliter
2917 1720 3110 1762 omnes
3145 1706 3429 1776 satagatis
3467 1707 3771 1769 consistere

2168 1797 2314 1854 circa
2364 1797 2779 1855 dilectissimum
2810 1812 2875 1854 ac
2924 1797 3225 1868 spiritalem
3280 1798 3450 1855 ﬁlium
3502 1809 3769 1868 nostrum,

2169 1889 2428 1947 domuum
2454 1890 2791 1946 Ludovicum
2823 1891 3207 1962 imperatorem
3244 1892 3566 1963 Augustum,
3604 1907 3771 1967 quant

2168 1983 2313 2039 circa
2346 1983 2484 2038 divae
2511 1983 2785 2041 memoria:
2808 1984 3084 2057 quondam
3131 1983 3447 2041 Lotbarinm
3474 1985 3771 2056 imperato-

2168 2091 2284 2132 rem
2311 2081 2521 2145 patrem
2573 2073 2721 2131 illius
2744 2074 2948 2130 mundo
2992 2082 3217 2145 pectore
3262 2075 3613 2132 oonservastis
3648 2094 3664 2129 :
3696 2085 3759 2131 ut

2171 2167 2347 2224 nullus
2398 2166 2749 2233 mortalium,
2802 2166 3217 2239 cujuscunque‘
3244 2169 3313 2224 sit
3360 2168 3637 2240 dignitatis
3694 2176 3759 2224 et

2169 2257 2375 2329 gloriae,
2397 2271 2499 2314 vos
2523 2258 2593 2313 ab
2615 2256 2932 2329 apostolicae
2952 2257 3099 2315 sedis
3135 2267 3405 2329 praecepto
3445 2259 3766 2329 monituque

2170 2348 2373 2405 salubri
2393 2349 2567 2419 possit
2593 2349 2768 2407 modis
2786 2358 2882 2406 aut
2913 2350 3248 2422 argumentis
3299 2350 3633 2420 quibuslibet
3674 2367 3768 2408 re-

2170 2454 2387 2506 vocare,
2444 2438 2531 2496 vel
2556 2440 2698 2497 avia
2731 2440 2982 2497 veritatis
3035 2442 3090 2497 iu
3147 2439 3428 2511 obliquum
3458 2438 3765 2505 deﬂectere,

2170 2546 2274 2589 uec
2300 2531 2462 2587 ullius
2492 2540 2762 2603 praecepta
2787 2532 2962 2603 magis
2988 2546 3151 2602 quam
3175 2531 3319 2588 beati
3341 2529 3491 2587 Petri
3519 2532 3767 2601 apostoli,

2171 2637 2272 2693 per
2297 2636 2360 2678 os
2386 2631 2634 2693 nostrum
2657 2622 2889 2694 prolata,
2918 2622 3182 2693 vobisque
3229 2622 3473 2690 utiliora,
3516 2622 3767 2697 iucundis

2173 2717 2454 2787 percipere
2478 2715 2703 2773 auribus
2731 2716 3014 2772 studeatis.
3039 2716 3307 2785 Quoniam
3334 2717 3435 2787 ipsi
3462 2726 3520 2773 et
3544 2728 3767 2789 paterno

2168 2814 2231 2864 et
2260 2806 2605 2863 haereditario
2637 2807 2764 2877 jure
2819 2808 3114 2863 secundum
3173 2806 3348 2879 legem
3392 2816 3449 2864 et
3506 2808 3769 2865 rationem

2174 2900 2279 2957 hoc
2304 2915 2532 2971 regnum
2561 2900 2807 2966 debetur,
2832 2909 2888 2956 et
2905 2915 3002 2970 per
3029 2909 3268 2970 paternae
3290 2901 3627 2958 hzereditatis
3648 2918 3769 2959 suc-

2177 2992 2479 3051 cessionem
2519 3006 2864 3062 summopere
2918 2993 3153 3063 pertinet
3189 3011 3202 3048 :
3234 2994 3434 3065 quippe
3473 3010 3600 3050 cum
3648 3010 3769 3065 eum

2171 3084 2430 3158 praefatus
2460 3084 2676 3156 genitor
2705 3083 2873 3151 illius,
2899 3086 3175 3156 quondam
3199 3087 3520 3158 imperator,
3572 3088 3769 3145 consti-

2171 3177 2339 3235 tuerit
2360 3178 2770 3247 imperatorem,
2802 3178 3064 3249 regnique
3112 3178 3281 3234 totius
3335 3179 3620 3237 heredem
3661 3195 3767 3252 pra

2170 3269 2386 3327 caeteris
2407 3268 2778 3325 sublimaverit
2801 3269 2966 3325 natis.
2998 3268 3152 3325 Sicut
3182 3270 3331 3327 Isaac
3372 3271 3658 3341 quondam
3685 3271 3760 3329 Ja-

2170 3361 2272 3418 cob
2298 3361 2410 3416 ﬁlio
2440 3376 2538 3418 suo
2567 3360 2912 3427 benedicens,
2969 3362 3245 3419 dominum
3276 3363 3432 3419 illum
3463 3363 3618 3425 Esau
3643 3380 3752 3422 cou-

2170 3452 2347 3509 stituit
2376 3450 2529 3521 (Gen.
2581 3451 2758 3522 xxvii)
2791 3451 2909 3507 :ita
2931 3460 2987 3508 et
3030 3453 3158 3510 huic
3186 3453 3397 3510 caeteris
3431 3455 3660 3526 prmlato
3683 3464 3754 3512 to-

2169 3550 2286 3598 tum
2312 3544 2534 3599 omnino
2556 3551 2642 3599 est
2672 3557 2704 3597 a
2727 3550 2883 3613 patre
2908 3558 3228 3601 concessum
3256 3544 3562 3617 imperium.
3581 3546 3742 3613 Quem

2171 3634 2287 3706 ipse
2312 3635 2489 3690 adhuc
2514 3635 2704 3690 vivens
2744 3634 3012 3706 imperiali
3063 3635 3327 3691 voluitet
3357 3637 3615 3692 consensit
3640 3652 3744 3692 uua

2168 3727 2451 3783 vobiscum
2495 3727 2563 3784 ab
2617 3729 2915 3798 apostolica
2962 3729 3091 3785 sede
3138 3730 3445 3789 diademate
3485 3732 3748 3797 coronari,

2167 3828 2487 3891 sceptroque
2550 3822 2715 3891 potiri
2758 3822 2877 3877 sine
2924 3820 3089 3879 dubio
3142 3823 3416 3895 augustali
3485 3825 3754 3894 permisit.

2167 3911 2293 3967 Ideo
2346 3910 2680 3969 nobilitatem
2739 3919 2978 3968 vestram
3026 3928 3312 3971 monemus
3345 3922 3402 3970 et
3428 3915 3761 3971 obtestamur

2167 4001 2225 4069 iu
2286 4002 2533 4066 Domino,
2580 4011 2641 4056 ut
2690 4001 3000 4057 nullatenus
3050 4002 3121 4058 ab
3178 4006 3369 4061 eodem
3399 4020 3499 4063 vos
3531 4006 3760 4076 spiritali

2169 4092 2278 4147 ﬁlio
2305 4101 2496 4147 nostro
2550 4093 2793 4164 Augusto
2835 4092 3172 4162 quibuslibet
3202 4098 3649 4168 promissionibus
3675 4098 3758 4155 vel

2164 4184 2330 4239 minis
2377 4183 2609 4262 alicujus
2656 4197 2933 4254 separare,
2988 4185 3343 4259 dividereque
3381 4189 3631 4257 teutetis;
3664 4189 3760 4246 sed

2163 4280 2240 4336 illi
2261 4281 2501 4351 quandiu
2529 4296 2765 4353 superna
2819 4282 3017 4338 vixerit
3044 4282 3344 4352 voluntate,
3402 4285 3457 4340 in
3507 4285 3761 4342 omnibus

2161 4370 2326 4425 veluti
2357 4371 2577 4440 proprio
2603 4373 2824 4439 seniori,
2857 4374 3076 4445 proprio
3137 4373 3760 4446 imperatori,justoque

2158 4461 2359 4517 haeredi
2390 4462 2541 4531 regni
2563 4462 2807 4528 obedire,
2840 4462 3111 4534 ﬁdemque
3133 4464 3357 4520 illzesam
3408 4481 3567 4523 more
3596 4465 3758 4521 ‘solito

2157 4571 2506 4622 conservare,
2555 4556 2844 4627 studioque
2889 4558 3074 4629 sagaci
3125 4572 3338 4628 semper
3388 4559 3667 4624 attendite,
3694 4564 3752 4612 ut

2155 4650 2252 4705 Dei
2287 4648 2672 4720 omnipotentis
2697 4656 2753 4703 et
2781 4648 2953 4704 sancti
3012 4649 3161 4705 Petri
3197 4650 3447 4722 gratiam,
3481 4658 3742 4706 nostram-

2153 4760 2258 4816 que
2280 4745 2580 4815 plenariam
2606 4744 2810 4799 habere
2838 4742 3157 4800 mereamiui
3213 4742 3656 4806 benedictionem,
3690 4754 3751 4815 et

2156 4836 2469 4907 apostolicae
2493 4836 2893 4891 communionis
2945 4835 3302 4892 consortium.
3331 4834 3461 4891 Nam
3485 4847 3647 4905 quem
3681 4847 3754 4888 ex

2157 4929 2312 4985 vobis
2358 4928 2636 4983 contraria
2688 4937 2900 4985 tentare
2926 4928 3211 4995 nitentem,
3241 4937 3399 4999 atque
3445 4924 3760 4999 apostolicae

2158 5020 2301 5077 sedis
2335 5021 2556 5077 monitis
2604 5021 2659 5076 in
2706 5028 3077 5091 contemptum
3140 5020 3291 5078 beati
3335 5019 3482 5077 Petri
3526 5018 3764 5092 apostoli

2156 5114 2397 5171 caelestis
2430 5114 2583 5186 regni
2606 5113 2861 5184 clavigeri
2891 5112 3115 5183 spretis,
3142 5114 3214 5169 ad
3245 5113 3408 5168 aliam
3440 5127 3519 5171 se.
3544 5120 3764 5183 partem

2156 5205 2406 5262 conferre
2431 5205 2865 5277 cognoverimus,
2898 5203 3047 5259 velut
3074 5201 3369 5270 inﬁdelem,
3404 5211 3461 5260 et
3489 5201 3764 5257 ecclesia-

2154 5300 2306 5356 sticae
2330 5298 2452 5369 paci
2474 5314 2540 5354 ac
2570 5297 2729 5353 saluti
2751 5297 3108 5363 contrarium,
3136 5312 3165 5352 a
3194 5295 3363 5352 nostri
3418 5293 3765 5362 apostolatus

2154 5388 2538 5445 communione
2586 5400 2694 5441 nou
2749 5386 2925 5442 s'olum
2969 5386 3202 5444 alienum
3246 5383 3588 5447 habebimus,
3652 5384 3760 5440 sed

2152 5480 2318 5539 etiam
2354 5475 2721 5533 auatbematis
2773 5474 2993 5531 vinculo
3044 5477 3163 5548 jure
3193 5472 3498 5542 meritoque
3525 5471 3764 5545 alligare

2151 5571 2374 5627 omnino
2395 5568 2729 5633 curabimus,
2756 5574 2812 5622 et
2832 5582 2932 5623 nos
2960 5566 3253 5624 secundum
3282 5564 3601 5637 apostolicae
3642 5566 3763 5637 pri-

2148 5661 2402 5735 vilegium
2432 5658 2712 5735 dignitatis
2736 5667 2793 5715 et
2819 5661 3128 5731 potestatis,
3153 5660 3326 5736 ipsum
3348 5657 3757 5741 excellentissi-
