4142 6296
294 364 433 428 ηθῗ

1541 363 1900 425 Eptsrouu
1945 366 2033 424 nr
2073 318 2414 427 unca-ara.

3436 328 3580 413 4598

301 497 450 539 mum
480 496 543 537 ac
569 478 869 552 Spiritalem
904 477 1069 538 ﬁlium
1093 489 1359 549 nostrum,
1414 482 1671 539 domuum
1716 484 1893 539 Ludo-
1920 489 1967 547 Λ
1996 494 2053 539 et
2076 484 2130 539 in
2162 485 2382 541 archivo
2410 491 2595 541 nostro
2622 485 2781 543 hodie
2812 464 2899 543 illa
2929 486 3205 545 recondita
3233 488 3577 548 retinemus?

301 577 483 633 vicum
513 575 900 644 imperatorem
930 576 1248 646 Augustum,
1297 576 1448 647 regni
1472 576 1632 646 hujus
1669 578 1891 648 provin-

302 672 422 737 ciae,
455 670 664 726 scilicet
710 666 899 725 Galliae
944 670 1131 733 totius,
1165 685 1364 743 regem,
1400 654 1678 726 dominum
1708 679 1763 726 et
1792 670 1893 725 im-

304 774 634 836 peratorem,
691 762 885 823 sicuti,
901 760 1014 831 jam
1064 762 1191 817 olim
1223 778 1251 817 a
1299 762 1410 818 Deo
1466 762 1889 832 prteordinatum

303 871 427 912 esse
453 861 685 916 constat,
711 862 770 909 et
798 854 866 908 ab
890 854 1329 910 antecessoribus
1379 854 1580 909 nostris
1624 853 1892 925 pontifici-

302 948 405 1004 bus
449 953 715 1002 statutum
760 946 943 1001 multis
970 948 1182 1003 videtur
1229 947 1461 1013 indiciis,
1504 948 1787 1014 habemus,
1839 957 1893 1003 et

302 1051 587 1108 quousque
612 1036 941 1106 superfuerit
963 1038 1103 1108 ipSe,
1133 1053 1256 1093 eum
1283 1040 1485 1094 habere
1533 1040 1886 1096 studebimus.

262 1178 266 1187 .
303 1130 458 1197 Quod
494 1144 627 1184 sane
651 1145 880 1201 regnum
917 1130 962 1186 si
991 1139 1252 1202 tyrannus
1281 1130 1497 1201 aliquis,
1529 1140 1718 1187 contra
1750 1132 1888 1187 divi-

256 1220 266 1251 ³
304 1234 433 1273 nam
461 1228 519 1274 et
547 1220 898 1289 apostolicam
928 1220 1283 1289 voluntatem,
1332 1222 1586 1279 invadere
1634 1240 1894 1296 praesum-

301 1308 495 1380 pserit,
521 1309 831 1379 apostolicae.
859 1311 976 1366 sine
1007 1327 1156 1368 mora
1188 1314 1475 1370 sustinebit
1502 1315 1724 1372 ultionis
1770 1333 1894 1373 cen-

304 1417 513 1457 suram.
543 1399 805 1474 Optamus
833 1405 1169 1460 nobilitatem
1210 1417 1446 1463 vestram
1504 1408 1750 1464 unanimi
1804 1411 1893 1465 de-

304 1493 525 1549 votione
553 1495 873 1562 consistere,
905 1504 960 1552 et
992 1497 1046 1552 in
1074 1497 1345 1554 insolubili
1372 1500 1658 1557 charitatis
1674 1500 1893 1558 vinculo

304 1596 532 1641 manere
557 1584 893 1658 coniunctos.
1374 1584 1379 1591 ³

1022 1699 1211 1761 XXIV.

685 1831 757 1871 AD
789 1830 1038 1873 CAROLUI
1073 1832 1287 1875 CALVUI
1323 1832 1520 1874 REGEI.

909 1927 1100 2001 (Anno
1131 1897 1297 1999 s70.)

303 2035 497 2116 Regem
544 2042 944 2116 increpatquod
993 2042 1231 2099 Lotharit’
1259 2062 1471 2116 regnum
1516 2047 1793 2115 invaserit,
1840 2057 1891 2102 et

378 2112 519 2166 sedis
568 2111 869 2188 apostoliete
901 2113 1097 2188 legatos
1132 2111 1535 2188 contempserit:
1573 2111 1889 2188 mandatque

377 2191 434 2257 ut
460 2197 619 2257 regng
640 2182 733 2235 illo
760 2182 1077 2257 excedat-tet
1104 2184 1237 2257 alio!
1264 2182 1461 2254 legatos
1482 2186 1698 2257 benigne
1718 2182 1886 2243 susci-

373 2251 485 2322 piat
500 2250 529 2315 ,’
569 2250 828 2306 Joannem
871 2252 1103 2308 videlicet
1186 2250 1441 2321 Petrum,
1483 2250 1800 2313 Wibltodum
1826 2275 1889 2313 ac

373 2320 638 2375 Joannem
668 2322 967 2376 episcenos.
997 2332 1044 2376 et
1086 2294 1304 2376 lietrum
1324 2326 1679 2376 nresbuterum
1708 2330 1888 2376 cardi-

370 2320 638 2441 Jopnnem
668 2322 967 2393 episcopos,
997 2332 1044 2378 et
1086 2320 1304 2379 Petrum
1323 2320 1679 2397 presbyterum
1708 2330 1888 2383 cardi-

373 2405 447 2441 na
469 2405 570 2441 om.

373 2405 570 2444 uatem.

376 2501 654 2558 ADRlANUS
681 2502 990 2574 episcopus,
1017 2516 1208 2559 servus
1234 2518 1517 2561 servorum
1545 2506 1663 2575 Dei,
1694 2507 1890 2565 dilecto

301 2591 416 2648 ﬁlio
443 2591 660 2651 (lanoso
687 2593 919 2665 glorioso
949 2596 1085 2667 regi.

373 2697 400 2726 ι
432 2683 724 2741 Sacrorum
751 2686 934 2756 itaque
978 2686 1305 2759 dogmatum.
1330 2688 1761 2765 evidentissimis
1791 2692 1890 2749 do-

296 2775 569 2831 cumentis
591 2784 647 2830 et
668 2776 978 2846 apostolicis
1009 2774 1370 2835 informamur
1396 2782 1678 2853 exemplis,
1708 2793 1768 2839 ut
1789 2786 1889 2841 mi-

298 2866 408 2921 tius
439 2881 600 2943 agere
632 2867 926 2924 debeamus
957 2883 1080 2923 cum
1122 2869 1378 2937 mitibus,
1426 2882 1482 2927 et
1522 2874 1765 2930 severius
1793 2892 1891 2948 per

293 2956 567 3028 justitiam
613 2958 990 3029 delinquentes
1033 2962 1411 3034 corripiamus.
1445 2963 1553 3020 Sed
1591 2981 1765 3037 neque
1792 2982 1892 3024 nos

301 3048 416 3103 Deo
464 3050 678 3119 placere
724 3064 1050 3120 possumus,
1127 3053 1174 3109 si
1219 3055 1456 3126 pastoris
1499 3056 1673 3113 vicem
1718 3060 1892 3114 susci-

298 3141 533 3210 pientes,
566 3156 673 3197 non
703 3156 837 3212 opus
864 3144 1133 3212 pastoris,
1185 3146 1281 3202 sed
1322 3150 1643 3204 mercennarii
1665 3149 1888 3206 latibula

1994 575 2146 643 Quod
2177 577 2222 630 si
2247 592 2346 632 nec
2376 560 2472 633 tibi
2503 577 2607 633 ista
2641 577 2937 646 sufﬁciunt,
2984 589 3112 635 tunc
3141 581 3207 636 ad
3238 580 3457 650 majoris
3489 598 3576 637 re-

1992 670 2372 738 prehensionis
2405 678 2508 726 tua:
2536 671 2811 727 cumulum
2853 672 2960 727 tuis
3009 681 3060 726 te
3105 672 3428 742 specialibus
3454 688 3577 728 sen-

1992 761 2176 816 tentiis
2223 762 2609 827 convenimus,
2640 770 2696 818 et
2736 769 2797 817 ut
2823 763 2891 816 ad
2919 777 3017 818 cor
3064 771 3213 817 tuum
3260 764 3475 827 redeas,
3509 780 3575 819 ex

1991 851 2104 906 oris
2152 851 2233 907 tui
2284 850 2716 923 professionibus
2766 853 3073 908 incilamus.
3143 854 3367 924 Quando
3419 855 3580 927 igitur

1990 941 2269 1010 Ludovici,
2302 944 2487 1000 fratris
2520 946 2596 999 tui
2623 943 2740 1011 lilii,
2766 954 3052 1015 superatus
3091 946 3321 1012 viribus,
3351 961 3576 1015 regnum

1991 1036 2309 1107 perdidisti,
2361 1036 2606 1108 nunquid
2638 1051 2746 1091 non
2777 1036 3058 1107 epistolam
3080 1078 3094 1103 ,
3126 1053 3288 1108 quam
3318 1038 3579 1093 habemus

1991 1143 2103 1199 pra:
2130 1129 2404 1192 manibus,
2437 1127 2552 1183 sedi
2579 1127 2889 1198 apostOlicte
2914 1127 3157 1184 direxisti
3182 1129 3206 1182 ?
3231 1129 3284 1183 in
3310 1144 3415 1197 qua
3441 1128 3581 1183 inter

1992 1232 2185 1278 cmtera
2243 1222 2528 1278 confessus
2561 1221 2714 1278 fuisti
2762 1221 2982 1277 dicens:
3019 1220 3153 1275 Cum
3194 1220 3455 1277 fratribus
3480 1235 3579 1276 nov-

1993 1314 2122 1369 stris
2147 1322 2271 1384 post
2298 1314 2657 1370 Fontanicum
2684 1311 2882 1368 bellum
2919 1312 2971 1366 in
3006 1327 3172 1365 unum
3200 1313 3579 1375 convenimus,

1992 1414 2067 1469 et,
2097 1404 2238 1460 inter
2272 1399 2370 1460 nos
2400 1404 2666 1459 divisione
2689 1418 2980 1474 regnorum
3006 1401 3152 1458 facta
3176 1443 3191 1469 ,
3230 1418 3419 1474 pacem
3452 1402 3582 1458 feci-

1992 1512 2134 1562 mus,
2159 1506 2214 1554 et
2233 1495 2592 1569 jurejurando
2616 1497 2942 1568 juravimus,
2976 1496 3121 1567 quod
3145 1511 3303 1551 nemo
3332 1506 3580 1551 nostrum

1992 1589 2144 1660 regni
2188 1588 2413 1646 alterius
2464 1596 2640 1644 metas
2671 1588 2975 1643 invaderet.
3023 1586 3177 1643 Nunc
3208 1597 3386 1643 autem
3415 1604 3583 1660 regno

1991 1697 2114 1739 meo
2136 1682 2463 1752 juramentis
2507 1682 2706 1753 spretis
2733 1682 2924 1738 invaso
2952 1693 3112 1754 atque
3143 1683 3355 1738 sublato
3374 1725 3388 1750 ,
3424 1685 3587 1740 mise-

1994 1781 2177 1827 reatur
2203 1781 2386 1828 vester
2413 1772 2773 1843 apostolatus,
2805 1779 2861 1828 et
2891 1787 2960 1827 ne
2982 1786 3183 1828 nomen
3210 1773 3412 1830 Christi
3441 1772 3586 1830 blas-

1918 1861 1965 1921 B
1994 1865 2280 1935 phemetur
2328 1866 2383 1919 in
2413 1865 2686 1937 gentibus,
2733 1864 2852 1920 sine
2897 1864 3211 1920 vindicante
3234 1864 3445 1921 facinus
3476 1882 3584 1920 non

1993 1955 2347 2027 relinquatur.
2403 1956 2545 2012 Ecce
2574 1955 2805 2026 qualiter
2836 1956 3012 2012 aliena
3051 1956 3149 2011 tibi
3199 1958 3585 2027 concupiscere

1993 2048 2214 2103 minime
2243 2050 2494 2105 convenit
2527 2068 2541 2104 :
2572 2064 2703 2105 ecce
2734 2049 2831 2104 tibi
2857 2058 3136 2105 ostensum
3158 2057 3277 2115 est,
3329 2051 3472 2120 quod
3497 2048 3586 2118 ju-

1993 2148 2239 2196 ramenta
2268 2141 2483 2211 publice
2521 2140 2664 2196 facta
2693 2149 3004 2212 contempta
3031 2150 3176 2196 sunt.
3207 2141 3490 2198 Postremo
3516 2142 3585 2197 ad

1993 2230 2233 2287 fortioris
2264 2240 2372 2287 tuae
2398 2232 2840 2303 reprehensionis
2870 2231 3160 2299 indicium,
3197 2231 3586 2305 aliquantisper

1994 2330 2357 2379 monstratum
2408 2330 2526 2388 est,
2574 2322 2719 2392 quod
2766 2330 2822 2378 et
2853 2332 2905 2378 te
2943 2323 3266 2394 impunitum
3310 2324 3584 2380 dimittere

1994 2426 2101 2467 non
2135 2413 2414 2469 debemus.
2453 2413 2557 2481 Qui
2587 2413 2730 2484 quod
2756 2414 2845 2469 alii
2874 2413 3052 2470 facere
3072 2416 3406 2487 precabaris,
3438 2432 3587 2472 nunc

1996 2503 2053 2557 in
2079 2502 2243 2558 simili
2285 2520 2449 2575 opere
2480 2504 2574 2559 tibi
2602 2502 2782 2560 facere
2805 2505 2953 2576 justo
2981 2521 3081 2561 nos
3106 2514 3323 2577 oportet
3345 2506 3584 2578 judicio,

1998 2601 2053 2651 et
2081 2602 2137 2649 te
2164 2594 2230 2650 de
2258 2596 2364 2649 tuis
2399 2595 2610 2652 actibus
2636 2596 2914 2668 increpare
2939 2615 2951 2651 :
2985 2597 3257 2668 praecipue
3283 2613 3405 2653 cum
3433 2613 3585 2668 aper-

2002 2688 2108 2743 tius
2135 2688 2544 2753 demonstraris,
2570 2689 2714 2758 quod
2740 2688 2897 2744 labiis
2928 2696 3158 2755 tantum,
3185 2696 3239 2745 et
3261 2704 3369 2744 non
3397 2688 3583 2757 corde,

2000 2783 2254 2849 devotum
2284 2790 2488 2837 sanctae
2528 2780 2788 2837 Romanae
2812 2781 3089 2848 Ecclesiae,
3115 2782 3279 2837 veluti
3306 2782 3360 2836 in
3386 2783 3586 2853 episto-

1999 2871 2066 2927 lis
2094 2872 2160 2926 ad
2190 2872 2507 2928 decessores
2534 2881 2751 2929 nostros
2784 2881 2841 2929 et
2868 2873 3025 2930 nobis
3060 2888 3091 2927 a
3138 2880 3194 2927 te
3217 2873 3437 2929 directis
3461 2889 3585 2929 con-

1997 2963 2218 3030 tinetur,
2250 2973 2303 3020 te
2325 2963 2611 3033 jactitares
2641 2980 2763 3021 esse
2789 2965 2981 3021 ﬁlium.
3006 2965 3075 3021 Et
3096 2981 3241 3021 nunc
3268 2966 3401 3021 adeo
3427 2966 3586 3023 devo-

1997 3058 2072 3113 tio
2096 3057 2218 3113 fidei
2242 3066 2347 3112 tuae
2368 3065 2581 3113 cassata
2613 3068 2715 3123 est,
2742 3067 2801 3113 ut
2822 3059 2961 3129 jam,
2987 3057 3114 3129 quia
3141 3057 3586 3115 convenientibus

1997 3150 2273 3221 responsis
2296 3150 2493 3206 missos
2522 3157 2739 3205 nostros
2766 3166 2798 3205 a
2828 3159 2880 3204 te
2912 3150 3137 3205 minime
3164 3149 3454 3216 dimisisti,
3478 3166 3585 3206 no-

300 3237 700 3307 praestolamur,
728 3246 784 3293 et
813 3240 1063 3295 veniente
1105 3239 1232 3311 lupo
1259 3239 1515 3313 fugimus,
1545 3256 1614 3297 ne
1638 3242 1890 3298 solatium
1919 3221 1965 3285 (ἶ
1996 3241 2189 3312 bisque
2231 3241 2534 3299 rescribere
2583 3240 2777 3296 callide
2823 3240 3085 3307 omisisti,
3129 3240 3327 3296 missos
3354 3248 3476 3296 tuos
3500 3238 3587 3296 vel

301 3329 668 3386 conferamus.
719 3329 894 3402 Super
933 3333 1130 3403 quibus
1180 3332 1311 3390 illud
1355 3350 1552 3392 cavere
1600 3337 1892 3405 debemus,

298 3421 447 3490 quod
497 3421 756 3478 Dominus
812 3438 911 3492 per
968 3425 1290 3495 prophetam
1352 3425 1616 3498 loquitur,
1658 3429 1887 3486 dicens:

299 3506 471 3564 Canes
495 3512 649 3577 muti,
698 3528 804 3567 non
849 3512 1077 3569 ualentes
1103 3514 1300 3571 latrare
1328 3517 1485 3590 (Isai.
1517 3519 1661 3592 va);
1694 3529 1749 3576 et
1772 3537 1895 3578 rur-

298 3616 420 3656 sum
447 3619 462 3656 :
502 3600 597 3657 Va:
621 3605 943 3674 pastoribus,
975 3605 1176 3678 inquit,
1205 3609 1306 3686 qui.
1326 3610 1608 3678 pascebant
1648 3612 1892 3684 semetip—

296 3708 384 3747 sos
409 3689 642 3764 (Ezech.
671 3694 872 3765 xxxiv)
899 3736 913 3760 ,
947 3705 1005 3751 et
1040 3698 1266 3768 reliqua.
1301 3699 1456 3766 Quod
1485 3702 1529 3756 si
1560 3704 1771 3760 cunctis
1796 3720 1893 3774 pa-

301 3783 543 3839 storibus
584 3783 852 3840 Dominici
884 3788 1063 3857 gregis
1108 3788 1369 3843 Dominus
1414 3806 1513 3861 pro
1563 3792 1772 3849 desidia
1808 3811 1890 3850 vae

299 3874 633 3945 generaliter
659 3875 828 3941 dicit,
865 3885 1017 3932 tanto
1051 3879 1224 3949 magis
1262 3893 1359 3934 nos
1388 3880 1536 3934 illam
1565 3883 1891 3937 sententiam

303 3964 604 4021 formidare
651 3964 933 4031 debemus,
981 3976 1186 4038 quanto
1231 3984 1343 4039 pra:
1398 3969 1649 4023 omnibus
1695 3981 1749 4022 et
1795 3984 1894 4040 pro

299 4055 588 4121 omnibus,
635 4070 741 4112 non
789 4057 960 4113 solum
993 4059 1251 4126 honoris,
1297 4059 1391 4114 sed
1419 4059 1582 4114 etiam
1625 4060 1807 4116 oneris
1838 4062 1892 4116 in

300 4148 550 4204 humeris
575 4149 777 4208 nostris
807 4152 1047 4223 pondera
1079 4166 1294 4222 quoque
1320 4160 1613 4224 gestamus.
1660 4152 1744 4208 An
1784 4170 1892 4209 non

299 4254 404 4310 pro
432 4246 517 4305 te,
550 4256 643 4295 rex
666 4282 683 4307 ,
735 4242 1001 4298 rationem
1033 4258 1218 4299 coram
1248 4245 1478 4300 Domino
1509 4258 1709 4317 ponere
1740 4242 1905 4300 com;

299 4329 603 4400 pellemur?
634 4332 702 4398 si,
727 4340 788 4387 ut
815 4333 945 4387 illud
974 4333 1192 4389 interim
1219 4335 1495 4402 sileamus,
1526 4333 1670 4405 quod
1698 4336 1893 4391 missos

303 4421 614 4489 apostolica:
644 4424 787 4479 sedis
814 4438 966 4479 more
995 4423 1161 4496 regali
1204 4424 1448 4496 recipere
1476 4425 1849 4496 contempsisti
1874 4466 1890 4491 ,

310 4520 558 4566 sanctum
591 4520 741 4567 tuum
770 4529 876 4568 non
906 4514 1388 4585 reprehendimus,
1432 4522 1489 4569 et
1515 4514 1739 4586 spiritali
1772 4515 1888 4570 zelo

306 4602 631 4675 redarguere
688 4603 1035 4670 desistimus,
1106 4606 1321 4675 quando
1382 4614 1572 4662 contra
1618 4606 1885 4673 divinam,

302 4704 726 4768 sanctorumque
771 4697 996 4753 Patrum
1039 4699 1452 4767 auctoritatem,
1497 4710 1658 4771 atque
1701 4708 1890 4756 contra

299 4785 533 4856 propriae
559 4784 683 4841 ﬁdei
712 4787 1082 4858 sponsionem,
1112 4803 1217 4858 qua
1241 4787 1591 4858 jurejurando
1612 4789 1891 4861 pollicitus

302 4890 396 4942 es,
430 4894 500 4933 ne
543 4879 754 4945 aliena,
804 4890 860 4936 et
883 4880 1152 4952 praecipue
1197 4883 1424 4937 fratrum
1468 4891 1679 4937 tuorum
1724 4899 1890 4954 regna

303 4969 737 5037 concupisceres,
763 4980 856 5028 aut
882 4973 1184 5039 invadercs,
1216 4986 1437 5044 regnum
1460 4973 1734 5041 quondam
1784 4974 1889 5031 Lo-

305 5058 465 5112 tharii
492 5057 858 5130 imperatoris,
891 5064 1036 5134 quod
1061 5063 1290 5135 spiritali
1319 5062 1430 5118 ﬁlio
1451 5060 1658 5130 nostro,
1687 5066 1884 5122 domno

302 5146 581 5204 Ludovico
608 5151 856 5222 Augusto
908 5154 1019 5210 ﬁlio
1047 5154 1184 5225 ejus,
1211 5151 1365 5221 juxta
1389 5153 1598 5210 divinas
1625 5163 1680 5211 et
1703 5155 1886 5212 huma~

303 5255 403 5296 nas
427 5239 572 5312 leges
602 5242 849 5309 debetur,
881 5245 1271 5318 praesumpsisti
1302 5245 1573 5312 invadere,
1603 5254 1657 5302 et
1688 5248 1741 5302 in
1767 5263 1884 5303 rea-

304 5341 418 5388 tum
462 5334 688 5406 perjurii
732 5336 973 5393 incidere
1017 5353 1125 5392 non
1166 5336 1486 5392 formidasti.
1557 5335 1806 5410 Nunquid
1851 5355 1883 5395 a

302 5434 485 5482 mente
511 5427 736 5495 excidit,
765 5429 910 5500 quod
936 5437 1114 5486 vestra
1139 5437 1552 5507 vestrorumque
1571 5430 1883 5503 juramenta

303 5517 417 5574 sedi
444 5519 758 5590 apostolica:
787 5523 1054 5580 destinata
1084 5521 1454 5591 discussimus,
1486 5524 1881 5594 roboravimus,

373 5665 400 5732 ξ
437 5652 728 5732 Sacrorum
757 5660 933 5732 itaque
970 5658 1293 5732 dagmatum.
1338 5656 1517 5732 Caroli
1564 5660 1633 5732 ad
1672 5659 1883 5732 singula

303 5723 463 5801 hujus
488 5728 727 5801 epistolae
756 5723 998 5801 membra
1026 5723 1390 5801 responsionis
1417 5730 1665 5785 meminit
1693 5723 1884 5786 Adria-

302 5808 405 5854 nus
448 5799 504 5855 in
543 5800 770 5873 epistola
801 5801 890 5861 29.
939 5799 1165 5876 Legatos
1192 5808 1372 5857 autem
1445 5815 1581 5874 quos
1621 5818 1650 5858 a
1692 5801 1884 5862 Carolo

1996 3332 2286 3404 epistolas,
2336 3348 2474 3403 quas
2501 3343 2553 3386 te
2583 3334 2877 3388 missurum
2905 3332 3158 3388 indicasti
3180 3374 3196 3399 ,
3227 3334 3495 3389 hactenus
3517 3333 3586 3388 ad

1994 3433 2360 3495 contemptum
2386 3423 2697 3494 apostolicae
2740 3420 2885 3479 sedis
2908 3439 3016 3479 non
3048 3423 3316 3479 direxisti.
3361 3423 3517 3491 Quod
3538 3424 3585 3479 si

1994 3516 2115 3586 quis
2145 3515 2280 3571 alius
2326 3514 2429 3570 tale
2473 3515 2569 3569 tibi
2601 3515 2749 3572 dedit
2787 3514 3107 3583 consilium,
3156 3514 3317 3572 ﬁdem
3360 3516 3504 3571 circa
3532 3524 3587 3572 te

1994 3607 2219 3662 minime
2243 3620 2427 3662 veram
2454 3605 2727 3661 servavit:
2760 3607 2806 3661 si
2831 3614 3012 3661 autem
3034 3606 3089 3660 in
3112 3606 3217 3662 hoc
3245 3613 3339 3661 tuo
3367 3614 3584 3661 tantum

1995 3698 2224 3754 consilio
2250 3714 2381 3754 usus
2407 3712 2488 3763 es,
2517 3698 2696 3752 minus
2721 3696 2920 3769 regalis
2950 3696 3269 3753 excellentia
3297 3712 3459 3768 quam
3488 3697 3587 3752 de-

1993 3789 2109 3844 buit
2129 3790 2277 3844 fecit.
2308 3791 2384 3843 De
2414 3789 2564 3857 pacis
2592 3804 2722 3842 vero
2748 3797 2804 3842 et
2834 3789 3139 3843 concordiae
3166 3788 3396 3854 unitate,
3430 3786 3587 3857 cujus

1993 3895 2093 3934 nos
2125 3880 2266 3933 inter
2301 3880 2606 3948 piissimum
2635 3880 2906 3934 Caesarem
2934 3890 2989 3933 et
3018 3887 3072 3934 te
3100 3880 3431 3936 mediatores
3466 3894 3589 3938 esse

1993 3968 2193 4022 debere
2237 3982 2617 4036 suggesseras,
2677 3967 3037 4023 libentissime
3099 3969 3470 4039 suscepimus,
3531 3978 3588 4025 et

1995 4072 2155 4128 agere
2212 4058 2498 4127 coepimus.
2550 4056 2657 4112 Sed
2700 4057 2775 4113 illi
2820 4066 3010 4113 contra
3058 4058 3243 4115 hostes
3284 4058 3583 4118 Christiani

1994 4148 2230 4205 nominis
2264 4147 2568 4212 dimicanti,
2600 4162 2701 4218 pro
2743 4148 3067 4204 liberatione
3101 4149 3287 4221 populi
3324 4150 3418 4206 Dei
3448 4152 3585 4205 mul-

1994 4239 2065 4296 tis
2092 4239 2371 4295 laboribus
2395 4238 2670 4294 insistenti
2687 4278 2703 4306 ,
2748 4249 2804 4294 et
2826 4239 2967 4294 bella
2996 4239 3213 4295 Domini
3240 4241 3537 4311 prtrliando
3558 4284 3573 4310 ,

1995 4330 2421 4387 Sarracenorum
2445 4330 2846 4386 multitudinem
2870 4332 3168 4401 superanti,
3196 4339 3255 4386 ut
3279 4346 3382 4402 pax
3408 4330 3583 4397 fleret,

1993 4420 2187 4476 cedere
2217 4419 2436 4473 noluisti
2484 4436 2498 4474 :
2533 4419 2663 4490 quin
2691 4421 2872 4490 potius
2901 4435 3010 4475 non
3049 4429 3107 4475 ut
3153 4422 3303 4491 pacis
3346 4431 3582 4487 amator,

1994 4513 2088 4568 sed
2115 4521 2176 4567 ut
2204 4510 2442 4567 scandali
2471 4512 2796 4579 concitator,
2830 4512 2995 4567 etiam
3039 4520 3093 4568 et
3132 4513 3435 4585 tyrannidis
3461 4530 3581 4568 ma-

1996 4603 2380 4660 nifestissimus
2406 4609 2716 4670 exsecutor,
2737 4603 2888 4673 pacis
2912 4611 3123 4673 tempus
3151 4619 3257 4660 non
3279 4618 3339 4659 es
3366 4615 3585 4676 praesto-

1996 4696 2179 4751 latus:
2215 4694 2343 4764 quia
2379 4705 2667 4764 postquam
2698 4694 2814 4749 haec
2857 4693 2932 4749 illi
2979 4693 3174 4749 callide
3204 4695 3460 4751 mandare
3485 4712 3581 4750 cu-

1996 4786 2166 4851 rasti,
2214 4785 2397 4841 domni
2429 4785 2778 4855 imperatoris
2823 4799 3049 4855 regnum
3088 4787 3263 4857 magis
3304 4801 3368 4842 ac
3410 4789 3585 4859 magis

1996 4878 2281 4943 invasisti,
2328 4876 2661 4941 sollicitasti,
2705 4877 2991 4943 ordinasti,
3037 4885 3090 4933 et
3125 4880 3371 4935 homines
3414 4880 3583 4949 ipsius

1995 4969 2147 5041 regni
2179 4968 2247 5024 ad
2292 4976 2439 5022 tuam
2484 4967 2796 5023 fidelitatem
2839 4967 3027 5037 jurarc
3073 4966 3274 5023 fecisti.
3322 4968 3419 5025 Cui
3456 4970 3582 5025 talia

1990 5063 2171 5120 facere
2211 5064 2653 5134 pertimesceres,
2705 5063 2807 5117 nisi
2845 5063 2959 5132 ipse
3007 5062 3171 5116 tantis
3203 5060 3477 5119 laboribus
3514 5063 3580 5118 ad

1982 5166 2301 5229 perpetuam
2328 5173 2519 5229 pacem
2556 5164 2758 5211 sanctae
2779 5153 3037 5209 Ecclesiae
3063 5153 3153 5206 diu
3182 5161 3451 5224 noctuque
3479 5169 3580 5224 pro

1983 5252 2184 5309 Christi
2208 5269 2396 5309 amore
2424 5252 2650 5306 ﬁdenter
2678 5251 2926 5305 haereret.
2959 5245 3060 5315 Qui
3102 5262 3133 5301 a
3157 5248 3350 5317 coeptis
3376 5247 3535 5303 bonis
3552 5288 3568 5315 ,

1982 5345 2038 5401 in
2062 5347 2258 5418 quibus
2292 5346 2370 5400 illi
2400 5354 2453 5400 te
2481 5343 2741 5399 solamina
2768 5343 3055 5413 oportebat
3081 5341 3333 5397 conferre
3360 5342 3535 5412 magis
3553 5383 3569 5410 ,

1991 5454 2152 5510 quam
2199 5436 2567 5493 Christianum
2615 5433 2866 5507 populum
2914 5441 3105 5488 contra
3154 5432 3313 5488 ﬁdem
3341 5433 3577 5490 debitam

1989 5531 2277 5605 persequi,
2324 5543 2543 5585 manum
2571 5536 2625 5582 et
2648 5541 2784 5597 opus
2811 5541 2916 5582 non
2944 5526 3301 5594 subtrahens,
3350 5523 3573 5580 dubium

1988 5673 2481 5793 regelcotatesmptos
2510 5663 2605 5734 ait,
2636 5662 2864 5720 Paulum
2903 5670 2960 5720 et
3000 5658 3263 5719 Joannem
3293 5658 3575 5731 episcopos

1989 5749 2101 5793 tute
2143 5754 2211 5793 IIII
2332 5752 2445 5793 "HI.

1989 5749 2256 5811 intelligit.
2290 5749 2445 5793 Sina.
