4142 6296
498 312 638 369 1299

1855 315 2137 373 ADRIANI
2178 315 2379 375 PAPE
2415 318 2459 376 ll

3640 308 3780 372 i300

505 453 610 497 non
638 446 723 494 est
749 441 889 509 quod
914 436 1335 508 omnipotentem
1371 436 1661 492 Dominum
1688 443 1757 491 ad
1805 434 1920 490 inec
1962 448 2088 504 per-
2114 435 2163 495 Λ
2190 434 2596 507 vobismetipsis
2619 436 2996 507 consuleretis,
3021 438 3365 509 monuimus,
3391 439 3610 526 etjuxta
3632 455 3773 521 quod

504 531 709 599 agenda
735 529 832 584 sibi
854 527 1141 599 propitium
1160 525 1342 593 faciet,
1362 526 1501 583 etde
1522 528 1770 584 hostibus
1792 525 2086 581 Christiani

504 621 740 677 nominis
764 620 1094 690 triumphum
1116 620 1224 675 cito
1254 620 1528 692 percipiet.
1560 619 1669 675 Sed
1697 620 1782 675 his
1814 620 2088 675 succincte

502 711 756 782 prolatis,
795 711 1089 781 quoniam,
1143 704 1202 765 ut
1246 710 1625 781 praediximus,
1672 710 1812 764 sicut
1846 709 2088 766 omnium

501 802 742 873 pondera
788 801 840 855 in
873 803 1113 857 humeris
1143 802 1345 857 nostris
1383 810 1693 873 gestamus,
1744 802 1818 858 ita
1845 803 2086 858 omnium

503 903 654 949 actus
683 895 981 964 praevidere
1009 894 1287 961 debemus,
1314 910 1383 949 ne
1412 909 1510 965 pro
1535 894 1786 949 humanis
1816 894 2092 951 favoribus

502 1002 601 1042 nos
630 986 744 1042 haec
773 987 952 1042 dicere
992 988 1114 1058 quis
1143 986 1450 1051 existimet,
1492 986 1538 1042 si
1572 985 1710 1041 forte
1736 986 2009 1043 accideret
2033 994 2093 1041 ut

500 1077 773 1149 principes
798 1079 989 1146 nostri,
1022 1079 1217 1150 quibus
1259 1096 1289 1135 a
1323 1091 1374 1134 te
1400 1094 1688 1152 pervasum
1719 1094 1945 1151 regnum
1968 1078 2093 1150 jure

503 1170 747 1237 debetur,
794 1171 894 1227 sibi
930 1170 1106 1226 illatas
1142 1171 1367 1240 injurias
1412 1186 1519 1227 non
1566 1169 1942 1239 vindicarent;
1993 1184 2093 1225 nos

505 1278 674 1332 usque
702 1262 771 1318 ad
799 1278 987 1317 veram
1029 1261 1489 1329 emendationem,
1515 1262 1641 1332 quia
1665 1277 1854 1318 omnes
1882 1261 2094 1319 salvare

501 1352 770 1420 volumus,
805 1352 1040 1425 perjuria
1069 1352 1183 1418 illa,
1213 1361 1377 1424 atque
1405 1353 1744 1409 invasionum
1780 1352 2091 1426 tyrannides

503 1442 795 1515 impunitas
824 1442 968 1497 nullo
1000 1452 1156 1513 pacto
1185 1442 1581 1499 dimitteremus
1613 1462 1624 1497 :
1655 1443 1780 1514 quia
1824 1458 1934 1498 non
1978 1458 2094 1498 am-

503 1534 705 1591 bitione
736 1537 906 1607 regni,
935 1538 1027 1592 sed
1049 1533 1261 1606 justitia
1292 1552 1718 1604 commovemur,
1764 1544 1820 1593 et
1851 1553 1957 1593 non
1986 1546 2095 1592 ter-

504 1644 687 1682 rarum
723 1629 895 1699 spatia
924 1629 1239 1699 quaerimus,
1264 1629 1359 1685 sed
1382 1645 1448 1685 ex
1476 1630 1659 1686 debito
1704 1628 1848 1685 vitiis
1875 1644 1941 1684 ac
1966 1644 2096 1700 pra-

502 1723 759 1778 vitatibus
802 1723 1215 1793 quibuscunque
1267 1723 1523 1779 resistere
1568 1722 1876 1796 vigilamus.
1924 1722 2095 1793 igitur

2190 542 2286 583 vos
2312 529 2570 599 oportuit,
2604 528 2958 586 fraternitatis
2988 529 3185 588 affectu
3216 546 3329 589 non
3360 531 3626 595 immerito
3651 555 3770 600 eor-

2191 620 2473 692 ripuimus.
2507 620 2617 678 Sed
2654 629 2861 677 tantum
2886 621 3184 695 apostolica
3215 623 3429 680 monita
3450 633 3767 703 contempsi-.-

2188 711 2308 779 stis,
2336 721 2596 782 quantum
2626 727 2728 773 nec
2766 713 2969 770 nostris
3003 713 3249 786 epistolis
3275 718 3646 790 respondistis,
3670 739 3767 785 nec

2192 823 2374 879 regem
2400 817 2643 865 vestrum
2685 807 2938 865 Carolum
2968 824 3133 881 grave
3157 804 3368 867 facinus
3411 810 3766 885 incurrentem

2190 898 2376 969 procul
2406 898 2567 955 dubio
2593 898 2863 955 doluistis.
2892 898 2975 954 An
3000 914 3108 956 non
3132 915 3296 972 grave
3315 901 3492 960 scelus
3515 903 3756 973 incurrit,

2191 988 2407 1060 quando
2427 1030 2441 1057 ,
2473 990 2612 1045 sicut
2635 990 2790 1046 multi
2816 998 3058 1047 vestrum
3080 988 3384 1059 noverunt,
3429 993 3507 1050 sui
3532 994 3755 1063 oblitus.

2184 1078 2563 1148 jusjurandum
2585 1120 2600 1144 ,
2629 1080 2773 1150 quod
2799 1080 2929 1136 olim
2956 1095 3080 1137 cum
3121 1080 3383 1142 fratribus
3410 1083 3516 1141 suis
3537 1087 3752 1159 pepigit,

2192 1185 2302 1242 quo
2351 1185 2511 1226 nemo
2557 1169 2768 1227 illorum
2818 1187 3044 1247 regnum
3099 1172 3329 1231 alterius
3381 1172 3643 1233 invaderet
3677 1176 3758 1235 vel

2196 1269 2503 1332 usurparet,
2533 1269 2593 1317 ut
2624 1262 3035 1320 evidentissime
3062 1263 3397 1334 patefactum
3427 1274 3527 1333 est,
3553 1282 3762 1340 regnum

2196 1355 2467 1424 quondam
2518 1353 2764 1412 Lotharii
2810 1357 3180 1429 imperatoris,
3208 1358 3354 1431 quod
3388 1348 3509 1430 jure
3532 1358 3652 1417 divo
3672 1360 3765 1418 im-

2196 1446 2437 1518 peratori
2463 1447 2663 1503 domno
2705 1447 2986 1507 Ludovico
3015 1448 3125 1505 tilio
3153 1449 3274 1521 ejus
3302 1465 3515 1524 semper
3536 1451 3768 1525 Augusto

2196 1537 2440 1601 debetur,
2470 1538 2668 1608 spretis
2712 1530 3041 1610 juramentis
3068 1541 3286 1609 invasit.
3313 1550 3371 1599 et
3392 1528 3606 1617 perjurii
3634 1542 3767 1601 inci-

2198 1628 2278 1684 dit
2301 1629 2551 1684 crimen?
2588 1628 2744 1686 Unde
2790 1632 2950 1689 valde
2991 1634 3277 1701 miramur,
3314 1634 3766 1706 obstupescimus,

2198 1728 2255 1775 et
2281 1720 2553 1788 dolemus,
2606 1729 2668 1776 ut
2712 1722 2759 1777 si
2784 1737 2885 1779 vos
2908 1722 3071 1779 ﬁdem
3102 1723 3176 1779 illi
3200 1724 3556 1797 promisistis,
3605 1740 3767 1796 quare

501 1825 561 1870 ut
607 1814 824 1870 interim
876 1814 1161 1886 perpaucis
1206 1814 1431 1887 gloriam
1476 1795 1640 1870 tuam
1670 1816 2086 1880 conveniamus,
2119 1795 2165 1856 Β
2192 1813 2543 1884 vosmetipsos
2563 1813 2822 1884 perditis,
2869 1823 2925 1871 et
2954 1830 3063 1871 non
3087 1795 3218 1872 eunt
3240 1816 3405 1873 modo
3418 1795 3762 1889 suggerendo,

500 1921 805 1973 monemus,
833 1913 888 1961 et
917 1907 1240 1964 auctoritate
1264 1907 1559 1978 apostolica
1586 1906 1783 1977 quibus
1803 1921 2093 1978 possumus

503 1998 679 2054 modis
747 1998 1063 2069 spiritaliter
1126 2001 1450 2067 suademus,
1514 2007 1850 2075 pateruoque
1900 1997 2093 2054 all‘ectu

502 2091 883 2163 priocipimus,
948 2103 1009 2146 ut
1061 2091 1172 2161 jam
1221 2094 1381 2149 tertio
1426 2096 1662 2149 monitus
1701 2095 1769 2150 ab
1817 2092 2093 2148 invasione

503 2180 653 2250 regni
705 2180 966 2252 spiritalis
1011 2180 1103 2236 [illi
1133 2184 1304 2240 nostri
1343 2183 1795 2239 Christianissimi
1833 2182 2094 2254 principis

505 2281 556 2326 te
585 2272 799 2340 penitus
826 2271 1114 2327 subtrahas
1145 2284 1200 2329 et
1222 2288 1536 2344 compescas
1556 2313 1569 2338 ,
1612 2270 1787 2327 aliena
1818 2287 1926 2326 non
1956 2286 2092 2327 con-

501 2365 767 2435 cupiscas,
797 2374 851 2421 et
879 2364 1025 2436 quod
1062 2365 1161 2421 tibi
1192 2382 1300 2420 non
1324 2367 1406 2421 vis
1429 2364 1545 2421 ﬁeri
1571 2405 1585 2431 ,
1638 2364 1715 2419 illi
1763 2379 1870 2419 non
1902 2363 2088 2420 facias.

503 2454 621 2512 Noli
663 2455 823 2527 justis
851 2457 956 2512 tuis
982 2457 1521 2528 competentibusque
1565 2456 1661 2512 tibi
1710 2456 1872 2512 rebus
1897 2456 2095 2527 injuste

502 2560 690 2624 captas
717 2552 995 2625 tyrannice
1021 2552 1252 2617 sociare,
1284 2566 1352 2606 ne
1377 2560 1430 2606 et
1452 2549 1600 2619 juste
1626 2565 1906 2622 possessas
1935 2549 2093 2604 amit-

504 2654 607 2712 tas,
641 2654 695 2700 et
719 2644 916 2716 injuste
946 2657 1208 2715 pervasas
1226 2644 1375 2715 justo
1415 2643 1510 2699 Dei
1545 2643 1750 2714 judicio
1779 2651 1831 2699 te
1858 2643 2094 2699 ambisse

503 2735 781 2807 poeniteat.
815 2734 923 2792 Nos
950 2737 1175 2803 etenim,
1202 2735 1455 2807 quoniam
1484 2735 1689 2791 salvum
1721 2743 1775 2790 te
1797 2734 2094 2791 consistere

505 2830 783 2902 cupimus,
848 2838 902 2885 et
949 2838 1010 2886 ut
1045 2814 1225 2885 anima
1268 2843 1604 2901 corporeque
1648 2827 1792 2886 felici
1838 2842 2092 2885 successu

504 2921 707 2992 polleas
738 2920 1073 2987 anhelamus,
1106 2921 1210 2976 nisi
1241 2919 1431 2977 saltem
1457 2936 1601 2978 nunc
1627 2920 1862 2986 nostris,
1906 2920 2093 2978 aliisve

506 3013 812 3069 salubribus
852 3014 1100 3084 parueris
1130 3015 1382 3081 monitis,
1432 3023 1491 3070 ut
1521 3023 1576 3071 et
1598 3015 1748 3086 prius
1778 3015 2093 3071 inobediens

504 3114 705 3161 nostra:
748 3105 980 3177 spiritali
1024 3121 1271 3163 censurae
1306 3107 1649 3175 constiteris,
1716 3107 1861 3163 nullo
1901 3115 2091 3178 pacto,

2194 1905 2353 1960 modo
2397 1903 2525 1958 illud
2551 1912 2645 1960 aut
2688 1905 2818 1961 illud
2863 1909 3213 1980 opponendo,
3262 1917 3323 1963 ut
3356 1908 3627 1979 resipiscat
3666 1908 3768 1963 cir-

2194 1995 2517 2051 cumvenitis
2543 2015 2556 2052 :
2587 1997 2718 2068 quin
2746 1998 2928 2069 potius
2956 1999 3109 2057 vobis
3144 1999 3562 2067 consentiendo,
3596 2007 3652 2056 et
3673 1998 3777 2068 illi,

2195 2099 2305 2147 tam
2332 2088 2674 2147 detestabilia
2719 2090 2999 2157 faciendo,
3052 2093 3194 2163 quod
3234 2091 3402 2148 vestri
3448 2107 3557 2149 non
3602 2091 3775 2148 fecere

2192 2190 2467 2255 parentes,
2499 2183 2796 2253 gehennam
2822 2184 3044 2256 paratis.
3089 2183 3349 2241 Praefatae
3372 2183 3640 2256 siquidem
3675 2182 3774 2239 im-

2191 2282 2434 2345 perator,
2466 2282 2682 2331 terrena
2706 2289 2871 2346 regna
2891 2285 2998 2332 non
3023 2272 3289 2342 ambiens,
3331 2289 3426 2347 pro
3454 2272 3770 2331 liberatione

2196 2362 2375 2436 populi
2405 2363 2500 2421 Dei
2530 2364 2716 2420 multis
2737 2363 3015 2420 laboribus
3043 2363 3316 2437 fatigatus,
3343 2363 3695 2434 triumphales
3718 2364 3772 2420 in

2197 2457 2627 2514 Sarracenorum
2655 2458 2899 2514 cervices
2928 2456 3109 2529 potius
3138 2472 3358 2529 manus,
3385 2471 3544 2526 quam
3570 2456 3624 2515 in
3652 2469 3771 2511 eum

2194 2562 2421 2619 regnum
2463 2563 2622 2603 suum
2666 2548 2939 2604 tollentem
2984 2546 3255 2604 extendit.
3306 2546 3499 2605 Redite
3542 2560 3671 2618 ergo
3707 2544 3775 2603 ad

2195 2653 2311 2704 vos,
2341 2637 2714 2705 dilectissimi,
2759 2647 2814 2695 et
2858 2645 2918 2694 ut
2948 2636 3078 2694 olim
3106 2632 3312 2695 {rudera
3351 2636 3489 2695 inter
3512 2637 3773 2695 seniorem

2195 2740 2459 2798 vestrum,
2493 2729 2802 2802 fratresque
2828 2729 3007 2797 illius,
3055 2744 3182 2787 cum
3222 2727 3538 2801 iuramentis
3561 2728 3772 2797 habita,

2197 2824 2291 2879 sed
2321 2822 2483 2880 modo
2506 2834 2763 2897 corrupta
2791 2824 3156 2881 reformentur
3182 2863 3199 2889 ,
3248 2823 3366 2881 sine
3388 2820 3777 2880 eessationibus

2197 2917 2460 2973 laborate.
2509 2916 2862 2975 Commonete
2900 2916 3104 2987 iugiter
3155 2915 3305 2973 illum
3347 2913 3497 2988 juxta
3536 2923 3776 2972 vestrum

2196 3007 2589 3073 ministerium,
2637 3017 2695 3065 et
2739 3017 2800 3064 ut
2842 3007 3164 3083 episcopalis
3213 3006 3268 3065 in
3291 3006 3445 3065 vobis
3485 3021 3591 3064 non
3620 3004 3778 3062 refri-

2198 3106 2383 3170 gescat
2407 3098 2670 3165 charitas,
2699 3096 2998 3169 providete.
3039 3095 3108 3153 Et
3133 3096 3179 3155 si
3206 3112 3329 3155 eum
3371 3095 3575 3155 salvum
3598 3094 3777 3171 consi-

507 3195 760 3267 nulloque
779 3168 1284 3271 -prtetermittemus
1328 3200 1578 3268 ingenio,
1617 3168 1937 3271 quominus,
1984 3168 2095 3256 Deo
2121 3168 2170 3234 Ω
2203 3168 2349 3245 idem
2373 3188 2557 3257 νυιιίεν
2576 3184 2646 3244 ἰιι
2677 3168 2829 3263 Γέεῐιὶ
2866 3184 2990 3256 jura
3013 3185 3079 3242 ad
3124 3202 3184 3242 se
3211 3201 3320 3247 non
3343 3168 3780 3259 pertinentiaide-

501 3285 752 3358 iuvante,
802 3297 988 3360 partes
1030 3287 1149 3345 illas
1192 3290 1506 3362 nosmetipsi
1539 3300 1814 3361 petamus,
1861 3299 1917 3346 et
1954 3290 2100 3361 quod

508 3381 680 3437 nostri
722 3389 804 3437 est
845 3380 1134 3452 ministerii
1162 3381 1380 3452 penitus
1418 3397 1763 3454 peragamus.
1815 3382 2098 3439 Postremo

509 3486 836 3542 magnopere
865 3487 1277 3527 commonemus
1298 3513 1313 3540 ,
1357 3480 1416 3527 ut
1442 3472 1539 3528 hos
1566 3471 1900 3543 apostolatus
1925 3471 2098 3528 nostri

506 3561 809 3632 prteeipuos
836 3561 1050 3627 missos,
1075 3560 1337 3616 Joannem
1366 3561 1637 3628 videlicet,
1664 3572 1826 3631 atque
1850 3559 2096 3628 Petrum,

514 3651 863 3717 Wibbodum,
891 3660 946 3706 et
971 3650 1260 3717 Joannem,
1293 3656 1619 3710 reverendos
1659 3657 1964 3726 episcopos,
1998 3670 2099 3712 nec

508 3759 615 3799 non
667 3749 723 3797 ct
776 3738 997 3796 Petrum
1040 3740 1368 3819 religiosum
1421 3744 1797 3815 presbyterum
1860 3745 2099 3802 cardinis

508 3836 704 3901 nostri,
755 3833 1119 3905 dilectumque
1162 3833 1482 3891 familiarem
1516 3844 1782 3903 nostrum,
1814 3853 1913 3908 pro
1939 3837 2095 3909 prin-

507 3925 687 3999 cipum
748 3924 1112 3997 apostolorum
1163 3925 1229 3981 ab
1270 3926 1523 3982 omnibus
1567 3925 1904 3998 praeferenda
1946 3942 2102 3985 reve-

512 4018 686 4074 rentia
713 4026 769 4074 et
793 4032 995 4083 amore,
1024 4017 1256 4089 benigne
1283 4017 1569 4087 suscipias,
1598 4025 1653 4073 et
1679 4025 1866 4087 utpote
1894 4032 1924 4072 a
1951 4025 2099 4073 tanta

511 4109 639 4166 sede
674 4096 963 4180 digressos,
988 4106 1286 4163 honoriﬁce
1310 4114 1556 4178 receptos
1578 4106 1745 4162 colas.
1768 4105 1907 4179 Ipsis
1932 4107 2097 4174 enim,

511 4218 632 4273 quae
676 4202 871 4272 pagina
919 4199 1161 4263 reticuit,
1218 4198 1315 4254 tibi
1362 4198 1587 4254 dicenda
1631 4197 2003 4266 injunximus:
2048 4205 2104 4255 et

513 4290 635 4351 ideo
666 4291 929 4365 quidquid
952 4290 1278 4347 verbotenus
1302 4289 1672 4359 exposuerint,
1702 4289 1818 4343 sine
1846 4288 2102 4357 scrupulo

508 4400 739 4456 prorsus
763 4382 987 4439 admitte
1013 4399 1027 4436 :
1052 4389 1107 4437 et
1143 4388 1203 4436 ut
1244 4378 1488 4438 ellicaces
1522 4380 1590 4434 ad
1636 4394 1734 4434 nos
1764 4379 1965 4435 reverti
2012 4394 2104 4435 va-

516 4476 679 4541 lcant,
728 4473 1054 4530 omnimodis
1088 4472 1273 4542 vigila.
1321 4471 1583 4542 Optamus
1608 4470 1837 4540 gloriam
1871 4479 2016 4523 tuam
2045 4469 2098 4523 in

2205 3284 2362 3340 sistat
2430 3283 2721 3349 invadere,
2805 3289 3106 3354 opportune
3164 3278 3475 3352 importune
3534 3277 3777 3338 insistite.

2201 3360 2394 3432 Aliena
2423 3391 2530 3431 non
2555 3374 2925 3446 concupiscat,
2975 3370 3149 3431 aliena
3175 3387 3282 3441 non
3311 3371 3513 3442 rapiat,
3557 3379 3613 3431 et
3637 3366 3778 3442 quod

2201 3468 2304 3525 sibi
2330 3484 2436 3529 non
2481 3467 2597 3524 vult
2623 3466 2736 3521 ﬁeri
2758 3507 2773 3532 ,
2818 3464 2908 3522 alii
2933 3474 3159 3537 prorsus
3183 3454 3288 3523 non
3322 3462 3506 3541 faciat.
3539 3458 3778 3520 Remitti—

2203 3570 2391 3618 scatur
2451 3555 2747 3631 Scriptura:
2792 3556 3024 3614 dicentis
3066 3574 3080 3612 :
3133 3554 3254 3618 Non
3297 3552 3624 3625 concupisces
3672 3567 3783 3607 rem

2200 3653 2431 3723 proximi
2455 3653 2533 3707 tui
2564 3650 2760 3723 (Exod.
2787 3650 2879 3722 xx)
2908 3668 2922 3716 ;
2952 3658 3008 3706 et
3038 3662 3290 3705 rursum:
3322 3644 3513 3703 Omnia
3528 3660 3779 3720 quacun-

2199 3759 2299 3814 que
2328 3742 2483 3797 vultis
2506 3751 2563 3794 ut
2589 3741 2790 3810 faciant
2818 3741 2959 3796 vobis
2990 3741 3251 3805 homines,
3299 3737 3476 3794 eadem
3511 3746 3557 3792 et
3580 3751 3668 3793 eos
3693 3732 3771 3803 [σε

2202 3836 2301 3891 cile
2324 3834 2432 3890 illis
2461 3833 2677 3906 (Matth.
2706 3832 2827 3907 vn).
2880 3832 2989 3889 Nos
3016 3833 3160 3890 enim
3188 3846 3297 3889 non
3320 3837 3528 3889 tantum
3560 3841 3786 3900 regnum

2202 3929 2507 3999 cuicunque
2537 3926 2802 3998 augendo,
2829 3939 2992 3995 quam
3018 3922 3286 4001 justitiam
3313 3918 3666 3993 requirendo.
3689 3917 3794 3975 ista

2202 4021 2607 4093 prosequimur,
2651 4028 2799 4076 etne
2838 4019 2960 4089 quis
2982 4033 3080 4090 pro
3109 4014 3393 4088 temporali
3428 4027 3657 4087 regnum
3677 4025 3796 4084 per-

2164 4133 2168 4137 ‘
2204 4114 2301 4171 dat
2330 4122 2613 4181 aeternum,
2642 4128 2752 4167 non
2781 4111 3020 4167 indebite
3050 4118 3444 4167 contestamur.
3485 4104 3646 4177 Quod
3672 4102 3719 4161 si
3743 4109 3801 4160 et

2206 4220 2354 4263 nunc
2384 4204 2471 4261 nis
2516 4203 2823 4261 salubribus
2870 4201 3073 4259 nostris
3114 4196 3594 4259 exhortationibus
3640 4203 3801 4264 atque

2200 4294 2593 4353 monitionibus
2635 4304 2744 4350 tam
2788 4293 2901 4362 jam
2948 4293 3090 4349 fatus
3134 4306 3229 4348 rex
3263 4305 3427 4361 quam
3471 4302 3577 4346 vos
3609 4297 3804 4365 parere

2201 4385 2676 4455 contempseritis;
2726 4386 2919 4442 scitote
2961 4385 3087 4457 quia
3119 4382 3264 4439 ducti
3304 4391 3535 4454 paterno
3567 4378 3764 4438 allecto
3786 4418 3803 4447 ,

2203 4478 2718 4549 ferventissimoque
2750 4477 2867 4533 zelo
2886 4476 3133 4547 justitiaa,
3172 4475 3383 4540 statim,
3426 4471 3657 4531 Christo
3681 4470 3802 4545 opi-

512 4539 729 4622 Christo
761 4580 903 4622 nunc
948 4573 1001 4619 et
1035 4539 1251 4635 semper
1283 4539 1433 4619 bene
1452 4539 1652 4619 valere.
1683 4560 1819 4617 Data
1849 4577 1881 4616 v
1906 4558 2101 4617 Kaleu-
2131 4539 2178 4599 θ
2205 4570 2306 4626 tice
2325 4610 2341 4638 ,
2384 4577 2570 4641 partes
2599 4539 2720 4625 illas
2740 4539 3180 4638 penetrabimus,
3226 4577 3281 4623 et
3310 4566 3366 4622 in
3392 4539 3809 4636 contemptores

514 4662 610 4718 das
631 4662 779 4741 Julii,
810 4660 1105 4717 indictione
1130 4677 1214 4716 ιιι.

1225 4793 1395 4849 XXV.

642 4920 712 4966 AD
746 4918 1026 4967 EPISCOPOS
1062 4923 1114 4964 IN
1152 4923 1327 4965 REGNO
1359 4924 1548 4965 CAROLI
1586 4924 1977 4966 CONSTITUTOS.

1122 5025 1314 5099 (Anno
1347 5024 1510 5099 870.)

520 5144 585 5201 Ut
613 5162 783 5218 regem
818 5152 1064 5218 moneant
1085 5184 1099 5209 ,
1139 5153 1203 5218 nt
1228 5160 1259 5218 ᾳ
1292 5158 1449 5213 regno
1477 5139 1712 5218 Lotharii
1737 5140 2021 5208 abstineat,
2050 5136 2103 5203 et

906 5214 1103 5289 legatos
1130 5214 1345 5289 benigne
1366 5214 1677 5285 suscipiant.

588 5348 868 5403 ADRIANUB
892 5346 1179 5416 episcopus
1198 5385 1213 5409 ,
1259 5360 1448 5403 servus
1473 5360 1749 5402 servorum
1779 5345 1897 5413 Dei,
1943 5362 2103 5404 reve-

519 5419 842 5477 rentissimis
883 5428 935 5473 ct
969 5417 1327 5474 sanctissimis
1374 5419 1740 5475 cont‘ratribus
1784 5419 1987 5473 nostris
2013 5435 2102 5475 ar—

517 5489 874 5562 chiepiscopis
923 5497 978 5562 et
1022 5489 1289 5560 episcopis
1337 5489 1391 5545 iu
1441 5506 1607 5562 regno
1661 5488 1836 5545 Caroli
1882 5489 2098 5562 gloriosi

522 5561 662 5630 regis
691 5560 1023 5614 constitutis.

592 5672 775 5739 Nuper
818 5673 1148 5742 apostolatus
1211 5674 1382 5728 nostri
1430 5674 1612 5730 missis
1654 5683 1815 5745 atque
1862 5675 2103 5747 epistolis

526 5764 885 5820 reverentiam
916 5776 1154 5824 vestram
1191 5767 1486 5826 salutiferis
1516 5769 2012 5838 exhortationibus,
2044 5778 2104 5827 ut

2205 4661 2421 4734 dignam
2481 4659 2729 4716 dabimus
2774 4659 3054 4715 ultionem.
3116 4658 3401 4716 Postremo
3461 4666 3810 4731 magnopere

2204 4767 2615 4809 commonemus
2662 4759 2721 4807 ut
2762 4751 2863 4807 hos
2893 4751 3227 4822 apostolatus
3272 4748 3446 4812 nostri
3482 4747 3809 4821 praecipuos

2206 4848 2424 4911 missos,
2450 4842 2713 4900 Joannem
2754 4842 3024 4909 videlicet,
3056 4850 3218 4914 atque
3241 4840 3487 4908 Petrum,
3516 4853 3624 4897 seu
3647 4836 3806 4897 Wib-

2203 4936 2402 4993 bodum
2427 4945 2483 4990 et
2509 4934 2773 4992 Joannem
2796 4934 3119 4991 reverendos
3141 4933 3447 5007 episcopos,
3474 4946 3585 4989 nec
3608 4944 3727 4989 non
3751 4935 3811 4987 et

2205 5027 2424 5085 Petrum
2450 5028 2759 5100 religiosum
2788 5027 3158 5101 presbyterum
3192 5025 3435 5085 cardinis
3461 5023 3642 5083 nostri
3660 5020 3690 5089 ,'
3725 5020 3810 5081 di-

2206 5119 2515 5190 lectumque
2550 5126 2794 5176 nostrum
2822 5117 3165 5185 familiarem,
3195 5132 3296 5192 pro
3322 5114 3641 5193 principum
3670 5126 3813 5186 epos

2206 5212 2469 5269 stolorum
2530 5212 2599 5268 ab
2660 5211 2911 5270 omnibus
2960 5209 3296 5282 praeferenda
3361 5205 3682 5267 reverentia
3752 5212 3815 5271 et

2208 5320 2418 5370 amore,
2463 5304 2696 5375 benigne
2721 5301 3064 5374 suscipiatis,
3109 5309 3167 5361 et
3201 5308 3446 5375 utpotea
3471 5304 3631 5357 tanta
3676 5296 3816 5359 sedc

2209 5398 2513 5471 digressos,
2572 5395 2869 5453 honoriﬁce
2915 5401 3166 5465 receptos
3210 5391 3419 5463 colatis.
3462 5388 3606 5464 Ipsis
3652 5388 3812 5451 enim

2205 5511 2326 5566 quae
2358 5495 2553 5567 pagina
2583 5492 2829 5560 reticuit,
2877 5491 3032 5550 vobis
3072 5486 3688 5561 dicendainjunximu‘.
3739 5484 3812 5551 Et
3908 5544 3911 5547 ,

2207 5586 2328 5639 ideo
2352 5584 2612 5653 quidquid
2639 5580 2968 5636 verbotenus
2995 5578 3361 5651 exposuerint,
3389 5576 3507 5632 sine
3536 5573 3811 5653 scrupulo

2206 5694 2428 5751 prorsus
2459 5675 2758 5742 admittite,
2800 5683 2856 5731 et
2885 5681 2945 5730 ut
2970 5669 3217 5730 elilcaces
3254 5669 3321 5726 ad
3347 5683 3445 5725 nos
3469 5665 3679 5725 reverti
3714 5680 3813 5721 va-

2207 5771 2386 5843 leant',
2452 5766 2782 5829 omnimodis
2821 5766 3062 5843 vigilate.
3132 5763 3396 5840 Optamus
3447 5761 3810 5829 sanctitatem
