4142 6296
401 342 537 400 1301

1600 328 1956 390 EPISTOLIE
1998 328 2086 386 ET
2127 330 2468 389 DECRETA.

3518 331 3660 388 1502

392 465 629 515 vestram
673 457 730 515 in
777 455 995 514 Christo
1038 457 1178 514 bene
1230 453 1432 512 valere.
1484 453 1618 510 Data
1642 467 1674 507 ι·
1713 448 1982 507 Kalendas
2007 451 2059 511 Λ
2087 463 2192 504 non
2224 449 2459 514 feriaris,
2488 462 2753 520 praecave.
2779 451 2916 521 Quia
2938 466 3113 524 neque
3144 461 3222 520 tu,
3254 454 3347 525 qui
3371 454 3580 512 honore
3605 464 3661 512 et

388 547 541 617 Julii,
569 545 866 606 indictione
892 563 975 604 ιιι.
1222 621 1224 624 ν

1084 635 1277 693 XXVI.

534 769 604 811 ΔΙ)
630 766 947 812 ΗΙΝΩΙΑΒΠΙ
978 764 1436 809 Λιιοιιιεριεῦονωί
1481 762 1821 806 ΒΗΕΜΕΝΞΕΞΙ.

990 866 1170 940 (Anno
1204 864 1354 939 870.)

374 976 578 1056 ‘Argttit
598 981 965 1056 {ﬂuentorum
985 981 1124 1055 quod
1158 978 1410 1056 Carolum
1434 993 1604 1056 regem
1638 994 1671 1033 a
1697 977 1843 1047 regni
1872 974 1977 1032 Lo-

466 1049 629 1124 iltarii
658 1052 964 1124 pervasione
988 1049 1093 1124 non
1125 1050 1410 1124 revocarit,
1443 1049 1734 1124 litterisque
1774 1056 1976 1118 aposto-

463 1123 580 1178 licis
599 1117 705 1176 non
731 1120 1076 1190 rescripserit.
1115 1117 1382 1174 Hortatur
1407 1129 1464 1173 ut
1485 1117 1657 1190 regem
1681 1118 1744 1171 ab
1768 1117 1828 1190 eo
1854 1133 1978 1190 conj

462 1192 586 1249 sitio
610 1186 965 1258 deterreat,“
999 1188 1135 1247 alios
1154 1190 1353 1262 legatos
1373 1205 1436 1245 ea
1457 1189 1522 1245 de
1547 1186 1708 1244 causa
1722 1189 1910 1243 missos
1928 1186 1978 1242 ei

459 1262 814 1321 commendat.

460 1374 740 1431 ADRMIDS
766 1371 1077 1443 episcopus,
1134 1384 1328 1428 servus
1364 1382 1647 1428 servorum
1679 1370 1795 1435 Dei,
1818 1384 1980 1427 reve-

390 1465 706 1523 rentissimo
729 1473 785 1520 et
814 1464 1162 1520 sanctissimo
1187 1464 1451 1521 confratri
1471 1472 1663 1520 nostro
1689 1463 1976 1521 HINCMARO

388 1559 684 1618 Rbemensi
709 1558 1138 1629 archiepiscopo.
1486 1600 1490 1605 .

462 1651 521 1707 Si
543 1650 933 1708 beneficiorum
957 1647 1193 1714 Domini,
1218 1663 1339 1718 quae
1373 1648 1519 1703 sedis
1547 1645 1859 1719 apostolica:
1890 1647 1975 1702 in-

380 1743 588 1803 stantia
628 1749 955 1801 consecutus
999 1756 1081 1807 es,
1130 1755 1339 1796 memor
1380 1754 1572 1806 esses;
1614 1751 1708 1795 aut
1736 1740 1781 1795 si
1810 1740 1882 1793 ita
1910 1739 1976 1793 de

388 1835 644 1907 proximi,
678 1834 825 1890 sicut
849 1832 919 1889 de
947 1833 1202 1905 propriis,
1242 1833 1459 1891 casibus
1481 1831 1637 1901 juxta
1664 1831 1809 1902 quod
1839 1831 1973 1887 seri-
2002 1806 2050 1867 Β

387 1936 540 1999 ptum
566 1933 651 1983 est
678 1926 1014 1992 condoleres,
1048 1925 1294 1996 profecto
1321 1933 1415 1980 aut
1455 1939 1612 1979 amor
1640 1924 1758 1989 Dei,
1792 1930 1885 1978 aut
1912 1923 1974 1978 ti-

386 2032 512 2075 mor
539 2017 821 2089 gebennm,
861 2016 929 2073 ad
957 2015 1248 2087 pastoralis
1276 2030 1422 2071 curae
1456 2015 1820 2070 ministerium
1842 2028 1973 2084 per-

387 2110 664 2182 agendum
705 2124 734 2163 a
781 2122 973 2165 somno
999 2108 1218 2165 desidiae
1247 2107 1534 2172 excitaret,
1566 2114 1622 2162 et
1664 2106 1730 2160 ad
1760 2121 1973 2161 annun-

387 2200 629 2260 tiandum
674 2201 861 2273 iniquo
927 2200 1270 2271 iniquitatem
1329 2214 1484 2255 suam
1542 2199 1625 2254 vel
1698 2199 1973 2256 modicum

386 2294 667 2357 invitaret.
694 2291 802 2348 Sed
821 2301 883 2348 ut
906 2291 963 2348 in
990 2292 1176 2348 multis
1200 2293 1497 2353 cernimus,
1521 2291 1747 2347 etoculo
1778 2291 1977 2346 mentis

384 2392 588 2443 nostra
616 2381 983 2452 conspicimus
1011 2420 1027 2446 ,
1060 2381 1373 2437 abundante
1400 2382 1713 2450 iniquitate,
1744 2389 1799 2435 et
1832 2380 1973 2436 mul-

389 2482 569 2535 torum
600 2472 871 2530 charitate
914 2468 1292 2542 refrigerante,
1336 2471 1439 2542 ipsi
1485 2479 1734 2540 pastores
1763 2486 1976 2527 merce-

378 2565 667 2638 ,nariorum
686 2578 897 2621 morem
948 2572 1272 2634 sequuntur,
1311 2563 1406 2633 qui
1444 2563 1633 2617 vident
1667 2562 1853 2632 lupum
1881 2575 1974 2617 ve-

388 2656 652 2722 nientem,
699 2663 757 2715 et
797 2654 1078 2713 dimittunt
1126 2668 1289 2720 oves,
1341 2662 1398 2710 et
1441 2652 1669 2724 fugiunt.
1723 2644 1972 2707 Primum

389 2759 572 2808 tamen
604 2749 885 2809 reminisci
923 2749 1107 2814 debes,
1159 2750 1204 2806 si
1251 2762 1490 2820 unquam
1519 2746 1835 2819 apostolicis
1855 2748 1975 2819 epi-

387 2842 545 2899 stolis
562 2856 669 2898 non
691 2842 1021 2913 rescriptum
1035 2842 1129 2908 sit,
1143 2850 1199 2897 et
1221 2840 1671 2899 convenientibus
1698 2841 1976 2910 responsis

387 2935 455 2992 de
484 2937 719 3009 negotiis
752 2936 896 2997 unde
925 2936 1189 3009 agebatur
1215 2975 1231 3002 ,
1274 2934 1585 3006 apostolicae
1627 2936 1744 2991 sedi
1783 2936 1976 2991 remis-

386 3041 508 3083 sum
533 3044 546 3087 :
571 3027 733 3084 sicuti
764 3036 913 3083 tuam
936 3020 1297 3084 reverentiam
1320 3042 1421 3099 pro
1443 3034 1632 3083 nostro
1653 3034 1973 3097 contemptu

386 3118 583 3195 fecisse
624 3120 843 3191 penitus
887 3127 1124 3186 constat,
1165 3121 1382 3192 quando
1416 3135 1588 3192 nuper
1616 3135 1714 3192 per
1754 3128 1972 3176 nostros

388 3210 588 3265 missos
618 3209 672 3265 in
703 3208 1002 3266 Galliarum
1027 3218 1212 3282 partes
1233 3210 1490 3281 epistolas
1534 3219 1646 3265 tam
1677 3211 1775 3267 tibi
1806 3225 1971 3282 quam

388 3302 513 3361 aliis
543 3302 956 3370 destinavimus,
989 3311 1047 3358 et
1077 3303 1284 3358 nullum
1311 3303 1440 3360 inde
1465 3318 1786 3375 responsum
1817 3320 1975 3361 rece-

387 3395 584 3466 pimus.
611 3393 724 3455 Sed
745 3395 871 3466 quia
894 3394 1068 3453 dehis
1094 3394 1202 3450 alio
1225 3395 1346 3451 loco
1364 3395 1652 3451 dicendum
1674 3405 1776 3463 est,
1803 3405 1976 3453 restat

390 3495 451 3545 ut
476 3486 545 3543 de
574 3486 682 3547 tuis
710 3486 925 3544 actibus
953 3501 1051 3557 per
1066 3486 1360 3557 justitiam,
1383 3502 1449 3541 ex
1472 3488 1738 3544 charltate
1768 3496 1973 3556 tamen,

392 3577 798 3649 reprehendere
821 3591 931 3633 non
969 3577 1307 3634 omittamus.
1343 3578 1477 3647 Quis
1504 3579 1669 3650 igitur
1702 3580 1893 3637 melius
1923 3590 1976 3638 te

389 3670 558 3737 novit,
585 3669 730 3740 quod
779 3668 875 3725 filii
907 3669 1186 3740 quondam
1208 3670 1471 3726 Ludovici
1517 3672 1886 3743 imperatoris,
1918 3673 1975 3728 in

387 3777 556 3823 unum
600 3762 989 3819 convenientes
1048 3777 1274 3835 regnum
1328 3764 1471 3820 inter
1522 3779 1581 3819 se
1631 3765 1972 3834 diviserunt,

385 3847 611 3922 iureque
623 3852 858 3923 iurando
877 3852 981 3911 sibi
1008 3852 1246 3909 invicem
1295 3853 1680 3921 promiserunt,
1707 3864 1767 3907 ut
1794 3855 1975 3910 nullus

391 3959 581 4009 eorum
633 3959 859 4016 regan
907 3946 1131 4003 alterius
1182 3944 1371 4001 fratris
1405 3945 1509 4000 sibi
1543 3953 1854 4014 usurparet,
1884 3952 1978 3999 aut

391 4036 613 4093 omnino
632 4037 985 4108 pervadeth
1010 4046 1066 4095 et
1099 4046 1226 4092 tunc
1255 4035 1482 4093 Carolus
1503 4051 1621 4100 rex,
1657 4049 1974 4091 sacramen-

393 4127 465 4189 tis
497 4127 603 4185 illis
628 4129 972 4200 contemptis,
1015 4143 1260 4201 regnum,
1309 4127 1473 4198 quod,
1510 4125 1771 4182 Lothario
1803 4126 1977 4196 impe-

391 4224 574 4277 ratore
595 4218 871 4287 defuncto,
894 4219 1117 4277 domino
1139 4218 1491 4275 serenissimo
1518 4218 1835 4289 imperatori
1862 4218 1976 4274 tilio

391 4308 509 4380 ejus
534 4310 778 4379 debetur,
810 4312 1039 4379 invasit,
1067 4321 1124 4368 et
1163 4312 1325 4368 fidem
1354 4311 1590 4367 debitam
1622 4311 1864 4367 violavit.
1894 4311 1975 4366 Tu

390 4420 545 4472 vero,
571 4407 698 4477 quia
748 4406 967 4472 siluisti,
998 4413 1054 4463 et
1075 4416 1267 4463 contra
1295 4405 1402 4461 tale
1430 4403 1640 4460 facinus
1672 4405 1864 4461 saltem
1892 4403 1973 4459 le—

2078 539 2347 611 dignitate
2375 543 2587 618 caeteris
2614 543 2757 599 illius
2795 546 2947 616 regni
2977 548 3246 619 episcopis
3268 564 3327 604 es
3352 550 3658 617 sublimior,

2078 631 2307 691 silentiis
2335 635 2565 706 opprimi
2619 636 2825 693 debes:
2865 654 3062 709 neque,
3114 641 3158 697 si
3206 658 3314 697 non
3355 644 3469 715 regi
3497 658 3662 714 prave

2077 725 2257 794 agenti
2288 727 2575 793 restiteris,
2598 743 2783 783 coram
2814 730 2969 786 nobis
2988 733 3318 789 excusabilis
3348 735 3554 805 poteris
3576 735 3660 790 in-

2077 819 2272 873 veniri.
2312 818 2470 874 Mone
2503 820 2669 892 igitur
2712 830 2918 876 eumut
2952 836 3010 878 se
3039 824 3294 897 corrigat,
3328 841 3662 899 regnumque

2077 911 2349 981 quondam
2402 912 2645 969 Lotharii
2700 914 3062 986 imperatoris,
3106 919 3251 989 quod
3290 921 3358 975 ad
3399 937 3522 976 eum
3552 938 3659 979 non

2078 1007 2336 1078 pertinet,
2369 1008 2623 1064 invadere
2648 1008 2763 1079 jam
2792 1009 3038 1066 desistat.
3068 1010 3189 1067 Jam
3223 1027 3374 1078 vero,
3406 1014 3450 1069 si
3476 1014 3529 1070 in
3561 1015 3660 1071 ob-

2078 1099 2388 1157 stinationis
2415 1116 2527 1157 suae
2560 1102 2789 1171 perfidia
2836 1112 2961 1174 post
2989 1112 3223 1161 vestram
3248 1108 3661 1163 conventionem

2077 1190 2373 1260 persistere
2401 1191 2674 1256 maluerit,
2705 1207 2868 1262 quam
2910 1192 3067 1261 juxta
3091 1203 3275 1251 nostra
3306 1198 3509 1253 monita
3533 1198 3665 1254 resi-

2077 1283 2306 1354 piscere,
2332 1284 2401 1340 ab
2435 1284 2579 1340 illius
2604 1301 2701 1342 vos
2745 1286 3127 1343 communione
3172 1298 3334 1359 atque
3383 1291 3662 1348 consortio

2079 1381 2442 1444 sequestrate,
2492 1385 2547 1432 et
2593 1376 2886 1432 secundum
2927 1378 3265 1450 Apostolum,
3312 1395 3414 1436 nec
3462 1382 3573 1438 Ave
3613 1384 3679 1440 ei'

2072 1464 2322 1522 dicentes
2350 1466 2436 1539 (ΙΙ
2462 1466 2621 1522 Joan.
2648 1469 2728 1536 χ),
2759 1468 2805 1524 si
2841 1479 3040 1525 nostrm
3069 1473 3471 1529 communionis
3498 1473 3664 1533 vultis

2079 1569 2199 1611 esse
2246 1558 2562 1629 participes,
2612 1562 2957 1631 praesentiam
3001 1561 3119 1632 ejus
3175 1564 3352 1621 modis
3410 1567 3665 1624 omnibus

2080 1646 2336 1704 devitate.
2369 1650 2504 1706 Nam
2556 1659 2613 1707 et
2658 1666 2759 1709 nos
2810 1654 2886 1709 ita
2921 1655 3346 1729 uniuscujusque
3394 1657 3663 1726 iustitiam

2080 1737 2330 1795 volumus
2359 1749 2415 1795 et
2440 1741 2795 1812 exquirimus,
2836 1752 2898 1800 ut
2927 1745 2972 1801 si
3004 1746 3144 1802 idem
3178 1763 3273 1803 rex
3310 1749 3512 1804 nostris
3535 1766 3666 1822 apo-

2079 1831 2283 1888 stolicis
2336 1835 2853 1904 exhortationibus,
2905 1837 3321 1914 salubribusque
3369 1844 3659 1914 praeceptis

2077 1937 2205 1978 mox
2230 1926 2497 1995 susceptis
2532 1926 2620 1982 his
2659 1926 2856 1985 litteris
2901 1945 3009 1989 non
3044 1930 3335 1998 obedierit,
3358 1940 3413 1986 et
3443 1948 3471 1987 a
3496 1934 3665 1990 tantis

2078 2017 2378 2087 tyrannicis
2407 2017 2739 2075 factionibus
2789 2036 2897 2078 non
2946 2021 3323 2090 declinaverit,
3374 2023 3665 2092 adjuvante

2076 2102 2208 2170 Deo,
2238 2121 2338 2162 nec
2366 2122 2539 2174 mora,
2571 2109 2829 2164 continuo
2869 2109 2975 2165 iter
3019 2119 3266 2167 nostrum
3295 2121 3514 2168 nostros
3537 2111 3666 2169 sub-

2077 2206 2334 2268 sequetur
2386 2199 2614 2270 legatos,
2658 2208 2712 2256 et
2753 2201 3016 2273 quidquid
3064 2202 3131 2258 de
3169 2202 3365 2260 talibus
3394 2206 3668 2276 tantisque

2074 2291 2234 2357 viris,
2266 2291 2434 2346 Deum
2489 2304 2588 2361 per
2624 2306 2722 2347 nos
2751 2293 2975 2348 omnino
3013 2293 3414 2366 spernentibus,
3450 2304 3665 2368 oportet

2075 2396 2358 2452 peragere,
2392 2383 2756 2452 praeveniente
2794 2383 2969 2454 gratia
3013 2384 3187 2440 sancti
3231 2385 3490 2456 Spiritus,
3514 2401 3658 2458 pra:-

2077 2469 2385 2527 sentialiter
2433 2486 2777 2544 peragemus,
2809 2472 2962 2529 nullo
3002 2482 3182 2545 pacto,
3213 2476 3470 2548 nulloque
3491 2486 3667 2534 retra-

2078 2559 2337 2616 ctationis
2358 2560 2764 2634 impedimento,
2803 2564 2930 2619 talia
2957 2565 3075 2621 sine
3098 2565 3303 2622 ultione
3331 2568 3490 2640 digna
3519 2585 3663 2641 prte-

2078 2651 2458 2707 termittentes.
2492 2652 2776 2711 Postremo
2807 2671 3135 2729 magnopere
3175 2673 3584 2717 commonemus
3608 2669 3667 2718 ut

2077 2742 2178 2798 hos
2209 2743 2541 2832 apostolatus
2566 2746 2741 2802 nostri
2783 2747 3084 2821 praecipuos
3133 2749 3350 2817 missos,
3399 2749 3667 2809 Joannem

2075 2835 2347 2902 videlicet,
2381 2836 2551 2909 atque
2590 2838 2811 2895 Petrum
2836 2880 2852 2909 ,
2906 2856 3001 2897 seu
3032 2841 3383 2910 Wibbodum,
3413 2852 3470 2900 et
3497 2843 3661 2901 Joan-

2075 2942 2221 2992 nem,
2244 2928 2570 2988 reverendos
2590 2932 2891 3005 episcopos,
2917 2950 3018 2992 nec
3049 2950 3158 2991 non
3189 2943 3245 3012 et
3272 2934 3496 2993 Petrum
3527 2936 3659 3008 reli-

2073 3019 2281 3092 giosum
2329 3021 2710 3094 presbyterum
2760 3023 3001 3082 cardinis
3045 3026 3236 3092 nostri,
3293 3027 3659 3101 dilectumque

2075 3121 2319 3169 nostrum
2349 3112 2695 3186 familiarem,
2727 3132 2827 3190 pro
2863 3119 3169 3191 principum
3193 3120 3563 3192 apostolorum
3589 3123 3659 3180 ab

2079 3209 2328 3264 omnibus
2365 3208 2701 3279 pracferenda
2755 3215 3058 3270 reverentia
3100 3224 3155 3271 et
3183 3229 3389 3281 amore,
3435 3215 3667 3287 benigne

2076 3300 2363 3372 suscipias,
2383 3309 2439 3356 et
2459 3311 2645 3372 utpote
2665 3319 2696 3358 a
2720 3311 2868 3359 tanta
2896 3309 3022 3360 sede
3045 3305 3336 3376 digressos,
3362 3306 3664 3363 honorifice

2077 3401 2327 3462 receptos
2354 3393 2521 3450 colas.
2550 3394 2685 3464 ipsis
2712 3397 2857 3451 enim
2900 3411 3021 3469 qua:
3060 3398 3258 3468 pagina
3287 3398 3529 3465 reticuit,
3565 3397 3661 3454 tibi

2079 3483 2306 3539 dicenda
2352 3485 2707 3555 iujunximus.
2758 3484 2827 3543 Et
2873 3487 2994 3544 ideo
3032 3489 3294 3561 quidquid
3339 3488 3664 3545 verbotenus

2078 3576 2443 3647 exposuerint,
2494 3578 2613 3633 sine
2658 3578 2914 3650 scrupulo
2954 3592 3179 3651 prorsus
3227 3578 3473 3646 admitte,
3506 3584 3561 3633 et
3599 3585 3661 3633 ut

2077 3663 2321 3723 elilcaces
2356 3654 2426 3723 ad
2461 3682 2559 3723 nos
2589 3669 2790 3723 reverti
2843 3665 3080 3734 valeant,
3121 3668 3450 3725 omnimodis
3474 3666 3657 3740 vigila.

2078 3756 2342 3825 Optamus
2387 3759 2730 3814 sanctitatem
2766 3767 2912 3815 tuam
2964 3759 3019 3814 in
3048 3758 3267 3816 Christo
3296 3761 3435 3816 bene
3458 3758 3660 3815 valere.

2079 3847 2217 3903 Data
2236 3864 2271 3902 v
2291 3849 2560 3905 Kalendas
2582 3848 2732 3916 Julii,
2764 3851 3066 3927 indictione.
3084 3867 3167 3906 ιιι.

2772 3961 2986 4016 XXVII.

2363 4065 2432 4105 an
2454 4056 2744 4108 ‘rsocsnss
2787 4067 2946 4108 REGNI
2973 4066 3166 4108 cauom
3208 4067 3383 4109 cam.

2691 4163 2870 4239 (Anno
2908 4166 3059 4238 διο.)

2289 4282 2495 4343 Eadem
2513 4300 2632 4356 qute
2658 4284 2714 4339 in
2734 4283 2953 4356 epistola
2966 4282 3038 4340 25
3063 4282 3132 4339 ad
3163 4282 3447 4353 episcopos.

2149 4400 2427 4458 Αυιιλιισε
2461 4400 2771 4471 episcopus,
2805 4415 2994 4455 servus
3025 4414 3306 4457 servorum
3333 4396 3451 4464 Dei,
3482 4397 3663 4454 omni-

389 4490 531 4557 viter
554 4512 661 4554 non
678 4497 1046 4564 insurrexisti,
1070 4511 1179 4552 non
1205 4495 1379 4552 solum
1404 4510 1650 4563 consors,
1666 4497 1761 4552 sed
1785 4498 1973 4566 etiam,
2002 4524 2055 4587 Β
2079 4493 2180 4549 bus
2209 4491 2732 4587 optimatibusregni
2761 4491 2939 4547 Caroli
2961 4490 3181 4587 gloriosi
3212 4487 3376 4560 regis.

391 4587 536 4658 quod
557 4595 643 4645 est
664 4586 923 4653 deterius,
950 4586 1111 4655 hujus
1136 4585 1438 4658 tyrannidis
1460 4594 1654 4641 auctor
1674 4601 1797 4641 esse
1813 4588 1962 4644 vide-

394 4679 489 4737 ris.
521 4679 591 4736 Et
620 4679 763 4746 ideo,
796 4695 866 4737 ne
885 4688 941 4736 et
965 4678 1168 4749 nosipsi
1192 4693 1297 4749 pro
1335 4678 1724 4735 taciturnitatis
1755 4678 1973 4735 silentio

391 4769 534 4841 apud
561 4769 733 4826 Deum
759 4768 1088 4840 redditorem
1116 4769 1408 4840 unicuique
1435 4770 1593 4837 juxta
1629 4782 1766 4839 Opus
1789 4784 1972 4836 suum,

393 4860 850 4931 reprehensibiles
892 4876 1015 4920 esse
1062 4861 1364 4924 videamur,
1407 4861 1718 4930 apostolicis
1745 4876 1972 4917 somno-

392 4952 614 5010 lentiam
661 4962 900 5015 vestram
951 4954 1255 5012 excitamus
1289 4950 1560 5015 affatibus,
1601 4962 1657 5008 et
1695 4953 1785 5023 qui
1810 4953 1974 5009 aliter

398 5057 505 5099 non
540 5045 833 5113 debemus,
864 5056 926 5104 ut
953 5047 1024 5103 ad
1042 5054 1104 5101 te
1134 5043 1426 5102 revertaris
1464 5043 1828 5113 praecipimus.
1860 5045 1983 5101 allie-

396 5139 581 5188 mento
608 5135 751 5203 quod
780 5135 1046 5192 Dominus
1079 5134 1215 5190 tales
1250 5147 1350 5204 per
1379 5132 1704 5203 prophetam
1732 5133 1981 5205 increpet

396 5221 626 5280 dicens:
657 5223 784 5283 Non
821 5224 1133 5287 ascendistis
1176 5239 1243 5280 ea:
1270 5223 1509 5286 adverso,
1539 5237 1703 5290 neque
1731 5224 1978 5292 opposui-

396 5316 492 5374 sti:
516 5333 727 5374 murum
754 5333 852 5393 pro
876 5317 1038 5377 domo
1062 5317 1253 5383 Israel,
1296 5324 1355 5372 tu
1399 5314 1608 5370 staretis
1641 5315 1697 5369 in
1722 5314 1906 5384 prwlio
1923 5316 1982 5370 in

400 5408 486 5467 die
515 5408 728 5467 Domini
752 5410 975 5485 (Eucti.
1005 5409 1155 5482 ιιιι).
1186 5408 1451 5479 Quocirca
1487 5415 1548 5463 ut
1584 5408 1655 5462 ab
1700 5402 1983 5465 invasione

399 5504 555 5575 regni
600 5504 866 5577 apiritslis
910 5505 1010 5565 lilii
1054 5503 1229 5561 nostri
1267 5500 1529 5561 Ludovici
1567 5499 1830 5571 principis
1883 5515 1980 5555 rex

397 5607 581 5659 vester
619 5599 736 5670 jam
776 5600 940 5659 tertio
973 5598 1208 5659 monitus
1251 5595 1441 5668 procul
1476 5593 1717 5657 recedat,
1753 5592 1975 5659 insiste;

399 5698 460 5744 ut
489 5690 723 5762 amplius
770 5689 1069 5761 periurium
1104 5705 1215 5747 non
1253 5688 1513 5749 incurrat,
1560 5684 1802 5755 invigila,
1838 5690 1981 5741 etut

396 5797 501 5859 pro
534 5794 682 5841 retro
731 5783 904 5858 culpis
944 5784 1178 5861 peractis
1203 5779 1536 5857 apostolatus
1574 5776 1742 5838 nostri
1782 5775 1981 5849 jaculis

2150 4583 2336 4654 Nuper
2380 4582 2714 4655 apostolatus
2761 4584 2931 4638 nostri
2989 4580 3174 4637 missis
3215 4588 3377 4650 atque
3425 4577 3668 4650 epistolis

2079 4677 2445 4732 reverentiam
2483 4684 2722 4730 vestram
2753 4673 3051 4730 salutiferis
3078 4672 3570 4735 exhortationibus,
3606 4678 3667 4725 ut

2078 4765 2482 4835 vobismetipsis
2507 4763 2863 4819 consuleretis
2898 4764 3237 4834 monuimus,
3258 4771 3313 4817 et
3331 4760 3487 4833 jttxta
3517 4761 3663 4829 quod

2079 4872 2177 4914 vos
2206 4855 2465 4926 oportuit,
2489 4855 2835 4925 paternitatis
2866 4854 3059 4912 :xtl'ectu
3102 4869 3205 4908 non
3246 4853 3518 4908 immerito
3540 4867 3664 4907 cor-

2085 4947 2367 5017 ripuimus.
2414 4944 2520 5000 Sed
2573 4955 2780 5001 tantum
2835 4945 3127 5019 apostolica
3167 4943 3371 4998 monita
3415 4942 3663 4998 contem-

2085 5041 2285 5111 psistis,
2331 5047 2594 5111 quantum
2639 5054 2742 5094 nec
2769 5038 2972 5091 nostris
3008 5032 3252 5104 epistolis
3285 5030 3662 5100 respondistis,

2085 5148 2186 5188 nec
2210 5148 2391 5204 regem
2421 5139 2665 5186 vestrum
2687 5126 2936 5183 Carolum
2960 5137 3122 5196 grave
3141 5121 3353 5177 facinus
3384 5121 3664 5174 incurren-

2086 5233 2195 5281 tem
2222 5221 2412 5295 procul
2446 5222 2612 5276 dubio
2654 5216 2925 5275 doluistis.
2976 5216 3059 5268 Au
3109 5228 3218 5269 non
3276 5225 3441 5282 grave
3489 5209 3666 5266 scelus

2086 5318 2338 5381 incurrit,
2366 5314 2603 5384 quando,
2630 5312 2770 5367 sicut
2806 5308 2963 5364 multi
2993 5316 3231 5363 vestrum
3254 5311 3545 5370 noverunt,
3577 5304 3661 5359 sui

2083 5409 2303 5474 oblitus,
2339 5403 2735 5478 jusjurandum,
2780 5399 2925 5471 quod
2955 5399 3085 5455 olim
3112 5390 3238 5454 cum
3266 5397 3527 5453 fratribus
3549 5396 3664 5453 suis

2082 5500 2305 5573 pepigit,
2337 5511 2444 5567 quo
2493 5508 2654 5549 nemo
2682 5492 2897 5548 illorum
2945 5504 3169 5563 regnum
3215 5488 3399 5545 fratris
3438 5488 3665 5546 alterius

2084 5592 2367 5649 invaderet
2407 5586 2493 5641 vel
2543 5591 2851 5655 usurparet,
2893 5591 2954 5638 ut
2984 5581 3392 5637 evidentissime
3424 5578 3665 5650 patefac-

2086 5694 2198 5737 tum
2250 5686 2351 5744 est,
2407 5691 2630 5748 regnum
2684 5673 2956 5745 quondam
3002 5672 3245 5727 Lotbarii
3296 5671 3664 5751 imperatoris,

2086 5772 2231 5847 quod
2277 5770 2400 5844 iure
2453 5770 2578 5827 divo
2628 5767 2946 5841 imperatori
2992 5765 3192 5825 domno
3244 5762 3517 5824 Ludovico
3558 5764 3668 5821 filio
