4142 6296
474 270 618 335 1503

1825 267 2111 327 ADIlIANI
2149 267 2353 326 ΡΛΡᾸΕ
2392 266 2433 327 II

3643 254 3782 322 i305

480 394 597 465 ejus
646 405 859 464 semper
897 388 1141 463 Augusto
1191 388 1442 455 debetur,
1498 387 1695 459 spretis
1731 384 2060 456 juramentis
2088 387 2139 448 Α
2165 380 2431 438 laudanda
2452 390 2539 439 est
2567 380 2725 453 plane
2747 388 2931 439 vestra
2981 384 3314 453 constantia,
3348 400 3497 458 quae,
3536 390 3618 447 sui
3650 408 3762 449 non

481 488 700 554 invasit,
751 494 807 541 et
835 483 1057 556 perjurii
1093 483 1280 539 incidit
1309 481 1556 538 crimen?
1595 481 1749 536 Unde
1779 479 1936 534 valde
1966 479 2071 532 mi-

481 596 685 645 ramur,
735 576 1183 647 obstnpescimus,
1219 584 1275 631 et
1299 575 1565 640 dolemus,
1596 581 1655 627 ut
1688 573 1734 627 si
1777 586 1874 626 vos
1905 570 2065 624 iidem

480 671 559 727 illi
594 669 942 742 promisistis,
985 684 1154 738 quare
1200 668 1560 737 vosmetipsos
1602 664 1828 735 perditis
1861 670 1918 718 et
1959 676 2065 716 non

481 777 604 818 eum
648 760 808 815 modo
837 760 1195 832 suggerendo,
1229 760 1390 813 modo
1435 757 1565 813 illud
1597 764 1691 810 aut
1722 755 1851 809 illud
1899 768 2067 824 oppo-

479 852 678 919 nendo,
709 861 771 906 ut
793 851 1081 922 resipiscat
1109 849 1519 906 circumvenitis
1550 862 1564 901 :
1604 847 1735 917 quin
1763 847 1944 917 potius
1974 861 2067 901 vo-

477 943 563 999 bis
583 942 996 1008 consentien'do,
1027 949 1083 996 et
1122 941 1197 996 illi
1244 949 1353 996 tam
1399 938 1745 999 detestabilia
1787 936 2062 1004 faciendo,

480 1035 622 1106 quod
645 1035 815 1089 vestri
844 1048 951 1090 non
983 1032 1162 1089 fecere
1192 1041 1467 1104 parentes,
1498 1032 1807 1102 gehennam
1833 1029 2063 1099 paratis.

478 1124 745 1181 Pratlatus
798 1126 1064 1197 siquidem
1108 1125 1426 1194 imperator,
1483 1131 1696 1177 terrena
1754 1135 1918 1191 regna
1959 1135 2067 1175 non

478 1218 745 1283 ambiens,
798 1232 898 1288 pro
929 1216 1249 1271 liberatione
1295 1213 1475 1285 populi
1525 1213 1621 1268 Dei
1653 1211 1839 1267 multis
1868 1210 2068 1266 labori-

475 1310 580 1366 bus
604 1309 881 1382 fatigatus,
912 1308 1266 1378 triumphales
1288 1308 1340 1361 in
1368 1306 1795 1362 Sarracenorum
1826 1304 2067 1359 cervices

476 1402 656 1472 potius
685 1417 898 1466 manus,
930 1416 1093 1470 quam
1136 1399 1192 1453 in
1237 1414 1360 1453 eum
1412 1413 1639 1469 regnum
1688 1411 1847 1451 suum
1876 1394 2066 1463 tollen-

480 1500 589 1551 tem
616 1492 877 1548 extendit.
912 1490 1105 1547 Redite
1132 1505 1263 1561 ergo
1285 1490 1351 1544 ad
1383 1505 1496 1552 vos,
1522 1489 1881 1555 dilectissimi,
1916 1496 1970 1542 et
2006 1496 2067 1542 ut

475 1583 607 1639 olim
654 1583 858 1638 fcedera
910 1583 1052 1637 inter
1104 1582 1375 1639 seniorem
1432 1589 1701 1647 vestrum,
1758 1581 2067 1649 fratresque

477 1673 644 1740 illius,
686 1690 808 1729 cum
832 1673 1158 1743 juramentis
1192 1674 1397 1738 habita,
1442 1674 1537 1729 sed
1584 1672 1744 1728 modo
1781 1680 2061 1743 corrupta,

2169 476 2475 541 immemor,
2528 475 2685 531 tidem
2736 478 3061 546 promissam
3116 478 3319 534 merito
3359 484 3677 553 custodivit,
3708 496 3764 543 et

2167 566 2315 622 velut
2346 568 2517 622 frater
2543 576 2729 623 vester
2750 566 2994 635 Carolus,
3023 568 3252 626 alterius
3292 575 3450 645 regni
3470 574 3616 645 jura,
3652 579 3762 635 Lo-

2169 657 2330 711 tharii
2363 659 2632 727 quondam
2657 658 2867 714 scilicet
2893 661 3263 730 imperatoris,
3300 678 3423 734 quas
3442 665 3597 734 juxta
3620 669 3763 724 divi-

2168 764 2268 805 nas
2301 758 2464 819 atque
2504 751 2949 821 humanas‘leges
3002 753 3181 808 eidem
3219 755 3466 825 piissimo
3525 761 3764 832 impera-

2169 841 2271 896 tori
2303 840 2412 897 lilio
2447 842 2562 912 ejus
2591 843 2879 910 debentur,
2915 859 3019 900 nec
3041 846 3269 912 invasit,
3293 864 3390 905 nec
3419 855 3751 923 concupivit.

2166 932 2273 988 Pro
2298 934 2495 1003 quibus
2540 934 2750 990 scilicet
2777 936 3139 1006 iniquissimis
3174 941 3406 1007 actibus,
3437 959 3570 1014 quos
3598 947 3749 1002 idem

2167 1025 2415 1093 Carolus,
2448 1028 2557 1082 Deo
2585 1035 2920 1100 contempto,
2950 1031 3182 1101 peregit,
3214 1040 3270 1086 et
3293 1049 3391 1103 pro
3429 1034 3749 1105 juramentis

2168 1131 2287 1188 quae
2302 1132 2652 1188 corrumpere
2677 1134 2785 1175 non
2809 1121 3122 1190 trepidavit,
3150 1124 3311 1179 valde
3329 1126 3754 1197 ohstupescimus

2168 1214 2222 1260 et
2264 1205 2544 1261 miramur.
2571 1206 2709 1275 Quia
2760 1217 2817 1264 et
2863 1209 3106 1279 illorum,
3137 1228 3275 1283 quos
3303 1214 3527 1273 deviare
3553 1234 3758 1291 cogno-

2168 1299 2393 1364 scimus,
2424 1308 2633 1355 tantum
2675 1301 2984 1358 animarum
3020 1307 3263 1374 pericula
3288 1308 3561 1378 gemimus
3588 1322 3644 1367 et
3670 1315 3766 1368 do-

2170 1389 2365 1457 lemus,
2405 1400 2667 1462 quantum
2694 1408 2796 1464 pro
2820 1395 3073 1451 omnibus
3108 1397 3206 1463 illi,
3233 1399 3326 1468 qui
3358 1416 3458 1456 nos
3483 1418 3585 1457 suo
3612 1406 3764 1475 gregi

2167 1496 2402 1552 praeesse
2439 1484 2689 1555 dignatus
2728 1494 2833 1552 est,
2877 1488 3118 1546 rationes
3150 1506 3353 1560 ponere
3380 1495 3572 1562 procul
3603 1497 3767 1553 dubio

2170 1574 2576 1643 compellemur.
2611 1577 3003 1636 Verumtamen
3054 1582 3248 1639 missos
3276 1587 3449 1640 nostri
3497 1589 3767 1657 apostola-

2171 1676 2277 1733 tus,
2306 1683 2428 1722 cum
2454 1668 2701 1738 ejusdem
2747 1673 3013 1742 spiritalis
3044 1673 3139 1728 lilii
3169 1677 3340 1731 nostri
3366 1677 3594 1751 Augusti
3618 1681 3766 1751 lega-

477 1763 863 1831 reformentur,
897 1765 1015 1820 sine
1043 1764 1443 1821 cessationibus
1474 1764 1732 1819 laboratc.
1758 1763 1823 1818 Et
1859 1764 1905 1820 si
1932 1780 2057 1819 eum
2092 1745 2140 1806 Β
2169 1762 2263 1828 tis,
2303 1773 2411 1818 tam
2458 1766 2525 1819 ad
2548 1780 2646 1821 vos
2673 1781 2836 1836 quam
2888 1768 2955 1823 ad
2976 1768 3247 1824 .eumdem
3301 1745 3577 1840 Carolnm,
3623 1775 3763 1830 sicut

477 1858 686 1913 salvum
736 1858 1035 1914 consistere
1079 1859 1258 1921 vultis,
1307 1867 1368 1912 ut
1418 1858 1568 1930 regni
1612 1858 1736 1928 jura
1776 1856 1842 1912 ad
1865 1873 1923 1912 se
1956 1872 2065 1913 non

476 1951 805 2021 pertinentia
847 1951 1076 2006 desistat
1129 1952 1405 2018 invadere,
1452 1958 1752 2021 opportune
1810 1950 2064 2006 insistite.

476 2042 664 2097 Aliena
709 2057 815 2097 non
846 2043 1215 2114 concupiscat,
1247 2043 1423 2098 aliena
1460 2058 1569 2098 non
1617 2042 1815 2113 rapiat,
1841 2050 1897 2097 et
1925 2040 2067 2112 quod

478 2132 582 2188 sibi
599 2147 707 2187 non
730 2130 841 2187 vult
865 2132 1000 2196 ﬁeri,
1028 2133 1117 2187 alii
1142 2149 1368 2203 prorsus
1396 2149 1501 2188 non
1530 2132 1712 2189 l‘aciat.
1738 2132 2070 2189 Reminisca-

477 2212 566 2279 tur
593 2223 887 2294 Scripturae
908 2225 1136 2281 dicentis
1164 2243 1175 2278 :
1202 2224 1326 2279 Non
1349 2225 1687 2296 concupisces
1711 2241 1817 2279 rem
1841 2226 2069 2296 proximi

478 2316 556 2369 tui
576 2313 772 2387 (Exod.
805 2315 921 2386 xx).
949 2315 1017 2370 Et
1043 2331 1259 2372 rursum
1285 2335 1298 2371 z
1329 2314 1522 2371 Omnia
1550 2328 1873 2388 quiscunque
1909 2318 2069 2373 vultis

476 2410 534 2456 ut
577 2401 777 2472 faciant
836 2402 976 2456 vobis
1025 2403 1281 2469 homines,
1328 2403 1511 2457 cadent
1556 2411 1604 2457 et
1646 2419 1733 2458 vos
1772 2402 1930 2473 facite
1962 2402 2068 2460 illis

479 2491 695 2564 (Matth.
737 2492 855 2565 vn).
909 2492 1027 2548 Non
1077 2494 1221 2547 enim
1251 2500 1460 2548 tantum
1495 2507 1721 2565 regnum
1767 2494 2072 2566 cuicunque

480 2584 898 2653 augmentando,
928 2599 1093 2655 quam
1118 2584 1390 2653 justitiam
1429 2575 1778 2656 acquirendo,
1811 2588 1913 2642 ista
1947 2603 2070 2659 pro.

479 2675 779 2744 sequimur,
811 2684 864 2730 et
916 2692 985 2733 ne
1025 2677 1149 2747 quis
1176 2692 1276 2748 pro
1305 2678 1590 2750 temporali
1630 2695 1858 2752 regnum
1878 2682 2071 2752 perdat

478 2775 745 2824 aeternum
774 2809 789 2835 ,
832 2785 940 2824 non
996 2770 1233 2826 indebite
1284 2779 1674 2827 contestamur.
1728 2770 1884 2840 Quod
1936 2773 1982 2830 si
2016 2781 2072 2830 et

480 2878 624 2919 nunc
654 2863 740 2919 his
787 2863 1097 2920 salubribus
1146 2866 1348 2921 nostris
1389 2866 1862 2923 exhortationibus
1908 2877 2072 2939 atque

480 2954 872 3011 monitionibus
916 2965 1026 3011 tam
1060 2956 1175 3028 jam
1206 2956 1356 3025 {atus
1400 2973 1519 3024 rex,
1550 2974 1713 3030 quam
1746 2975 1842 3016 vos
1876 2976 2072 3031 parere

478 3047 949 3118 contempseritis;
1000 3048 1194 3105 scitote
1243 3050 1371 3120 quia
1408 3050 1554 3105 ducti
1584 3060 1815 3121 paterno
1843 3050 2063 3121 aﬂectu,

480 3135 987 3208 ferventissimoque
1038 3138 1154 3194 zelo
1181 3139 1441 3210 justitite,
1470 3142 1677 3209 statim,
1706 3142 1923 3200 Christo
1946 3146 2065 3215 opi-

482 3229 617 3298 llce,
660 3241 844 3302 partes
882 3230 999 3286 illas
1034 3231 1460 3302 penetrabimus,
1496 3243 1552 3289 ct
1586 3234 1640 3289 in
1667 3243 2074 3306 contemptores

482 3323 700 3392 dignam
763 3325 1010 3382 dabimus
1074 3325 1357 3383 ultionem.
1412 3326 1697 3384 Postremo
1745 3346 2074 3402 magnopere

482 3429 909 3483 commonemus,
940 3425 1000 3472 ut
1048 3418 1148 3473 hos
1185 3418 1519 3488 apostolatus
1562 3423 1733 3477 nostri
1775 3425 2075 3495 praecipuos

484 3505 699 3571 missos,
727 3507 991 3563 Joannem
1022 3510 1294 3577 videlicet,
1329 3522 1475 3580 etc.;
1506 3531 1674 3586 usque
1709 3517 1777 3569 ad
1801 3518 1980 3586 ﬁnem,
2018 3529 2073 3573 ut

481 3596 538 3649 in
564 3596 781 3665 epistola
802 3596 892 3671 .25
930 3600 999 3650 ad
1035 3602 1320 3668 episcopos.
1346 3601 1609 3671 Optamus
1633 3606 1957 3663 indu‘striam
1984 3624 2075 3664 ve-

482 3693 650 3740 stram
682 3687 735 3740 in
768 3686 986 3742 Christo
1005 3689 1142 3744 bene
1163 3690 1361 3745 valere.
1406 3693 1541 3746 Data
1567 3709 1601 3748 v
1626 3693 1898 3753 Kalendas
1922 3697 2070 3766 Julii,

486 3775 780 3834 indictione
804 3793 885 3833 ur.

1079 3894 1082 3897 ·
1151 3872 1389 3931 XXVIII.

796 3981 867 4022 AD
888 3980 1195 4026 ιπυονιεωι
1226 3984 1404 4025 REGEM
1430 3985 1744 4030 GERMANIE.

1100 4079 1276 4151 (Anno
1300 4079 1450 4152 870.)

486 4189 829 4268 Commendat
876 4192 1072 4268 legatos
1120 4208 1263 4255 suos,
1319 4192 1667 4268 et__Lud_ovici
1718 4196 2074 4268 imperatoris,

556 4275 768 4344 propter
793 4262 1032 4344 Lodrhrii
1062 4280 1275 4344 regnum
1311 4280 1343 4316 α
1372 4262 1563 4318 Carolo
1587 4262 1828 4344 inausum
1862 4262 2071 4325 missos.

559 4333 874 4404 Episcopum
928 4333 1161 4389 Colonia:
1204 4335 1316 4389 sine
1349 4352 1444 4389 suo
1490 4336 1735 4392 consultu
1770 4340 2075 4396 ordinatum

559 4404 722 4474 fuisse
744 4405 1098 4475 conqueritur.

556 4520 833 4578 ΑυίιιΑΝυε
862 4523 1167 4593 episcopus,
1196 4536 1387 4579 servus
1422 4536 1705 4580 servorum
1731 4524 1851 4594 Dei,
1882 4527 2079 4586 dilecto

489 4610 601 4667 ﬁlio
637 4613 909 4669 Luoovmo
935 4614 1170 4685 glorioso
1197 4616 1329 4686 regi.

561 4704 713 4760 Sicut
739 4721 881 4773 saepe
909 4721 1006 4775 per
1034 4708 1227 4762 missos
1248 4718 1302 4762 et
1323 4710 1580 4778 epistolas
1612 4721 1827 4770 vestras
1862 4729 2080 4786 compe-

491 4800 680 4864 rimus,
712 4799 778 4853 de
806 4798 1132 4854 exaltatione
1159 4801 1351 4855 matris
1375 4812 1570 4859 vestra:
1598 4806 1857 4861 Romana:
1887 4808 2079 4865 Eccle-

490 4893 585 4948 siae
607 4891 980 4963 jucundamini
1011 4932 1025 4958 ,
1075 4900 1133 4946 et
1184 4907 1307 4947 cum
1352 4895 1679 4952 charissimo
1729 4898 1841 4953 lilio
1896 4909 2083 4957 nostro

490 4985 711 5041 domino
733 4984 1007 5041 Ludovico
1044 4985 1288 5058 Augusto
1308 5001 1527 5042 omnem
1554 4989 1925 5056 concordiam,
1958 5008 2077 5048 om-

494 5094 724 5150 nemque
761 5079 912 5150 pacis
946 5080 1289 5138 dilectionem
1319 5094 1376 5139 et
1404 5082 1528 5138 lidei
1570 5083 1880 5154 possidetis,
1911 5095 1967 5140 et
1996 5087 2078 5142 in-

492 5172 813 5237 solabiliter,
853 5176 1312 5243 quemadmodum
1342 5177 1484 5232 idem
1506 5177 1888 5233 serenissimus
1914 5177 2081 5248 impe-

497 5274 645 5317 rator
672 5263 827 5319 nobis
858 5263 1114 5332 innotuit,
1143 5282 1240 5322 vos
1279 5269 1514 5324 retinere
1562 5269 1744 5325 multis
1770 5285 1954 5325 coram
1979 5286 2078 5341 po-

494 5356 616 5427 sitis
646 5355 992 5424 proﬁtemini.
1042 5359 1195 5416 Unde
1248 5360 1495 5431 gloriosae
1542 5372 1741 5418 vestra:
1794 5363 2078 5419 serenitati

500 5446 783 5501 nonnullas
809 5460 988 5519 grates
1035 5450 1337 5517 referimus,
1374 5461 1430 5507 et
1475 5462 1533 5508 ut
1580 5455 1634 5509 in
1681 5456 1875 5527 emptis
1924 5456 2083 5512 bonis

499 5543 880 5607 perseveretis,
922 5545 1234 5616 apostolicis
1283 5544 1557 5614 aifatihus,
1609 5549 1681 5603 [ili
1735 5551 2078 5617 charissime,

500 5631 828 5692 incitamus:
872 5639 1128 5708 quoniam
1174 5640 1434 5709 scriptum
1476 5652 1605 5699 est:
1647 5643 1751 5709 Qui
1792 5662 2085 5716 persevera-

499 5722 631 5778 verit
654 5729 878 5793 usquein
903 5729 1084 5799 ﬁnem,
1111 5731 1196 5786 hic
1233 5730 1408 5788 salvus
1429 5736 1525 5789 erit
1550 5734 1764 5806 (Matth.
1789 5736 1868 5810 χ).
1899 5738 2006 5796 Sed
2030 5748 2084 5797 et

2169 1869 2268 1910 nos
2288 1869 2459 1925 nuper
2489 1856 2671 1913 facere
2688 1859 3097 1930 proposuimus,
3123 1875 3254 1917 ecce
3273 1862 3594 1920 direximus.
3620 1865 3768 1933 Quos

2170 1946 2399 2017 benigne
2431 1962 2497 2003 ac
2522 1948 2825 2005 honoriﬁce
2853 1964 2954 2019 pro
2977 1966 3166 2007 amore
3192 1953 3561 2023 apostolorum
3590 1957 3769 2012 susci-

2167 2038 2403 2107 pientes,
2432 2052 2626 2094 omnes
2653 2039 2920 2097 utilitates
2940 2051 2994 2098 et
3021 2051 3324 2114 opportuna
3350 2046 3405 2100 in
3432 2062 3599 2117 opere
3620 2063 3767 2117 pra:—

2171 2130 2312 2185 senti
2344 2131 2559 2202 negotia
2578 2146 2703 2186 cum
2724 2133 2805 2188 eis
2839 2135 3116 2190 tractetis:
3146 2144 3433 2206 quatenus,
3455 2138 3540 2193 his
3559 2155 3762 2209 perac-

2172 2222 2259 2286 tis,
2312 2222 2456 2277 sicut
2501 2238 2601 2277 nos
2652 2228 2706 2277 et
2750 2238 2891 2294 saepe
2932 2225 3110 2280 dictus
3145 2226 3422 2297 Augustus
3447 2242 3759 2298 speramus,

2171 2313 2335 2369 iidem
2367 2311 2523 2368 missi
2551 2314 2691 2369 salvi
2723 2322 2884 2384 atque
2935 2316 3042 2371 illae
3072 2316 3117 2371 si
3156 2331 3253 2387 per
3279 2327 3520 2374 vestrum
3555 2323 3770 2393 adjuto-

2171 2404 2336 2470 rium,
2382 2404 2451 2460 ad
2496 2405 2816 2474 praedictum
2863 2419 3069 2477 regem,
3098 2408 3232 2463 duce
3261 2406 3398 2475 Deo,
3424 2412 3769 2480 perveniant,

2173 2504 2228 2552 et
2255 2496 2468 2568 re‘gredi
2499 2497 2737 2552 valeant.
2777 2495 2901 2553 Jam
2936 2513 3066 2554 vero
3118 2498 3163 2554 si
3208 2500 3353 2555 idem
3390 2514 3489 2556 rex
3529 2503 3773 2559 abinva-

2173 2591 2327 2647 sione
2350 2591 2439 2646 illa
2465 2593 2785 2661 cessaverit,
2821 2602 2878 2650 et
2921 2610 3036 2650 suae
3057 2596 3331 2668 tyrannidi
3355 2600 3604 2665 cesserit,
3632 2616 3767 2657 ecce

2172 2682 2331 2738 bene.
2373 2682 2468 2738 Sin
2496 2694 2703 2750 autem,
2743 2686 2938 2741 scitote
2966 2687 3095 2756 quia
3121 2702 3220 2757 per
3259 2703 3362 2745 nos
3388 2688 3512 2744 illuc
3537 2690 3645 2747 iter
3665 2708 3763 2748 ve-

2172 2773 2356 2830 niendi
2389 2774 2840 2845 accelerabimus,
2864 2786 2920 2834 et
2947 2778 3164 2834 velutin
3188 2789 3611 2853 contemptorem
3645 2784 3770 2854 Dei,

2174 2882 2237 2921 ac
2266 2866 2687 2936 apostolicarum
2717 2871 3100 2937 monitionum,
3130 2872 3393 2929 ultionem
3418 2875 3655 2932 debitam
3683 2877 3772 2932 in-

2175 2955 2454 3013 feremus:
2504 2974 2573 3014 ne
2613 2960 2769 3016 nobis
2794 2961 3113 3031 imputetur,
3157 2964 3203 3019 si
3243 2964 3333 3019 ille
3364 2966 3660 3037 impunitus
3684 2983 3775 3023 re—

2177 3049 2461 3115 manserit,
2491 3058 2547 3105 et
2572 3050 2617 3106 si
2645 3065 2704 3105 se
2730 3066 2759 3105 a
2809 3053 2991 3122 pravis
3020 3053 3257 3118 actibus,
3285 3048 3543 3127 perjuriis
3564 3058 3777 3115 scilicet

2177 3156 2242 3196 ac
2264 3142 2742 3213 concupiscentiis,
2773 3144 3005 3215 aliisque
3036 3145 3288 3203 nefandis
3334 3148 3635 3206 sceleribus
3658 3167 3768 3207 non

2175 3237 2431 3301 correxit,
2483 3246 2746 3294 venturus
2783 3237 2949 3308 judex
2998 3256 3123 3296 eum
3165 3242 3234 3298 de
3280 3245 3531 3300 manibus
3567 3248 3772 3304 nostris

2175 3329 2439 3398 requirat,
2471 3337 2527 3385 et
2564 3347 2663 3401 pro
2694 3332 2898 3388 desidia
2935 3335 3134 3390 merito
3177 3338 3554 3407 reprehendat.
3595 3338 3763 3394 Mira-

2175 3436 2298 3476 mur
2322 3431 2586 3492 praeterea
2610 3423 2838 3493 gloriam
2885 3433 3121 3480 vestram
3168 3426 3222 3481 in
3274 3427 3618 3497 praeﬁciendo
3645 3430 3765 3499 epi-

2176 3529 2344 3585 scopo
2368 3515 2681 3586 Agrippinae
2728 3516 2967 3573 Colonias
3010 3525 3120 3572 tam
3152 3518 3445 3575 indiscrete
3468 3522 3773 3592 praebuisse

2176 3621 2500 3661 consensum
2549 3626 2562 3662 :
2599 3591 3150 3665 cum'evidentissime
3174 3611 3343 3666 scires
3371 3613 3516 3682 quod
3551 3602 3771 3682 apesto-

2176 3699 2293 3757 lica:
2341 3702 2486 3755 sedis
2526 3702 2736 3772 judicio
2784 3713 2948 3774 atque
2984 3704 3228 3760 consultu
3268 3703 3467 3759 ibidem
3513 3706 3767 3762 debuerit

2176 3789 2415 3844 ordinari
2440 3792 2689 3860 antistes,
2726 3792 2882 3863 cujus
2913 3810 3143 3851 censura
3173 3808 3342 3866 nuper
3376 3794 3556 3851 fuerat
3573 3797 3769 3852 eadem

2177 3879 2423 3937 Ecclesia
2469 3899 2569 3939 suo
2608 3885 2820 3955 privata
2858 3897 3091 3942 rectore.
3133 3886 3202 3943 Et
3227 3888 3447 3959 quidem
3482 3890 3625 3958 quod
3652 3896 3780 3960 post

2174 3972 2434 4043 judicium
2480 3977 2625 4033 sedis
2665 3978 2978 4049 apestolicae
3012 3978 3215 4035 factum
3244 3989 3348 4047 est,
3373 3980 3510 4036 dure
3530 3983 3776 4052 suscepi-

2179 4080 2303 4121 mus
2334 4084 2347 4120 :
2390 4067 2485 4121 sed
2516 4068 2657 4137 quod
2687 4077 2776 4124 tua
2804 4085 2969 4140 super
2999 4070 3103 4127 hoc
3145 4070 3387 4139 devotio,
3427 4087 3588 4143 quam
3627 4072 3778 4129 circa

2178 4174 2279 4214 nos
2303 4159 2508 4215 habere
2538 4161 2813 4231 probaris,
2843 4162 3174 4219 omnimodis
3194 4164 3382 4230 tacuit,
3415 4164 3606 4220 durius
3634 4166 3782 4221 testi-

2180 4265 2413 4305 mamus.
2470 4250 2747 4323 Prmcipue
2801 4254 2928 4324 quia
2980 4254 3267 4311 Guntharii
3324 4256 3526 4311 dudum
3593 4258 3779 4313 archi-

2181 4341 2426 4413 episcopi
2455 4357 2698 4411 causam,
2726 4354 3019 4417 antequam
3045 4347 3100 4402 in
3128 4347 3307 4403 locum
3324 4348 3466 4404 illius
3490 4348 3781 4405 substitue-

2107 4465 2159 4525 Β
2186 4443 2336 4489 retur
2383 4436 2689 4506 episcopus,
2731 4454 2831 4494 nos
2882 4439 3083 4495 iterum
3125 4440 3444 4508 audituros,
3500 4448 3555 4496 et
3587 4452 3777 4496 vocem

2183 4522 2302 4593 ejus
2323 4525 2657 4581 admissuros
2672 4526 2807 4583 [fore
2827 4528 3236 4599 spopondimus.
3262 4526 3553 4585 Praefatam
3580 4531 3781 4600 quippe

2183 4619 2578 4676 ordinationem
2635 4635 2738 4676 nec
2776 4622 3188 4689 conﬁrmamus,
3231 4638 3333 4679 nec
3359 4631 3539 4678 ratam
3570 4622 3776 4678 habere

2186 4714 2547 4780 decernimus,
2578 4729 2859 4786 quousque
2887 4716 2979 4770 ille
3000 4717 3092 4786 qui
3119 4717 3406 4773 ordinatus
3434 4726 3535 4783 est,
3570 4726 3777 4773 nostra:

2184 4803 2506 4859 exhibeatur
2534 4805 2858 4873 praesentiat,
2881 4814 2937 4861 et
2965 4815 3196 4876 utraque
3238 4822 3366 4876 pars
3395 4820 3577 4861 coram
3614 4805 3779 4861 nobis

2189 4895 2456 4960 discussa,
2505 4904 2805 4952 conventus
2852 4897 3126 4969 synodalis
3160 4897 3525 4967 perpendetur
3554 4896 3781 4952 audien-

2187 4988 2280 5043 tia.
2310 4987 2590 5043 Postremo
2618 5004 2946 5062 magnopere
2972 5004 3400 5055 commonemus,
3428 4997 3488 5043 ut
3511 4989 3613 5044 hos
3645 5001 3782 5058 apo-

2185 5077 2415 5133 stolatus
2444 5078 2612 5134 nostri
2642 5080 2945 5150 praecipuos
2973 5080 3189 5147 missos,
3212 5077 3781 5144 Joannem-videlicet,

2186 5182 2346 5245 atque
2367 5174 2607 5240 Petrum,
2632 5189 2732 5231 seu
2761 5174 3112 5241 Wibbodum,
3137 5182 3194 5231 et
3217 5173 3503 5241 Joannem,
3529 5188 3783 5230 reveren-

2189 5269 2286 5324 dos
2310 5268 2619 5337 episcopos,
2646 5284 2748 5323 nec
2783 5284 2890 5322 non
2937 5276 2992 5324 et
3042 5267 3266 5323 Petrum
3311 5267 3623 5339 religiosum
3650 5281 3783 5337 pre-

2189 5362 2466 5433 sbyterum
2493 5362 2733 5418 cardinis
2773 5362 2969 5430 nostri,
3018 5361 3387 5432 dilectumque
3425 5371 3671 5417 nostrum
3701 5360 3783 5414 fa-

2190 5454 2481 5520 miliarem,
2512 5470 2609 5524 pro
2639 5454 2944 5526 principum
2993 5455 3358 5526 apostolorum
3410 5458 3479 5507 ab
3527 5453 3785 5507 omnibus

2188 5546 2523 5619 praeferenda
2562 5548 2864 5604 reverentia
2912 5557 2966 5606 et
3011 5565 3222 5615 amore,
3262 5547 3494 5620 benigne
3519 5544 3785 5616 suscipia-

2189 5644 2278 5709 tis,
2314 5652 2369 5699 et
2400 5652 2585 5715 utpote
2627 5660 2657 5699 a
2707 5652 2856 5699 tanta
2895 5646 3023 5701 sede
3049 5645 3347 5716 digressos,
3373 5640 3677 5697 honoriﬁce
3697 5656 3786 5697 re-

2191 5747 2375 5811 ceptos
2409 5739 2620 5796 colatis.
2654 5738 2788 5810 Ipsis
2812 5739 2960 5798 enim
2990 5753 3111 5812 qua:
3134 5737 3328 5811 pagina
3354 5735 3599 5806 reticuit,
3622 5732 3786 5792 vobis
