4142 6296
396 493 551 555 i505

1587 452 1945 550 EPISTOLJE
1986 482 2074 544 ET
2112 466 2458 541 DEC‘RETA.

3530 452 3670 514 1306

400 623 625 681 dicenda
662 596 1011 688 iniunximus.
1060 611 1128 668 Et
1182 609 1306 667 ideo
1348 608 1608 681 quidquid
1654 607 1981 662 verboteuus
2008 606 2055 667 Α
2083 599 2176 655 sed
2213 614 2359 653 nunc
2388 595 2582 652 melius
2608 593 2881 659 faceretis,
2911 590 3121 665 siquod
3153 588 3207 651 in
3237 589 3393 653 civili
3437 593 3670 650 concilio

402 713 767 783 exposuerint,
800 709 920 764 sine
958 703 1214 776 scrupulo
1251 717 1475 773 prorsus
1517 699 1809 765 admittite,
1836 705 1891 752 et
1925 704 1985 750 ut

401 804 648 861 eﬁicaces
674 803 740 857 ad
772 815 870 856 nos
894 797 1093 854 reverti
1122 795 1358 859 valeant,
1391 790 1718 848 omnimodis
1741 788 1981 859 vigilate.

409 897 676 969 Optamus
711 892 941 964 gloriam
969 898 1117 944 tuam
1167 888 1221 942 in
1249 885 1470 941 Christo
1511 896 1656 938 nunc
1688 889 1744 935 et
1770 892 1985 948 semper

402 989 538 1046 bene
583 986 787 1041 valere.
830 985 1025 1039 Datav
1066 978 1336 1035 Kalendas
1379 974 1528 1041 Julii,
1566 971 1860 1028 indictione
1897 984 1982 1025 ιιι.

1093 1090 1288 1149 XXIX.

406 1188 407 1191 “
504 1208 573 1249 an
604 1204 880 1248 nptscoros
914 1203 967 1243 IN
1005 1199 1178 1241 uacuo
1212 1196 1462 1238 LUDOVICI
1500 1190 1887 1236 cous'rrru'ros.

1015 1281 1191 1354 (Anno
1230 1275 1381 1348 870.)

404 1379 746 1438 Commendat
772 1378 989 1448 legatos,
1020 1382 1293 1448 monetque
1324 1378 1381 1423 ut
1423 1367 1531 1440 regi
1546 1369 1987 1448 _suo_perpetttam

701 1439 881 1521 pacein
906 1439 1025 1500 cum
1063 1439 1381 1515 imperatore
1421 1439 1703 1494 suadeant.

473 1545 747 1599 ADRIANUS
777 1542 1061 1612 episcopus
1086 1578 1102 1604 ,
1149 1550 1338 1592 servus
1365 1545 1643 1589 servorum
1672 1528 1791 1593 Dei,
1817 1526 1992 1601 omni-

401 1638 503 1695 bus
553 1631 1007 1692 reverentissimis
1030 1637 1085 1685 et
1109 1624 1467 1683 sanctissimis
1495 1620 1866 1678 confratribus
1893 1631 1993 1672 no-

403 1718 554 1796 stris,
585 1725 1007 1797 archiepiscopis
1036 1731 1093 1779 et
1119 1718 1387 1791 episcopis
1429 1717 1485 1772 in
1533 1729 1703 1787 regno
1731 1708 1990 1767 Ludovici

403 1823 622 1895 gloriosi
653 1820 798 1891 regis
822 1815 1154 1879 constitutis,
1175 1811 1425 1868 salutem.

473 1914 690 1971 Gratias
720 1890 927 1983 agimus
958 1909 1072 1963 Deo
1101 1901 1458 1975 omnipotenti
1506 1913 1607 1971 pro
1641 1896 1796 1954 vobis
1823 1890 1989 1965 quod,

2084 688 2222 761 apud
2255 703 2412 745 suum
2442 687 2755 758 episcopum
2792 700 3075 757 perperam
3104 693 3314 755 gestum
3344 692 3451 749 est,
3472 684 3528 738 in
3554 697 3673 753 pro-

2084 784 2301 841 vinciali
2362 780 2569 856 synodo
2624 780 2765 850 apud
2820 794 2917 834 vos
2967 777 3386 844 rationabiliter,
3433 784 3489 833 et
3530 776 3675 845 apud

2084 873 2305 930 fratrem
2330 881 2571 928 nostrum
2598 870 2952 925 Hincmarum
2978 866 3447 936 archiepiscopum
3478 880 3668 920 cassa-

2084 974 2254 1022 retur.
2283 964 2621 1035 Quapropter
2643 960 2937 1031 apostolica
2974 958 3264 1014 dilectione
3322 957 3553 1028 gloriam
3583 971 3676 1011 ve—

2086 1067 2253 1114 stram
2278 1058 2580 1120 hortamur,
2609 1063 2669 1109 ut
2720 1060 2815 1107 aut
2863 1050 3279 1122 praesentialiter
3327 1050 3456 1103 huic
3481 1048 3674 1104 Herle-

2007 1187 2010 1190 ρ
2086 1151 2228 1206 frido
2256 1150 2575 1222 presbytero
2599 1162 2754 1202 suam
2781 1144 3068 1201 ecclesiam
3095 1157 3219 1199 cum
3247 1141 3504 1205 omnibus
3533 1140 3672 1204 suis,

2086 1257 2258 1312 usque
2314 1241 2384 1294 ad
2433 1248 2647 1310 tempus
2702 1234 3061 1309 provincialis
3099 1234 3291 1306 synodi
3342 1234 3485 1288 hanc
3506 1232 3680 1287 libere

2088 1349 2427 1406 possessuro,
2445 1350 2544 1404 pro
2571 1340 2814 1402 tempore
2834 1330 2977 1400 quod
3004 1328 3144 1383 sacri
3159 1342 3397 1382 canones
3421 1325 3683 1382 deﬁniere

2095 1426 2413 1484 solemniter
2438 1425 2667 1481 reddere
2692 1422 2926 1488 faciatis,
2956 1419 3357 1490 autErpuinum
3371 1419 3683 1489 episcopum

2092 1535 2248 1577 suum
2279 1519 2513 1591 legatum
2539 1516 2719 1582 nobis,
2750 1515 2841 1585 qui
2867 1515 2984 1570 haec
3039 1513 3248 1583 plenius
3276 1512 3569 1581 veriusque
3596 1524 3684 1565 re-

2090 1609 2326 1675 nuntiet,
2385 1607 2803 1679 praesentialiter
2864 1605 3081 1660 mittere
3134 1603 3339 1675 cogatis
3374 1610 3684 1672 :quateuus

2092 1701 2219 1757 dum
2278 1700 2402 1756 luce
2441 1699 2639 1754 clarius
2689 1706 2883 1754 cuncta
2955 1698 3285 1761 noverimus,
3345 1696 3582 1751 sciamus
3629 1693 3685 1747 in

2092 1807 2254 1863 quem
2278 1789 2588 1862 apostolicae
2611 1788 3100 1844 animadversionis
3150 1787 3475 1844 sententiam
3504 1783 3687 1855 profe-

2095 1901 2300 1941 ramus.
2325 1885 2469 1941 Deus
2521 1898 2637 1969 vos.
2666 1881 2966 1938 incolumes
3011 1881 3302 1947 custodiat,
3335 1877 3687 1947 dilectissime

405 2006 546 2062 sicut
572 1971 809 2058 ﬁdelium
841 1999 1101 2055 relatione
1125 1971 1509 2066 comperimus,
1547 1998 1609 2044 ut
1648 1987 1792 2043 inter
1840 1998 1990 2040 sere,-
2022 1971 2068 2032 Β
2097 1979 2191 2036 ﬁli.

404 2097 690 2152 nissimum
740 2092 1040 2163 principem
1092 2095 1338 2143 nostrum
1369 2084 1627 2141 domuum
1661 2076 1993 2134 Ludovicum

401 2187 736 2258 Augustum,
766 2192 821 2238 et
847 2182 1142 2253 gloriosum
1173 2190 1355 2258 regem
1395 2174 1731 2244 :cquivocum
1760 2169 1878 2240 ejus
1896 2208 1911 2234 ,
1940 2173 1998 2221 et

400 2290 687 2351 patruum,
720 2276 991 2332 seniorem
1033 2272 1240 2329 scilicet
1269 2254 1533 2334 vestrum,
1569 2267 1726 2323 ﬁrma
1756 2262 1997 2319 Charitas

403 2379 458 2427 et
486 2385 587 2440 pax
615 2376 876 2437 perpetua
919 2371 1161 2428 maneat,
1210 2369 1398 2431 utpote
1446 2359 1572 2415 ﬁdei
1622 2355 1875 2412 custodes
1913 2353 1997 2408 in-

403 2459 662 2530 vigilatis,
702 2464 758 2512 et
807 2463 869 2510 ut
907 2453 1113 2509 foedera
1149 2453 1291 2507 inter
1327 2466 1422 2507 eos
1461 2449 1645 2505 habita
1681 2445 1997 2502 inconvulsa

405 2552 728 2617 consistant,
777 2547 1009 2603 suadere
1052 2545 1277 2601 curatis.
1309 2543 1601 2612 Quocirca,
1631 2539 1993 2604 dilectissimi,

406 2647 607 2703 nostris
627 2658 721 2700 vos
742 2640 1049 2713 apostolicis
1074 2637 1294 2694 monitis
1323 2637 1691 2698 exhortamur,
1723 2642 1786 2688 ut
1817 2632 1868 2687 in
1891 2632 1999 2688 hoc

406 2753 623 2809 semper
649 2732 1034 2808 perseveretis,
1089 2740 1145 2787 et
1199 2730 1430 2800 idipsum
1487 2728 1537 2784 ei
1582 2727 1810 2784 suadere
1861 2740 1998 2796 puro

405 2840 627 2904 pectore
655 2826 937 2885 studeatis.
954 2823 1089 2880 Tam
1107 2822 1344 2879 estenim
1367 2820 1439 2876 illi
1464 2820 1697 2876 invictus
1723 2820 1998 2891 Augustus

405 2923 723 2987 benevolus,
757 2927 1017 2991 quantum
1052 2931 1178 2986 erga
1211 2928 1400 2971 omnes
1423 2913 1685 2983 probatur
1722 2925 1840 2967 esse
1869 2910 2000 2981 piis-

407 3017 598 3072 simus.
629 3012 782 3069 State
822 3025 951 3081 ergo
980 3009 1036 3064 in
1069 3006 1175 3063 ﬁde
1200 3047 1217 3074 ,
1272 3004 1505 3061 viriliter
1552 3003 1697 3073 agite
1722 3042 1738 3069 ,
1785 3009 1842 3057 et
1888 3002 1999 3057 Deo

405 3105 686 3163 odibilium
718 3102 861 3157 facta
896 3098 1166 3156 declinate
1196 3115 1209 3150 :
1239 3095 1366 3165 quia
1389 3107 1496 3149 non
1529 3092 1686 3148 decet
1709 3107 1807 3147 vos
1837 3090 1998 3146 ﬁdem

407 3210 648 3258 vestram
700 3210 1109 3267 corrumpere,
1140 3193 1281 3249 sicut
1319 3189 1469 3256 illos,
1524 3187 1619 3259 qui
1663 3184 1857 3241 Carolo
1884 3181 2001 3253 regi

408 3292 611 3348 seniori
658 3305 756 3345 suo
805 3303 906 3361 pro
958 3288 1199 3369 humano
1243 3282 1431 3338 favore
1466 3283 1891 3342 consenserunt,
1939 3281 2003 3330 ut

408 3401 639 3457 regnum
688 3384 859 3455 ipsius
901 3379 1167 3453 principis
1193 3377 1364 3434 nostri
1394 3374 1755 3447 pervaderet,
1797 3377 1855 3425 et
1878 3382 2002 3439 per—

401 3477 535 3549 jurii
586 3491 788 3531 noxam
828 3474 1154 3529 incurreret.
1185 3469 1291 3525 Pro
1326 3468 1521 3539 quibus
1548 3482 1645 3522 vos
1671 3464 1864 3520 merito
1893 3459 2005 3516 col-

407 3568 712 3633 laudamus,
757 3574 811 3621 et
838 3573 898 3620 ut
928 3565 982 3619 in
1014 3563 1207 3634 coeptis
1232 3559 1621 3633 perseveretis,
1659 3552 2004 3627 paternitatis

408 3661 602 3716 aﬁ‘ectu
630 3658 979 3730 praecipimus
1008 3658 1025 3708 ':
1055 3655 1181 3726 quia
1206 3654 1297 3725 qui
1325 3648 1727 3723 perseveraverit
1756 3660 1918 3718 usque
1946 3644 2003 3698 in

410 3753 591 3824 ﬁnem,
639 3751 723 3805 hic
759 3747 934 3804 salvus
968 3746 1067 3800 erit
1109 3744 1326 3814 (Matth.
1358 3742 1436 3813 ι).
1465 3742 1749 3797 Postremo
1776 3750 2002 3808 magno-

410 3856 538 3915 pere
577 3852 986 3897 commonemus
1010 3877 1025 3904 ,
1061 3845 1127 3891 ut
1163 3835 1262 3891 hos
1294 3832 1627 3905 apostolatus
1664 3830 1834 3885 nostri
1865 3843 2006 3898 prae-

413 3933 602 4002 cipuos
626 3932 843 3995 missos,
866 3928 1121 3984 videlicet
1149 3925 1411 3980 Joannem
1444 3930 1609 3990 atque
1634 3919 1878 3980 Petrum,
1909 3930 2005 3969 seu

412 4023 740 4079 Wibbodum
759 4019 1088 4079 etJoannem
1116 4012 1446 4072 reverendos
1462 4009 1770 4080 episcopos,
1795 4017 2006 4058 necnon

412 4128 467 4175 et
494 4119 715 4174 Petrum
749 4114 1060 4189 religiosum
1106 4109 1482 4183 presbyterum
1531 4097 1769 4158 cardinis
1809 4094 2006 4161 nostri,

413 4212 779 4282 dilectumque
833 4214 1081 4263 nostrum
1140 4200 1463 4258 familiarem
1493 4238 1508 4264 ,
1563 4208 1663 4266 pro
1699 4190 2008 4264 principum

414 4302 783 4374 apostolorum
810 4301 880 4356 ab
923 4296 1178 4354 omnibus
1222 4291 1561 4365 praeferenda
1616 4282 1924 4342 reverentia
1951 4288 2008 4338 et

414 4373 619 4461 amore,
652 4374 886 4464 benigne
928 4386 1261 4459 suscipiatis,
1288 4392 1344 4439 et
1377 4390 1564 4453 utpote
1608 4393 1640 4433 a
1683 4385 1830 4432 tanta
1882 4373 2014 4430 sede

416 4489 711 4560 digressos,
732 4482 1031 4539 honoriﬁce
1055 4485 1302 4549 receptos
1325 4474 1536 4531 colatis.
1566 4471 1701 4542 Ipsis
1722 4468 1867 4525 enim
1891 4480 2012 4537 qum

415 4557 610 4651 pagina
635 4575 876 4640 reticuit,
901 4573 1056 4631 vobis
1076 4570 1305 4627 dicenda
1330 4564 1683 4635 injunximus.
1706 4561 1831 4616 Ideo
1853 4557 2013 4628 quid-

417 4670 549 4741 quid
588 4668 915 4723 verbotenus
960 4661 1331 4734 exposuerint,
1364 4659 1480 4715 sine
1509 4653 1764 4726 scrupulo
1790 4665 2013 4724 prorsus

420 4759 712 4825 admittite,
753 4765 810 4811 et
860 4764 921 4810 ut
963 4752 1208 4810 efﬁcaces
1263 4750 1331 4807 ad
1376 4765 1475 4805 nos
1520 4745 1721 4802 reverti
1778 4743 2009 4805 valeant,

418 4850 743 4906 omnimodis
776 4847 1016 4920 vigilate.
1060 4847 1325 4918 Optamus
1370 4840 1718 4897 sanctitatem
1772 4844 2015 4892 vestram

420 4941 476 4995 in
506 4943 722 4999 Christo
747 4943 886 5000 bene
913 4939 1117 4996 valere.
1166 4937 1301 4992 Data
1327 4949 1361 4989 v
1391 4922 1663 4988 Kalendas
1701 4928 1828 4985 Jttlii
1859 4968 1877 4998 ,
1931 4927 2016 4983 in-

424 5032 659 5091 dictione
684 5049 769 5092 ιιι.
1137 5098 1286 5159 xxx

814 5210 883 5251 AD
910 5210 1163 5253 (ιΑιιοιυιι
1187 5206 1398 5251 CALVUII
1425 5204 1623 5246 RECEI.

1028 5287 1221 5361 (Anno
1246 5284 1416 5356 870.)

747 5378 822 5435 De
851 5396 1019 5436 causa
1051 5378 1343 5449 Herlefridi
1389 5374 1697 5450 presbyteri.

496 5492 773 5550 ADRIANUS
820 5493 1128 5565 episcopus,
1181 5504 1369 5548 servus
1423 5482 1702 5546 servorum
1751 5481 1870 5550 Dei,
1904 5478 2021 5556 glo-

427 5585 575 5642 rioso
599 5585 820 5643 (Ἰηοιο
848 5586 982 5657 regi.

498 5677 651 5744 Quod
680 5685 1002 5749 prteseutem
1028 5675 1401 5746 presbyterum
1442 5669 1823 5734 Hcrlelridttm,
1863 5673 2019 5737 pote—

429 5779 571 5826 state
610 5772 691 5826 sui
720 5767 967 5841 pra-stilis
989 5766 1109 5838 plus
1142 5781 1305 5837 quam
1334 5764 1594 5822 canonica
1632 5762 1862 5817 veritate
1888 5771 2019 5828 per-

429 5862 662 5929 culsum,
689 5862 756 5916 ad
777 5863 962 5917 sedem
988 5858 1360 5930 apostolicam,
1384 5864 1569 5927 utpote
1590 5861 1753 5925 caput
1777 5851 2022 5908 omnium

431 5953 808 6023 ecclesiarum,
837 5951 1025 6031 venire
1048 5950 1194 6024 passi
1223 5948 1377 6017 estis,
1399 5949 1537 6006 bene
1559 5946 1776 6017 quidem
1790 5941 2020 6005 fecistis;

2029 3344 2075 3407 C

2785 2064 2984 2122 XXXI.

2240 2177 2308 2217 AD
2346 2175 2660 2216 HINCMABUH
2699 2169 3155 2214 ARCHIEPISCOPUM
3203 2167 3544 2209 RHEMENSEH.

2510 2252 2515 2259 '
2702 2251 2885 2322 (Anno
2912 2248 3066 2321 871.)

2137 2345 2206 2402 Ut
2232 2363 2356 2418 erga
2379 2342 2839 2417 comprovinciales
2864 2358 2988 2397 suos
3024 2357 3130 2397 non
3152 2349 3276 2412 agat
3307 2339 3642 2411 negligenter.

2169 2455 2448 2511 ADMANUS
2490 2454 2798 2530 episcopus,
2837 2467 3027 2509 servus
3074 2466 3356 2507 servorum
3412 2450 3547 2516 Dei,
3597 2463 3692 2506 re-

2098 2547 2481 2604 verentissimo
2517 2543 2779 2602 confratri
2835 2552 3023 2599 nostro
3077 2542 3364 2599 ΗιΝοιιΑιιο
3409 2540 3683 2612 archiepi-

2102 2657 2289 2713 scopo.

2171 2733 2438 2791 Fidelium
2462 2732 2728 2789 relatione
2759 2732 3125 2803 comperimus
3144 2730 3287 2801 quod
3316 2738 3408 2785 tua
3429 2729 3691 2785 fraterni-
3772 2778 3783 2786 .

2101 2828 2451 2885 tasdebitum
2494 2814 2736 2898 vigorem
2799 2826 2857 2881 in
2906 2824 3186 2895 provincia
3233 2822 3533 2881 Rhemensi
3581 2838 3691 2877 non

2100 2923 2346 2993 agitans,
2408 2919 2577 2975 multa
2636 2918 3060 2990 reprehensione
3122 2916 3443 2989 dignissima
3497 2930 3529 2970 a
3580 2914 3688 2970 tuis

2102 3011 2650 3084 comprovincialibus
2697 3009 3100 3065 convalescant.
3165 3007 3330 3079 Cujus
3378 3008 3458 3063 rei
3517 3006 3692 3077 gratia

2102 3103 2488 3175 negligentiam
2516 3109 2754 3157 vestram
2795 3101 2880 3156 his
2907 3098 3219 3171 apostolicis
3265 3096 3516 3154 atl‘attbus
3547 3097 3696 3153 exci~

2103 3202 2379 3260 tamus,ut
2400 3192 2695 3250 secundum
2724 3192 3157 3248 venerandorum
3181 3204 3451 3245 canonum
3478 3186 3695 3259 regulas

2107 3287 2180 3342 ita
2202 3286 2445 3343 omnium
2460 3275 2683 3342 omnino
2696 3280 3227 3356 comprovincialium
3242 3290 3457 3337 tuorum
3477 3279 3695 3354 synodi-

2108 3396 2199 3446 ce,
2224 3381 2374 3437 salvo
2389 3387 2589 3436 sanctae
2610 3378 2870 3434 Romanae
2890 3376 3145 3432 Ecclesia:
3162 3373 3448 3446 privilegio
3474 3385 3692 3427 reseces

2106 3473 2260 3539 vitia,
2289 3479 2347 3526 ut
2379 3470 2649 3543 privilegii
2674 3471 2751 3525 tui
2781 3483 2965 3525 coram
2992 3467 3137 3534 Deo,
3162 3454 3461 3535 nostroque
3491 3462 3697 3534 iudicio

2107 3580 2217 3621 non
2243 3564 2507 3620 merearis
2544 3565 2814 3620 sustinere
2858 3560 3149 3630 iacturam.
3195 3555 3459 3627 Optamus
3501 3553 3730 3610 frater-'

2107 3659 2334 3713 nitatem
2364 3665 2508 3714 tuam
2537 3657 2592 3712 in
2620 3654 2841 3712 Christo
2864 3655 3003 3710 bene
3044 3650 3249 3708 valere.
3280 3648 3416 3705 Data
3444 3664 3538 3705 vnt
3574 3647 3696 3703 Kal.

2106 3748 2278 3822 ΛΡΜ
2419 3839 2422 3842 ~
2786 3816 3006 3871 xxxn.

2288 3923 2355 3961 AD
2407 3921 2721 3963 HINCMARUM
2779 3922 3160 3961 LAUDUNENSEM
3201 3921 3521 3962 EPISCOPUH.
3612 3886 3615 3887 ν

2704 3997 2884 4068 (Anno
2922 3997 3076 4068 871.)

2112 4089 2305 4147 Sedem
2342 4089 2685 4160 apostolicam
2711 4090 3057 4161 quanto’cius,
3097 4100 3153 4145 ut
3195 4093 3471 4160 promisit,
3522 4095 3700 4149 adeat.

2180 4180 2461 4236 ADRlANUS
2497 4179 2804 4249 episcopus,
2837 4193 3028 4234 servus
3057 4194 3336 4236 servorum
3386 4182 3515 4249 Dei,
3544 4181 3706 4239 Hma-

2112 4288 2259 4329 quo
2279 4270 2624 4327 Lauduncnsi
2658 4270 2933 4340 episcopo.

2207 4362 2587 4419 Sollicitudine
2636 4360 2899 4431 pastorali
2949 4377 3113 4433 super
3164 4370 3268 4418 tua:
3321 4363 3704 4420 remorationis

2080 4454 2332 4535 nnegotio
2371 4453 2628 4524 liquidius
2657 4461 3088 4522 perscrutantes,
3137 4453 3441 4524 reperimus
3472 4463 3524 4510 te
3579 4470 3705 4509 sau—

2117 4560 2219 4607 ctac
2258 4549 2403 4605 sedis
2449 4546 2756 4619 apostolica:
2790 4547 3057 4616 promissa
3088 4547 3401 4604 visitatione
3422 4589 3438 4615 ,
3471 4549 3708 4604 ambitus

2116 4643 2349 4714 propriae
2394 4640 2729 4703 voluntatis,
2792 4655 2900 4710 quo
2949 4640 3081 4696 satis
3130 4634 3573 4713 tergiversatorie
3629 4642 3707 4697 uti

2040 4704 2093 4764 Β
2119 4737 2337 4801 diceris,
2364 4736 2603 4805 tepidum
2646 4704 2950 4789 reddidisse
2985 4752 2998 4788 :
3030 4742 3086 4789 et
3111 4704 3533 4804 autvnunquam
3581 4733 3712 4789 visi-

2119 4840 2237 4886 tare
2283 4836 2595 4884 sanctorum
2640 4827 3009 4897 apostolorum
3060 4826 3248 4883 limina
3301 4826 3558 4894 voluisti;
3618 4834 3714 4881 aut

2118 4923 2407 4979 Dominum
2435 4929 2559 4976 vota
2611 4927 2703 4975 tua
2752 4935 2861 4975 non
2910 4919 3101 4974 audire
3157 4919 3472 4985 credidisti;
3527 4926 3620 4972 aut
3657 4927 3714 4972 et

2119 5013 2407 5069 Dominum
2431 5011 2518 5066 cui
2542 5009 2829 5076 vovisti,et
2851 5024 2950 5063 nos
2980 5024 3009 5062 a
3033 5008 3229 5076 quibus
3256 5008 3438 5061 vocari
3468 5007 3711 5072 voluisti,

2119 5106 2311 5179 procul
2339 5106 2502 5161 dubio
2530 5100 2924 5171 contempsisti.
2957 5100 3101 5168 Ergo
3140 5114 3210 5153 ne
3245 5098 3406 5162 forte,
3443 5105 3501 5152 ut
3531 5098 3712 5153 credi-

2124 5213 2270 5264 mus,
2297 5195 2585 5252 occasione
2634 5188 2895 5246 adeundae
2916 5188 3062 5244 sedis
3095 5186 3409 5258 apostolicze
3452 5185 3647 5251 fretus,
3679 5202 3712 5241 a

2125 5284 2552 5345 reverentissimi
2582 5281 2771 5336 fratris
2797 5277 2971 5335 nostri
2993 5276 3273 5333 Hincmari
3310 5274 3712 5345 metropolitani

2126 5378 2207 5433 tui
2257 5375 2437 5434 debita
2491 5369 2829 5440 subiectione
2888 5366 3150 5421 aliorsum
3203 5363 3511 5427 declinans,
3564 5372 3713 5417 tanto

2125 5468 2349 5527 liberius
2377 5465 2528 5520 libita
2566 5477 2663 5532 per
2705 5461 2935 5515 abusum
2962 5455 3275 5527 pertinaciae
3316 5463 3421 5509 tuac
3459 5452 3712 5509 commit-

2128 5572 2237 5627 tas,
2268 5564 2531 5630 quautum
2560 5562 2616 5610 et
2665 5549 3080 5620 metropolitano
3129 5546 3451 5619 regulariter
3499 5543 3712 5614 subjici,

2131 5664 2187 5711 et
2208 5652 2276 5707 ad
2304 5665 2403 5705 nos
2422 5648 2487 5704 de
2512 5646 2600 5703 die
2628 5644 2683 5699 itt
2703 5644 2844 5699 diem
2864 5640 3166 5698 differendo
3190 5638 3375 5693 venire
3403 5638 3711 5692 detrectas:

2137 5745 2460 5805 auctoritate
2504 5738 2677 5796 sancti
2709 5736 2944 5808 Spiritus
2992 5733 3088 5790 tibi
3125 5730 3487 5804 praecipimus,
3518 5738 3579 5786 ut
3605 5744 3718 5785 mc-

2136 5858 2254 5900 mor
2275 5851 2553 5897 sacrorum
2589 5844 2879 5896 canonum,
2902 5827 2995 5898 qui
3017 5826 3210 5898 jubent
3228 5840 3326 5896 per
3353 5838 3719 5894 unamquam-

2140 5953 2245 6010 quc
2276 5930 2607 6008 provinciam
2644 5925 2731 5996 jus
2774 5920 3215 5995 metropolitanos
3249 5918 3489 5991 singulos
3519 5916 3720 5974 habere
