4142 6296
500 431 640 492 1507

1852 447 2132 506 ADRIANI
2169 447 2370 505 PAPIE
2410 448 2454 505 ιι

501 561 718 626 debere,
747 554 1161 652 metropolitano
1194 563 1286 614 tuo
1315 557 1641 652 peremnia,
1665 560 1964 652 secundum
1995 575 2082 616 sa-
2109 560 2158 620 Α
2185 559 2287 652 bus
2319 561 2571 630 gloriosis
2596 563 2887 622 comitibus
2907 572 2965 622 et
2989 568 3210 625 caeteris
3238 552 3490 631 ﬁdelibus
3531 576 3588 633 in
3616 594 3781 652 regna

496 666 623 707 eros
678 664 912 704 canones
938 688 953 715 ,
1003 648 1276 720 subjectus
1338 650 1544 706 existas
1588 665 1601 703 :
1636 665 1815 720 neque
1856 650 2083 706 moleste

499 740 641 797 feras
686 741 828 795 hunc
876 739 971 795 tibi
1022 753 1142 795 esse
1187 739 1491 808 praelatum,
1540 739 1633 809 qui
1676 748 1729 796 te
1780 740 1922 795 nosti
1976 741 2083 799 tuis

496 829 688 886 ovibus
738 822 858 886 esse
890 829 1258 901 praepositum.
1303 829 1442 897 Quin
1474 831 1675 900 potius,
1711 831 2080 890 obedientiam

496 938 656 993 quam
672 938 703 978 a
717 923 823 978 luis
837 922 1031 992 exrgis,
1044 919 1205 977 etiam
1230 921 1346 992 ipse
1372 922 1788 992 metropolitano
1805 931 1919 987 tuo,
1932 923 2081 978 salvo

496 1014 759 1070 duntaxat
796 1014 1105 1084 apostolij
1145 1015 1288 1071 sedis
1322 1015 1580 1086 synodico
1605 1014 1970 1085 proclamandi
1995 1015 2082 1086 ju~

495 1104 669 1170 dicio,
708 1106 971 1161 canonica
1012 1107 1128 1177 lege
1170 1106 1485 1177 dependens
1527 1116 1653 1163 vota
1699 1115 1820 1173 tua,
1870 1108 1914 1163 si
1954 1120 2082 1162 vere

493 1204 617 1252 vota
649 1196 888 1263 fuerunt,
912 1198 1361 1268 procrastinando
1393 1199 1578 1255 tandiu
1604 1214 1713 1255 non
1737 1197 1975 1263 diﬁ‘eras,
2009 1212 2080 1253 ne

491 1287 909 1345 existimationis
952 1297 1056 1344 tute
1111 1289 1398 1356 mercaris,
1449 1290 1595 1361 quod
1646 1306 1755 1347 non
1804 1297 2075 1361 optamus,

473 1380 761 1437 sustinere
783 1381 1078 1453 iacturam.

1160 1490 1394 1549 XXXIII.

858 1602 931 1644 ΔΙ)
966 1599 1215 1645 ΟΔΚΟΜῙΙ
1253 1600 1465 1644 CALVUI
1502 1601 1704 1646 BEGEI.

1107 1698 1285 1773 (Anno
1311 1700 1460 1774 871.)

489 1786 599 1846 Pro
626 1786 1012 1847 Carolomarmo
1039 1789 1217 1846 Caroli
1250 1792 1383 1862 regis
1408 1790 1521 1861 ﬁlio
1538 1832 1551 1857 ,
1581 1788 1669 1862 qui
1694 1804 1725 1862 α
1748 1798 1894 1861 parte
1918 1804 2072 1845 vexa-

559 1872 641 1924 tus
667 1862 735 1917 ad
779 1862 1075 1932 pontiﬁcem
1113 1878 1205 1933 per
1251 1861 1450 1933 legatos
1478 1861 1601 1917 suos
1629 1871 1677 1917 et
1703 1861 1905 1917 litteras
1946 1877 2071 1916 eon-

560 1933 785 2003 fugerat.

555 2045 829 2101 Anmmus
854 2044 1159 2116 episc0pus,
1182 2059 1375 2102 servus
1399 2060 1677 2103 servorum
1708 2046 1826 2115 Dei,
1853 2044 2074 2105 Canem

487 2135 623 2205 regi.
868 2195 883 2207 ,

558 2226 701 2285 lnler
737 2235 931 2283 caetera
966 2240 1287 2282 excessuum
1335 2235 1547 2283 tuorum
1578 2268 1592 2294 ,
1644 2227 1838 2298 quibus
1896 2228 2071 2285 aliena

486 2319 800 2389 usurpando
829 2318 1097 2377 invasisse
1126 2321 1365 2377 crcderis
1394 2360 1409 2388 ,
1457 2309 1585 2377 illud
1635 2336 1849 2391 quoque
1878 2321 2072 2379 nihilo—

486 2411 666 2468 minus
692 2408 969 2480 objicitur,
1002 2411 1145 2485 quod
1174 2412 1336 2468 etiam
1362 2413 1655 2467 bestiarum
1683 2410 1955 2468 feritatem
1983 2428 2074 2468 ex-

482 2504 705 2571 cedens,
733 2512 923 2560 contra
952 2504 1169 2574 propria
1198 2503 1435 2570 viscera,
1483 2504 1537 2559 id
1581 2512 1669 2560 est
1694 2513 1883 2560 contra
1910 2504 2075 2562 Caro—

483 2594 789 2650 lomannum
819 2596 1059 2666 genitum
1094 2604 1244 2650 tuum
1279 2596 1470 2651 saevire
1517 2595 1740 2651 minime
1780 2598 2021 2655 verearis
2052 2616 2069 2655 :

387 2754 407 2768 ξ
482 2685 560 2742 ita
605 2694 665 2742 ut
707 2701 862 2743 more
912 2686 1256 2753 struthionis,
1288 2686 1431 2757 quod
1478 2700 1548 2741 ex
1588 2686 1728 2743 libro
1770 2687 1916 2743 beati
1968 2682 2069 2745 Job

482 2776 602 2849 (Job
638 2778 829 2849 χχχιι)
859 2777 1143 2845 discimus,
1185 2777 1538 2834 obduraveris
1567 2777 1637 2831 ad
1686 2777 1853 2834 ﬁlium
1894 2786 2067 2847 tuum,

481 2870 636 2939 quasi
665 2885 772 2925 non
801 2869 872 2925 sit
899 2878 1021 2927 tuus
1051 2886 1064 2922 :
1095 2884 1219 2925 eum
1238 2868 1487 2925 videlicet
1510 2883 1616 2924 non
1637 2867 1815 2924 solum
1840 2878 2068 2940 paterna

480 2962 653 3033 gratia
679 2971 735 3018 et
766 2961 1046 3018 beneﬁciis
1075 2960 1297 3035 privans
1320 3000 1335 3027 ,
1363 2975 1552 3031 verum
1575 2959 1739 3014 etiam
1767 2961 1916 3030 regni
1946 2956 2070 3016 ﬁni;

479 3056 581 3111 bus
606 3053 915 3121 eliminans,
949 3062 1114 3124 atque
1146 3052 1291 3124 quod
1332 3051 1559 3122 impium
1589 3060 1693 3117 est,
1743 3058 1804 3106 ut
1852 3067 2068 3108 excom-

480 3147 724 3203 munioni
774 3147 1158 3213 submittatur,
1218 3143 1498 3201 aﬁ‘ectans.
1532 3143 1733 3203 Verum
1768 3144 1894 3215 quia
1925 3144 2068 3199 idem

479 3235 908 3295 Carolomannus
952 3237 1134 3294 sedem
1182 3236 1533 3308 apostolicam
1575 3236 1768 3308 legatis
1789 3235 1921 3302 suis,
1948 3244 2068 3291 tan-

479 3348 640 3404 quam
688 3334 1011 3404 quibusdam
1057 3331 1254 3404 pedum
1289 3346 1510 3387 suorum
1542 3330 1793 3400 passibus
1816 3328 1980 3396 adiit,
2006 3338 2063 3385 et

478 3442 578 3498 per
624 3429 875 3499 proprias
924 3426 1134 3483 litteras
1178 3439 1277 3482 nos
1304 3423 1558 3496 appellat,
1591 3423 1719 3494 quin
1752 3422 1931 3494 potius
1983 3422 2064 3478 iu—

478 3521 970 3590 terpellatzprimo
1005 3520 1226 3591 quidem
1268 3520 1336 3574 ab
1379 3516 1749 3586 hujuscemodi
1806 3525 2062 3572 conatum

478 3621 629 3669 tuum
692 3612 903 3667 intentu
959 3610 1286 3665 auctoritate
1333 3608 1625 3678 apostolica
1680 3607 2057 3664 refrenamus:

474 3702 669 3757 deinde
714 3714 876 3765 vero,
912 3713 982 3753 ne
1010 3700 1271 3754 adversus
1310 3699 1614 3766 apostolum
1641 3698 1856 3767 (Ep/tes.
1889 3700 1964 3768 vi)
1992 3699 2061 3754 ad

477 3789 815 3848 iracundiam
845 3803 1106 3859 provoces
1134 3786 1304 3843 ﬁlium
1334 3794 1504 3855 tuum,
1555 3786 1847 3843 salubriter
1869 3788 2060 3843 exhor-

472 3893 672 3940 tamur.
694 3882 873 3955 Atque
895 3881 1015 3939 ideo
1038 3889 1095 3938 et
1122 3882 1355 3955 gratiam
1382 3882 1430 3937 ei
1462 3890 1610 3937 tuam
1637 3881 1778 3937 sicut
1803 3881 2060 3937 convenit

473 3975 658 4043 redde,
690 3984 745 4032 et
775 3975 946 4041 illum,
976 3980 1038 4029 ut
1076 3984 1265 4030 revera
1295 3973 1573 4045 proprium
1601 3971 1791 4039 ﬁlium,
1817 3973 2059 4043 paternis

472 4067 753 4125 affectibus
781 4066 1017 4136 suscipe,
1044 4079 1146 4122 nec
1174 4080 1280 4121 non
1307 4073 1365 4120 et
1387 4065 1632 4135 pristinis
1667 4064 1949 4123 beneﬁciis
1993 4079 2059 4122 ac

471 4161 772 4218 honoribus
799 4159 1088 4216 restituere
1124 4165 1327 4227 satage,
1356 4156 1531 4212 donec
1557 4157 1751 4213 saltem
1785 4157 2060 4227 apostola-

473 4233 561 4310 tus
615 4252 786 4310 nostri
847 4251 998 4307 missi
1056 4250 1124 4306 ad
1159 4258 1212 4305 te
1274 4248 1513 4315 veniant,
1555 4256 1610 4304 et
1664 4247 1815 4303 salvo
1870 4248 2059 4305 debito

470 4347 755 4417 utriusque
779 4352 1022 4400 vestrum
1048 4340 1273 4408 honore,
1290 4341 1550 4412 quidquid
1582 4342 1648 4396 de
1673 4340 1764 4396 illo
1787 4341 2056 4400 salubrius

473 4442 753 4496 inventum
780 4435 964 4503 fuerit,
1004 4434 1331 4505 competenti
1376 4432 1725 4489 exsecutione
1752 4447 1818 4488 ac
1845 4433 2056 4504 dispen-

472 4535 681 4590 satione
708 4531 991 4589 ordinetur
1034 4545 1097 4585 ac
1144 4529 1480 4598 disponatur.
1524 4525 1668 4598 Ergo
1719 4542 1787 4581 nc
1832 4525 2054 4596 adjicias

470 4634 754 4696 peccatum
780 4639 944 4694 super
971 4627 1277 4693 peccatum,
1304 4620 1400 4675 sed
1438 4627 1493 4676 et
1522 4619 1591 4673 de
1631 4619 1878 4688 pristinis
1905 4620 2055 4674 inva-
2081 4652 2134 4719 Β

470 4716 639 4771 sionis
664 4722 723 4769 et
751 4713 996 4767 avaritiae
1016 4711 1377 4781 pravitatibus
1415 4711 1731 4781 deprecare,
1774 4720 1831 4767 et
1878 4726 2058 4767 corre-

469 4804 665 4860 ctionis
709 4811 927 4857 ostensa
974 4798 1331 4871 perfectione,
1380 4801 1594 4855 veniam
1633 4802 2059 4858 ecclesiasticam

470 4896 713 4967 recipere
746 4892 871 4949 totis
895 4889 1142 4948 medullis
1157 4897 1374 4961 exopta,
1389 4897 1445 4944 et
1468 4905 1536 4946 ne
1557 4891 1824 4948 ﬁnctenus
1844 4908 2059 4963 pereas,

469 5002 857 5061 usquequaque
907 4988 1125 5044 decerta
1162 5002 1176 5040 :
1207 4993 1489 5056 quatenus
1516 4998 1618 5053 per
1655 4984 1759 5040 hoc
1786 4988 1909 5042 linis
1937 5003 2060 5057 pra-

468 5087 696 5141 vitatum
719 5083 842 5138 ﬁnis
862 5077 1346 5137 animadversionis
1372 5075 1657 5153 eﬁiciatur,
1670 5087 1745 5144 et,
1762 5088 2056 5149 praestante

470 5178 603 5244 Deo,
630 5188 752 5232 cum
787 5175 1018 5232 termino
1046 5173 1216 5243 culpa:
1244 5172 1510 5229 terminus
1534 5173 1759 5230 accedat
1786 5181 1843 5229 et
1867 5187 2050 5244 poma.

470 5272 605 5326 Data
644 5282 706 5324 nt
735 5267 859 5324 ldus
877 5262 1029 5335 Julii,
1062 5264 1358 5324 indictione
1386 5279 1459 5321 tv.

1128 5400 1367 5458 XXXIV.

470 5513 537 5553 AD
558 5511 824 5556 PROCERES
844 5510 1003 5553 REGNI
1020 5510 1214 5555 CAROLI
1234 5512 1388 5553 CALVI
1418 5514 1487 5555 ET
1519 5513 1773 5558 LOTIIARII
1798 5516 2049 5566 QUONDAH

1178 5583 1352 5623 REGIS.

1078 5679 1255 5751 (Anno
1286 5680 1434 5752 871.)

502 5766 748 5823 Prohibet
781 5783 843 5821 ne
871 5784 1022 5823 arma
1061 5771 1270 5841 capiant
1311 5781 1492 5825 contra
1540 5771 2008 5831 Carolomannum.

538 5878 813 5931 ADBIANUS
842 5877 1151 5948 cpiscopus,
1189 5896 1379 5938 servus
1414 5898 1692 5939 servorum
1725 5885 1844 5955 Dei,
1876 5890 2049 5946 omni-

2092 3289 2139 3354 C

2184 651 2386 719 Caroli,
2414 661 2469 709 et
2500 654 2752 728 inregno
2777 659 3051 728 quondam
3076 660 3323 720 Lotharii
3361 679 3552 738 regum
3581 651 3754 732 conin

2186 744 2337 801 tutis.

2252 836 2473 893 Auditui
2521 850 2708 896 nostro
2752 842 2936 899 sonuit
2989 845 3135 915 quod
3184 846 3409 907 Carolus
3455 868 3552 909 rex
3609 857 3776 913 etiam

2182 931 2484 988 belluarum
2539 933 2781 991 furorem
2837 940 3275 1007 transcendens,
3321 954 3506 1001 contra
3548 951 3771 1019 propria

2180 1026 2425 1091 viscera,
2467 1028 2519 1082 id
2564 1038 2647 1083 est
2693 1037 2883 1085 contra
2915 1030 3374 1090 Carolomannum
3414 1037 3581 1093 ﬁlium
3611 1056 3767 1097 suum

2182 1118 2438 1183 smvicrit,
2486 1118 2632 1175 hunc
2656 1119 2914 1179 videlicet
2936 1137 3047 1178 non
3073 1124 3235 1181 modo
3260 1134 3487 1196 paterna
3523 1132 3693 1201 gratia
3714 1139 3771 1186 et

2180 1205 2458 1263 beneﬁciis
2486 1208 2726 1278 privans,
2760 1226 2947 1265 verum
2989 1213 3156 1269 etiam
3183 1217 3332 1286 regni
3381 1219 3464 1273 sui
3494 1220 3655 1275 metis
3678 1221 3774 1277 clis

2179 1299 2395 1363 minans
2423 1317 2434 1352 :
2461 1299 2759 1369 quinetiam
2782 1310 3007 1359 conetur
3027 1305 3286 1363 adversus
3306 1307 3456 1363 illum
3478 1312 3776 1371 exercitum

2177 1402 2511 1459 congregare
2532 1429 2550 1455 ,
2600 1396 2657 1444 ct
2698 1405 2794 1447 vos
2822 1407 3014 1449 omnes
3044 1395 3305 1452 adversus
3334 1413 3461 1454 eum
3491 1401 3620 1456 totis
3648 1390 3778 1459 nisi-

2174 1476 2279 1534 bus
2303 1477 2597 1558 destinare.
2640 1477 2816 1547 Unde,
2845 1482 2972 1552 quia
3000 1499 3098 1555 per
3127 1485 3435 1558 bujusmodi
3458 1492 3768 1549 contentio-

2174 1585 2297 1627 nem
2324 1544 2487 1640 atque
2506 1571 2818 1629 conﬂictum
2843 1589 2985 1646 saepe
3003 1544 3285 1649 sanguinis
3302 1580 3497 1639 eﬁ‘usio
3518 1585 3767 1658 contigit,

2170 1663 2562 1735 providendum
2595 1680 2943 1738 summopere
2967 1669 3213 1727 ducimus
3236 1711 3252 1738 ,
3282 1688 3352 1729 ne
3379 1674 3484 1731 tale
3513 1678 3771 1748 pronel‘as

2174 1763 2360 1809 nostro
2397 1755 2681 1825 proveniat
2717 1766 3089 1828 tempore,-ac
3124 1776 3222 1832 per
3266 1764 3370 1823 hoc
3413 1781 3613 1823 nomen
3674 1767 3773 1825 Dei

2174 1844 2579 1915 blasphemetur
2627 1847 2681 1903 in
2715 1850 2990 1920 gentibus.
3043 1851 3275 1924 Ideoque
3322 1869 3514 1925 pacem
3558 1867 3615 1914 et
3662 1873 3771 1914 non

2101 1920 2149 1981 Β
2177 1934 2315 2008 bella
2369 1937 2615 1995 volentes
2665 1938 2813 2011 (nam
2851 1941 3137 1998 Psalmista
3184 1920 3418 2004 Domino
3444 1948 3576 2005 dicit
3606 1968 3619 2002 :
3650 1948 3774 2006 Dia-

2177 2026 2292 2097 sipa
2340 2037 2514 2098 genm
2567 2046 2685 2100 quae
2737 2030 2873 2085 bella
2920 2033 3097 2088 volunt
3143 2032 3315 2107 [PsaL
3350 2035 3625 2110 vu]),ea
3650 2053 3775 2110 qua

2175 2118 2330 2189 pacis
2363 2128 2490 2174 sunt
2520 2119 2662 2176 inter
2691 2122 2987 2194 genitorem
3019 2121 3343 2196 et'genitum
3367 2166 3383 2193 ,
3426 2128 3471 2183 si
3498 2132 3768 2199 potestis,

2174 2210 2505 2266 constituite.
2552 2209 2725 2268 Porro
2783 2212 2830 2269 si
2882 2228 2987 2269 non
3038 2215 3304 2285 potestis,
3349 2215 3541 2273 saltem
3593 2218 3755 2277 bellis

2173 2302 2369 2368 cedite,
2401 2302 2585 2373 praelia
2615 2302 2897 2374 dissipate.
2924 2304 3198 2376 Alioquin,
3231 2304 3480 2378 quisquis
3516 2319 3766 2371 vestrum

2171 2402 2362 2467 contra
2393 2392 2852 2453 Carolomannum
2898 2398 3371 2466 castra-moverit,
3403 2415 3558 2456 arma
3587 2414 3773 2461 sustu-

2172 2481 2316 2548 lerit,
2357 2482 2442 2537 vel
2470 2476 2706 2541 Iasionis
2732 2486 2993 2545 exercitia
3018 2488 3429 2558 praeparaverit,
3478 2505 3544 2547 ac
3591 2505 3688 2561 per
3714 2491 3770 2551 id

2172 2583 2235 2631 ut
2273 2573 2582 2631 eﬁ‘undatur
2616 2576 2857 2633 ﬁdelium
2884 2577 3105 2648 sanguis
3131 2578 3525 2646 construxerit,
3548 2595 3658 2636 non
3680 2596 3766 2639 so-

2172 2664 2283 2722 lum
2315 2667 2898 2723 excommunicatiouis
2929 2669 3158 2724 nexibus
3184 2668 3555 2736 inundabitur,
3581 2686 3769 2731 verum

2171 2758 2339 2814 etiam
2369 2757 2601 2814 vinculis
2623 2758 2987 2814 anathematis
3010 2759 3280 2832 obligatus
3302 2761 3355 2816 in
3375 2762 3618 2833 gehenna
3640 2777 3766 2820 cum

2170 2848 2387 2904 diabolo
2435 2848 2805 2919 deputabitur.
2846 2848 3107 2921 Optamus
3154 2865 3253 2908 vos
3291 2851 3343 2907 in
3375 2851 3590 2911 Christo
3626 2854 3771 2913 bene

2167 2941 2369 2999 valere.
2396 2941 2534 2997 Data
2562 2957 2623 2998 tu
2650 2940 2778 2999 Idus
2801 2941 2994 3010 Julias,
3020 2943 3321 3003 indictione
3346 2962 3420 3004 tv.

2169 3141 2238 3183 AD
2271 3141 2553 3186 EPISCOPOS
2594 3141 2648 3182 IN
2684 3140 2860 3184 REGNO
2889 3143 3082 3185 CABOLI
3118 3145 3189 3187 ΕΤ
3228 3144 3480 3195 ΩΗΟΝΒΔΙ
3508 3145 3766 3193 ΕΟἸἮᾹΠῙ

2765 3214 3156 3256 CONSTITUTOS.

2776 3290 2954 3361 (Anno
2992 3289 3143 3363 871.)

2311 3380 2562 3436 Prohibet
2594 3397 2659 3437 ne
2697 3379 3112 3455 Carlomqnnum
3138 3386 3608 3443 excommunicent.

2234 3492 2515 3550 ADRIANUS
2541 3492 2853 3565 episcopus,
2895 3510 3086 3575 servus
3116 3513 3394 3556 servorum
3419 3500 3515 3556 Dei
3540 3542 3554 3565 ,
3594 3514 3756 3558 reve-

2165 3585 2493 3640 rentissimis
2520 3595 2575 3641 et
2604 3587 2965 3644 sanctissimis
2994 3587 3355 3648 confratribus
3394 3593 3621 3659 nostris,
3668 3609 3759 3649 an-

2164 3675 2526 3744 cbiepisco‘pis
2551 3683 2606 3732 et
2640 3678 2913 3747 episcopis
2941 3678 2996 3734 in
3028 3695 3188 3751 regno
3214 3679 3388 3736 Caroli
3414 3691 3469 3737 et
3499 3684 3555 3736 in
3580 3695 3751 3753 regno

2162 3764 2434 3835 quondam
2466 3764 2711 3821 Lotharii
2742 3781 2933 3839 regum
2965 3768 3259 3826 Ecclesiam
3305 3772 3517 3827 Domini
3554 3771 3751 3844 guber-

2162 3855 2439 3913 nantibus.

2232 3947 2563 4008 Przesulatus
2596 3951 2768 4007 nostri
2796 3952 3017 4010 auribus
3045 3954 3350 4011 tntimatum
3378 3966 3465 4012 est
3504 3956 3758 4014 Carolum

2163 4055 2344 4114 regem
2368 4041 2826 4100 Carolomannum
2856 4044 3026 4100 ﬁlium
3057 4060 3216 4102 suum
3250 4046 3424 4116 gratia
3449 4063 3547 4103 sua
3581 4048 3762 4118 priva-

2164 4140 2301 4198 tum,
2342 4141 2465 4202 post
2492 4131 2663 4187 multa
2693 4133 2810 4189 dira
2856 4133 3017 4190 simul
3048 4141 3104 4190 et
3131 4135 3264 4192 dura
3297 4135 3595 4193 crudeliter
3618 4139 3759 4197 irro~

2160 4233 2309 4296 gata,
2347 4224 2650 4293 beneﬁciis,
2678 4235 2734 4279 ct
2764 4226 2833 4284 ab
2858 4226 2990 4298 ipsis
3013 4243 3227 4299 quoque
3267 4230 3418 4302 regni
3466 4231 3550 4286 sui
3595 4231 3759 4290 metis

2159 4315 2472 4373 elimiuasse
2505 4334 2517 4370 :
2550 4315 2796 4387 quinimo
2843 4326 2901 4374 ut
2932 4332 3025 4374 vos
3051 4317 3216 4374 etiam
3248 4318 3308 4396 in
3358 4334 3483 4374 cum
3537 4333 3759 4379 excom<

2159 4410 2548 4469 munientionis
2577 4409 2783 4482 spicula
2824 4409 3104 4480 juceretis,
3155 4411 3531 4469 sanctimoniae
3562 4420 3757 4471 vestra:

2159 4502 2513 4559 nihilominus
2561 4503 2819 4560 suasisse.
2878 4503 2936 4559 In
2993 4518 3101 4575 quo
3159 4504 3287 4574 quid
3334 4503 3480 4560 aliud
3524 4504 3756 4578 intelligi

2159 4594 2353 4662 datur,
2392 4595 2438 4650 si
2491 4595 2570 4651 rei
2601 4610 2660 4650 se
2689 4604 2763 4650 tta
2814 4596 3017 4652 veritas
3062 4597 3261 4664 habet,
3299 4596 3406 4652 nisi
3438 4597 3583 4667 quod
3618 4599 3753 4655 resti

2161 4688 2517 4755 delictorum,
2565 4704 2729 4762 quam
2791 4690 3165 4760 multipliciter
3225 4691 3572 4748 extendendo
3627 4707 3757 4748 con-

2163 4780 2366 4846 texuit,
2398 4781 2575 4837 adhuc
2613 4780 2754 4837 istud
2789 4796 3004 4853 quoque
3053 4783 3347 4853 impietatis
3402 4799 3576 4855 genus
3618 4782 3752 4838 velit

2161 4871 2420 4943 adjicere,
2451 4880 2507 4926 et
2541 4887 2665 4928 sese
2696 4872 2895 4929 talibus
2940 4873 3288 4943 iniquitatum
3337 4884 3557 4947 captum
3609 4873 3751 4931 funi-

2160 4964 2297 5020 culis
2326 4974 2382 5020 ct
2409 4965 2764 5021 constrictum
2794 4967 2991 5040 gestiat
3014 4967 3273 5022 irretire?
3304 4968 3446 5023 unde
3491 4968 3752 5027 nimirum

2159 5056 2317 5112 valde
2353 5058 2619 5123 dolemus,
2650 5067 2705 5115 et
2749 5062 2799 5115 ei
2849 5058 3043 5116 aﬁectu
3078 5060 3314 5129 spiritali
3366 5062 3746 5131 compatimur.

2159 5146 2229 5202 Et
2254 5150 2502 5217 quamvis
2526 5151 2854 5211 exteriorem
2878 5151 3026 5208 circa
3056 5150 3208 5208 illum
3235 5166 3425 5224 pacem
3453 5151 3750 5220 solvamus,

2160 5242 2476 5297 interiorem
2530 5252 2710 5300 tamen
2764 5244 3030 5314 integram
3080 5259 3487 5302 conservemus.
3530 5241 3664 5300 Nam
3691 5253 3752 5301 et

2159 5335 2289 5391 ideo»
2333 5335 2898 5406 illumpercutimus,
2939 5346 2999 5392 ut
3023 5352 3277 5395 sanemus
3309 5356 3323 5394 :
3353 5347 3412 5394 et
3436 5335 3646 5409 ﬂagella
3669 5337 3752 5393 id-

2159 5424 2306 5481 circo
2333 5425 2672 5482 extrinsecus
2698 5427 3039 5493 adhibemus,
3070 5437 3131 5485 ut
3157 5426 3751 5495 intrinsecusvulnera

2158 5518 2474 5575 delictorum
2520 5535 2791 5576 curemus.
2845 5508 3082 5578 Verbera
3134 5533 3370 5595 namque
3423 5521 3751 5593 corrigentis

2156 5618 2321 5677 sunt,
2355 5626 2458 5664 nrn
2487 5626 2662 5680 poena
2691 5607 3016 5668 damnantis.
3060 5611 3264 5668 Verum
3291 5614 3417 5684 quia
3454 5611 3597 5668 idem
3644 5612 3752 5669 Ca-

2154 5702 2502 5758 rolomaunus
2560 5717 2657 5757 nos
2721 5703 2903 5758 missis
2967 5704 3109 5767 suis,
3163 5704 3320 5773 quasi
3384 5703 3747 5774 quorumdam

2151 5795 2348 5865 pedum
2408 5810 2627 5851 suorum
2675 5794 2973 5864 gressibus,
3021 5793 3188 5861 adiit,
3241 5804 3298 5851 et
3356 5809 3453 5865 per
3509 5793 3748 5866 syllabas

2150 5886 2397 5958 proprias
2453 5884 2802 5957 apostolicam
2851 5883 3032 5943 sedem
3083 5884 3340 5958 appellat,
3382 5884 3512 5956 quin
3561 5884 3747 5956 potius
