4142 6296
436 382 585 449 1309

1635 380 1996 443 EPISTOLIE
2032 379 2123 440 ET
2163 378 2506 441 DECRETA.

3576 374 3711 434 1510

439 499 751 575 interpellat
778 513 795 556 :
825 497 1189 568 decernimus,
1218 496 1423 556 nullam
1444 512 1544 557 vos
1569 499 1626 556 in
1655 514 1780 555 eum
1810 514 2028 556 excom-
2055 503 2105 563 Α
2133 504 2188 552 et
2233 495 2559 553 laudabilius
2597 494 2949 554 sublimitatis
2974 504 3169 565 vestrae
3215 502 3544 573 praedicatur
3590 504 3696 564 insi

439 592 825 655 municationis
862 591 1199 663 jaculaturos
1225 592 1449 648 omnino
1486 593 1855 658 sententiam;
1885 605 2020 660 quo-

438 702 614 760 usque
639 684 891 743 videlicet
921 699 1039 752 nos,
1070 685 1166 758 qui
1195 685 1539 751 sacerdotum
1566 684 1779 739 Domini
1808 692 2020 738 matura

440 781 687 839 volumus
732 794 851 836 esse
888 778 1091 853 judicia
1122 819 1140 846 ,
1183 779 1441 833 universa
1483 793 1605 849 quae
1651 786 1802 848 gesta
1844 785 2020 842 sunt,

439 872 705 951 veraciter
732 886 1112 945 agnoscamus.
1143 862 1681 942 Alioquiinvalidam
1709 867 2022 940 apostolicae

437 964 678 1038 pondere
699 961 1040 1019 auctoritatis
1066 959 1328 1027 futuram,
1342 966 1639 1030 contraque
1659 956 2020 1013 reverentiam

437 1062 674 1111 vestram
725 1052 904 1124 potius
952 1065 1062 1107 non
1113 1050 1383 1106 immerito
1454 1048 1803 1105 saevituram.’
1837 1045 2021 1102 Salius

438 1156 648 1214 autem,
681 1155 738 1201 et
766 1145 885 1201 sine
909 1143 1247 1200 dubitatione
1281 1140 1624 1213 praestantius
1652 1148 1774 1205 est,
1822 1153 1889 1193 ne
1918 1136 2020 1194 Ca-

438 1240 589 1295 rolus
628 1237 908 1310 proprium
937 1236 1104 1293 ﬁlium
1134 1242 1357 1306 spernat
1383 1275 1398 1300 ,
1448 1248 1518 1289 ne
1557 1232 1880 1289 domesticos
1934 1246 2020 1288 se-

434 1329 601 1388 minis
651 1330 736 1387 sui
773 1327 1058 1400 despiciat,
1108 1342 1178 1383 ne
1220 1326 1346 1397 jura
1386 1323 1807 1395 propinquitatis
1854 1320 2018 1378 solito

435 1435 590 1477 more
608 1426 942 1489 corrumpat,
964 1431 1033 1473 ne
1052 1417 1202 1488 pacis
1221 1425 1278 1473 et
1300 1417 1584 1473 charitatis
1603 1413 1809 1472 hedera
1830 1413 2016 1479 violet,

434 1528 504 1570 ne
530 1513 733 1569 caduca
760 1510 1032 1567 mansuris
1048 1509 1338 1578 anteferat,
1364 1523 1434 1566 ne
1456 1508 1771 1580 temporalia
1799 1506 2018 1564 aeternis

431 1612 730 1677 prmponat.
768 1603 1041 1661 Praeterea
1089 1603 1350 1675 praefatus
1377 1603 1806 1659 Carolomaunus
1834 1602 2019 1657 inson-

434 1705 541 1752 tem
586 1697 808 1768 quidem
850 1710 913 1751 se
956 1695 1100 1753 circa
1131 1703 1343 1765 patrem
1377 1694 1750 1765 multipliciter
1797 1693 2011 1750 asserit.

430 1792 635 1849 Verum
669 1802 731 1849 ut
778 1808 898 1859 nos,
937 1807 1043 1849 non
1094 1792 1441 1859 astruendo,‘
1471 1791 1567 1847 sed
1619 1790 2010 1856 ratiocinando,

2126 602 2232 659 gne
2255 588 2398 657 quod
2427 602 2533 642 non
2551 585 2815 658 judicium
2844 590 2928 644 vel
2959 600 3314 660 assertorum,
3345 596 3436 650 sed
3466 597 3712 653 conscio-

2126 693 2249 733 rum
2278 682 2488 737 tanltm
2522 686 2577 734 et
2622 679 3111 737 obsecundatorum
3155 700 3386 754 persona
3416 687 3497 743 usi
3547 687 3715 747 fuisse

2131 769 2519 843 dignoscimini
2552 788 2564 824 :
2593 771 2668 826 ita
2702 780 2760 827 ut
2804 787 2902 842 per
2928 773 3246 831 humilitatis
3277 792 3457 835 arcem
3488 779 3555 834 ad
3603 779 3715 835 cul-

2124 878 2247 918 men
2278 863 2543 918 virtutum
2573 864 2861 934 pervenire
2897 865 3195 922 dilexeritis
3224 868 3404 937 potius
3424 884 3585 939 quam
3617 886 3714 941 per

2123 953 2421 1024 imperialis
2436 955 2744 1012 altitudinis
2769 955 2966 1013 fastum
2997 959 3065 1013 ad
3095 959 3272 1015 inanis
3289 960 3474 1031 gloriae
3496 962 3604 1016 ima
3618 963 3712 1018 de-

2122 1043 2228 1101 labi
2253 1046 2661 1102 consenseritis.
2690 1047 2957 1103 Praeterea
2985 1052 3157 1105 nostri
3204 1051 3423 1108 habitus
3456 1053 3709 1123 qualitas,

2123 1148 2283 1204 quam
2329 1135 2472 1191 scire
2514 1151 2576 1192 se
2602 1136 2740 1191 velle
2783 1137 3091 1208 benignitas
3120 1152 3302 1197 vestra
3341 1145 3433 1214 pio
3468 1146 3712 1215 designat

2120 1220 2339 1290 affectu,
2370 1223 2442 1278 ita
2474 1240 2533 1280 se
2574 1225 2768 1293 habet,
2816 1237 2875 1282 ut
2911 1243 3143 1299 superna
3191 1233 3560 1302 providentia,
3590 1250 3710 1306 qua:

2121 1322 2314 1369 cuncta
2351 1316 2633 1390 creavitget
2664 1320 2916 1375 continua
2944 1322 3255 1391 provisione
3288 1326 3571 1397 gubernat,
3612 1343 3709 1383 ex-

2118 1407 2306 1477 pedire
2351 1409 2506 1464 nobis
2561 1412 2862 1482 perspicit,
2915 1424 2971 1469 et
3020 1417 3164 1484 quod
3218 1420 3523 1489 expedierit
3581 1437 3710 1479 con-

2118 1499 2257 1555 sulte
2309 1500 2604 1571 dispensat.
2635 1503 3031 1573 Apocrisiarios
3079 1522 3292 1580 quoque
3340 1520 3587 1579 nostros,
3620 1526 3711 1571 su-

2116 1604 2215 1661 per
2266 1606 2496 1660 quorum
2546 1593 2898 1652 nihilominus
2954 1600 3264 1655 reversione
3300 1601 3617 1673 scripsistis,
3646 1604 3711 1659 li-

2117 1690 2205 1736 cet
2229 1696 2372 1749 sero,
2401 1691 2524 1754 post
2552 1685 2719 1741 multa
2743 1695 2927 1744 tamen
2954 1690 3191 1759 pericula
3214 1732 3229 1759 ,
3276 1693 3708 1769 tlepnetlationes

2116 1780 2281 1845 atque
2311 1776 2654 1847 propriorum
2704 1778 2988 1836 hominum
3028 1783 3481 1851 trucidationem,
3530 1788 3706 1844 nudos

426 1900 551 1957 quas,
575 1884 1062 1942 animadvertimus
1088 1882 1376 1951 fateamur,
1403 1883 1535 1954 quid
1563 1883 1787 1949 mirum,
1822 1883 1870 1939 εί
1911 1882 2015 1939 Ca-
2040 1877 2087 1938 Β
2120 1867 2332 1922 tandem
2388 1872 2694 1942 recepimus
2742 1888 2849 1929 non
2898 1873 3182 1944 cujuslibet
3235 1876 3473 1933 hominis
3538 1878 3706 1937 fretos

427 1977 577 2034 rolus
623 1984 891 2047 praecepta
938 1975 1070 2043 Dei,
1101 1975 1357 2046 praeﬁxos
1383 1974 1547 2031 metis
1593 1975 1706 2030 suis
1751 1973 2012 2029 terminos

428 2068 821 2134 transferendo,
851 2068 1027 2127 aliena
1057 2067 1386 2135 invadenda,
1410 2076 1788 2132 contemnens,
1809 2080 1877 2122 ex
1899 2065 2012 2123 suis

424 2162 643 2232 reperit,
683 2161 777 2231 qui
810 2160 930 2232 ejus
953 2159 1322 2221 voluntatibus
1343 2159 1660 2226 contrai‘ret,
1688 2157 1836 2215 etde
1864 2157 2008 2223 lum.-

420 2251 505 2308 bis
535 2253 648 2309 suis
688 2254 1029 2323 procederet,
1061 2239 1153 2321 qui
1188 2250 1362 2321 ipsius
1399 2251 1625 2307 nutibus
1668 2249 2005 2307 resultaret:

423 2359 548 2401 cum
574 2358 684 2398 non
712 2343 1026 2414 ignoremus
1056 2341 1477 2414 protoplastum,
1522 2350 1711 2399 contra
1740 2342 1909 2398 Deum
1950 2357 2009 2399 se

422 2446 521 2505 per
542 2431 968 2489 inobedientiam
980 2432 1303 2504 erigentem,
1319 2440 1374 2488 et
1391 2433 1556 2488 vetita
1585 2433 2005 2506 contingentem,

422 2538 529 2581 non
559 2521 734 2578 solum
764 2522 1035 2581 exteriora
1065 2535 1291 2593 quaeque
1320 2522 1635 2579 rebellantia
1663 2524 2005 2595 cognovisse,

421 2630 612 2670 verum
640 2613 806 2671 etiam
836 2614 892 2670 in
928 2614 1221 2686 semetipso
1259 2630 1380 2689 quae
1418 2616 1522 2672 sibi
1560 2616 1888 2674 obsisterent
1923 2617 2007 2673 in-

419 2706 678 2765 venisse?
719 2704 872 2776 Quod
926 2714 1111 2764 tamen
1140 2723 1247 2763 non
1276 2704 1524 2774 dicimus,
1570 2709 1727 2779 quasi
1779 2709 2005 2767 Carolo-

419 2814 680 2853 mannum
723 2796 977 2855 rebellem
1006 2799 1151 2855 circa
1178 2805 1388 2869 patrem
1414 2796 1666 2866 fatentes,
1694 2807 1787 2857 aut
1814 2808 2007 2856 contu-

418 2904 627 2944 macem
656 2887 899 2960 genitum
929 2904 1056 2961 erga
1084 2889 1387 2960 genitorem
1420 2887 1536 2944 fore
1582 2893 1839 2946 docentes
1867 2907 1880 2943 :
1909 2892 2004 2947 sed

414 2980 545 3052 quid
595 2989 808 3038 secreto
845 2979 1103 3053 iustoque
1148 2979 1333 3038 divino
1396 2978 1604 3051 judicio
1662 2981 1781 3038 fieri
1833 2983 2004 3054 possit

412 3073 837 3140 considerantes,
872 3084 927 3132 et
962 3082 1021 3129 ut
1045 3075 1161 3130 haec
1192 3089 1287 3130 rex
1314 3072 1541 3130 Carolus
1570 3073 1798 3131 solerter
1828 3084 2003 3133 atten-

411 3163 546 3233 dat,
593 3162 882 3221 salubriter
933 3164 1310 3221 admonentes.
1371 3162 1449 3221 De
1506 3163 1704 3235 quibus
1750 3166 2002 3223 omnibus

411 3258 607 3315 scitote
638 3273 740 3316 uos
767 3258 870 3330 ipsi
914 3258 1028 3328 regi
1065 3257 1263 3316 Carolo
1287 3258 1491 3330 scripta
1531 3268 1716 3316 nostra
1760 3261 1995 3327 misisse,
2027 3270 2072 3334 ο

407 3357 463 3404 et
494 3351 867 3409 exhortatoria
893 3353 1243 3424 pontificatus
1267 3354 1438 3412 nostri
1477 3355 1683 3411 monita
1710 3355 1993 3412 direxisse.

405 3440 670 3513 Optamus
715 3443 1114 3502 fraternitatem
1143 3456 1384 3503 vestram
1419 3447 1473 3503 in
1501 3448 1720 3505 Christo
1746 3450 1884 3506 bene
1905 3464 1997 3504 va-

404 3531 540 3588 lere.
572 3532 709 3589 Data
738 3549 799 3590 m
836 3535 963 3592 ldus
988 3534 1180 3601 Julias,
1212 3536 1508 3594 indictione
1534 3554 1610 3594 ιν.

403 3710 472 3751 ΔΙ)
512 3709 762 3755 Βιειιιωι
780 3737 797 3764 ,
822 3624 1341 3754 εοκετωτξξιξξινὲτ
1363 3712 1571 3754 ιεοιεειι
1599 3713 1989 3756 ῙΙΡΕΒᾹΤΟΒΕΒ.

1008 3788 1187 3859 (Anno
1231 3788 1383 3862 87f.)

409 3871 748 3949 Quod__nrissi
783 3878 947 3949 sedis
979 3879 1280 3949 apostolica:
1302 3919 1318 3943 ,
1367 3888 1481 3947 post
1530 3879 1699 3949 multa
1735 3880 1990 3949 pericula,

480 3945 607 3998 nudi
640 3945 725 3999 vix
752 3945 1042 4019 evaserint._
1068 3945 1417 4015 Conqueritur
1449 3947 1594 4018 quod
1622 3945 1861 4017 Igndtius
1886 3945 1995 4019 cpi?-

478 4030 694 4084 scopum
745 4014 887 4084 apud
939 4014 1199 4097 Bulguros
1220 4014 1556 4098 _consecrnre
1604 4014 1993 4090 prwsumpsérit

479 4085 544 4138 de
569 4085 736 4139 tribus
774 4084 1022 4152 capitulis
1054 4084 1185 4139 nihil
1213 4087 1626 4141 immutandum.

473 4175 754 4233 ADRIANUS
774 4176 1084 4248 episcopus,
1100 4191 1293 4235 servus
1310 4192 1590 4235 servorum
1616 4178 1735 4244 Dei,
1754 4176 1994 4234 dilectis-

404 4267 559 4324 simis
601 4283 668 4325 ac
697 4267 1069 4341 Spiritualibus
1102 4269 1225 4325 filiis
1260 4268 1497 4334 Basmo,
1524 4258 1909 4326 Cossuurtuo
1939 4277 1994 4324 et

405 4357 593 4427 Luem,
622 4358 885 4432 piissimis
915 4367 971 4417 et
997 4360 1452 4431 tranquillissimis
1479 4361 1917 4432 imperatoribus.

473 4450 656 4507 Lectis
699 4451 1017 4508 excellentis
1058 4452 1271 4524 imperii
1300 4454 1467 4508 vestri
1512 4454 1727 4520 litteris,
1755 4452 1994 4509 dilectio-

403 4556 490 4597 ms
511 4550 708 4598 vestrae
734 4557 855 4614 qua:
890 4558 1020 4615 erga
1064 4558 1164 4599 nos
1210 4542 1403 4616 ﬂagrat
1440 4544 1638 4602 indicia
1665 4552 1721 4601 et
1766 4544 1986 4616 pietatis

2112 1958 2334 2026 auxilio,
2370 1961 2464 2016 sed
2505 1961 2600 2016 Dei
2637 1961 2805 2025 solius
2845 1965 3101 2034 praeditos
3147 1964 3519 2025 adminiculo:
3561 1972 3703 2027 unde

2111 2049 2394 2106 audientes
2418 2049 2536 2106 hanc
2563 2051 2802 2108 universi
2835 2062 3080 2125 gemunt,
3118 2064 3173 2110 et
3200 2057 3326 2125 quia
3350 2058 3440 2113 isti
3469 2061 3705 2129 pertule-

2111 2147 2238 2193 runt
2266 2154 2388 2211 qua:
2428 2140 2529 2196 sub
2572 2141 2722 2223 nullo
2763 2142 2977 2213 piorum
3025 2143 3328 2214 principum
3374 2162 3700 2219 quemquam

2109 2232 2253 2289 sedis
2279 2232 2588 2305 apostolicae
2626 2233 2856 2290 missum
2881 2235 3174 2305 pertulisse
3213 2238 3477 2317 recolunt,
3510 2256 3703 2299 omnes

2109 2323 2401 2396 stupefacti
2450 2326 2758 2394 mirantur,
2817 2326 2986 2398 ﬁtque
3032 2330 3272 2386 continui
3326 2331 3579 2389 clamoris
3633 2336 3702 2390 ab

2109 2414 2353 2472 Ecclesia
2411 2427 2599 2474 nostra
2656 2434 2933 2487 murmur,
2994 2422 3138 2490 quod
3189 2422 3265 2478 ita
3328 2425 3700 2498 dispositionis

2106 2517 2305 2566 vestrae
2333 2511 2653 2568 constitutio
2684 2512 2984 2583 improvide
3023 2516 3244 2587 prodire
3271 2522 3533 2591 potuerit,
3557 2531 3617 2577 ut
3644 2522 3698 2579 in

2106 2602 2465 2660 barbarorum
2499 2603 2729 2678 gladios,
2763 2606 2909 2662 nullo
2940 2607 3155 2678 imperii
3185 2611 3353 2665 vestri
3399 2610 3520 2666 fulti
3561 2628 3699 2684 prae-

2106 2697 2265 2767 sidio,
2324 2698 2650 2785 miscganter
2696 2699 3007 2759 inciderint.
3070 2701 3377 2759 Praesertim
3419 2719 3543 2760 cum
3598 2707 3696 2761 hos

2106 2803 2242 2859 quos
2262 2789 2331 2845 ab
2360 2790 2654 2860 apostolica
2680 2790 2809 2846 sede
2837 2799 2950 2847 toto
2974 2791 3240 2851 desiderio
3268 2794 3693 2864 postulaveritis,

2105 2888 2162 2936 et
2189 2883 2257 2935 ab
2292 2880 2425 2952 ipsis
2446 2880 2816 2951 apostolorum
2844 2882 3153 2954 principum
3187 2883 3346 2941 tectis
3367 2899 3463 2956 per
3487 2884 3694 2956 legatos

2104 2979 2315 3029 vestros
2362 2971 2540 3030 salvos
2569 2973 2912 3044 acceperitis,
2944 2973 3125 3031 salvos
3171 2991 3379 3041 rursus,
3413 2975 3694 3047 dispositis

2106 3061 2212 3119 rite
2237 3072 2460 3133 propter
2486 3078 2608 3133 quae
2632 3064 2785 3121 missi
2814 3064 3030 3120 fuerant
3059 3065 3127 3120 ad
3160 3065 3381 3137 propria
3414 3066 3695 3121 remittere

2106 3167 2320 3209 summa
2367 3153 2647 3226 diligentia
2702 3171 2996 3228 procurare
3057 3157 3393 3225 debueritis,
3441 3158 3692 3230 exemplo

2105 3244 2297 3301 saltem
2333 3248 2615 3316 provocati
2653 3246 2936 3305 Michaelis
2965 3250 3278 3307 decedentis
3318 3251 3688 3322 imperatoris,

2103 3336 2196 3409 qui
2234 3352 2370 3408 quos
2398 3338 2466 3393 ab
2501 3340 2801 3409 apostolica
2846 3345 2975 3398 sede
3015 3343 3297 3415 suscipere
3321 3343 3540 3410 meruit,
3573 3346 3690 3403 ido-

2097 3442 2201 3484 neo
2232 3429 2440 3484 sociatu
2467 3431 2687 3503 praevio,
2730 3442 2789 3488 ut
2816 3440 3017 3491 nostra:
3043 3435 3195 3491 illaesi
3229 3445 3688 3507 praesentareutur

2097 3520 2344 3577 ecclesiae
2392 3522 2580 3578 solerti
2624 3539 2757 3581 cura
2794 3527 3011 3601 sategit.
3052 3528 3119 3587 Et
3155 3539 3422 3600 praeterea
3448 3539 3503 3586 et
3539 3531 3688 3586 aliud

2095 3613 2239 3684 quod
2278 3614 2453 3683 prima
2491 3615 2709 3687 pietatis
2757 3628 2952 3674 vestra:
3004 3635 3203 3692 opera,
3248 3624 3334 3681 vel
3369 3624 3513 3679 circa
3542 3624 3688 3681 sedis

2093 3704 2402 3774 apostolicae
2435 3707 2637 3777 prioris
2672 3709 3027 3780 benignitatis
3055 3712 3255 3769 indicia
3286 3722 3477 3771 contra
3529 3730 3681 3786 spem

2092 3809 2336 3855 nosuam
2366 3798 2709 3855 decolorasse
2758 3803 3130 3871 convincitur,
3173 3806 3284 3862 imo
3319 3806 3563 3863 funditus
3592 3808 3686 3864 de-

2090 3892 2357 3949 struxisse
2372 3889 2662 3961 probatur:
2680 3892 2933 3948 videlicet
2949 3896 3073 3963 quia
3100 3895 3285 3951 favore
3308 3908 3493 3953 vestro
3515 3899 3686 3956 frater

2091 3990 2147 4037 et
2171 3982 2523 4052 coepiscopus
2552 3987 2739 4035 noster
2756 3981 2994 4052 lgnatius
3010 3981 3064 4036 in
3086 3983 3443 4054 Bulgarorum
3462 3989 3684 4059 regione

2092 4088 2415 4129 consecrare
2476 4073 2822 4143 praesumpsit
2875 4071 3222 4141 antistitem,
3290 4077 3433 4132 unde
3495 4079 3679 4134 mirati

2091 4179 2296 4232 sumus,
2321 4175 2376 4222 et
2400 4166 2525 4237 quia
2562 4181 2593 4220 a
2636 4166 2724 4237 pia
2753 4166 3053 4222 intentione
3083 4174 3265 4222 vestra
3294 4176 3445 4224 retro
3473 4172 3680 4227 reversi

2091 4256 2231 4321 sitis,
2263 4242 2555 4314 admodum
2601 4257 2999 4328 obstupuimus.
3042 4256 3428 4315 Verumtamen
3477 4260 3673 4319 saltem

2091 4362 2233 4402 nunc
2249 4350 2361 4415 jam
2382 4348 2585 4404 dictum
2608 4349 3123 4406 reverendissimum
3140 4350 3426 4422 praesulem
3448 4353 3516 4408 ab
3533 4352 3679 4409 illius

2090 4437 2327 4506 regionis
2358 4438 2715 4510 dispositione
2743 4440 3054 4498 salubribus
3084 4443 3673 4515 monitis,qu:esumus,

2089 4535 2337 4583 coercete
2354 4544 2366 4583 :
2386 4528 2622 4600 alioquin
2642 4547 2743 4587 nec
2776 4531 2890 4603 ipse
2918 4534 3234 4590 canonicam
3259 4533 3479 4607 effugiet
3508 4536 3673 4593 ultio-

402 4631 562 4689 solita
588 4633 766 4689 studia
795 4649 902 4693 non
932 4642 1040 4689 tam
1087 4635 1440 4708 cognovimus
1467 4652 1632 4707 quam
1670 4636 1987 4708 recognovi-

2102 4635 2237 4687 nem,
2259 4635 2359 4676 nec
2383 4620 2423 4675 ii
2449 4622 2541 4692 qui
2561 4623 2881 4692 praesulatus
2902 4627 2984 4681 vel
3011 4627 3234 4685 alterius
3263 4628 3421 4687 oilicii
3446 4628 3550 4684 sibi
3567 4644 3671 4685 no—

400 4740 558 4791 mus;
584 4725 728 4781 unde
757 4725 1059 4798 gratiarum
1105 4727 1453 4786 multimodas
1495 4729 1740 4785 actiones
1759 4743 1986 4785 summa:

397 4815 681 4873 Divinitati
713 4817 1019 4885 referimus,
1046 4826 1102 4875 et
1125 4819 1452 4893 multiplices
1492 4818 1682 4877 laudes
1707 4817 1825 4891 ejus
1850 4835 1981 4876 con-

398 4904 581 4963 cinere
634 4922 741 4963 non
794 4923 1096 4977 cessamus,
1149 4909 1219 4965 ob
1266 4909 1322 4965 id
1365 4910 1604 4967 maxime
1645 4911 1773 4982 quia
1836 4910 1984 4967 circa

398 4997 675 5069 religionis
701 4998 905 5056 cultum
934 5001 1173 5067 accensi,
1216 4999 1532 5072 postpositis
1575 5002 1785 5058 caeteris
1812 5016 1983 5058 saecuo

398 5086 604 5147 laribus
632 5093 801 5160 curis,
827 5102 956 5149 ante
1000 5094 1184 5150 omnia
1229 5094 1613 5151 ecclesiastica:
1640 5098 1760 5165 paci
1787 5113 1983 5155 consu-

396 5180 604 5249 luistis;
655 5192 713 5238 et
763 5184 891 5255 quia
946 5184 1090 5240 sedis
1143 5184 1456 5255 apostolica
1529 5185 1748 5243 decreta
1775 5227 1793 5256 ,
1847 5204 1978 5244 sana

393 5270 681 5343 priscaque
713 5269 832 5342 lege
859 5288 1023 5344 super
1047 5273 1254 5329 exortis
1302 5276 1691 5351 controversiis
1739 5278 1978 5349 exquisi-

394 5361 535 5431 stis;
584 5371 640 5417 et
692 5362 747 5419 in
794 5363 1096 5437 colligendo
1146 5380 1344 5437 magno
1398 5376 1699 5439 sanctoque
1747 5369 1975 5442 collegio

391 5452 539 5525 pium
595 5455 835 5521 studium
888 5464 944 5512 et
995 5456 1327 5521 desiderium
1363 5460 1710 5529 ostendistis;
1760 5461 1813 5517 in
1843 5478 1971 5532 quo,

390 5546 641 5604 abdicato
668 5549 954 5622 pravitatis
995 5558 1239 5617 auctore,
1267 5550 1514 5610 definitio
1558 5562 1723 5610 recta:
1752 5553 1874 5609 ﬁdei
1917 5558 1974 5612 et

390 5642 669 5699 catholicae
699 5658 763 5699 ac
808 5651 1049 5713 paterna:
1079 5642 1408 5712 traditionis,
1440 5653 1605 5716 atque
1636 5643 1762 5717 jura
1794 5646 1972 5702 Eccle-

385 5735 484 5791 siae
526 5736 799 5807 perpetuis
848 5735 1062 5793 smeulis
1107 5734 1411 5807 profutura,
1449 5747 1504 5794 et
1558 5740 1693 5796 satis
1740 5740 1966 5809 idonea,

390 5843 500 5903 ﬁxa
524 5844 652 5895 Sunt
679 5840 737 5889 et
775 5829 992 5888 ﬁrmata
1025 5848 1042 5889 :
1072 5833 1130 5889 in
1160 5847 1269 5904 quo
1298 5832 1464 5889 etiam
1493 5832 1623 5890 illud
1670 5835 1969 5893 mirabilius

2087 4726 2214 4771 men
2242 4710 2353 4768 illic
2374 4721 2800 4784 usurpant,cum
2826 4719 3412 4786 excommunicatione,
3430 4735 3534 4790 qua
3558 4720 3675 4791 jam

2087 4814 2345 4862 tenentur
2363 4807 2608 4874 astricti,
2637 4808 2802 4865 etiam
2832 4813 3035 4885 proprii
3062 4814 3263 4886 gradus
3279 4815 3493 4885 jactura
3519 4831 3674 4873 care-

2085 4898 2241 4954 bunL

2157 4999 2329 5056 Porro
2359 4999 2426 5055 de
2460 5001 2633 5059 tribus
2660 5001 2931 5071 capitulis,
2985 5017 3149 5070 super
3198 5003 3416 5071 quibus,
3446 5004 3672 5073 praefato

2092 5094 2401 5166 postulante
2428 5096 2774 5151 sanctissimo
2802 5092 2973 5149 fratre
3007 5101 3062 5147 et
3110 5094 3431 5164 coepiscopo
3482 5106 3703 5151 nostro”

2085 5185 2313 5259 lgnatio,
2350 5188 2605 5243 divinitus
2641 5191 2945 5256 protectum
2985 5184 3269 5255 imperium
3299 5195 3539 5241 vestrum
3571 5201 3670 5242 nos

2083 5281 2432 5353 deprecatum
2465 5293 2590 5335 esse
2639 5276 3004 5348 dignoscitur,
3041 5275 3118 5330 nil
3163 5290 3453 5347 possumus
3495 5277 3566 5333 ab
3601 5292 3667 5335 eo

2080 5376 2224 5444 quod
2244 5373 2359 5443 jam
2402 5371 2756 5428 constitutum
2786 5380 2909 5436 est,
2955 5370 3210 5425 ordinare
3254 5370 3531 5425 diversum
3570 5371 3665 5426 .vel

2078 5467 2383 5538 disponere,
2413 5463 2748 5519 inaxime'dc
2775 5460 2952 5518 Photii
2980 5460 3392 5517 consecratione
3418 5460 3666 5531 aliquan-

2079 5558 2247 5628 tisper
2275 5569 2493 5611 versum
2538 5571 2552 5608 :
2592 5552 2882 5610 uisi‘forte
2910 5567 3034 5620 nos,
3065 5550 3387 5622 quibusdam
3417 5566 3484 5606 ex
3511 5561 3663 5606 utra-

2076 5666 2184 5722 que
2215 5658 2371 5720 parte
2408 5649 2462 5704 in
2505 5647 2790 5718 prmsentia
2837 5655 3023 5701 nostra
3064 5643 3318 5716 repertis,
3369 5642 3663 5713 contigerit

2075 5746 2234 5811 scire,
2251 5760 2369 5814 quas
2392 5758 2562 5813 usque
2589 5744 2694 5797 huc
2713 5741 3016 5796 nescimus:
3037 5738 3117 5792 vel
3142 5738 3353 5793 discere
3371 5751 3491 5809 quae
3517 5750 3659 5791 nunc

2074 5837 2291 5909 penitus
2316 5836 2646 5908 ignoramus.
2673 5833 2788 5890 Non
2817 5832 2963 5888 enim
2990 5843 3074 5887 est
3098 5830 3150 5886 in
3182 5831 3337 5889 nobis
3363 5840 3451 5888 cst
3470 5837 3525 5887 et
3550 5843 3655 5885 non
