  <div class='ocr_page' id='page_1' title='image "/cluster/home/n/w/nwhite01/storage/ocr_20150623/122/pst.000018028355/693.png"; bbox 0 0 4142 6296; ppageno 0'>
   <div class='ocr_carea' id='block_1_1' title="bbox 506 374 642 448">
    <p class='ocr_par' dir='ltr' id='par_1_1' title="bbox 506 374 642 448">
     <span class='ocr_line' id='line_1_1' title="bbox 506 374 642 448; baseline -0.022 -2"><span class='ocrx_word' id='word_1_1' title='bbox 506 374 642 448; x_wconf 69' lang='grc'><strong>1341</strong></span> 
     </span>
    </p>
   </div>
   <div class='ocr_carea' id='block_1_2' title="bbox 1824 367 2428 433">
    <p class='ocr_par' dir='ltr' id='par_1_2' title="bbox 1824 367 2428 433">
     <span class='ocr_line' id='line_1_2' title="bbox 1824 367 2428 433; baseline -0.003 -1"><span class='ocrx_word' id='word_1_2' title='bbox 1824 370 2107 433; x_wconf 78' lang='lat' dir='ltr'><strong>ADRIANI</strong></span> <span class='ocrx_word' id='word_1_3' title='bbox 2146 367 2347 432; x_wconf 67' lang='grc' dir='ltr'><strong>ΡΑΡΑΞ</strong></span> <span class='ocrx_word' id='word_1_4' title='bbox 2382 370 2428 430; x_wconf 90' lang='lat' dir='ltr'><strong>ll</strong></span> 
     </span>
    </p>
   </div>
   <div class='ocr_carea' id='block_1_3' title="bbox 3642 380 3785 453">
    <p class='ocr_par' dir='ltr' id='par_1_3' title="bbox 3642 380 3785 453">
     <span class='ocr_line' id='line_1_3' title="bbox 3642 380 3785 453; baseline 0.049 -7"><span class='ocrx_word' id='word_1_5' title='bbox 3642 380 3785 453; x_wconf 73' lang='lat' dir='ltr'><strong>I3I2</strong></span> 
     </span>
    </p>
   </div>
   <div class='ocr_carea' id='block_1_4' title="bbox 509 482 2109 569">
    <p class='ocr_par' dir='ltr' id='par_1_4' title="bbox 509 489 2082 569">
     <span class='ocr_line' id='line_1_4' title="bbox 509 489 2082 569; baseline -0.007 -12"><span class='ocrx_word' id='word_1_6' title='bbox 509 512 612 557; x_wconf 83' lang='lat' dir='ltr'><strong>est.</strong></span> <span class='ocrx_word' id='word_1_7' title='bbox 638 498 701 554; x_wconf 86' lang='lat' dir='ltr'><strong>Et</strong></span> <span class='ocrx_word' id='word_1_8' title='bbox 716 497 761 555; x_wconf 90' lang='lat' dir='ltr'><strong>si</strong></span> <span class='ocrx_word' id='word_1_9' title='bbox 783 510 905 569; x_wconf 65' lang='lat' dir='ltr'><strong>qum</strong></span> <span class='ocrx_word' id='word_1_10' title='bbox 924 489 1310 560; x_wconf 79' lang='lat' dir='ltr'><strong>destruximus,</strong></span> <span class='ocrx_word' id='word_1_11' title='bbox 1329 490 1517 559; x_wconf 86' lang='lat' dir='ltr'><strong>eadem</strong></span> <span class='ocrx_word' id='word_1_12' title='bbox 1546 489 2082 555; x_wconf 75' lang='lat' dir='ltr'><strong>retediﬁcaverimus,</strong></span> 
     </span>
    </p>
   </div>
   <div class='ocr_carea' id='block_1_5' title="bbox 2228 482 3791 569">
    <p class='ocr_par' dir='ltr' id='par_1_5' title="bbox 2228 482 3791 567">
     <span class='ocr_line' id='line_1_5' title="bbox 2228 482 3791 567; baseline 0.006 -23"><span class='ocrx_word' id='word_1_13' title='bbox 2228 493 2378 561; x_wconf 77' lang='grc' dir='ltr'><strong>ισμοῦ</strong></span> <span class='ocrx_word' id='word_1_14' title='bbox 2421 489 2641 561; x_wconf 66' lang='grc' dir='ltr'><strong>μεγάλου</strong></span> <span class='ocrx_word' id='word_1_15' title='bbox 2697 490 2781 546; x_wconf 74' lang='grc' dir='ltr'><strong>καὶ</strong></span> <span class='ocrx_word' id='word_1_16' title='bbox 2835 488 2952 546; x_wconf 64' lang='grc' dir='ltr'><strong>αἷσι</strong></span> <span class='ocrx_word' id='word_1_17' title='bbox 3022 482 3133 545; x_wconf 85' lang='lat' dir='ltr'><strong>sint</strong></span> <span class='ocrx_word' id='word_1_18' title='bbox 3172 499 3204 543; x_wconf 85' lang='lat' dir='ltr'><strong>e</strong></span> <span class='ocrx_word' id='word_1_19' title='bbox 3234 483 3458 561; x_wconf 85' lang='lat' dir='ltr'><strong>regione</strong></span> <span class='ocrx_word' id='word_1_20' title='bbox 3495 486 3791 567; x_wconf 85' lang='lat' dir='ltr'><strong>Bulgarum</strong></span> 
     </span>
    </p>
   </div>
   <div class='ocr_carea' id='block_1_6' title="bbox 510 583 2090 664">
    <p class='ocr_par' dir='ltr' id='par_1_6' title="bbox 510 583 2090 664">
     <span class='ocr_line' id='line_1_6' title="bbox 510 583 2090 664; baseline -0.006 -16"><span class='ocrx_word' id='word_1_21' title='bbox 510 592 952 664; x_wconf 80' lang='lat' dir='ltr'><strong>praevaricatores</strong></span> <span class='ocrx_word' id='word_1_22' title='bbox 1000 603 1097 644; x_wconf 90' lang='lat' dir='ltr'><strong>nos</strong></span> <span class='ocrx_word' id='word_1_23' title='bbox 1147 587 1281 659; x_wconf 91' lang='lat' dir='ltr'><strong>legis</strong></span> <span class='ocrx_word' id='word_1_24' title='bbox 1329 603 1447 643; x_wconf 90' lang='lat' dir='ltr'><strong>esse</strong></span> <span class='ocrx_word' id='word_1_25' title='bbox 1491 586 1905 642; x_wconf 89' lang='lat' dir='ltr'><strong>constituemus.</strong></span> <span class='ocrx_word' id='word_1_26' title='bbox 1942 583 2090 639; x_wconf 90' lang='lat' dir='ltr'><strong>Satis</strong></span> 
     </span>
    </p>
   </div>
   <div class='ocr_carea' id='block_1_7' title="bbox 511 668 2090 751">
    <p class='ocr_par' dir='ltr' id='par_1_7' title="bbox 511 668 2090 751">
     <span class='ocr_line' id='line_1_7' title="bbox 511 668 2090 751; baseline -0.006 -12"><span class='ocrx_word' id='word_1_27' title='bbox 511 685 654 740; x_wconf 87' lang='lat' dir='ltr'><strong>enim</strong></span> <span class='ocrx_word' id='word_1_28' title='bbox 683 690 807 737; x_wconf 89' lang='lat' dir='ltr'><strong>nota</strong></span> <span class='ocrx_word' id='word_1_29' title='bbox 850 690 975 735; x_wconf 91' lang='lat' dir='ltr'><strong>sunt</strong></span> <span class='ocrx_word' id='word_1_30' title='bbox 1001 695 1120 751; x_wconf 85' lang='lat' dir='ltr'><strong>quae</strong></span> <span class='ocrx_word' id='word_1_31' title='bbox 1148 695 1272 734; x_wconf 91' lang='lat' dir='ltr'><strong>cum</strong></span> <span class='ocrx_word' id='word_1_32' title='bbox 1319 694 1416 734; x_wconf 86' lang='lat' dir='ltr'><strong>suo</strong></span> <span class='ocrx_word' id='word_1_33' title='bbox 1447 668 1668 733; x_wconf 75' lang='lat' dir='ltr'><strong>auctore</strong></span> <span class='ocrx_word' id='word_1_34' title='bbox 1698 676 2090 740; x_wconf 83' lang='lat' dir='ltr'><strong>destruximus,</strong></span> 
     </span>
    </p>
   </div>
   <div class='ocr_carea' id='block_1_8' title="bbox 513 767 2094 844">
    <p class='ocr_par' dir='ltr' id='par_1_8' title="bbox 513 767 2094 844">
     <span class='ocr_line' id='line_1_8' title="bbox 513 767 2094 844; baseline -0.004 -15"><span class='ocrx_word' id='word_1_35' title='bbox 513 784 569 829; x_wconf 89' lang='lat' dir='ltr'><strong>et</strong></span> <span class='ocrx_word' id='word_1_36' title='bbox 608 789 727 844; x_wconf 87' lang='lat' dir='ltr'><strong>quae</strong></span> <span class='ocrx_word' id='word_1_37' title='bbox 777 770 1137 828; x_wconf 88' lang='lat' dir='ltr'><strong>construenda</strong></span> <span class='ocrx_word' id='word_1_38' title='bbox 1189 770 1584 825; x_wconf 77' lang='lat' dir='ltr'><strong>mandavimus.</strong></span> <span class='ocrx_word' id='word_1_39' title='bbox 1638 767 1720 821; x_wconf 87' lang='lat' dir='ltr'><strong>Ab</strong></span> <span class='ocrx_word' id='word_1_40' title='bbox 1752 767 1855 822; x_wconf 90' lang='lat' dir='ltr'><strong>illis</strong></span> <span class='ocrx_word' id='word_1_41' title='bbox 1896 767 2094 837; x_wconf 86' lang='lat' dir='ltr'><strong>quippe</strong></span> 
     </span>
    </p>
   </div>
   <div class='ocr_carea' id='block_1_9' title="bbox 512 858 2093 931">
    <p class='ocr_par' dir='ltr' id='par_1_9' title="bbox 512 858 2093 931">
     <span class='ocr_line' id='line_1_9' title="bbox 512 858 2093 931; baseline -0.003 -13"><span class='ocrx_word' id='word_1_42' title='bbox 512 862 893 920; x_wconf 81' lang='lat' dir='ltr'><strong>sacratissimis</strong></span> <span class='ocrx_word' id='word_1_43' title='bbox 934 861 1263 925; x_wconf 89' lang='lat' dir='ltr'><strong>constitutis,</strong></span> <span class='ocrx_word' id='word_1_44' title='bbox 1314 876 1433 931; x_wconf 71' lang='lat' dir='ltr'><strong>quae</strong></span> <span class='ocrx_word' id='word_1_45' title='bbox 1482 860 1567 915; x_wconf 90' lang='lat' dir='ltr'><strong>vel</strong></span> <span class='ocrx_word' id='word_1_46' title='bbox 1619 858 1929 930; x_wconf 72' lang='lat' dir='ltr'><strong>apostolica:</strong></span> <span class='ocrx_word' id='word_1_47' title='bbox 1979 872 2093 915; x_wconf 88' lang='lat' dir='ltr'><strong>me-</strong></span> 
     </span>
    </p>
   </div>
   <div class='ocr_carea' id='block_1_10' title="bbox 512 950 2095 1023">
    <p class='ocr_par' dir='ltr' id='par_1_10' title="bbox 512 950 2095 1023">
     <span class='ocr_line' id='line_1_10' title="bbox 512 950 2095 1023; baseline -0.003 -14"><span class='ocrx_word' id='word_1_48' title='bbox 512 954 699 1010; x_wconf 85' lang='lat' dir='ltr'><strong>moriae</strong></span> <span class='ocrx_word' id='word_1_49' title='bbox 758 953 1123 1023; x_wconf 71' lang='lat' dir='ltr'><strong>praedecessor</strong></span> <span class='ocrx_word' id='word_1_50' title='bbox 1186 959 1369 1007; x_wconf 87' lang='lat' dir='ltr'><strong>noster</strong></span> <span class='ocrx_word' id='word_1_51' title='bbox 1431 967 1571 1023; x_wconf 88' lang='lat' dir='ltr'><strong>papa</strong></span> <span class='ocrx_word' id='word_1_52' title='bbox 1629 950 1880 1006; x_wconf 83' lang='lat' dir='ltr'><strong>Nicolaus</strong></span> <span class='ocrx_word' id='word_1_53' title='bbox 1935 956 2095 1005; x_wconf 83' lang='lat' dir='ltr'><strong>antea</strong></span> 
     </span>
    </p>
   </div>
   <div class='ocr_carea' id='block_1_11' title="bbox 513 1043 2098 1115">
    <p class='ocr_par' dir='ltr' id='par_1_11' title="bbox 513 1043 2098 1115">
     <span class='ocr_line' id='line_1_11' title="bbox 513 1043 2098 1115; baseline -0.003 -14"><span class='ocrx_word' id='word_1_54' title='bbox 513 1046 807 1102; x_wconf 86' lang='lat' dir='ltr'><strong>salubriter</strong></span> <span class='ocrx_word' id='word_1_55' title='bbox 835 1045 1035 1111; x_wconf 82' lang='lat' dir='ltr'><strong>sanxit,</strong></span> <span class='ocrx_word' id='word_1_56' title='bbox 1067 1044 1150 1100; x_wconf 89' lang='lat' dir='ltr'><strong>vel</strong></span> <span class='ocrx_word' id='word_1_57' title='bbox 1181 1060 1278 1100; x_wconf 90' lang='lat' dir='ltr'><strong>nos</strong></span> <span class='ocrx_word' id='word_1_58' title='bbox 1316 1052 1505 1115; x_wconf 88' lang='lat' dir='ltr'><strong>postea</strong></span> <span class='ocrx_word' id='word_1_59' title='bbox 1535 1043 1929 1114; x_wconf 87' lang='lat' dir='ltr'><strong>dispensatorie</strong></span> <span class='ocrx_word' id='word_1_60' title='bbox 1970 1057 2098 1114; x_wconf 85' lang='lat' dir='ltr'><strong>pro-</strong></span> 
     </span>
    </p>
   </div>
   <div class='ocr_carea' id='block_1_12' title="bbox 514 1137 2094 1202">
    <p class='ocr_par' dir='ltr' id='par_1_12' title="bbox 514 1137 2094 1202">
     <span class='ocr_line' id='line_1_12' title="bbox 514 1137 2094 1202; baseline -0.001 -10"><span class='ocrx_word' id='word_1_61' title='bbox 514 1137 753 1202; x_wconf 89' lang='lat' dir='ltr'><strong>tulimus,</strong></span> <span class='ocrx_word' id='word_1_62' title='bbox 809 1137 953 1192; x_wconf 91' lang='lat' dir='ltr'><strong>nulla</strong></span> <span class='ocrx_word' id='word_1_63' title='bbox 986 1138 1223 1192; x_wconf 88' lang='lat' dir='ltr'><strong>motione</strong></span> <span class='ocrx_word' id='word_1_64' title='bbox 1268 1140 1353 1191; x_wconf 89' lang='lat' dir='ltr'><strong>vel</strong></span> <span class='ocrx_word' id='word_1_65' title='bbox 1386 1138 1687 1192; x_wconf 89' lang='lat' dir='ltr'><strong>mutatione</strong></span> <span class='ocrx_word' id='word_1_66' title='bbox 1735 1137 2094 1199; x_wconf 87' lang='lat' dir='ltr'><strong>discedemus,</strong></span> 
     </span>
    </p>
   </div>
   <div class='ocr_carea' id='block_1_13' title="bbox 516 1227 2099 1300">
    <p class='ocr_par' dir='ltr' id='par_1_13' title="bbox 516 1227 2099 1300">
     <span class='ocr_line' id='line_1_13' title="bbox 516 1227 2099 1300; baseline -0.003 -15"><span class='ocrx_word' id='word_1_67' title='bbox 516 1238 610 1286; x_wconf 87' lang='lat' dir='ltr'><strong>aut</strong></span> <span class='ocrx_word' id='word_1_68' title='bbox 639 1230 706 1285; x_wconf 90' lang='lat' dir='ltr'><strong>ad</strong></span> <span class='ocrx_word' id='word_1_69' title='bbox 734 1230 979 1285; x_wconf 77' lang='lat' dir='ltr'><strong>dextram</strong></span> <span class='ocrx_word' id='word_1_70' title='bbox 1027 1230 1112 1285; x_wconf 88' lang='lat' dir='ltr'><strong>vel</strong></span> <span class='ocrx_word' id='word_1_71' title='bbox 1161 1231 1437 1285; x_wconf 87' lang='lat' dir='ltr'><strong>sinistram</strong></span> <span class='ocrx_word' id='word_1_72' title='bbox 1491 1245 1706 1300; x_wconf 87' lang='lat' dir='ltr'><strong>quoquo</strong></span> <span class='ocrx_word' id='word_1_73' title='bbox 1752 1231 1911 1285; x_wconf 91' lang='lat' dir='ltr'><strong>modo</strong></span> <span class='ocrx_word' id='word_1_74' title='bbox 1943 1227 2099 1283; x_wconf 83' lang='lat' dir='ltr'><strong>decli-</strong></span> 
     </span>
    </p>
   </div>
   <div class='ocr_carea' id='block_1_14' title="bbox 517 1319 2095 1392">
    <p class='ocr_par' dir='ltr' id='par_1_14' title="bbox 517 1319 2095 1392">
     <span class='ocr_line' id='line_1_14' title="bbox 517 1319 2095 1392; baseline -0.001 -17"><span class='ocrx_word' id='word_1_75' title='bbox 517 1320 782 1376; x_wconf 88' lang='lat' dir='ltr'><strong>nabimus.</strong></span> <span class='ocrx_word' id='word_1_76' title='bbox 808 1320 937 1387; x_wconf 69' lang='lat' dir='ltr'><strong>Qua:</strong></span> <span class='ocrx_word' id='word_1_77' title='bbox 973 1320 1221 1376; x_wconf 88' lang='lat' dir='ltr'><strong>videlicet</strong></span> <span class='ocrx_word' id='word_1_78' title='bbox 1245 1322 1361 1391; x_wconf 90' lang='lat' dir='ltr'><strong>jam</strong></span> <span class='ocrx_word' id='word_1_79' title='bbox 1385 1322 1584 1376; x_wconf 88' lang='lat' dir='ltr'><strong>dudum</strong></span> <span class='ocrx_word' id='word_1_80' title='bbox 1617 1321 1871 1392; x_wconf 84' lang='lat' dir='ltr'><strong>probavit</strong></span> <span class='ocrx_word' id='word_1_81' title='bbox 1908 1319 2095 1374; x_wconf 82' lang='lat' dir='ltr'><strong>Eccle—</strong></span> 
     </span>
    </p>
   </div>
   <div class='ocr_carea' id='block_1_15' title="bbox 516 1413 2100 1487">
    <p class='ocr_par' dir='ltr' id='par_1_15' title="bbox 516 1413 2100 1487">
     <span class='ocr_line' id='line_1_15' title="bbox 516 1413 2100 1487; baseline -0.001 -17"><span class='ocrx_word' id='word_1_82' title='bbox 516 1415 617 1482; x_wconf 81' lang='lat' dir='ltr'><strong>sia,</strong></span> <span class='ocrx_word' id='word_1_83' title='bbox 644 1423 700 1471; x_wconf 91' lang='lat' dir='ltr'><strong>et</strong></span> <span class='ocrx_word' id='word_1_84' title='bbox 744 1415 1067 1470; x_wconf 88' lang='lat' dir='ltr'><strong>immutilata</strong></span> <span class='ocrx_word' id='word_1_85' title='bbox 1101 1416 1367 1470; x_wconf 84' lang='lat' dir='ltr'><strong>servanda</strong></span> <span class='ocrx_word' id='word_1_86' title='bbox 1417 1432 1591 1487; x_wconf 85' lang='lat' dir='ltr'><strong>nuper</strong></span> <span class='ocrx_word' id='word_1_87' title='bbox 1622 1424 1832 1487; x_wconf 88' lang='lat' dir='ltr'><strong>gestum</strong></span> <span class='ocrx_word' id='word_1_88' title='bbox 1883 1413 2100 1468; x_wconf 89' lang='lat' dir='ltr'><strong>univcr—</strong></span> 
     </span>
    </p>
   </div>
   <div class='ocr_carea' id='block_1_16' title="bbox 516 1506 2099 1577">
    <p class='ocr_par' dir='ltr' id='par_1_16' title="bbox 516 1506 2099 1577">
     <span class='ocr_line' id='line_1_16' title="bbox 516 1506 2099 1577; baseline -0.001 -15"><span class='ocrx_word' id='word_1_89' title='bbox 516 1506 630 1562; x_wconf 85' lang='lat' dir='ltr'><strong>sale</strong></span> <span class='ocrx_word' id='word_1_90' title='bbox 664 1508 951 1563; x_wconf 89' lang='lat' dir='ltr'><strong>concilium</strong></span> <span class='ocrx_word' id='word_1_91' title='bbox 984 1508 1192 1563; x_wconf 85' lang='lat' dir='ltr'><strong>statuit.</strong></span> <span class='ocrx_word' id='word_1_92' title='bbox 1222 1507 1407 1577; x_wconf 86' lang='lat' dir='ltr'><strong>Neque</strong></span> <span class='ocrx_word' id='word_1_93' title='bbox 1438 1510 1583 1563; x_wconf 91' lang='lat' dir='ltr'><strong>enim</strong></span> <span class='ocrx_word' id='word_1_94' title='bbox 1624 1509 1781 1564; x_wconf 90' lang='lat' dir='ltr'><strong>nobis</strong></span> <span class='ocrx_word' id='word_1_95' title='bbox 1821 1507 1987 1562; x_wconf 89' lang='lat' dir='ltr'><strong>moris</strong></span> <span class='ocrx_word' id='word_1_96' title='bbox 2015 1516 2099 1562; x_wconf 86' lang='lat' dir='ltr'><strong>est</strong></span> 
     </span>
    </p>
   </div>
   <div class='ocr_carea' id='block_1_17' title="bbox 516 1601 2100 1675">
    <p class='ocr_par' dir='ltr' id='par_1_17' title="bbox 516 1601 2100 1675">
     <span class='ocr_line' id='line_1_17' title="bbox 516 1601 2100 1675; baseline -0.001 -18"><span class='ocrx_word' id='word_1_97' title='bbox 516 1612 577 1657; x_wconf 92' lang='lat' dir='ltr'><strong>ut</strong></span> <span class='ocrx_word' id='word_1_98' title='bbox 624 1619 723 1673; x_wconf 90' lang='lat' dir='ltr'><strong>pro</strong></span> <span class='ocrx_word' id='word_1_99' title='bbox 768 1603 921 1659; x_wconf 91' lang='lat' dir='ltr'><strong>libitu</strong></span> <span class='ocrx_word' id='word_1_100' title='bbox 950 1604 1170 1675; x_wconf 90' lang='lat' dir='ltr'><strong>proprio</strong></span> <span class='ocrx_word' id='word_1_101' title='bbox 1218 1604 1459 1675; x_wconf 89' lang='lat' dir='ltr'><strong>paternis</strong></span> <span class='ocrx_word' id='word_1_102' title='bbox 1510 1602 1880 1658; x_wconf 89' lang='lat' dir='ltr'><strong>sanctionibus</strong></span> <span class='ocrx_word' id='word_1_103' title='bbox 1912 1601 2100 1656; x_wconf 81' lang='lat' dir='ltr'><strong>abuta-</strong></span> 
     </span>
    </p>
   </div>
   <div class='ocr_carea' id='block_1_18' title="bbox 517 1694 2101 1765">
    <p class='ocr_par' dir='ltr' id='par_1_18' title="bbox 517 1694 2101 1765">
     <span class='ocr_line' id='line_1_18' title="bbox 517 1694 2101 1765; baseline -0.002 -14"><span class='ocrx_word' id='word_1_104' title='bbox 517 1710 683 1763; x_wconf 89' lang='lat' dir='ltr'><strong>mur,</strong></span> <span class='ocrx_word' id='word_1_105' title='bbox 741 1696 1193 1765; x_wconf 80' lang='lat' dir='ltr'><strong>quemadmodum</strong></span> <span class='ocrx_word' id='word_1_106' title='bbox 1247 1695 1608 1765; x_wconf 88' lang='lat' dir='ltr'><strong>quibusdam,</strong></span> <span class='ocrx_word' id='word_1_107' title='bbox 1667 1694 1759 1765; x_wconf 89' lang='lat' dir='ltr'><strong>qui</strong></span> <span class='ocrx_word' id='word_1_108' title='bbox 1808 1694 1950 1764; x_wconf 91' lang='lat' dir='ltr'><strong>apud</strong></span> <span class='ocrx_word' id='word_1_109' title='bbox 2004 1707 2101 1748; x_wconf 88' lang='lat' dir='ltr'><strong>vos</strong></span> 
     </span>
    </p>
   </div>
   <div class='ocr_carea' id='block_1_19' title="bbox 518 1784 2100 1858">
    <p class='ocr_par' dir='ltr' id='par_1_19' title="bbox 518 1784 2100 1858">
     <span class='ocr_line' id='line_1_19' title="bbox 518 1784 2100 1858; baseline -0.004 -15"><span class='ocrx_word' id='word_1_110' title='bbox 518 1802 725 1844; x_wconf 85' lang='lat' dir='ltr'><strong>summa</strong></span> <span class='ocrx_word' id='word_1_111' title='bbox 764 1803 946 1843; x_wconf 88' lang='lat' dir='ltr'><strong>rerum</strong></span> <span class='ocrx_word' id='word_1_112' title='bbox 989 1788 1481 1858; x_wconf 82' lang='lat' dir='ltr'><strong>ecclesiasticarum</strong></span> <span class='ocrx_word' id='word_1_113' title='bbox 1522 1785 1884 1858; x_wconf 88' lang='lat' dir='ltr'><strong>gubernacula</strong></span> <span class='ocrx_word' id='word_1_114' title='bbox 1918 1784 2100 1839; x_wconf 83' lang='lat' dir='ltr'><strong>mode-</strong></span> 
     </span>
    </p>
   </div>
   <div class='ocr_carea' id='block_1_20' title="bbox 516 1845 2109 1952">
    <p class='ocr_par' dir='ltr' id='par_1_20' title="bbox 516 1873 2105 1952">
     <span class='ocr_line' id='line_1_20' title="bbox 516 1873 2105 1952; baseline -0.004 -18"><span class='ocrx_word' id='word_1_115' title='bbox 516 1888 721 1945; x_wconf 87' lang='lat' dir='ltr'><strong>rantes,</strong></span> <span class='ocrx_word' id='word_1_116' title='bbox 752 1887 879 1935; x_wconf 89' lang='lat' dir='ltr'><strong>tunc</strong></span> <span class='ocrx_word' id='word_1_117' title='bbox 902 1880 1229 1952; x_wconf 87' lang='lat' dir='ltr'><strong>synodorum</strong></span> <span class='ocrx_word' id='word_1_118' title='bbox 1260 1888 1482 1943; x_wconf 84' lang='lat' dir='ltr'><strong>statuta,</strong></span> <span class='ocrx_word' id='word_1_119' title='bbox 1507 1877 1590 1932; x_wconf 90' lang='lat' dir='ltr'><strong>vel</strong></span> <span class='ocrx_word' id='word_1_120' title='bbox 1611 1877 1771 1931; x_wconf 88' lang='lat' dir='ltr'><strong>etiam</strong></span> <span class='ocrx_word' id='word_1_121' title='bbox 1798 1873 2105 1945; x_wconf 66' lang='lat' dir='ltr'><strong>apostolica:</strong></span> 
     </span>
    </p>
   </div>
   <div class='ocr_carea' id='block_1_21' title="bbox 2228 1845 2981 1952">
    <p class='ocr_par' dir='ltr' id='par_1_21' title="bbox 2228 1845 2981 1921">
     <span class='ocr_line' id='line_1_21' title="bbox 2228 1845 2981 1921; baseline -0.003 -20"><span class='ocrx_word' id='word_1_122' title='bbox 2228 1845 2540 1902; x_wconf 78' lang='grc' dir='ltr'><strong>ἱποκωλῦσαι</strong></span> <span class='ocrx_word' id='word_1_123' title='bbox 2565 1886 2585 1919; x_wconf 76' lang='lat'><strong>,</strong></span> <span class='ocrx_word' id='word_1_124' title='bbox 2636 1848 2726 1903; x_wconf 81' lang='grc' dir='ltr'><strong>οὐκ</strong></span> <span class='ocrx_word' id='word_1_125' title='bbox 2787 1850 2981 1921; x_wconf 52' lang='grc' dir='ltr'><strong>ἀρνούκ</strong></span> 
     </span>
    </p>
   </div>
   <div class='ocr_carea' id='block_1_22' title="bbox 518 1963 2105 2039">
    <p class='ocr_par' dir='ltr' id='par_1_22' title="bbox 518 1963 2105 2039">
     <span class='ocr_line' id='line_1_22' title="bbox 518 1963 2105 2039; baseline -0.002 -17"><span class='ocrx_word' id='word_1_126' title='bbox 518 1967 663 2022; x_wconf 86' lang='lat' dir='ltr'><strong>sedis</strong></span> <span class='ocrx_word' id='word_1_127' title='bbox 693 1967 911 2024; x_wconf 90' lang='lat' dir='ltr'><strong>decreta</strong></span> <span class='ocrx_word' id='word_1_128' title='bbox 957 1968 1259 2039; x_wconf 79' lang='lat' dir='ltr'><strong>proferunt,</strong></span> <span class='ocrx_word' id='word_1_129' title='bbox 1290 1984 1413 2024; x_wconf 91' lang='lat' dir='ltr'><strong>cum</strong></span> <span class='ocrx_word' id='word_1_130' title='bbox 1441 1967 1525 2022; x_wconf 90' lang='lat' dir='ltr'><strong>vel</strong></span> <span class='ocrx_word' id='word_1_131' title='bbox 1571 1966 1707 2022; x_wconf 90' lang='lat' dir='ltr'><strong>alios</strong></span> <span class='ocrx_word' id='word_1_132' title='bbox 1762 1965 1983 2031; x_wconf 67' lang='lat' dir='ltr'><strong>laedere,</strong></span> <span class='ocrx_word' id='word_1_133' title='bbox 2018 1963 2105 2019; x_wconf 90' lang='lat' dir='ltr'><strong>vel</strong></span> 
     </span>
    </p>
   </div>
   <div class='ocr_carea' id='block_1_23' title="bbox 518 2058 2100 2130">
    <p class='ocr_par' dir='ltr' id='par_1_23' title="bbox 518 2058 2100 2130">
     <span class='ocr_line' id='line_1_23' title="bbox 518 2058 2100 2130; baseline -0.004 -14"><span class='ocrx_word' id='word_1_134' title='bbox 518 2075 578 2116; x_wconf 87' lang='lat' dir='ltr'><strong>se</strong></span> <span class='ocrx_word' id='word_1_135' title='bbox 601 2060 794 2130; x_wconf 88' lang='lat' dir='ltr'><strong>juvare</strong></span> <span class='ocrx_word' id='word_1_136' title='bbox 813 2061 1035 2130; x_wconf 90' lang='lat' dir='ltr'><strong>cupiunt</strong></span> <span class='ocrx_word' id='word_1_137' title='bbox 1070 2078 1083 2115; x_wconf 91' lang='lat'><strong>:</strong></span> <span class='ocrx_word' id='word_1_138' title='bbox 1116 2070 1169 2116; x_wconf 89' lang='lat' dir='ltr'><strong>et</strong></span> <span class='ocrx_word' id='word_1_139' title='bbox 1200 2062 1314 2115; x_wconf 70' lang='lat' dir='ltr'><strong>haec</strong></span> <span class='ocrx_word' id='word_1_140' title='bbox 1342 2070 1471 2116; x_wconf 90' lang='lat' dir='ltr'><strong>tunc</strong></span> <span class='ocrx_word' id='word_1_141' title='bbox 1517 2061 1616 2116; x_wconf 85' lang='lat' dir='ltr'><strong>sub</strong></span> <span class='ocrx_word' id='word_1_142' title='bbox 1652 2058 1866 2114; x_wconf 90' lang='lat' dir='ltr'><strong>silentio</strong></span> <span class='ocrx_word' id='word_1_143' title='bbox 1893 2064 2100 2128; x_wconf 86' lang='lat' dir='ltr'><strong>tegunt,</strong></span> 
     </span>
    </p>
   </div>
   <div class='ocr_carea' id='block_1_24' title="bbox 516 2150 2104 2221">
    <p class='ocr_par' dir='ltr' id='par_1_24' title="bbox 516 2150 2104 2221">
     <span class='ocr_line' id='line_1_24' title="bbox 516 2150 2104 2221; baseline 0 -18"><span class='ocrx_word' id='word_1_144' title='bbox 516 2150 735 2221; x_wconf 88' lang='lat' dir='ltr'><strong>quando</strong></span> <span class='ocrx_word' id='word_1_145' title='bbox 768 2150 997 2206; x_wconf 79' lang='lat' dir='ltr'><strong>fortasse</strong></span> <span class='ocrx_word' id='word_1_146' title='bbox 1032 2160 1220 2207; x_wconf 89' lang='lat' dir='ltr'><strong>contra</strong></span> <span class='ocrx_word' id='word_1_147' title='bbox 1266 2166 1344 2219; x_wconf 88' lang='lat' dir='ltr'><strong>se,</strong></span> <span class='ocrx_word' id='word_1_148' title='bbox 1382 2151 1466 2206; x_wconf 89' lang='lat' dir='ltr'><strong>vel</strong></span> <span class='ocrx_word' id='word_1_149' title='bbox 1513 2165 1612 2221; x_wconf 91' lang='lat' dir='ltr'><strong>pro</strong></span> <span class='ocrx_word' id='word_1_150' title='bbox 1659 2150 1783 2204; x_wconf 88' lang='lat' dir='ltr'><strong>aliis</strong></span> <span class='ocrx_word' id='word_1_151' title='bbox 1832 2163 2104 2218; x_wconf 89' lang='lat' dir='ltr'><strong>propone-</strong></span> 
     </span>
    </p>
   </div>
   <div class='ocr_carea' id='block_1_25' title="bbox 520 2242 2107 2313">
    <p class='ocr_par' dir='ltr' id='par_1_25' title="bbox 520 2242 2107 2313">
     <span class='ocr_line' id='line_1_25' title="bbox 520 2242 2107 2313; baseline -0.001 -15"><span class='ocrx_word' id='word_1_152' title='bbox 520 2253 729 2298; x_wconf 86' lang='lat' dir='ltr'><strong>rentur.</strong></span> <span class='ocrx_word' id='word_1_153' title='bbox 760 2242 817 2299; x_wconf 91' lang='lat' dir='ltr'><strong>Si</strong></span> <span class='ocrx_word' id='word_1_154' title='bbox 851 2254 1059 2309; x_wconf 89' lang='lat' dir='ltr'><strong>nostra,</strong></span> <span class='ocrx_word' id='word_1_155' title='bbox 1084 2259 1232 2299; x_wconf 90' lang='lat' dir='ltr'><strong>more</strong></span> <span class='ocrx_word' id='word_1_156' title='bbox 1258 2244 1523 2313; x_wconf 89' lang='lat' dir='ltr'><strong>priorum,</strong></span> <span class='ocrx_word' id='word_1_157' title='bbox 1564 2243 1792 2313; x_wconf 79' lang='lat' dir='ltr'><strong>aequitas</strong></span> <span class='ocrx_word' id='word_1_158' title='bbox 1825 2243 1879 2296; x_wconf 94' lang='lat' dir='ltr'><strong>in</strong></span> <span class='ocrx_word' id='word_1_159' title='bbox 1910 2249 2107 2296; x_wconf 65' lang='lat' dir='ltr'><strong>vestrae</strong></span> 
     </span>
    </p>
   </div>
   <div class='ocr_carea' id='block_1_26' title="bbox 521 2314 2106 2408">
    <p class='ocr_par' dir='ltr' id='par_1_26' title="bbox 521 2314 2106 2408">
     <span class='ocr_line' id='line_1_26' title="bbox 521 2314 2106 2408; baseline -0.001 -18"><span class='ocrx_word' id='word_1_160' title='bbox 521 2314 672 2390; x_wconf 75' lang='lat' dir='ltr'><strong>urbis</strong></span> <span class='ocrx_word' id='word_1_161' title='bbox 692 2336 971 2406; x_wconf 67' lang='lat' dir='ltr'><strong>praesules,</strong></span> <span class='ocrx_word' id='word_1_162' title='bbox 996 2336 1263 2406; x_wconf 89' lang='lat' dir='ltr'><strong>majorum</strong></span> <span class='ocrx_word' id='word_1_163' title='bbox 1295 2336 1496 2408; x_wconf 86' lang='lat' dir='ltr'><strong>regulis</strong></span> <span class='ocrx_word' id='word_1_164' title='bbox 1523 2335 1827 2401; x_wconf 88' lang='lat' dir='ltr'><strong>obviantes,</strong></span> <span class='ocrx_word' id='word_1_165' title='bbox 1862 2349 2106 2389; x_wconf 91' lang='lat' dir='ltr'><strong>commo-</strong></span> 
     </span>
    </p>
   </div>
   <div class='ocr_carea' id='block_1_27' title="bbox 520 2424 2109 2503">
    <p class='ocr_par' dir='ltr' id='par_1_27' title="bbox 520 2424 2109 2503">
     <span class='ocr_line' id='line_1_27' title="bbox 520 2424 2109 2503; baseline -0.003 -23"><span class='ocrx_word' id='word_1_166' title='bbox 520 2426 634 2481; x_wconf 90' lang='lat' dir='ltr'><strong>veri</strong></span> <span class='ocrx_word' id='word_1_167' title='bbox 660 2428 901 2482; x_wconf 89' lang='lat' dir='ltr'><strong>severius</strong></span> <span class='ocrx_word' id='word_1_168' title='bbox 921 2426 1201 2493; x_wconf 89' lang='lat' dir='ltr'><strong>volnisset,</strong></span> <span class='ocrx_word' id='word_1_169' title='bbox 1242 2425 1490 2503; x_wconf 81' lang='lat' dir='ltr'><strong>quamvis</strong></span> <span class='ocrx_word' id='word_1_170' title='bbox 1518 2424 1687 2479; x_wconf 88' lang='lat' dir='ltr'><strong>multa</strong></span> <span class='ocrx_word' id='word_1_171' title='bbox 1737 2424 2017 2490; x_wconf 85' lang='lat' dir='ltr'><strong>instantia,</strong></span> <span class='ocrx_word' id='word_1_172' title='bbox 2055 2429 2109 2478; x_wconf 90' lang='lat' dir='ltr'><strong>et</strong></span> 
     </span>
    </p>
   </div>
   <div class='ocr_carea' id='block_1_28' title="bbox 523 2514 2111 2587">
    <p class='ocr_par' dir='ltr' id='par_1_28' title="bbox 523 2514 2111 2587">
     <span class='ocr_line' id='line_1_28' title="bbox 523 2514 2111 2587; baseline -0.001 -16"><span class='ocrx_word' id='word_1_173' title='bbox 523 2523 801 2571; x_wconf 89' lang='lat' dir='ltr'><strong>certamen</strong></span> <span class='ocrx_word' id='word_1_174' title='bbox 851 2517 953 2572; x_wconf 89' lang='lat' dir='ltr'><strong>viri</strong></span> <span class='ocrx_word' id='word_1_175' title='bbox 1001 2516 1409 2587; x_wconf 90' lang='lat' dir='ltr'><strong>prudentissimi</strong></span> <span class='ocrx_word' id='word_1_176' title='bbox 1459 2524 1514 2572; x_wconf 90' lang='lat' dir='ltr'><strong>et</strong></span> <span class='ocrx_word' id='word_1_177' title='bbox 1561 2514 1959 2586; x_wconf 79' lang='lat' dir='ltr'><strong>religiosissimi</strong></span> <span class='ocrx_word' id='word_1_178' title='bbox 2014 2515 2111 2569; x_wconf 88' lang='lat' dir='ltr'><strong>he-</strong></span> 
     </span>
    </p>
   </div>
   <div class='ocr_carea' id='block_1_29' title="bbox 523 2606 2105 2678">
    <p class='ocr_par' dir='ltr' id='par_1_29' title="bbox 523 2606 2105 2678">
     <span class='ocr_line' id='line_1_29' title="bbox 523 2606 2105 2678; baseline -0.001 -17"><span class='ocrx_word' id='word_1_179' title='bbox 523 2608 741 2676; x_wconf 83' lang='lat' dir='ltr'><strong>gumeni</strong></span> <span class='ocrx_word' id='word_1_180' title='bbox 769 2623 832 2663; x_wconf 90' lang='lat' dir='ltr'><strong>ac</strong></span> <span class='ocrx_word' id='word_1_181' title='bbox 857 2622 1139 2664; x_wconf 88' lang='lat' dir='ltr'><strong>sacrorum</strong></span> <span class='ocrx_word' id='word_1_182' title='bbox 1186 2623 1441 2663; x_wconf 88' lang='lat' dir='ltr'><strong>vasorum</strong></span> <span class='ocrx_word' id='word_1_183' title='bbox 1481 2607 1722 2663; x_wconf 88' lang='lat' dir='ltr'><strong>custodis</strong></span> <span class='ocrx_word' id='word_1_184' title='bbox 1758 2606 2105 2678; x_wconf 90' lang='lat' dir='ltr'><strong>Theognosti,</strong></span> 
     </span>
    </p>
   </div>
   <div class='ocr_carea' id='block_1_30' title="bbox 523 2698 2110 2771">
    <p class='ocr_par' dir='ltr' id='par_1_30' title="bbox 523 2698 2110 2771">
     <span class='ocr_line' id='line_1_30' title="bbox 523 2698 2110 2771; baseline 0.001 -19"><span class='ocrx_word' id='word_1_185' title='bbox 523 2698 618 2768; x_wconf 88' lang='lat' dir='ltr'><strong>qui</strong></span> <span class='ocrx_word' id='word_1_186' title='bbox 655 2698 721 2753; x_wconf 89' lang='lat' dir='ltr'><strong>de</strong></span> <span class='ocrx_word' id='word_1_187' title='bbox 766 2699 985 2770; x_wconf 87' lang='lat' dir='ltr'><strong>pietatis</strong></span> <span class='ocrx_word' id='word_1_188' title='bbox 1036 2708 1230 2757; x_wconf 72' lang='lat' dir='ltr'><strong>vestra:</strong></span> <span class='ocrx_word' id='word_1_189' title='bbox 1276 2700 1588 2767; x_wconf 88' lang='lat' dir='ltr'><strong>virtutibus,</strong></span> <span class='ocrx_word' id='word_1_190' title='bbox 1634 2698 2110 2771; x_wconf 53' lang='lat' dir='ltr'><strong>enprobabilium</strong></span> 
     </span>
    </p>
   </div>
   <div class='ocr_carea' id='block_1_31' title="bbox 525 2787 2113 2860">
    <p class='ocr_par' dir='ltr' id='par_1_31' title="bbox 525 2787 2113 2860">
     <span class='ocr_line' id='line_1_31' title="bbox 525 2787 2113 2860; baseline -0.001 -17"><span class='ocrx_word' id='word_1_191' title='bbox 525 2801 737 2843; x_wconf 87' lang='lat' dir='ltr'><strong>morum</strong></span> <span class='ocrx_word' id='word_1_192' title='bbox 765 2787 1087 2860; x_wconf 91' lang='lat' dir='ltr'><strong>insignibus,</strong></span> <span class='ocrx_word' id='word_1_193' title='bbox 1116 2800 1171 2844; x_wconf 92' lang='lat' dir='ltr'><strong>et</strong></span> <span class='ocrx_word' id='word_1_194' title='bbox 1212 2790 1577 2859; x_wconf 64' lang='lat' dir='ltr'><strong>trophaeorum</strong></span> <span class='ocrx_word' id='word_1_195' title='bbox 1608 2789 1919 2859; x_wconf 83' lang='lat' dir='ltr'><strong>triumphis,</strong></span> <span class='ocrx_word' id='word_1_196' title='bbox 1951 2796 2113 2857; x_wconf 85' lang='lat' dir='ltr'><strong>atque</strong></span> 
     </span>
    </p>
   </div>
   <div class='ocr_carea' id='block_1_32' title="bbox 526 2879 2110 2952">
    <p class='ocr_par' dir='ltr' id='par_1_32' title="bbox 526 2879 2110 2952">
     <span class='ocr_line' id='line_1_32' title="bbox 526 2879 2110 2952; baseline -0.001 -17"><span class='ocrx_word' id='word_1_197' title='bbox 526 2881 594 2935; x_wconf 89' lang='lat' dir='ltr'><strong>de</strong></span> <span class='ocrx_word' id='word_1_198' title='bbox 654 2879 1042 2936; x_wconf 81' lang='lat' dir='ltr'><strong>beneﬁciorum</strong></span> <span class='ocrx_word' id='word_1_199' title='bbox 1094 2890 1401 2937; x_wconf 86' lang='lat' dir='ltr'><strong>vestrorum</strong></span> <span class='ocrx_word' id='word_1_200' title='bbox 1453 2882 1541 2952; x_wconf 90' lang='lat' dir='ltr'><strong>pie</strong></span> <span class='ocrx_word' id='word_1_201' title='bbox 1586 2882 1688 2937; x_wconf 88' lang='lat' dir='ltr'><strong>sibi</strong></span> <span class='ocrx_word' id='word_1_202' title='bbox 1746 2882 2110 2951; x_wconf 68' lang='lat' dir='ltr'><strong>prmstitorum</strong></span> 
     </span>
    </p>
   </div>
   <div class='ocr_carea' id='block_1_33' title="bbox 527 2972 2106 3045">
    <p class='ocr_par' dir='ltr' id='par_1_33' title="bbox 527 2972 2106 3045">
     <span class='ocr_line' id='line_1_33' title="bbox 527 2972 2106 3045; baseline -0.002 -15"><span class='ocrx_word' id='word_1_203' title='bbox 527 2974 892 3041; x_wconf 88' lang='lat' dir='ltr'><strong>multitudine,</strong></span> <span class='ocrx_word' id='word_1_204' title='bbox 917 2989 1015 3029; x_wconf 88' lang='lat' dir='ltr'><strong>nos</strong></span> <span class='ocrx_word' id='word_1_205' title='bbox 1044 2972 1335 3045; x_wconf 89' lang='lat' dir='ltr'><strong>plurimum</strong></span> <span class='ocrx_word' id='word_1_206' title='bbox 1366 2974 1627 3030; x_wconf 87' lang='lat' dir='ltr'><strong>relatione</strong></span> <span class='ocrx_word' id='word_1_207' title='bbox 1664 2990 1761 3030; x_wconf 90' lang='lat' dir='ltr'><strong>sua</strong></span> <span class='ocrx_word' id='word_1_208' title='bbox 1788 2973 2106 3040; x_wconf 74' lang='lat' dir='ltr'><strong>lmtiﬁcavit,</strong></span> 
     </span>
    </p>
   </div>
   <div class='ocr_carea' id='block_1_34' title="bbox 527 3064 2114 3137">
    <p class='ocr_par' dir='ltr' id='par_1_34' title="bbox 527 3064 2114 3137">
     <span class='ocr_line' id='line_1_34' title="bbox 527 3064 2114 3137; baseline -0.001 -16"><span class='ocrx_word' id='word_1_209' title='bbox 527 3074 583 3121; x_wconf 88' lang='lat' dir='ltr'><strong>et</strong></span> <span class='ocrx_word' id='word_1_210' title='bbox 604 3065 838 3136; x_wconf 91' lang='lat' dir='ltr'><strong>qualiter</strong></span> <span class='ocrx_word' id='word_1_211' title='bbox 886 3064 1075 3122; x_wconf 89' lang='lat' dir='ltr'><strong>diebus</strong></span> <span class='ocrx_word' id='word_1_212' title='bbox 1126 3065 1346 3133; x_wconf 86' lang='lat' dir='ltr'><strong>vestris,</strong></span> <span class='ocrx_word' id='word_1_213' title='bbox 1401 3081 1637 3137; x_wconf 90' lang='lat' dir='ltr'><strong>superno</strong></span> <span class='ocrx_word' id='word_1_214' title='bbox 1668 3066 1915 3131; x_wconf 90' lang='lat' dir='ltr'><strong>brachio,</strong></span> <span class='ocrx_word' id='word_1_215' title='bbox 1950 3072 2114 3137; x_wconf 87' lang='lat' dir='ltr'><strong>atque</strong></span> 
     </span>
    </p>
   </div>
   <div class='ocr_carea' id='block_1_35' title="bbox 529 3158 2110 3229">
    <p class='ocr_par' dir='ltr' id='par_1_35' title="bbox 529 3158 2110 3229">
     <span class='ocr_line' id='line_1_35' title="bbox 529 3158 2110 3229; baseline -0.003 -13"><span class='ocrx_word' id='word_1_216' title='bbox 529 3158 729 3223; x_wconf 86' lang='lat' dir='ltr'><strong>studio,</strong></span> <span class='ocrx_word' id='word_1_217' title='bbox 770 3169 827 3215; x_wconf 90' lang='lat' dir='ltr'><strong>et</strong></span> <span class='ocrx_word' id='word_1_218' title='bbox 849 3158 1093 3226; x_wconf 87' lang='lat' dir='ltr'><strong>solertia,</strong></span> <span class='ocrx_word' id='word_1_219' title='bbox 1128 3165 1306 3214; x_wconf 87' lang='lat' dir='ltr'><strong>vestra</strong></span> <span class='ocrx_word' id='word_1_220' title='bbox 1334 3158 1717 3214; x_wconf 88' lang='lat' dir='ltr'><strong>Christianitas</strong></span> <span class='ocrx_word' id='word_1_221' title='bbox 1744 3166 2110 3229; x_wconf 88' lang='lat' dir='ltr'><strong>prosperetur,</strong></span> 
     </span>
    </p>
   </div>
   <div class='ocr_carea' id='block_1_36' title="bbox 529 3249 2113 3316">
    <p class='ocr_par' dir='ltr' id='par_1_36' title="bbox 529 3249 2113 3316">
     <span class='ocr_line' id='line_1_36' title="bbox 529 3249 2113 3316; baseline -0.001 -10"><span class='ocrx_word' id='word_1_222' title='bbox 529 3264 820 3316; x_wconf 88' lang='lat' dir='ltr'><strong>enarrans,</strong></span> <span class='ocrx_word' id='word_1_223' title='bbox 855 3250 923 3307; x_wconf 89' lang='lat' dir='ltr'><strong>ad</strong></span> <span class='ocrx_word' id='word_1_224' title='bbox 972 3250 1316 3307; x_wconf 88' lang='lat' dir='ltr'><strong>multimodas</strong></span> <span class='ocrx_word' id='word_1_225' title='bbox 1370 3250 1558 3307; x_wconf 86' lang='lat' dir='ltr'><strong>laudes</strong></span> <span class='ocrx_word' id='word_1_226' title='bbox 1613 3260 1815 3306; x_wconf 83' lang='lat' dir='ltr'><strong>sanctae</strong></span> <span class='ocrx_word' id='word_1_227' title='bbox 1862 3249 2113 3305; x_wconf 88' lang='lat' dir='ltr'><strong>Trinitati</strong></span> 
     </span>
    </p>
   </div>
   <div class='ocr_carea' id='block_1_37' title="bbox 532 3342 2117 3416">
    <p class='ocr_par' dir='ltr' id='par_1_37' title="bbox 532 3342 2117 3416">
     <span class='ocr_line' id='line_1_37' title="bbox 532 3342 2117 3416; baseline 0.001 -19"><span class='ocrx_word' id='word_1_228' title='bbox 532 3342 855 3411; x_wconf 87' lang='lat' dir='ltr'><strong>reddendas,</strong></span> <span class='ocrx_word' id='word_1_229' title='bbox 887 3351 942 3400; x_wconf 91' lang='lat' dir='ltr'><strong>et</strong></span> <span class='ocrx_word' id='word_1_230' title='bbox 966 3344 1190 3414; x_wconf 87' lang='lat' dir='ltr'><strong>gratias,</strong></span> <span class='ocrx_word' id='word_1_231' title='bbox 1220 3344 1515 3401; x_wconf 88' lang='lat' dir='ltr'><strong>alacriores</strong></span> <span class='ocrx_word' id='word_1_232' title='bbox 1540 3345 1813 3412; x_wconf 84' lang='lat' dir='ltr'><strong>exhibuit,</strong></span> <span class='ocrx_word' id='word_1_233' title='bbox 1836 3343 1902 3399; x_wconf 92' lang='lat' dir='ltr'><strong>ad</strong></span> <span class='ocrx_word' id='word_1_234' title='bbox 1930 3354 2117 3416; x_wconf 88' lang='lat' dir='ltr'><strong>postu-</strong></span> 
     </span>
    </p>
   </div>
   <div class='ocr_carea' id='block_1_38' title="bbox 530 3433 2113 3507">
    <p class='ocr_par' dir='ltr' id='par_1_38' title="bbox 530 3433 2113 3507">
     <span class='ocr_line' id='line_1_38' title="bbox 530 3433 2113 3507; baseline 0.001 -19"><span class='ocrx_word' id='word_1_235' title='bbox 530 3433 642 3490; x_wconf 90' lang='lat' dir='ltr'><strong>Iata</strong></span> <span class='ocrx_word' id='word_1_236' title='bbox 667 3435 924 3491; x_wconf 91' lang='lat' dir='ltr'><strong>divinitus</strong></span> <span class='ocrx_word' id='word_1_237' title='bbox 963 3436 1257 3492; x_wconf 89' lang='lat' dir='ltr'><strong>muniendo</strong></span> <span class='ocrx_word' id='word_1_238' title='bbox 1291 3437 1518 3507; x_wconf 88' lang='lat' dir='ltr'><strong>imperio</strong></span> <span class='ocrx_word' id='word_1_239' title='bbox 1544 3446 1727 3492; x_wconf 89' lang='lat' dir='ltr'><strong>vestro</strong></span> <span class='ocrx_word' id='word_1_240' title='bbox 1750 3437 2113 3502; x_wconf 86' lang='lat' dir='ltr'><strong>concedenda,</strong></span> 
     </span>
    </p>
   </div>
   <div class='ocr_carea' id='block_1_39' title="bbox 532 3525 2114 3598">
    <p class='ocr_par' dir='ltr' id='par_1_39' title="bbox 532 3525 2114 3598">
     <span class='ocr_line' id='line_1_39' title="bbox 532 3525 2114 3598; baseline 0.001 -18"><span class='ocrx_word' id='word_1_241' title='bbox 532 3540 631 3580; x_wconf 86' lang='lat' dir='ltr'><strong>nos</strong></span> <span class='ocrx_word' id='word_1_242' title='bbox 658 3541 820 3595; x_wconf 88' lang='lat' dir='ltr'><strong>supra</strong></span> <span class='ocrx_word' id='word_1_243' title='bbox 856 3527 1074 3583; x_wconf 89' lang='lat' dir='ltr'><strong>modum</strong></span> <span class='ocrx_word' id='word_1_244' title='bbox 1114 3525 1508 3598; x_wconf 83' lang='lat' dir='ltr'><strong>eﬁlagitaverit,</strong></span> <span class='ocrx_word' id='word_1_245' title='bbox 1534 3534 1591 3582; x_wconf 91' lang='lat' dir='ltr'><strong>et</strong></span> <span class='ocrx_word' id='word_1_246' title='bbox 1632 3529 1771 3582; x_wconf 86' lang='lat' dir='ltr'><strong>ultra</strong></span> <span class='ocrx_word' id='word_1_247' title='bbox 1802 3543 1963 3598; x_wconf 89' lang='lat' dir='ltr'><strong>quam</strong></span> <span class='ocrx_word' id='word_1_248' title='bbox 2011 3527 2114 3583; x_wconf 93' lang='lat' dir='ltr'><strong>dici</strong></span> 
     </span>
    </p>
   </div>
   <div class='ocr_carea' id='block_1_40' title="bbox 532 3615 2119 3689">
    <p class='ocr_par' dir='ltr' id='par_1_40' title="bbox 532 3615 2119 3689">
     <span class='ocr_line' id='line_1_40' title="bbox 532 3615 2119 3689; baseline 0.004 -22"><span class='ocrx_word' id='word_1_249' title='bbox 532 3615 703 3684; x_wconf 84' lang='lat' dir='ltr'><strong>possit</strong></span> <span class='ocrx_word' id='word_1_250' title='bbox 750 3615 909 3670; x_wconf 90' lang='lat' dir='ltr'><strong>solito</strong></span> <span class='ocrx_word' id='word_1_251' title='bbox 943 3625 997 3671; x_wconf 89' lang='lat' dir='ltr'><strong>et</strong></span> <span class='ocrx_word' id='word_1_252' title='bbox 1044 3617 1224 3684; x_wconf 91' lang='lat' dir='ltr'><strong>prisco</strong></span> <span class='ocrx_word' id='word_1_253' title='bbox 1266 3634 1438 3683; x_wconf 89' lang='lat' dir='ltr'><strong>more,</strong></span> <span class='ocrx_word' id='word_1_254' title='bbox 1487 3634 1552 3672; x_wconf 90' lang='lat' dir='ltr'><strong>ac</strong></span> <span class='ocrx_word' id='word_1_255' title='bbox 1602 3635 1701 3689; x_wconf 88' lang='lat' dir='ltr'><strong>pro</strong></span> <span class='ocrx_word' id='word_1_256' title='bbox 1735 3619 2119 3675; x_wconf 86' lang='lat' dir='ltr'><strong>ecclesiasticis</strong></span> 
     </span>
    </p>
   </div>
   <div class='ocr_carea' id='block_1_41' title="bbox 534 3703 2118 3777">
    <p class='ocr_par' dir='ltr' id='par_1_41' title="bbox 534 3703 2118 3777">
     <span class='ocr_line' id='line_1_41' title="bbox 534 3703 2118 3777; baseline 0.003 -20"><span class='ocrx_word' id='word_1_257' title='bbox 534 3703 857 3759; x_wconf 87' lang='lat' dir='ltr'><strong>utilitatibus</strong></span> <span class='ocrx_word' id='word_1_258' title='bbox 904 3703 1216 3774; x_wconf 83' lang='lat' dir='ltr'><strong>frequenter</strong></span> <span class='ocrx_word' id='word_1_259' title='bbox 1254 3706 1518 3774; x_wconf 90' lang='lat' dir='ltr'><strong>impenso,</strong></span> <span class='ocrx_word' id='word_1_260' title='bbox 1566 3708 1773 3761; x_wconf 89' lang='lat' dir='ltr'><strong>crebris</strong></span> <span class='ocrx_word' id='word_1_261' title='bbox 1813 3709 2118 3777; x_wconf 83' lang='lat' dir='ltr'><strong>suggestio-</strong></span> 
     </span>
    </p>
   </div>
   <div class='ocr_carea' id='block_1_42' title="bbox 532 3793 2117 3868">
    <p class='ocr_par' dir='ltr' id='par_1_42' title="bbox 532 3793 2117 3868">
     <span class='ocr_line' id='line_1_42' title="bbox 532 3793 2117 3868; baseline 0.001 -18"><span class='ocrx_word' id='word_1_262' title='bbox 532 3795 693 3851; x_wconf 89' lang='lat' dir='ltr'><strong>nibus</strong></span> <span class='ocrx_word' id='word_1_263' title='bbox 719 3795 1076 3867; x_wconf 86' lang='lat' dir='ltr'><strong>investigarit.</strong></span> <span class='ocrx_word' id='word_1_264' title='bbox 1103 3793 1277 3866; x_wconf 86' lang='lat' dir='ltr'><strong>Super</strong></span> <span class='ocrx_word' id='word_1_265' title='bbox 1319 3795 1515 3867; x_wconf 91' lang='lat' dir='ltr'><strong>quibus</strong></span> <span class='ocrx_word' id='word_1_266' title='bbox 1546 3803 1726 3851; x_wconf 90' lang='lat' dir='ltr'><strong>tamen</strong></span> <span class='ocrx_word' id='word_1_267' title='bbox 1763 3806 1985 3867; x_wconf 90' lang='lat' dir='ltr'><strong>propter</strong></span> <span class='ocrx_word' id='word_1_268' title='bbox 2004 3797 2117 3868; x_wconf 91' lang='lat' dir='ltr'><strong>jam</strong></span> 
     </span>
    </p>
   </div>
   <div class='ocr_carea' id='block_1_43' title="bbox 532 3886 2120 3960">
    <p class='ocr_par' dir='ltr' id='par_1_43' title="bbox 532 3886 2120 3960">
     <span class='ocr_line' id='line_1_43' title="bbox 532 3886 2120 3960; baseline 0.002 -17"><span class='ocrx_word' id='word_1_269' title='bbox 532 3886 871 3958; x_wconf 84' lang='lat' dir='ltr'><strong>designatam</strong></span> <span class='ocrx_word' id='word_1_270' title='bbox 927 3902 1170 3955; x_wconf 86' lang='lat' dir='ltr'><strong>causam,</strong></span> <span class='ocrx_word' id='word_1_271' title='bbox 1224 3903 1325 3944; x_wconf 89' lang='lat' dir='ltr'><strong>nec</strong></span> <span class='ocrx_word' id='word_1_272' title='bbox 1375 3904 1617 3945; x_wconf 88' lang='lat' dir='ltr'><strong>annuere</strong></span> <span class='ocrx_word' id='word_1_273' title='bbox 1660 3903 1977 3960; x_wconf 88' lang='lat' dir='ltr'><strong>possumus,</strong></span> <span class='ocrx_word' id='word_1_274' title='bbox 2017 3904 2120 3946; x_wconf 89' lang='lat' dir='ltr'><strong>nec</strong></span> 
     </span>
    </p>
   </div>
   <div class='ocr_carea' id='block_1_44' title="bbox 535 3982 2118 4056">
    <p class='ocr_par' dir='ltr' id='par_1_44' title="bbox 535 3982 2118 4056">
     <span class='ocr_line' id='line_1_44' title="bbox 535 3982 2118 4056; baseline -0.001 -18"><span class='ocrx_word' id='word_1_275' title='bbox 535 3983 829 4056; x_wconf 84' lang='lat' dir='ltr'><strong>quidquam</strong></span> <span class='ocrx_word' id='word_1_276' title='bbox 874 3992 1070 4054; x_wconf 66' lang='lat' dir='ltr'><strong>praeter</strong></span> <span class='ocrx_word' id='word_1_277' title='bbox 1117 3984 1170 4039; x_wconf 91' lang='lat' dir='ltr'><strong>id</strong></span> <span class='ocrx_word' id='word_1_278' title='bbox 1210 3982 1351 4055; x_wconf 92' lang='lat' dir='ltr'><strong>quod</strong></span> <span class='ocrx_word' id='word_1_279' title='bbox 1373 3982 1486 4055; x_wconf 84' lang='lat' dir='ltr'><strong>jam</strong></span> <span class='ocrx_word' id='word_1_280' title='bbox 1536 3983 1968 4055; x_wconf 87' lang='lat' dir='ltr'><strong>evangelizatum</strong></span> <span class='ocrx_word' id='word_1_281' title='bbox 2011 3991 2118 4050; x_wconf 91' lang='lat' dir='ltr'><strong>est,</strong></span> 
     </span>
    </p>
   </div>
   <div class='ocr_carea' id='block_1_45' title="bbox 536 4076 1104 4134">
    <p class='ocr_par' dir='ltr' id='par_1_45' title="bbox 536 4076 1104 4134">
     <span class='ocr_line' id='line_1_45' title="bbox 536 4076 1104 4134; baseline 0.002 -2"><span class='ocrx_word' id='word_1_282' title='bbox 536 4076 645 4133; x_wconf 88' lang='lat' dir='ltr'><strong>ullo</strong></span> <span class='ocrx_word' id='word_1_283' title='bbox 671 4079 832 4134; x_wconf 90' lang='lat' dir='ltr'><strong>modo</strong></span> <span class='ocrx_word' id='word_1_284' title='bbox 857 4078 1104 4134; x_wconf 88' lang='lat' dir='ltr'><strong>deﬁnire.</strong></span> 
     </span>
    </p>
   </div>
   <div class='ocr_carea' id='block_1_46' title="bbox 607 4170 2119 4244">
    <p class='ocr_par' dir='ltr' id='par_1_46' title="bbox 607 4170 2119 4244">
     <span class='ocr_line' id='line_1_46' title="bbox 607 4170 2119 4244; baseline 0.001 -19"><span class='ocrx_word' id='word_1_285' title='bbox 607 4170 749 4227; x_wconf 87' lang='lat' dir='ltr'><strong>Deus</strong></span> <span class='ocrx_word' id='word_1_286' title='bbox 775 4181 958 4227; x_wconf 88' lang='lat' dir='ltr'><strong>autem</strong></span> <span class='ocrx_word' id='word_1_287' title='bbox 992 4170 1348 4241; x_wconf 90' lang='lat' dir='ltr'><strong>omnipotens,</strong></span> <span class='ocrx_word' id='word_1_288' title='bbox 1382 4185 1480 4241; x_wconf 90' lang='lat' dir='ltr'><strong>per</strong></span> <span class='ocrx_word' id='word_1_289' title='bbox 1504 4185 1662 4241; x_wconf 90' lang='lat' dir='ltr'><strong>quem</strong></span> <span class='ocrx_word' id='word_1_290' title='bbox 1691 4185 1843 4243; x_wconf 86' lang='lat' dir='ltr'><strong>reges</strong></span> <span class='ocrx_word' id='word_1_291' title='bbox 1871 4179 2119 4244; x_wconf 88' lang='lat' dir='ltr'><strong>regnant,</strong></span> 
     </span>
    </p>
   </div>
   <div class='ocr_carea' id='block_1_47' title="bbox 537 4261 2118 4333">
    <p class='ocr_par' dir='ltr' id='par_1_47' title="bbox 537 4261 2118 4333">
     <span class='ocr_line' id='line_1_47' title="bbox 537 4261 2118 4333; baseline 0.001 -18"><span class='ocrx_word' id='word_1_292' title='bbox 537 4268 592 4315; x_wconf 92' lang='lat' dir='ltr'><strong>et</strong></span> <span class='ocrx_word' id='word_1_293' title='bbox 630 4261 683 4316; x_wconf 92' lang='lat' dir='ltr'><strong>in</strong></span> <span class='ocrx_word' id='word_1_294' title='bbox 705 4262 858 4333; x_wconf 88' lang='lat' dir='ltr'><strong>cujus</strong></span> <span class='ocrx_word' id='word_1_295' title='bbox 894 4278 1056 4317; x_wconf 92' lang='lat' dir='ltr'><strong>manu</strong></span> <span class='ocrx_word' id='word_1_296' title='bbox 1088 4262 1269 4317; x_wconf 91' lang='lat' dir='ltr'><strong>omnia</strong></span> <span class='ocrx_word' id='word_1_297' title='bbox 1295 4261 1418 4333; x_wconf 86' lang='lat' dir='ltr'><strong>jura</strong></span> <span class='ocrx_word' id='word_1_298' title='bbox 1456 4277 1749 4333; x_wconf 84' lang='lat' dir='ltr'><strong>regnorum</strong></span> <span class='ocrx_word' id='word_1_299' title='bbox 1794 4263 2118 4330; x_wconf 86' lang='lat' dir='ltr'><strong>consistunt,</strong></span> 
     </span>
    </p>
   </div>
   <div class='ocr_carea' id='block_1_48' title="bbox 537 4353 2124 4428">
    <p class='ocr_par' dir='ltr' id='par_1_48' title="bbox 537 4353 2124 4428">
     <span class='ocr_line' id='line_1_48' title="bbox 537 4353 2124 4428; baseline 0.001 -19"><span class='ocrx_word' id='word_1_300' title='bbox 537 4353 823 4426; x_wconf 85' lang='lat' dir='ltr'><strong>imperium</strong></span> <span class='ocrx_word' id='word_1_301' title='bbox 862 4363 1102 4411; x_wconf 83' lang='lat' dir='ltr'><strong>vestrum</strong></span> <span class='ocrx_word' id='word_1_302' title='bbox 1143 4356 1209 4410; x_wconf 89' lang='lat' dir='ltr'><strong>ad</strong></span> <span class='ocrx_word' id='word_1_303' title='bbox 1262 4354 1517 4411; x_wconf 84' lang='lat' dir='ltr'><strong>Ecclesiae</strong></span> <span class='ocrx_word' id='word_1_304' title='bbox 1563 4371 1675 4411; x_wconf 81' lang='lat' dir='ltr'><strong>suae</strong></span> <span class='ocrx_word' id='word_1_305' title='bbox 1716 4363 1916 4412; x_wconf 85' lang='lat' dir='ltr'><strong>sanctae</strong></span> <span class='ocrx_word' id='word_1_306' title='bbox 1944 4355 2124 4428; x_wconf 85' lang='lat' dir='ltr'><strong>paciﬁ-</strong></span> 
     </span>
    </p>
   </div>
   <div class='ocr_carea' id='block_1_49' title="bbox 538 4445 2122 4522">
    <p class='ocr_par' dir='ltr' id='par_1_49' title="bbox 538 4445 2122 4522">
     <span class='ocr_line' id='line_1_49' title="bbox 538 4445 2122 4522; baseline -0.001 -21"><span class='ocrx_word' id='word_1_307' title='bbox 538 4460 660 4501; x_wconf 88' lang='lat' dir='ltr'><strong>cam</strong></span> <span class='ocrx_word' id='word_1_308' title='bbox 689 4447 1128 4502; x_wconf 88' lang='lat' dir='ltr'><strong>constitutionem</strong></span> <span class='ocrx_word' id='word_1_309' title='bbox 1160 4456 1216 4502; x_wconf 92' lang='lat' dir='ltr'><strong>et</strong></span> <span class='ocrx_word' id='word_1_310' title='bbox 1242 4447 1422 4522; x_wconf 87' lang='lat' dir='ltr'><strong>populi</strong></span> <span class='ocrx_word' id='word_1_311' title='bbox 1463 4445 1758 4503; x_wconf 87' lang='lat' dir='ltr'><strong>Christiani</strong></span> <span class='ocrx_word' id='word_1_312' title='bbox 1807 4456 2122 4518; x_wconf 78' lang='lat' dir='ltr'><strong>perpetuam</strong></span> 
     </span>
    </p>
   </div>
   <div class='ocr_carea' id='block_1_50' title="bbox 538 4536 2122 4611">
    <p class='ocr_par' dir='ltr' id='par_1_50' title="bbox 538 4536 2122 4611">
     <span class='ocr_line' id='line_1_50' title="bbox 538 4536 2122 4611; baseline 0.002 -20"><span class='ocrx_word' id='word_1_313' title='bbox 538 4536 846 4594; x_wconf 87' lang='lat' dir='ltr'><strong>libertatem</strong></span> <span class='ocrx_word' id='word_1_314' title='bbox 905 4539 1078 4611; x_wconf 88' lang='lat' dir='ltr'><strong>magis</strong></span> <span class='ocrx_word' id='word_1_315' title='bbox 1129 4555 1194 4595; x_wconf 88' lang='lat' dir='ltr'><strong>ac</strong></span> <span class='ocrx_word' id='word_1_316' title='bbox 1252 4541 1426 4611; x_wconf 81' lang='lat' dir='ltr'><strong>magis</strong></span> <span class='ocrx_word' id='word_1_317' title='bbox 1474 4541 1831 4607; x_wconf 82' lang='lat' dir='ltr'><strong>corroboret,</strong></span> <span class='ocrx_word' id='word_1_318' title='bbox 1897 4538 2122 4610; x_wconf 89' lang='lat' dir='ltr'><strong>ejusque</strong></span> 
     </span>
    </p>
   </div>
   <div class='ocr_carea' id='block_1_51' title="bbox 538 4630 2122 4699">
    <p class='ocr_par' dir='ltr' id='par_1_51' title="bbox 538 4630 2122 4699">
     <span class='ocr_line' id='line_1_51' title="bbox 538 4630 2122 4699; baseline 0.003 -17"><span class='ocrx_word' id='word_1_319' title='bbox 538 4630 847 4697; x_wconf 85' lang='lat' dir='ltr'><strong>potentibus</strong></span> <span class='ocrx_word' id='word_1_320' title='bbox 899 4631 1102 4699; x_wconf 89' lang='lat' dir='ltr'><strong>plantis</strong></span> <span class='ocrx_word' id='word_1_321' title='bbox 1146 4640 1465 4687; x_wconf 89' lang='lat' dir='ltr'><strong>cunctarum</strong></span> <span class='ocrx_word' id='word_1_322' title='bbox 1502 4631 1799 4688; x_wconf 88' lang='lat' dir='ltr'><strong>inﬁdelium</strong></span> <span class='ocrx_word' id='word_1_323' title='bbox 1841 4634 2122 4689; x_wconf 88' lang='lat' dir='ltr'><strong>nationum</strong></span> 
     </span>
    </p>
   </div>
   <div class='ocr_carea' id='block_1_52' title="bbox 539 4719 2121 4784">
    <p class='ocr_par' dir='ltr' id='par_1_52' title="bbox 539 4719 2121 4784">
     <span class='ocr_line' id='line_1_52' title="bbox 539 4719 2121 4784; baseline 0.006 -14"><span class='ocrx_word' id='word_1_324' title='bbox 539 4719 779 4771; x_wconf 87' lang='lat' dir='ltr'><strong>cervices</strong></span> <span class='ocrx_word' id='word_1_325' title='bbox 828 4719 1105 4784; x_wconf 85' lang='lat' dir='ltr'><strong>inﬂectat,</strong></span> <span class='ocrx_word' id='word_1_326' title='bbox 1153 4722 1491 4777; x_wconf 85' lang='lat' dir='ltr'><strong>dilectissimi</strong></span> <span class='ocrx_word' id='word_1_327' title='bbox 1521 4732 1576 4777; x_wconf 89' lang='lat' dir='ltr'><strong>et</strong></span> <span class='ocrx_word' id='word_1_328' title='bbox 1623 4724 2121 4781; x_wconf 84' lang='lat' dir='ltr'><strong>desiderabilissimi</strong></span> 
     </span>
    </p>
   </div>
   <div class='ocr_carea' id='block_1_53' title="bbox 537 4804 1839 4875">
    <p class='ocr_par' dir='ltr' id='par_1_53' title="bbox 537 4804 1839 4875">
     <span class='ocr_line' id='line_1_53' title="bbox 537 4804 1839 4875; baseline 0.008 -16"><span class='ocrx_word' id='word_1_329' title='bbox 537 4804 654 4860; x_wconf 85' lang='lat' dir='ltr'><strong>ﬁlii.</strong></span> <span class='ocrx_word' id='word_1_330' title='bbox 684 4804 819 4859; x_wconf 88' lang='lat' dir='ltr'><strong>Data</strong></span> <span class='ocrx_word' id='word_1_331' title='bbox 849 4821 902 4861; x_wconf 81' lang='lat' dir='ltr'><strong>tv</strong></span> <span class='ocrx_word' id='word_1_332' title='bbox 938 4807 1061 4861; x_wconf 90' lang='lat' dir='ltr'><strong>Idus</strong></span> <span class='ocrx_word' id='word_1_333' title='bbox 1089 4807 1423 4875; x_wconf 86' lang='lat' dir='ltr'><strong>Novembris,</strong></span> <span class='ocrx_word' id='word_1_334' title='bbox 1460 4812 1755 4871; x_wconf 84' lang='lat' dir='ltr'><strong>indictione</strong></span> <span class='ocrx_word' id='word_1_335' title='bbox 1786 4830 1839 4869; x_wconf 94' lang='lat' dir='ltr'><strong>v.</strong></span> 
     </span>
    </p>
   </div>
   <div class='ocr_carea' id='block_1_54' title="bbox 1202 4939 1461 4998">
    <p class='ocr_par' dir='ltr' id='par_1_54' title="bbox 1202 4939 1461 4998">
     <span class='ocr_line' id='line_1_54' title="bbox 1202 4939 1461 4998; baseline 0.015 -3"><span class='ocrx_word' id='word_1_336' title='bbox 1202 4939 1461 4998; x_wconf 82' lang='lat' dir='ltr'><strong>XXXVII.</strong></span> 
     </span>
    </p>
   </div>
   <div class='ocr_carea' id='block_1_55' title="bbox 543 5049 2121 5105">
    <p class='ocr_par' dir='ltr' id='par_1_55' title="bbox 543 5049 2121 5105">
     <span class='ocr_line' id='line_1_55' title="bbox 543 5049 2121 5105; baseline 0.008 -14"><span class='ocrx_word' id='word_1_337' title='bbox 543 5049 608 5091; x_wconf 77' lang='grc' dir='ltr'><strong>Δί)</strong></span> <span class='ocrx_word' id='word_1_338' title='bbox 639 5050 897 5093; x_wconf 71' lang='lat' dir='ltr'><strong>IGNATIUI</strong></span> <span class='ocrx_word' id='word_1_339' title='bbox 929 5052 1605 5098; x_wconf 69' lang='lat' dir='ltr'><strong>CONSTANTINOPOLITANUI</strong></span> <span class='ocrx_word' id='word_1_340' title='bbox 1642 5058 2121 5105; x_wconf 66' lang='lat' dir='ltr'><strong>ARCHIEPISCOPUI.</strong></span> 
     </span>
    </p>
   </div>
   <div class='ocr_carea' id='block_1_56' title="bbox 1155 5154 1509 5229">
    <p class='ocr_par' dir='ltr' id='par_1_56' title="bbox 1155 5154 1509 5229">
     <span class='ocr_line' id='line_1_56' title="bbox 1155 5154 1509 5229; baseline 0.008 -19"><span class='ocrx_word' id='word_1_341' title='bbox 1155 5154 1333 5227; x_wconf 87' lang='lat' dir='ltr'><strong>(Anno</strong></span> <span class='ocrx_word' id='word_1_342' title='bbox 1360 5158 1509 5229; x_wconf 81' lang='grc'><strong>871.)</strong></span> 
     </span>
    </p>
   </div>
   <div class='ocr_carea' id='block_1_57' title="bbox 544 5264 2122 5343">
    <p class='ocr_par' dir='ltr' id='par_1_57' title="bbox 544 5264 2122 5343">
     <span class='ocr_line' id='line_1_57' title="bbox 544 5264 2122 5343; baseline 0.005 -24"><span class='ocrx_word' id='word_1_343' title='bbox 544 5264 696 5320; x_wconf 79' lang='lat' dir='ltr'><strong>Nihil</strong></span> <span class='ocrx_word' id='word_1_344' title='bbox 742 5264 882 5335; x_wconf 86' lang='lat' dir='ltr'><strong>apud</strong></span> <span class='ocrx_word' id='word_1_345' title='bbox 929 5264 1190 5343; x_wconf 54' lang='lat' dir='ltr'><strong>Belgam:</strong></span> <span class='ocrx_word' id='word_1_346' title='bbox 1239 5276 1452 5343; x_wconf 79' lang='lat' dir='ltr'><strong>tentare</strong></span> <span class='ocrx_word' id='word_1_347' title='bbox 1488 5270 1767 5325; x_wconf 78' lang='lat' dir='ltr'><strong>debuisset.</strong></span> <span class='ocrx_word' id='word_1_348' title='bbox 1821 5271 2122 5343; x_wconf 74' lang='lat' dir='ltr'><strong>Corripitur</strong></span> 
     </span>
    </p>
   </div>
   <div class='ocr_carea' id='block_1_58' title="bbox 612 5337 2124 5406">
    <p class='ocr_par' dir='ltr' id='par_1_58' title="bbox 612 5337 2124 5406">
     <span class='ocr_line' id='line_1_58' title="bbox 612 5337 2124 5406; baseline 0.005 -16"><span class='ocrx_word' id='word_1_349' title='bbox 612 5344 820 5406; x_wconf 82' lang='lat' dir='ltr'><strong>propter</strong></span> <span class='ocrx_word' id='word_1_350' title='bbox 863 5337 1215 5392; x_wconf 80' lang='lat' dir='ltr'><strong>ordinationes</strong></span> <span class='ocrx_word' id='word_1_351' title='bbox 1260 5341 1554 5396; x_wconf 81' lang='lat' dir='ltr'><strong>reoeutt&#39;nas</strong></span> <span class='ocrx_word' id='word_1_352' title='bbox 1594 5344 1853 5398; x_wconf 65' lang='lat' dir='ltr'><strong>{uicorum</strong></span> <span class='ocrx_word' id='word_1_353' title='bbox 1901 5337 2124 5397; x_wconf 52' lang='lat' dir='ltr'><strong>iu&#39;dia-</strong></span> 
     </span>
    </p>
   </div>
   <div class='ocr_carea' id='block_1_59' title="bbox 614 5422 790 5461">
    <p class='ocr_par' dir='ltr' id='par_1_59' title="bbox 614 5422 790 5461">
     <span class='ocr_line' id='line_1_59' title="bbox 614 5422 790 5461; baseline -0.006 0"><span class='ocrx_word' id='word_1_354' title='bbox 614 5422 790 5461; x_wconf 78' lang='grc' dir='ltr'><strong>εοηοδ.</strong></span> 
     </span>
    </p>
   </div>
   <div class='ocr_carea' id='block_1_60' title="bbox 614 5523 2129 5607">
    <p class='ocr_par' dir='ltr' id='par_1_60' title="bbox 614 5523 2129 5607">
     <span class='ocr_line' id='line_1_60' title="bbox 614 5523 2129 5607; baseline 0.009 -27"><span class='ocrx_word' id='word_1_355' title='bbox 614 5523 880 5602; x_wconf 74' lang='grc' dir='ltr'><strong>ἐγραψας</strong></span> <span class='ocrx_word' id='word_1_356' title='bbox 912 5528 1014 5600; x_wconf 82' lang='grc' dir='ltr'><strong>(ἵνα</strong></span> <span class='ocrx_word' id='word_1_357' title='bbox 1049 5531 1115 5586; x_wconf 80' lang='grc' dir='ltr'><strong>τὰ</strong></span> <span class='ocrx_word' id='word_1_358' title='bbox 1144 5531 1302 5589; x_wconf 77' lang='grc' dir='ltr'><strong>πολλὰ</strong></span> <span class='ocrx_word' id='word_1_359' title='bbox 1445 5532 1721 5606; x_wconf 89' lang='lat' dir='ltr'><strong>Scripsisti</strong></span> <span class='ocrx_word' id='word_1_360' title='bbox 1753 5537 1835 5607; x_wconf 85' lang='lat' dir='ltr'><strong>(ut</strong></span> <span class='ocrx_word' id='word_1_361' title='bbox 1862 5538 1966 5594; x_wconf 86' lang='lat' dir='ltr'><strong>alia</strong></span> <span class='ocrx_word' id='word_1_362' title='bbox 1996 5537 2129 5595; x_wconf 85' lang='lat' dir='ltr'><strong>mul-</strong></span> 
     </span>
    </p>
   </div>
   <div class='ocr_carea' id='block_1_61' title="bbox 548 5624 2127 5704">
    <p class='ocr_par' dir='ltr' id='par_1_61' title="bbox 548 5624 2127 5704">
     <span class='ocr_line' id='line_1_61' title="bbox 548 5624 2127 5704; baseline 0.011 -32"><span class='ocrx_word' id='word_1_363' title='bbox 548 5624 1302 5701; x_wconf 75' lang='grc' dir='ltr'><strong>παριάσωμεν)ὅπωςοέπρεσ-</strong></span> <span class='ocrx_word' id='word_1_364' title='bbox 1376 5638 1428 5684; x_wconf 90' lang='lat' dir='ltr'><strong>ta</strong></span> <span class='ocrx_word' id='word_1_365' title='bbox 1481 5632 1782 5704; x_wconf 90' lang='lat' dir='ltr'><strong>mittamus)</strong></span> <span class='ocrx_word' id='word_1_366' title='bbox 1832 5642 1888 5689; x_wconf 89' lang='lat' dir='ltr'><strong>ut</strong></span> <span class='ocrx_word' id='word_1_367' title='bbox 1957 5635 2127 5692; x_wconf 86' lang='lat' dir='ltr'><strong>nostri</strong></span> 
     </span>
    </p>
   </div>
   <div class='ocr_carea' id='block_1_62' title="bbox 550 5711 2130 5800">
    <p class='ocr_par' dir='ltr' id='par_1_62' title="bbox 550 5711 2130 5800">
     <span class='ocr_line' id='line_1_62' title="bbox 550 5711 2130 5800; baseline 0.016 -38"><span class='ocrx_word' id='word_1_368' title='bbox 550 5711 747 5784; x_wconf 61' lang='grc' dir='ltr'><strong>πτερω</strong></span> <span class='ocrx_word' id='word_1_369' title='bbox 768 5720 905 5785; x_wconf 79' lang='grc' dir='ltr'><strong>ἡμῶν</strong></span> <span class='ocrx_word' id='word_1_370' title='bbox 933 5722 987 5773; x_wconf 72' lang='grc' dir='ltr'><strong>ἐκ</strong></span> <span class='ocrx_word' id='word_1_371' title='bbox 1005 5730 1095 5781; x_wconf 78' lang='grc' dir='ltr'><strong>τῆς</strong></span> <span class='ocrx_word' id='word_1_372' title='bbox 1117 5725 1298 5796; x_wconf 78' lang='grc' dir='ltr'><strong>χώρας·</strong></span> <span class='ocrx_word' id='word_1_373' title='bbox 1372 5729 1668 5797; x_wconf 77' lang='lat' dir='ltr'><strong>presbyteri</strong></span> <span class='ocrx_word' id='word_1_374' title='bbox 1722 5729 2130 5800; x_wconf 85' lang='lat' dir='ltr'><strong>(Constantino-</strong></span> 
     </span>
    </p>
   </div>
   <div class='ocr_carea' id='block_1_63' title="bbox 551 5812 2129 5894">
    <p class='ocr_par' dir='ltr' id='par_1_63' title="bbox 551 5812 2129 5894">
     <span class='ocr_line' id='line_1_63' title="bbox 551 5812 2129 5894; baseline 0.013 -35"><span class='ocrx_word' id='word_1_375' title='bbox 551 5815 647 5867; x_wconf 80' lang='grc' dir='ltr'><strong>τῶν</strong></span> <span class='ocrx_word' id='word_1_376' title='bbox 694 5812 981 5885; x_wconf 71' lang='grc' dir='ltr'><strong>Βονλγὰρων</strong></span> <span class='ocrx_word' id='word_1_377' title='bbox 1016 5820 1143 5885; x_wconf 73' lang='grc' dir='ltr'><strong>μετὰ</strong></span> <span class='ocrx_word' id='word_1_378' title='bbox 1174 5820 1300 5873; x_wconf 80' lang='grc' dir='ltr'><strong>ὀνει-</strong></span> <span class='ocrx_word' id='word_1_379' title='bbox 1371 5821 1595 5890; x_wconf 85' lang='lat' dir='ltr'><strong>polilani</strong></span> <span class='ocrx_word' id='word_1_380' title='bbox 1665 5822 1925 5893; x_wconf 83' lang='lat' dir='ltr'><strong>scilicet)</strong></span> <span class='ocrx_word' id='word_1_381' title='bbox 1990 5824 2129 5894; x_wconf 69' lang='grc' dir='ltr'><strong>Ῑυεεί</strong></span> 
     </span>
    </p>
   </div>
   <div class='ocr_carea' id='block_1_64' title="bbox 2197 587 3795 661">
    <p class='ocr_par' dir='ltr' id='par_1_64' title="bbox 2197 587 3795 661">
     <span class='ocr_line' id='line_1_64' title="bbox 2197 587 3795 661; baseline 0.008 -21"><span class='ocrx_word' id='word_1_382' title='bbox 2197 589 2364 657; x_wconf 81' lang='grc' dir='ltr'><strong>χύνης</strong></span> <span class='ocrx_word' id='word_1_383' title='bbox 2400 587 2814 651; x_wconf 71' lang='grc' dir='ltr'><strong>δξωθῶσι,καίοἶ</strong></span> <span class='ocrx_word' id='word_1_384' title='bbox 2844 590 2955 643; x_wconf 72' lang='grc' dir='ltr'><strong>ἐπὶ·</strong></span> <span class='ocrx_word' id='word_1_385' title='bbox 3024 600 3148 643; x_wconf 89' lang='lat' dir='ltr'><strong>cum</strong></span> <span class='ocrx_word' id='word_1_386' title='bbox 3196 590 3347 660; x_wconf 86' lang='lat' dir='ltr'><strong>gravi</strong></span> <span class='ocrx_word' id='word_1_387' title='bbox 3394 589 3692 661; x_wconf 78' lang='lat' dir='ltr'><strong>ignominia</strong></span> <span class='ocrx_word' id='word_1_388' title='bbox 3740 606 3795 652; x_wconf 87' lang='lat' dir='ltr'><strong>et</strong></span> 
     </span>
    </p>
   </div>
   <div class='ocr_carea' id='block_1_65' title="bbox 2196 686 2957 762">
    <p class='ocr_par' dir='ltr' id='par_1_65' title="bbox 2196 686 2957 762">
     <span class='ocr_line' id='line_1_65' title="bbox 2196 686 2957 762; baseline 0 -23"><span class='ocrx_word' id='word_1_389' title='bbox 2196 705 2377 740; x_wconf 69' lang='grc' dir='ltr'><strong>σκοποί</strong></span> <span class='ocrx_word' id='word_1_390' title='bbox 2448 686 2506 739; x_wconf 81' lang='grc' dir='ltr'><strong>οὐ</strong></span> <span class='ocrx_word' id='word_1_391' title='bbox 2575 687 2707 755; x_wconf 77' lang='grc' dir='ltr'><strong>μετὰ</strong></span> <span class='ocrx_word' id='word_1_392' title='bbox 2775 689 2957 762; x_wconf 74' lang='grc' dir='ltr'><strong>μικρᾶς</strong></span> 
     </span>
    </p>
   </div>
   <div class='ocr_carea' id='block_1_66' title="bbox 2196 780 2954 853">
    <p class='ocr_par' dir='ltr' id='par_1_66' title="bbox 2196 780 2954 853">
     <span class='ocr_line' id='line_1_66' title="bbox 2196 780 2954 853; baseline 0.003 -19"><span class='ocrx_word' id='word_1_393' title='bbox 2196 782 2373 837; x_wconf 78' lang='grc' dir='ltr'><strong>ἐκεῖθεν</strong></span> <span class='ocrx_word' id='word_1_394' title='bbox 2402 782 2607 853; x_wconf 74' lang='grc' dir='ltr'><strong>ἀτιμίας</strong></span> <span class='ocrx_word' id='word_1_395' title='bbox 2644 780 2954 836; x_wconf 50' lang='grc' dir='ltr'><strong>ἀπεὴθῶσυ</strong></span> 
     </span>
    </p>
   </div>
   <div class='ocr_carea' id='block_1_67' title="bbox 2196 876 2962 957">
    <p class='ocr_par' dir='ltr' id='par_1_67' title="bbox 2196 876 2962 957">
     <span class='ocr_line' id='line_1_67' title="bbox 2196 876 2962 957; baseline 0.001 -24"><span class='ocrx_word' id='word_1_396' title='bbox 2196 882 2279 935; x_wconf 75' lang='grc' dir='ltr'><strong>καὶ</strong></span> <span class='ocrx_word' id='word_1_397' title='bbox 2315 885 2484 934; x_wconf 81' lang='grc' dir='ltr'><strong>ταῦτα</strong></span> <span class='ocrx_word' id='word_1_398' title='bbox 2530 876 2793 957; x_wconf 61' lang='grc' dir='ltr'><strong>μηδέποτε</strong></span> <span class='ocrx_word' id='word_1_399' title='bbox 2814 900 2962 950; x_wconf 68' lang='grc' dir='ltr'><strong>γεγο-</strong></span> 
     </span>
    </p>
   </div>
   <div class='ocr_carea' id='block_1_68' title="bbox 2183 975 2963 1050">
    <p class='ocr_par' dir='ltr' id='par_1_68' title="bbox 2183 975 2963 1050">
     <span class='ocr_line' id='line_1_68' title="bbox 2183 975 2963 1050; baseline -0.003 -22"><span class='ocrx_word' id='word_1_400' title='bbox 2183 975 2339 1035; x_wconf 68' lang='grc' dir='ltr'><strong>ινυὶας</strong></span> <span class='ocrx_word' id='word_1_401' title='bbox 2376 976 2497 1049; x_wconf 83' lang='grc' dir='ltr'><strong>περὶ</strong></span> <span class='ocrx_word' id='word_1_402' title='bbox 2534 975 2717 1028; x_wconf 84' lang='grc' dir='ltr'><strong>τούτου</strong></span> <span class='ocrx_word' id='word_1_403' title='bbox 2750 975 2963 1050; x_wconf 79' lang='grc' dir='ltr'><strong>κρίσεως</strong></span> 
     </span>
    </p>
   </div>
   <div class='ocr_carea' id='block_1_69' title="bbox 2197 1068 2961 1147">
    <p class='ocr_par' dir='ltr' id='par_1_69' title="bbox 2197 1068 2961 1147">
     <span class='ocr_line' id='line_1_69' title="bbox 2197 1068 2961 1147; baseline -0.001 -21"><span class='ocrx_word' id='word_1_404' title='bbox 2197 1069 2405 1126; x_wconf 74' lang='grc' dir='ltr'><strong>ἐνώπιον</strong></span> <span class='ocrx_word' id='word_1_405' title='bbox 2466 1072 2642 1141; x_wconf 75' lang='grc' dir='ltr'><strong>ὑμῶν’</strong></span> <span class='ocrx_word' id='word_1_406' title='bbox 2698 1068 2810 1125; x_wconf 79' lang='grc' dir='ltr'><strong>οὐδέ</strong></span> <span class='ocrx_word' id='word_1_407' title='bbox 2861 1072 2961 1147; x_wconf 69' lang='grc' dir='ltr'><strong>γὰρ</strong></span> 
     </span>
    </p>
   </div>
   <div class='ocr_carea' id='block_1_70' title="bbox 2197 1167 2963 1246">
    <p class='ocr_par' dir='ltr' id='par_1_70' title="bbox 2197 1167 2963 1246">
     <span class='ocr_line' id='line_1_70' title="bbox 2197 1167 2963 1246; baseline -0.001 -20"><span class='ocrx_word' id='word_1_408' title='bbox 2197 1167 2608 1246; x_wconf 72' lang='grc' dir='ltr'><strong>προσεκλήθημέν</strong></span> <span class='ocrx_word' id='word_1_409' title='bbox 2687 1188 2812 1224; x_wconf 78' lang='grc' dir='ltr'><strong>ποτε</strong></span> <span class='ocrx_word' id='word_1_410' title='bbox 2888 1174 2963 1232; x_wconf 73' lang='grc' dir='ltr'><strong>εἰς</strong></span> 
     </span>
    </p>
   </div>
   <div class='ocr_carea' id='block_1_71' title="bbox 2199 1263 2965 1341">
    <p class='ocr_par' dir='ltr' id='par_1_71' title="bbox 2199 1263 2965 1341">
     <span class='ocr_line' id='line_1_71' title="bbox 2199 1263 2965 1341; baseline 0.005 -22"><span class='ocrx_word' id='word_1_411' title='bbox 2199 1270 2455 1341; x_wconf 76' lang='grc' dir='ltr'><strong>κριτήριον</strong></span> <span class='ocrx_word' id='word_1_412' title='bbox 2522 1263 2608 1322; x_wconf 76' lang='grc' dir='ltr'><strong>διὰ</strong></span> <span class='ocrx_word' id='word_1_413' title='bbox 2662 1269 2837 1325; x_wconf 82' lang='grc' dir='ltr'><strong>τούτο.</strong></span> <span class='ocrx_word' id='word_1_414' title='bbox 2906 1270 2965 1323; x_wconf 76' lang='grc' dir='ltr'><strong>Εἰ</strong></span> 
     </span>
    </p>
   </div>
   <div class='ocr_carea' id='block_1_72' title="bbox 2197 1363 2983 1439">
    <p class='ocr_par' dir='ltr' id='par_1_72' title="bbox 2197 1363 2983 1439">
     <span class='ocr_line' id='line_1_72' title="bbox 2197 1363 2983 1439; baseline 0.008 -23"><span class='ocrx_word' id='word_1_415' title='bbox 2197 1369 2318 1435; x_wconf 74' lang='grc' dir='ltr'><strong>γοῦν</strong></span> <span class='ocrx_word' id='word_1_416' title='bbox 2343 1363 2501 1437; x_wconf 70' lang='grc' dir='ltr'><strong>λέγεις</strong></span> <span class='ocrx_word' id='word_1_417' title='bbox 2520 1367 2804 1439; x_wconf 74' lang='grc' dir='ltr'><strong>προτέρους</strong></span> <span class='ocrx_word' id='word_1_418' title='bbox 2829 1369 2983 1437; x_wconf 55' lang='grc' dir='ltr'><strong>ἡμῶν</strong></span> 
     </span>
    </p>
   </div>
   <div class='ocr_carea' id='block_1_73' title="bbox 2200 1462 2965 1537">
    <p class='ocr_par' dir='ltr' id='par_1_73' title="bbox 2200 1462 2965 1537">
     <span class='ocr_line' id='line_1_73' title="bbox 2200 1462 2965 1537; baseline 0.009 -22"><span class='ocrx_word' id='word_1_419' title='bbox 2200 1463 2320 1521; x_wconf 80' lang='grc' dir='ltr'><strong>τοὺς</strong></span> <span class='ocrx_word' id='word_1_420' title='bbox 2399 1462 2791 1537; x_wconf 75' lang='grc' dir='ltr'><strong>πρεσϐυτέρους</strong></span> <span class='ocrx_word' id='word_1_421' title='bbox 2847 1471 2965 1525; x_wconf 75' lang='grc' dir='ltr'><strong>,τῆς</strong></span> 
     </span>
    </p>
   </div>
   <div class='ocr_carea' id='block_1_74' title="bbox 2202 1557 2963 1615">
    <p class='ocr_par' dir='ltr' id='par_1_74' title="bbox 2202 1557 2963 1615">
     <span class='ocr_line' id='line_1_74' title="bbox 2202 1557 2963 1615; baseline 0.009 -6"><span class='ocrx_word' id='word_1_422' title='bbox 2202 1559 2804 1615; x_wconf 73' lang='grc' dir='ltr'><strong>Κωνσταντινουπολιτῶν</strong></span> <span class='ocrx_word' id='word_1_423' title='bbox 2834 1557 2963 1615; x_wconf 79' lang='grc' dir='ltr'><strong>διοι-</strong></span> 
     </span>
    </p>
   </div>
   <div class='ocr_carea' id='block_1_75' title="bbox 2203 1656 2969 1732">
    <p class='ocr_par' dir='ltr' id='par_1_75' title="bbox 2203 1656 2969 1732">
     <span class='ocr_line' id='line_1_75' title="bbox 2203 1656 2969 1732; baseline 0.007 -23"><span class='ocrx_word' id='word_1_424' title='bbox 2203 1658 2396 1716; x_wconf 71' lang='grc' dir='ltr'><strong>κήσεως</strong></span> <span class='ocrx_word' id='word_1_425' title='bbox 2441 1658 2516 1715; x_wconf 74' lang='grc' dir='ltr'><strong>εἰς</strong></span> <span class='ocrx_word' id='word_1_426' title='bbox 2545 1659 2634 1715; x_wconf 75' lang='grc' dir='ltr'><strong>τήν</strong></span> <span class='ocrx_word' id='word_1_427' title='bbox 2661 1656 2969 1732; x_wconf 75' lang='grc' dir='ltr'><strong>προῤῥηθιῖ·</strong></span> 
     </span>
    </p>
   </div>
   <div class='ocr_carea' id='block_1_76' title="bbox 2203 1752 2968 1830">
    <p class='ocr_par' dir='ltr' id='par_1_76' title="bbox 2203 1752 2968 1830">
     <span class='ocr_line' id='line_1_76' title="bbox 2203 1752 2968 1830; baseline 0.004 -24"><span class='ocrx_word' id='word_1_428' title='bbox 2203 1771 2302 1807; x_wconf 80' lang='grc' dir='ltr'><strong>σαν</strong></span> <span class='ocrx_word' id='word_1_429' title='bbox 2385 1754 2567 1826; x_wconf 78' lang='grc' dir='ltr'>χώραν</span> <span class='ocrx_word' id='word_1_430' title='bbox 2656 1752 2968 1830; x_wconf 69' lang='grc' dir='ltr'><strong>λειτουργεῖν</strong></span> 
     </span>
    </p>
   </div>
   <div class='ocr_carea' id='block_1_77' title="bbox 2209 1939 2968 2016">
    <p class='ocr_par' dir='ltr' id='par_1_77' title="bbox 2209 1939 2968 2016">
     <span class='ocr_line' id='line_1_77' title="bbox 2209 1939 2968 2016; baseline 0.001 -17"><span class='ocrx_word' id='word_1_431' title='bbox 2209 1946 2354 2016; x_wconf 74' lang='grc' dir='ltr'><strong>μιθα.</strong></span> <span class='ocrx_word' id='word_1_432' title='bbox 2401 1939 2565 1999; x_wconf 77' lang='grc' dir='ltr'><strong>Ἦσαν</strong></span> <span class='ocrx_word' id='word_1_433' title='bbox 2629 1951 2723 2000; x_wconf 84' lang='grc' dir='ltr'><strong>τοῦ</strong></span> <span class='ocrx_word' id='word_1_434' title='bbox 2774 1949 2968 2001; x_wconf 64' lang='grc' dir='ltr'><strong>οωτίου</strong></span> 
     </span>
    </p>
   </div>
   <div class='ocr_carea' id='block_1_78' title="bbox 2206 2043 2966 2113">
    <p class='ocr_par' dir='ltr' id='par_1_78' title="bbox 2206 2043 2966 2113">
     <span class='ocr_line' id='line_1_78' title="bbox 2206 2043 2966 2113; baseline 0.005 -18"><span class='ocrx_word' id='word_1_435' title='bbox 2206 2044 2429 2097; x_wconf 75' lang='grc' dir='ltr'><strong>κοινωνοὶ</strong></span> <span class='ocrx_word' id='word_1_436' title='bbox 2492 2043 2580 2097; x_wconf 77' lang='grc' dir='ltr'><strong>καὶ</strong></span> <span class='ocrx_word' id='word_1_437' title='bbox 2640 2044 2966 2113; x_wconf 75' lang='grc' dir='ltr'><strong>ονμμύσται,</strong></span> 
     </span>
    </p>
   </div>
   <div class='ocr_carea' id='block_1_79' title="bbox 2208 2136 2967 2211">
    <p class='ocr_par' dir='ltr' id='par_1_79' title="bbox 2208 2136 2967 2211">
     <span class='ocr_line' id='line_1_79' title="bbox 2208 2136 2967 2211; baseline 0.001 -17"><span class='ocrx_word' id='word_1_438' title='bbox 2208 2136 2301 2200; x_wconf 74' lang='grc' dir='ltr'><strong>οὓς</strong></span> <span class='ocrx_word' id='word_1_439' title='bbox 2330 2140 2385 2194; x_wconf 79' lang='grc' dir='ltr'><strong>οὐ</strong></span> <span class='ocrx_word' id='word_1_440' title='bbox 2412 2140 2564 2211; x_wconf 81' lang='grc' dir='ltr'><strong>μόνον</strong></span> <span class='ocrx_word' id='word_1_441' title='bbox 2602 2141 2675 2200; x_wconf 79' lang='grc' dir='ltr'><strong>εἰς</strong></span> <span class='ocrx_word' id='word_1_442' title='bbox 2703 2144 2794 2198; x_wconf 75' lang='grc' dir='ltr'><strong>τήν</strong></span> <span class='ocrx_word' id='word_1_443' title='bbox 2818 2142 2967 2195; x_wconf 84' lang='grc' dir='ltr'>Βουλ-</span> 
     </span>
    </p>
   </div>
   <div class='ocr_carea' id='block_1_80' title="bbox 2207 2235 2965 2311">
    <p class='ocr_par' dir='ltr' id='par_1_80' title="bbox 2207 2235 2965 2311">
     <span class='ocr_line' id='line_1_80' title="bbox 2207 2235 2965 2311; baseline 0 -21"><span class='ocrx_word' id='word_1_444' title='bbox 2207 2237 2375 2310; x_wconf 68' lang='grc' dir='ltr'><strong>γὰρων</strong></span> <span class='ocrx_word' id='word_1_445' title='bbox 2405 2237 2612 2311; x_wconf 77' lang='grc' dir='ltr'>χώραν,</span> <span class='ocrx_word' id='word_1_446' title='bbox 2643 2235 2764 2290; x_wconf 79' lang='grc' dir='ltr'><strong>ἀλλά</strong></span> <span class='ocrx_word' id='word_1_447' title='bbox 2784 2239 2871 2290; x_wconf 77' lang='grc' dir='ltr'><strong>καὶ</strong></span> <span class='ocrx_word' id='word_1_448' title='bbox 2894 2239 2965 2298; x_wconf 70' lang='grc' dir='ltr'><strong>τίς</strong></span> 
     </span>
    </p>
   </div>
   <div class='ocr_carea' id='block_1_81' title="bbox 2208 2333 2972 2411">
    <p class='ocr_par' dir='ltr' id='par_1_81' title="bbox 2208 2333 2972 2411">
     <span class='ocr_line' id='line_1_81' title="bbox 2208 2333 2972 2411; baseline -0.003 -22"><span class='ocrx_word' id='word_1_449' title='bbox 2208 2338 2385 2389; x_wconf 71' lang='grc' dir='ltr'><strong>πᾶσαν</strong></span> <span class='ocrx_word' id='word_1_450' title='bbox 2404 2333 2694 2392; x_wconf 81' lang='grc' dir='ltr'><strong>Ἐκκλησίαν</strong></span> <span class='ocrx_word' id='word_1_451' title='bbox 2727 2335 2795 2394; x_wconf 82' lang='grc' dir='ltr'><strong>ὡς</strong></span> <span class='ocrx_word' id='word_1_452' title='bbox 2821 2333 2972 2411; x_wconf 73' lang='grc' dir='ltr'><strong>ἱερεῖς</strong></span> 
     </span>
    </p>
   </div>
   <div class='ocr_carea' id='block_1_82' title="bbox 2209 2427 2974 2505">
    <p class='ocr_par' dir='ltr' id='par_1_82' title="bbox 2209 2427 2974 2505">
     <span class='ocr_line' id='line_1_82' title="bbox 2209 2427 2974 2505; baseline 0 -22"><span class='ocrx_word' id='word_1_453' title='bbox 2209 2428 2421 2505; x_wconf 62' lang='grc' dir='ltr'><strong>ἐνεργεῖν</strong></span> <span class='ocrx_word' id='word_1_454' title='bbox 2495 2427 2824 2500; x_wconf 66' lang='grc' dir='ltr'><strong>ἐκωλύσαμεν</strong></span> <span class='ocrx_word' id='word_1_455' title='bbox 2891 2430 2974 2485; x_wconf 77' lang='grc' dir='ltr'><strong>καὶ</strong></span> 
     </span>
    </p>
   </div>
   <div class='ocr_carea' id='block_1_83' title="bbox 2210 2520 2971 2596">
    <p class='ocr_par' dir='ltr' id='par_1_83' title="bbox 2210 2520 2971 2596">
     <span class='ocr_line' id='line_1_83' title="bbox 2210 2520 2971 2596; baseline 0 -16"><span class='ocrx_word' id='word_1_456' title='bbox 2210 2526 2484 2596; x_wconf 76' lang='grc' dir='ltr'><strong>κωλύομεν.</strong></span> <span class='ocrx_word' id='word_1_457' title='bbox 2514 2521 2651 2582; x_wconf 83' lang='grc' dir='ltr'><strong><em>Ἐδει</em></strong></span> <span class='ocrx_word' id='word_1_458' title='bbox 2678 2520 2763 2580; x_wconf 67' lang='grc' dir='ltr'><strong>οὖν</strong></span> <span class='ocrx_word' id='word_1_459' title='bbox 2792 2546 2851 2581; x_wconf 79' lang='grc' dir='ltr'><strong>σε</strong></span> <span class='ocrx_word' id='word_1_460' title='bbox 2896 2528 2971 2580; x_wconf 79' lang='grc' dir='ltr'><strong>εἰ·</strong></span> 
     </span>
    </p>
   </div>
   <div class='ocr_carea' id='block_1_84' title="bbox 2211 2621 2975 2696">
    <p class='ocr_par' dir='ltr' id='par_1_84' title="bbox 2211 2621 2975 2696">
     <span class='ocr_line' id='line_1_84' title="bbox 2211 2621 2975 2696; baseline -0.003 -17"><span class='ocrx_word' id='word_1_461' title='bbox 2211 2621 2333 2680; x_wconf 79' lang='grc' dir='ltr'><strong>δὸτα</strong></span> <span class='ocrx_word' id='word_1_462' title='bbox 2372 2631 2547 2691; x_wconf 80' lang='grc' dir='ltr'><strong>τοῦτο,</strong></span> <span class='ocrx_word' id='word_1_463' title='bbox 2578 2622 2736 2696; x_wconf 76' lang='grc' dir='ltr'><strong>μηδὲν</strong></span> <span class='ocrx_word' id='word_1_464' title='bbox 2774 2627 2845 2685; x_wconf 76' lang='grc' dir='ltr'><strong>εἰς</strong></span> <span class='ocrx_word' id='word_1_465' title='bbox 2883 2629 2975 2684; x_wconf 74' lang='grc' dir='ltr'><strong>τὴν</strong></span> 
     </span>
    </p>
   </div>
   <div class='ocr_carea' id='block_1_85' title="bbox 2210 2721 2976 2797">
    <p class='ocr_par' dir='ltr' id='par_1_85' title="bbox 2210 2721 2976 2797">
     <span class='ocr_line' id='line_1_85' title="bbox 2210 2721 2976 2797; baseline 0 -20"><span class='ocrx_word' id='word_1_466' title='bbox 2210 2728 2311 2777; x_wconf 84' lang='grc' dir='ltr'><strong>τῶν</strong></span> <span class='ocrx_word' id='word_1_467' title='bbox 2375 2721 2665 2797; x_wconf 74' lang='grc' dir='ltr'><strong>Βονλγάρων</strong></span> <span class='ocrx_word' id='word_1_468' title='bbox 2745 2728 2976 2778; x_wconf 74' lang='grc' dir='ltr'><strong>τοιοῦτον</strong></span> 
     </span>
    </p>
   </div>
   <div class='ocr_carea' id='block_1_86' title="bbox 2703 2821 2978 2890">
    <p class='ocr_par' dir='ltr' id='par_1_86' title="bbox 2703 2821 2978 2890">
     <span class='ocr_line' id='line_1_86' title="bbox 2703 2821 2978 2890; baseline -0.004 -13"><span class='ocrx_word' id='word_1_469' title='bbox 2703 2821 2978 2890; x_wconf 76' lang='grc' dir='ltr'><strong>Ἐμὰθομιν</strong></span> 
     </span>
    </p>
   </div>
   <div class='ocr_carea' id='block_1_87' title="bbox 2213 2914 2975 2973">
    <p class='ocr_par' dir='ltr' id='par_1_87' title="bbox 2213 2914 2975 2973">
     <span class='ocr_line' id='line_1_87' title="bbox 2213 2914 2975 2973; baseline -0.001 -1"><span class='ocrx_word' id='word_1_470' title='bbox 2213 2914 2265 2972; x_wconf 70' lang='grc' dir='ltr'><strong>δὲ</strong></span> <span class='ocrx_word' id='word_1_471' title='bbox 2296 2919 2381 2972; x_wconf 80' lang='grc' dir='ltr'><strong>καὶ</strong></span> <span class='ocrx_word' id='word_1_472' title='bbox 2428 2917 2553 2973; x_wconf 78' lang='grc' dir='ltr'><strong>ἀλλὰ</strong></span> <span class='ocrx_word' id='word_1_473' title='bbox 2579 2916 2739 2972; x_wconf 77' lang='grc' dir='ltr'><strong>πολλὰ</strong></span> <span class='ocrx_word' id='word_1_474' title='bbox 2778 2918 2975 2972; x_wconf 76' lang='grc' dir='ltr'><strong>ἐναντία</strong></span> 
     </span>
    </p>
   </div>
   <div class='ocr_carea' id='block_1_88' title="bbox 2213 2819 2610 2894">
    <p class='ocr_par' dir='ltr' id='par_1_88' title="bbox 2213 2819 2610 2894">
     <span class='ocr_line' id='line_1_88' title="bbox 2213 2819 2610 2894; baseline -0.005 -18"><span class='ocrx_word' id='word_1_475' title='bbox 2213 2819 2610 2894; x_wconf 73' lang='grc' dir='ltr'><strong>διαπράξασθαι.</strong></span> 
     </span>
    </p>
   </div>
   <div class='ocr_carea' id='block_1_89' title="bbox 2212 3008 2975 3086">
    <p class='ocr_par' dir='ltr' id='par_1_89' title="bbox 2212 3008 2975 3086">
     <span class='ocr_line' id='line_1_89' title="bbox 2212 3008 2975 3086; baseline 0.001 -21"><span class='ocrx_word' id='word_1_476' title='bbox 2212 3019 2313 3065; x_wconf 84' lang='grc' dir='ltr'><strong>τῶν</strong></span> <span class='ocrx_word' id='word_1_477' title='bbox 2339 3019 2599 3086; x_wconf 79' lang='grc' dir='ltr'><strong>πατρικῶν</strong></span> <span class='ocrx_word' id='word_1_478' title='bbox 2657 3008 2788 3085; x_wconf 83' lang='grc' dir='ltr'><strong>ὅρων</strong></span> <span class='ocrx_word' id='word_1_479' title='bbox 2836 3012 2975 3085; x_wconf 65' lang='grc' dir='ltr'><strong>ὑμᾶς</strong></span> 
     </span>
    </p>
   </div>
   <div class='ocr_carea' id='block_1_90' title="bbox 2216 3105 2975 3181">
    <p class='ocr_par' dir='ltr' id='par_1_90' title="bbox 2216 3105 2975 3181">
     <span class='ocr_line' id='line_1_90' title="bbox 2216 3105 2975 3181; baseline 0.003 -20"><span class='ocrx_word' id='word_1_480' title='bbox 2216 3105 2645 3181; x_wconf 79' lang='grc' dir='ltr'><strong>διαπράττεσθαι,</strong></span> <span class='ocrx_word' id='word_1_481' title='bbox 2673 3109 2801 3165; x_wconf 79' lang='grc' dir='ltr'><strong>ἀλλά</strong></span> <span class='ocrx_word' id='word_1_482' title='bbox 2814 3106 2877 3166; x_wconf 75' lang='grc' dir='ltr'>δὴ</span> <span class='ocrx_word' id='word_1_483' title='bbox 2892 3111 2975 3165; x_wconf 76' lang='grc' dir='ltr'><strong>καὶ</strong></span> 
     </span>
    </p>
   </div>
   <div class='ocr_carea' id='block_1_91' title="bbox 2147 3208 2979 3294">
    <p class='ocr_par' dir='ltr' id='par_1_91' title="bbox 2147 3208 2979 3294">
     <span class='ocr_line' id='line_1_91' title="bbox 2147 3208 2979 3294; baseline 0.004 -33"><span class='ocrx_word' id='word_1_484' title='bbox 2147 3231 2188 3294; x_wconf 73' lang='lat' dir='ltr'><strong>c</strong></span> <span class='ocrx_word' id='word_1_485' title='bbox 2219 3212 2392 3262; x_wconf 85' lang='grc' dir='ltr'><strong>τοῦτο’</strong></span> <span class='ocrx_word' id='word_1_486' title='bbox 2442 3210 2584 3270; x_wconf 80' lang='grc' dir='ltr'><strong>τινὰς</strong></span> <span class='ocrx_word' id='word_1_487' title='bbox 2642 3208 2742 3284; x_wconf 70' lang='grc' dir='ltr'><strong>’γὰρ</strong></span> <span class='ocrx_word' id='word_1_488' title='bbox 2795 3211 2979 3264; x_wconf 76' lang='grc' dir='ltr'><strong>νεωστί</strong></span> 
     </span>
    </p>
   </div>
   <div class='ocr_carea' id='block_1_92' title="bbox 2221 3305 2979 3381">
    <p class='ocr_par' dir='ltr' id='par_1_92' title="bbox 2221 3305 2979 3381">
     <span class='ocr_line' id='line_1_92' title="bbox 2221 3305 2979 3381; baseline 0.003 -20"><span class='ocrx_word' id='word_1_489' title='bbox 2221 3307 2322 3361; x_wconf 76' lang='grc' dir='ltr'><strong>ἀπὸ</strong></span> <span class='ocrx_word' id='word_1_490' title='bbox 2346 3313 2447 3361; x_wconf 80' lang='grc' dir='ltr'><strong>τῶν</strong></span> <span class='ocrx_word' id='word_1_491' title='bbox 2468 3307 2656 3362; x_wconf 80' lang='grc' dir='ltr'><strong>λαῐκῶν</strong></span> <span class='ocrx_word' id='word_1_492' title='bbox 2688 3305 2837 3381; x_wconf 56' lang='grc' dir='ltr'><strong>«ἄφνω</strong></span> <span class='ocrx_word' id='word_1_493' title='bbox 2863 3305 2979 3363; x_wconf 80' lang='grc' dir='ltr'><strong>δια·</strong></span> 
     </span>
    </p>
   </div>
   <div class='ocr_carea' id='block_1_93' title="bbox 2217 3404 2976 3481">
    <p class='ocr_par' dir='ltr' id='par_1_93' title="bbox 2217 3404 2976 3481">
     <span class='ocr_line' id='line_1_93' title="bbox 2217 3404 2976 3481; baseline 0.001 -21"><span class='ocrx_word' id='word_1_494' title='bbox 2217 3404 2388 3467; x_wconf 80' lang='grc' dir='ltr'><strong>κὸνους</strong></span> <span class='ocrx_word' id='word_1_495' title='bbox 2510 3407 2932 3481; x_wconf 66' lang='grc' dir='ltr'><strong>ἐχειροτονήσατε</strong></span> <span class='ocrx_word' id='word_1_496' title='bbox 2961 3445 2976 3472; x_wconf 94' lang='grc'><em>,</em></span> 
     </span>
    </p>
   </div>
   <div class='ocr_carea' id='block_1_94' title="bbox 2220 3502 2980 3572">
    <p class='ocr_par' dir='ltr' id='par_1_94' title="bbox 2220 3502 2980 3572">
     <span class='ocr_line' id='line_1_94' title="bbox 2220 3502 2980 3572; baseline 0.005 -17"><span class='ocrx_word' id='word_1_497' title='bbox 2220 3502 2415 3557; x_wconf 80' lang='grc' dir='ltr'><strong>ἐναντία</strong></span> <span class='ocrx_word' id='word_1_498' title='bbox 2442 3503 2532 3572; x_wconf 68' lang='grc' dir='ltr'><strong>μέν</strong></span> <span class='ocrx_word' id='word_1_499' title='bbox 2562 3506 2648 3557; x_wconf 82' lang='grc' dir='ltr'><strong>καὶ</strong></span> <span class='ocrx_word' id='word_1_500' title='bbox 2684 3512 2792 3564; x_wconf 81' lang='grc' dir='ltr'><strong>τοῖς</strong></span> <span class='ocrx_word' id='word_1_501' title='bbox 2819 3506 2980 3560; x_wconf 79' lang='grc' dir='ltr'><strong>πάλαι</strong></span> 
     </span>
    </p>
   </div>
   <div class='ocr_carea' id='block_1_95' title="bbox 2217 3599 2980 3678">
    <p class='ocr_par' dir='ltr' id='par_1_95' title="bbox 2217 3599 2980 3678">
     <span class='ocr_line' id='line_1_95' title="bbox 2217 3599 2980 3678; baseline 0.004 -24"><span class='ocrx_word' id='word_1_502' title='bbox 2217 3601 2466 3674; x_wconf 80' lang='grc' dir='ltr'><strong>πατράσι,</strong></span> <span class='ocrx_word' id='word_1_503' title='bbox 2515 3599 2641 3658; x_wconf 82' lang='grc' dir='ltr'><strong>ἀλλά</strong></span> <span class='ocrx_word' id='word_1_504' title='bbox 2691 3599 2752 3662; x_wconf 80' lang='grc' dir='ltr'><strong>δή</strong></span> <span class='ocrx_word' id='word_1_505' title='bbox 2792 3604 2871 3657; x_wconf 77' lang='grc' dir='ltr'><strong>καὶ</strong></span> <span class='ocrx_word' id='word_1_506' title='bbox 2918 3610 2980 3678; x_wconf 76' lang='grc' dir='ltr'><strong>τῇ</strong></span> 
     </span>
    </p>
   </div>
   <div class='ocr_carea' id='block_1_96' title="bbox 2219 3698 2981 3773">
    <p class='ocr_par' dir='ltr' id='par_1_96' title="bbox 2219 3698 2981 3773">
     <span class='ocr_line' id='line_1_96' title="bbox 2219 3698 2981 3773; baseline 0.009 -27"><span class='ocrx_word' id='word_1_507' title='bbox 2219 3698 2529 3769; x_wconf 71' lang='grc' dir='ltr'><strong>προσφάτως·</strong></span> <span class='ocrx_word' id='word_1_508' title='bbox 2556 3701 2981 3773; x_wconf 77' lang='grc' dir='ltr'><strong>συναθροισθείσῃ</strong></span> 
     </span>
    </p>
   </div>
   <div class='ocr_carea' id='block_1_97' title="bbox 3029 683 3799 766">
    <p class='ocr_par' dir='ltr' id='par_1_97' title="bbox 3029 683 3799 766">
     <span class='ocr_line' id='line_1_97' title="bbox 3029 683 3799 766; baseline 0.016 -27"><span class='ocrx_word' id='word_1_509' title='bbox 3029 683 3295 742; x_wconf 89' lang='lat' dir='ltr'><strong>dedecore</strong></span> <span class='ocrx_word' id='word_1_510' title='bbox 3324 689 3544 760; x_wconf 81' lang='lat' dir='ltr'><strong>expelli,</strong></span> <span class='ocrx_word' id='word_1_511' title='bbox 3581 693 3799 766; x_wconf 89' lang='lat' dir='ltr'><strong>ipsique</strong></span> 
     </span>
    </p>
   </div>
   <div class='ocr_carea' id='block_1_98' title="bbox 3030 782 3795 858">
    <p class='ocr_par' dir='ltr' id='par_1_98' title="bbox 3030 782 3795 858">
     <span class='ocr_line' id='line_1_98' title="bbox 3030 782 3795 858; baseline 0.016 -22"><span class='ocrx_word' id='word_1_512' title='bbox 3030 782 3182 840; x_wconf 92' lang='lat' dir='ltr'><strong>illinc</strong></span> <span class='ocrx_word' id='word_1_513' title='bbox 3231 786 3467 858; x_wconf 88' lang='lat' dir='ltr'><strong>episc0pi</strong></span> <span class='ocrx_word' id='word_1_514' title='bbox 3512 804 3635 845; x_wconf 91' lang='lat' dir='ltr'><strong>cum</strong></span> <span class='ocrx_word' id='word_1_515' title='bbox 3684 808 3795 848; x_wconf 90' lang='lat' dir='ltr'><strong>non</strong></span> 
     </span>
    </p>
   </div>
   <div class='ocr_carea' id='block_1_99' title="bbox 3034 880 3796 957">
    <p class='ocr_par' dir='ltr' id='par_1_99' title="bbox 3034 880 3796 957">
     <span class='ocr_line' id='line_1_99' title="bbox 3034 880 3796 957; baseline 0.014 -24"><span class='ocrx_word' id='word_1_516' title='bbox 3034 880 3298 937; x_wconf 87' lang='lat' dir='ltr'><strong>mediocri</strong></span> <span class='ocrx_word' id='word_1_517' title='bbox 3335 895 3642 957; x_wconf 90' lang='lat' dir='ltr'><strong>contemptu</strong></span> <span class='ocrx_word' id='word_1_518' title='bbox 3673 890 3796 944; x_wconf 77' lang='lat' dir='ltr'><strong>exi-</strong></span> 
     </span>
    </p>
   </div>
   <div class='ocr_carea' id='block_1_100' title="bbox 3035 975 3794 1046">
    <p class='ocr_par' dir='ltr' id='par_1_100' title="bbox 3035 975 3794 1046">
     <span class='ocr_line' id='line_1_100' title="bbox 3035 975 3794 1046; baseline 0.017 -18"><span class='ocrx_word' id='word_1_519' title='bbox 3035 975 3119 1046; x_wconf 93' lang='lat' dir='ltr'><strong>gi;</strong></span> <span class='ocrx_word' id='word_1_520' title='bbox 3152 986 3209 1031; x_wconf 90' lang='lat' dir='ltr'><strong>et</strong></span> <span class='ocrx_word' id='word_1_521' title='bbox 3233 978 3336 1033; x_wconf 92' lang='lat' dir='ltr'><strong>hoc</strong></span> <span class='ocrx_word' id='word_1_522' title='bbox 3366 980 3509 1037; x_wconf 90' lang='lat' dir='ltr'><strong>nullo</strong></span> <span class='ocrx_word' id='word_1_523' title='bbox 3533 992 3680 1040; x_wconf 87' lang='lat' dir='ltr'><strong>tanta</strong></span> <span class='ocrx_word' id='word_1_524' title='bbox 3720 987 3794 1043; x_wconf 91' lang='lat' dir='ltr'><strong>de</strong></span> 
     </span>
    </p>
   </div>
   <div class='ocr_carea' id='block_1_101' title="bbox 3036 1071 3789 1149">
    <p class='ocr_par' dir='ltr' id='par_1_101' title="bbox 3036 1071 3789 1149">
     <span class='ocr_line' id='line_1_101' title="bbox 3036 1071 3789 1149; baseline 0.017 -23"><span class='ocrx_word' id='word_1_525' title='bbox 3036 1086 3096 1127; x_wconf 87' lang='lat' dir='ltr'><strong>re</strong></span> <span class='ocrx_word' id='word_1_526' title='bbox 3114 1071 3319 1144; x_wconf 87' lang='lat' dir='ltr'><strong>judicio</strong></span> <span class='ocrx_word' id='word_1_527' title='bbox 3344 1076 3496 1147; x_wconf 87' lang='lat' dir='ltr'><strong>prius</strong></span> <span class='ocrx_word' id='word_1_528' title='bbox 3530 1081 3666 1149; x_wconf 86' lang='lat' dir='ltr'><strong>apud</strong></span> <span class='ocrx_word' id='word_1_529' title='bbox 3691 1098 3789 1138; x_wconf 90' lang='lat' dir='ltr'><strong>vos</strong></span> 
     </span>
    </p>
   </div>
   <div class='ocr_carea' id='block_1_102' title="bbox 3036 1166 3794 1244">
    <p class='ocr_par' dir='ltr' id='par_1_102' title="bbox 3036 1166 3794 1244">
     <span class='ocr_line' id='line_1_102' title="bbox 3036 1166 3794 1244; baseline 0.012 -22"><span class='ocrx_word' id='word_1_530' title='bbox 3036 1166 3214 1237; x_wconf 84' lang='lat' dir='ltr'><strong>facto,</strong></span> <span class='ocrx_word' id='word_1_531' title='bbox 3261 1186 3385 1226; x_wconf 89' lang='lat' dir='ltr'><strong>cum</strong></span> <span class='ocrx_word' id='word_1_532' title='bbox 3436 1173 3491 1227; x_wconf 91' lang='lat' dir='ltr'><strong>in</strong></span> <span class='ocrx_word' id='word_1_533' title='bbox 3535 1174 3794 1244; x_wconf 87' lang='lat' dir='ltr'><strong>judicium</strong></span> 
     </span>
    </p>
   </div>
   <div class='ocr_carea' id='block_1_103' title="bbox 3036 1264 3800 1337">
    <p class='ocr_par' dir='ltr' id='par_1_103' title="bbox 3036 1264 3800 1337">
     <span class='ocr_line' id='line_1_103' title="bbox 3036 1264 3800 1337; baseline 0.009 -19"><span class='ocrx_word' id='word_1_534' title='bbox 3036 1277 3099 1318; x_wconf 89' lang='lat' dir='ltr'><strong>ea</strong></span> <span class='ocrx_word' id='word_1_535' title='bbox 3128 1264 3197 1319; x_wconf 91' lang='lat' dir='ltr'><strong>de</strong></span> <span class='ocrx_word' id='word_1_536' title='bbox 3231 1280 3291 1321; x_wconf 89' lang='lat' dir='ltr'><strong>re</strong></span> <span class='ocrx_word' id='word_1_537' title='bbox 3317 1282 3597 1337; x_wconf 87' lang='lat' dir='ltr'><strong>nunquam</strong></span> <span class='ocrx_word' id='word_1_538' title='bbox 3623 1272 3800 1329; x_wconf 67' lang='lat' dir='ltr'><strong>vocati</strong></span> 
     </span>
    </p>
   </div>
   <div class='ocr_carea' id='block_1_104' title="bbox 3037 1360 3805 1430">
    <p class='ocr_par' dir='ltr' id='par_1_104' title="bbox 3037 1360 3805 1430">
     <span class='ocr_line' id='line_1_104' title="bbox 3037 1360 3805 1430; baseline 0.009 -14"><span class='ocrx_word' id='word_1_539' title='bbox 3037 1360 3228 1417; x_wconf 88' lang='lat' dir='ltr'><strong>simus.</strong></span> <span class='ocrx_word' id='word_1_540' title='bbox 3307 1361 3465 1430; x_wconf 86' lang='lat' dir='ltr'><strong>Quod</strong></span> <span class='ocrx_word' id='word_1_541' title='bbox 3532 1367 3577 1422; x_wconf 88' lang='lat' dir='ltr'><strong>si</strong></span> <span class='ocrx_word' id='word_1_542' title='bbox 3614 1368 3805 1424; x_wconf 28' lang='lat' dir='ltr'><strong>“dicas</strong></span> 
     </span>
    </p>
   </div>
   <div class='ocr_carea' id='block_1_105' title="bbox 3034 1450 3805 1530">
    <p class='ocr_par' dir='ltr' id='par_1_105' title="bbox 3034 1450 3805 1530">
     <span class='ocr_line' id='line_1_105' title="bbox 3034 1450 3805 1530; baseline 0.013 -19"><span class='ocrx_word' id='word_1_543' title='bbox 3034 1450 3188 1530; x_wconf 78' lang='lat' dir='ltr'><strong>prius</strong></span> <span class='ocrx_word' id='word_1_544' title='bbox 3199 1475 3232 1514; x_wconf 93' lang='lat' dir='ltr'><strong>a</strong></span> <span class='ocrx_word' id='word_1_545' title='bbox 3247 1461 3403 1517; x_wconf 89' lang='lat' dir='ltr'><strong>nobis</strong></span> <span class='ocrx_word' id='word_1_546' title='bbox 3416 1460 3805 1521; x_wconf 85' lang='lat' dir='ltr'><strong>Constantino-</strong></span> 
     </span>
    </p>
   </div>
   <div class='ocr_carea' id='block_1_106' title="bbox 3037 1556 3806 1633">
    <p class='ocr_par' dir='ltr' id='par_1_106' title="bbox 3037 1556 3806 1633">
     <span class='ocr_line' id='line_1_106' title="bbox 3037 1556 3806 1633; baseline 0.016 -24"><span class='ocrx_word' id='word_1_547' title='bbox 3037 1556 3291 1627; x_wconf 67' lang='lat' dir='ltr'><strong>politanae</strong></span> <span class='ocrx_word' id='word_1_548' title='bbox 3333 1558 3637 1618; x_wconf 68' lang='lat' dir='ltr'><strong>diceeeseos</strong></span> <span class='ocrx_word' id='word_1_549' title='bbox 3676 1577 3806 1633; x_wconf 81' lang='lat' dir='ltr'><strong>pro-</strong></span> 
     </span>
    </p>
   </div>
   <div class='ocr_carea' id='block_1_107' title="bbox 3038 1654 3804 1731">
    <p class='ocr_par' dir='ltr' id='par_1_107' title="bbox 3038 1654 3804 1731">
     <span class='ocr_line' id='line_1_107' title="bbox 3038 1654 3804 1731; baseline 0.01 -22"><span class='ocrx_word' id='word_1_550' title='bbox 3038 1654 3288 1726; x_wconf 83' lang='lat' dir='ltr'><strong>sbyteros</strong></span> <span class='ocrx_word' id='word_1_551' title='bbox 3337 1656 3392 1712; x_wconf 90' lang='lat' dir='ltr'><strong>in</strong></span> <span class='ocrx_word' id='word_1_552' title='bbox 3454 1673 3522 1713; x_wconf 86' lang='lat' dir='ltr'><strong>ea</strong></span> <span class='ocrx_word' id='word_1_553' title='bbox 3577 1660 3804 1731; x_wconf 86' lang='lat' dir='ltr'><strong>regione</strong></span> 
     </span>
    </p>
   </div>
   <div class='ocr_carea' id='block_1_108' title="bbox 3042 1752 3801 1826">
    <p class='ocr_par' dir='ltr' id='par_1_108' title="bbox 3042 1752 3801 1826">
     <span class='ocr_line' id='line_1_108' title="bbox 3042 1752 3801 1826; baseline 0.011 -21"><span class='ocrx_word' id='word_1_554' title='bbox 3042 1752 3351 1810; x_wconf 87' lang='lat' dir='ltr'><strong>sacriﬁcare</strong></span> <span class='ocrx_word' id='word_1_555' title='bbox 3435 1756 3738 1825; x_wconf 90' lang='lat' dir='ltr'><strong>prohibitos</strong></span> <span class='ocrx_word' id='word_1_556' title='bbox 3783 1800 3801 1826; x_wconf 92' lang='lat'><strong>,</strong></span> 
     </span>
    </p>
   </div>
   <div class='ocr_carea' id='block_1_109' title="bbox 3043 1849 3806 1911">
    <p class='ocr_par' dir='ltr' id='par_1_109' title="bbox 3043 1849 3806 1911">
     <span class='ocr_line' id='line_1_109' title="bbox 3043 1849 3806 1911; baseline 0.009 -8"><span class='ocrx_word' id='word_1_557' title='bbox 3043 1849 3188 1904; x_wconf 90' lang='lat' dir='ltr'><strong>haud</strong></span> <span class='ocrx_word' id='word_1_558' title='bbox 3208 1851 3418 1907; x_wconf 86' lang='lat' dir='ltr'><strong>inﬁcias</strong></span> <span class='ocrx_word' id='word_1_559' title='bbox 3444 1853 3603 1909; x_wconf 89' lang='lat' dir='ltr'><strong>imus.</strong></span> <span class='ocrx_word' id='word_1_560' title='bbox 3630 1855 3806 1911; x_wconf 86' lang='lat' dir='ltr'><strong>Erant</strong></span> 
     </span>
    </p>
   </div>
   <div class='ocr_carea' id='block_1_110' title="bbox 3042 1944 3812 2024">
    <p class='ocr_par' dir='ltr' id='par_1_110' title="bbox 3042 1944 3812 2024">
     <span class='ocr_line' id='line_1_110' title="bbox 3042 1944 3812 2024; baseline 0.01 -23"><span class='ocrx_word' id='word_1_561' title='bbox 3042 1944 3326 2013; x_wconf 90' lang='lat' dir='ltr'><strong>Photiani,</strong></span> <span class='ocrx_word' id='word_1_562' title='bbox 3367 1949 3618 2021; x_wconf 91' lang='lat' dir='ltr'><strong>illiusque</strong></span> <span class='ocrx_word' id='word_1_563' title='bbox 3660 1967 3812 2024; x_wconf 79' lang='lat' dir='ltr'><strong>sym-</strong></span> 
     </span>
    </p>
   </div>
   <div class='ocr_carea' id='block_1_111' title="bbox 3042 2046 3804 2115">
    <p class='ocr_par' dir='ltr' id='par_1_111' title="bbox 3042 2046 3804 2115">
     <span class='ocr_line' id='line_1_111' title="bbox 3042 2046 3804 2115; baseline 0.009 -17"><span class='ocrx_word' id='word_1_564' title='bbox 3042 2052 3269 2114; x_wconf 65' lang='lat' dir='ltr'><strong>mystae,</strong></span> <span class='ocrx_word' id='word_1_565' title='bbox 3310 2046 3509 2115; x_wconf 86' lang='lat' dir='ltr'><strong>quibus</strong></span> <span class='ocrx_word' id='word_1_566' title='bbox 3557 2063 3663 2103; x_wconf 89' lang='lat' dir='ltr'><strong>non</strong></span> <span class='ocrx_word' id='word_1_567' title='bbox 3709 2063 3804 2106; x_wconf 87' lang='lat' dir='ltr'><strong>so-</strong></span> 
     </span>
    </p>
   </div>
   <div class='ocr_carea' id='block_1_112' title="bbox 3038 2137 3801 2214">
    <p class='ocr_par' dir='ltr' id='par_1_112' title="bbox 3038 2137 3801 2214">
     <span class='ocr_line' id='line_1_112' title="bbox 3038 2137 3801 2214; baseline 0.012 -22"><span class='ocrx_word' id='word_1_568' title='bbox 3038 2137 3146 2213; x_wconf 81' lang='lat' dir='ltr'><strong>lum</strong></span> <span class='ocrx_word' id='word_1_569' title='bbox 3172 2140 3225 2195; x_wconf 91' lang='lat' dir='ltr'><strong>in</strong></span> <span class='ocrx_word' id='word_1_570' title='bbox 3251 2139 3541 2212; x_wconf 85' lang='lat' dir='ltr'><strong>Bulgarum</strong></span> <span class='ocrx_word' id='word_1_571' title='bbox 3572 2145 3801 2214; x_wconf 84' lang='lat' dir='ltr'><strong>provin-</strong></span> 
     </span>
    </p>
   </div>
   <div class='ocr_carea' id='block_1_113' title="bbox 3037 2234 3802 2309">
    <p class='ocr_par' dir='ltr' id='par_1_113' title="bbox 3037 2234 3802 2309">
     <span class='ocr_line' id='line_1_113' title="bbox 3037 2234 3802 2309; baseline 0.01 -21"><span class='ocrx_word' id='word_1_572' title='bbox 3037 2234 3140 2295; x_wconf 89' lang='lat' dir='ltr'><strong>cia,</strong></span> <span class='ocrx_word' id='word_1_573' title='bbox 3174 2235 3268 2289; x_wconf 89' lang='lat' dir='ltr'><strong>sed</strong></span> <span class='ocrx_word' id='word_1_574' title='bbox 3308 2236 3514 2307; x_wconf 85' lang='lat' dir='ltr'><strong>ubique</strong></span> <span class='ocrx_word' id='word_1_575' title='bbox 3555 2241 3802 2309; x_wconf 84' lang='lat' dir='ltr'><strong>gentium</strong></span> 
     </span>
    </p>
   </div>
   <div class='ocr_carea' id='block_1_114' title="bbox 3043 2329 3809 2392">
    <p class='ocr_par' dir='ltr' id='par_1_114' title="bbox 3043 2329 3809 2392">
     <span class='ocr_line' id='line_1_114' title="bbox 3043 2329 3809 2392; baseline 0.012 -8"><span class='ocrx_word' id='word_1_576' title='bbox 3043 2329 3364 2386; x_wconf 86' lang='lat' dir='ltr'><strong>sacerdotali</strong></span> <span class='ocrx_word' id='word_1_577' title='bbox 3386 2347 3613 2389; x_wconf 90' lang='lat' dir='ltr'><strong>munere</strong></span> <span class='ocrx_word' id='word_1_578' title='bbox 3634 2336 3809 2392; x_wconf 88' lang='lat' dir='ltr'><strong>inter-</strong></span> 
     </span>
    </p>
   </div>
   <div class='ocr_carea' id='block_1_115' title="bbox 3046 2424 3803 2501">
    <p class='ocr_par' dir='ltr' id='par_1_115' title="bbox 3046 2424 3803 2501">
     <span class='ocr_line' id='line_1_115' title="bbox 3046 2424 3803 2501; baseline 0.011 -22"><span class='ocrx_word' id='word_1_579' title='bbox 3046 2424 3279 2482; x_wconf 78' lang='lat' dir='ltr'><strong>diximus</strong></span> <span class='ocrx_word' id='word_1_580' title='bbox 3300 2426 3803 2501; x_wconf 88' lang='lat' dir='ltr'><strong>interdicimusque.</strong></span> 
     </span>
    </p>
   </div>
   <div class='ocr_carea' id='block_1_116' title="bbox 3047 2519 3807 2593">
    <p class='ocr_par' dir='ltr' id='par_1_116' title="bbox 3047 2519 3807 2593">
     <span class='ocr_line' id='line_1_116' title="bbox 3047 2519 3807 2593; baseline 0.009 -19"><span class='ocrx_word' id='word_1_581' title='bbox 3047 2519 3179 2586; x_wconf 75' lang='lat' dir='ltr'><strong>Qua:</strong></span> <span class='ocrx_word' id='word_1_582' title='bbox 3237 2536 3358 2578; x_wconf 91' lang='lat' dir='ltr'><strong>cum</strong></span> <span class='ocrx_word' id='word_1_583' title='bbox 3415 2523 3627 2593; x_wconf 87' lang='lat' dir='ltr'><strong>scires,</strong></span> <span class='ocrx_word' id='word_1_584' title='bbox 3674 2527 3807 2582; x_wconf 91' lang='lat' dir='ltr'><strong>nihil</strong></span> 
     </span>
    </p>
   </div>
   <div class='ocr_carea' id='block_1_117' title="bbox 3050 2616 3811 2690">
    <p class='ocr_par' dir='ltr' id='par_1_117' title="bbox 3050 2616 3811 2690">
     <span class='ocr_line' id='line_1_117' title="bbox 3050 2616 3811 2690; baseline 0.012 -20"><span class='ocrx_word' id='word_1_585' title='bbox 3050 2616 3147 2672; x_wconf 90' lang='lat' dir='ltr'><strong>tibi</strong></span> <span class='ocrx_word' id='word_1_586' title='bbox 3180 2617 3234 2672; x_wconf 92' lang='lat' dir='ltr'><strong>in</strong></span> <span class='ocrx_word' id='word_1_587' title='bbox 3280 2634 3345 2674; x_wconf 88' lang='lat' dir='ltr'><strong>eo</strong></span> <span class='ocrx_word' id='word_1_588' title='bbox 3387 2634 3553 2690; x_wconf 79' lang='lat' dir='ltr'><strong>regno</strong></span> <span class='ocrx_word' id='word_1_589' title='bbox 3597 2629 3811 2678; x_wconf 85' lang='lat' dir='ltr'><strong>tentan-</strong></span> 
     </span>
    </p>
   </div>
   <div class='ocr_carea' id='block_1_118' title="bbox 3047 2710 3808 2774">
    <p class='ocr_par' dir='ltr' id='par_1_118' title="bbox 3047 2710 3808 2774">
     <span class='ocr_line' id='line_1_118' title="bbox 3047 2710 3808 2774; baseline 0.012 -9"><span class='ocrx_word' id='word_1_590' title='bbox 3047 2710 3176 2765; x_wconf 89' lang='lat' dir='ltr'><strong>dum</strong></span> <span class='ocrx_word' id='word_1_591' title='bbox 3237 2710 3359 2767; x_wconf 82' lang='lat' dir='ltr'><strong>fuit.</strong></span> <span class='ocrx_word' id='word_1_592' title='bbox 3439 2712 3808 2774; x_wconf 80' lang='lat' dir='ltr'><strong>Intelleximus</strong></span> 
     </span>
    </p>
   </div>
   <div class='ocr_carea' id='block_1_119' title="bbox 3049 2808 3811 2870">
    <p class='ocr_par' dir='ltr' id='par_1_119' title="bbox 3049 2808 3811 2870">
     <span class='ocr_line' id='line_1_119' title="bbox 3049 2808 3811 2870; baseline 0.008 -7"><span class='ocrx_word' id='word_1_593' title='bbox 3049 2817 3229 2864; x_wconf 91' lang='lat' dir='ltr'><strong>autem</strong></span> <span class='ocrx_word' id='word_1_594' title='bbox 3253 2816 3309 2863; x_wconf 88' lang='lat' dir='ltr'><strong>et</strong></span> <span class='ocrx_word' id='word_1_595' title='bbox 3336 2808 3439 2864; x_wconf 90' lang='lat' dir='ltr'><strong>alia</strong></span> <span class='ocrx_word' id='word_1_596' title='bbox 3466 2811 3632 2866; x_wconf 88' lang='lat' dir='ltr'><strong>multa</strong></span> <span class='ocrx_word' id='word_1_597' title='bbox 3657 2828 3689 2867; x_wconf 92' lang='lat' dir='ltr'><strong>a</strong></span> <span class='ocrx_word' id='word_1_598' title='bbox 3711 2828 3811 2870; x_wconf 86' lang='lat' dir='ltr'><strong>vo-</strong></span> 
     </span>
    </p>
   </div>
   <div class='ocr_carea' id='block_1_120' title="bbox 3048 2903 3811 2964">
    <p class='ocr_par' dir='ltr' id='par_1_120' title="bbox 3048 2903 3811 2964">
     <span class='ocr_line' id='line_1_120' title="bbox 3048 2903 3811 2964; baseline 0.005 -4"><span class='ocrx_word' id='word_1_599' title='bbox 3048 2903 3132 2960; x_wconf 84' lang='lat' dir='ltr'><strong>bis</strong></span> <span class='ocrx_word' id='word_1_600' title='bbox 3188 2913 3375 2961; x_wconf 88' lang='lat' dir='ltr'><strong>contra</strong></span> <span class='ocrx_word' id='word_1_601' title='bbox 3438 2904 3656 2962; x_wconf 85' lang='lat' dir='ltr'><strong>Patrum</strong></span> <span class='ocrx_word' id='word_1_602' title='bbox 3714 2908 3811 2964; x_wconf 87' lang='lat' dir='ltr'><strong>de-</strong></span> 
     </span>
    </p>
   </div>
   <div class='ocr_carea' id='block_1_121' title="bbox 3046 2993 3813 3075">
    <p class='ocr_par' dir='ltr' id='par_1_121' title="bbox 3046 2993 3813 3075">
     <span class='ocr_line' id='line_1_121' title="bbox 3046 2993 3813 3075; baseline 0.005 -18"><span class='ocrx_word' id='word_1_603' title='bbox 3046 3010 3194 3057; x_wconf 90' lang='lat' dir='ltr'><strong>creta</strong></span> <span class='ocrx_word' id='word_1_604' title='bbox 3239 3000 3390 3068; x_wconf 89' lang='lat' dir='ltr'><strong>ﬁeri,</strong></span> <span class='ocrx_word' id='word_1_605' title='bbox 3424 3002 3565 3058; x_wconf 89' lang='lat' dir='ltr'><strong>inter</strong></span> <span class='ocrx_word' id='word_1_606' title='bbox 3591 3019 3711 3075; x_wconf 66' lang='lat' dir='ltr'><strong>qua:</strong></span> <span class='ocrx_word' id='word_1_607' title='bbox 3757 2993 3813 3061; x_wconf 78' lang='lat' dir='ltr'><strong>et</strong></span> 
     </span>
    </p>
   </div>
   <div class='ocr_carea' id='block_1_122' title="bbox 3049 3100 3807 3175">
    <p class='ocr_par' dir='ltr' id='par_1_122' title="bbox 3049 3100 3807 3175">
     <span class='ocr_line' id='line_1_122' title="bbox 3049 3100 3807 3175; baseline 0.005 -20"><span class='ocrx_word' id='word_1_608' title='bbox 3049 3100 3152 3157; x_wconf 91' lang='lat' dir='ltr'><strong>hoc</strong></span> <span class='ocrx_word' id='word_1_609' title='bbox 3180 3109 3293 3169; x_wconf 89' lang='lat' dir='ltr'><strong>est,</strong></span> <span class='ocrx_word' id='word_1_610' title='bbox 3324 3116 3498 3172; x_wconf 89' lang='lat' dir='ltr'><strong>nuper</strong></span> <span class='ocrx_word' id='word_1_611' title='bbox 3538 3104 3807 3175; x_wconf 88' lang='lat' dir='ltr'><strong>quosdam</strong></span> 
     </span>
    </p>
   </div>
   <div class='ocr_carea' id='block_1_123' title="bbox 3049 3200 3811 3258">
    <p class='ocr_par' dir='ltr' id='par_1_123' title="bbox 3049 3200 3811 3258">
     <span class='ocr_line' id='line_1_123' title="bbox 3049 3200 3811 3258; baseline 0.004 -4"><span class='ocrx_word' id='word_1_612' title='bbox 3049 3207 3240 3254; x_wconf 90' lang='lat' dir='ltr'><strong>contra</strong></span> <span class='ocrx_word' id='word_1_613' title='bbox 3319 3208 3519 3256; x_wconf 87' lang='lat' dir='ltr'><strong>statuta</strong></span> <span class='ocrx_word' id='word_1_614' title='bbox 3589 3200 3811 3258; x_wconf 88' lang='lat' dir='ltr'><strong>Patrum</strong></span> 
     </span>
    </p>
   </div>
   <div class='ocr_carea' id='block_1_124' title="bbox 3050 3297 3808 3372">
    <p class='ocr_par' dir='ltr' id='par_1_124' title="bbox 3050 3297 3808 3372">
     <span class='ocr_line' id='line_1_124' title="bbox 3050 3297 3808 3372; baseline 0.004 -21"><span class='ocrx_word' id='word_1_615' title='bbox 3050 3297 3357 3367; x_wconf 87' lang='lat' dir='ltr'><strong>priscorum</strong></span> <span class='ocrx_word' id='word_1_616' title='bbox 3383 3338 3399 3366; x_wconf 89' lang='lat'><strong>,</strong></span> <span class='ocrx_word' id='word_1_617' title='bbox 3484 3308 3540 3355; x_wconf 90' lang='lat' dir='ltr'><strong>et</strong></span> <span class='ocrx_word' id='word_1_618' title='bbox 3619 3301 3808 3372; x_wconf 75' lang='lat' dir='ltr'><strong>synodi</strong></span> 
     </span>
    </p>
   </div>
   <div class='ocr_carea' id='block_1_125' title="bbox 3052 3395 3804 3464">
    <p class='ocr_par' dir='ltr' id='par_1_125' title="bbox 3052 3395 3804 3464">
     <span class='ocr_line' id='line_1_125' title="bbox 3052 3395 3804 3464; baseline 0.003 -15"><span class='ocrx_word' id='word_1_619' title='bbox 3052 3395 3398 3450; x_wconf 70' lang='lat' dir='ltr'><strong>mcumenica:</strong></span> <span class='ocrx_word' id='word_1_620' title='bbox 3436 3396 3677 3464; x_wconf 80' lang='lat' dir='ltr'><strong>proxime</strong></span> <span class='ocrx_word' id='word_1_621' title='bbox 3715 3409 3804 3451; x_wconf 86' lang='lat' dir='ltr'><strong>ce-</strong></span> 
     </span>
    </p>
   </div>
   <div class='ocr_carea' id='block_1_126' title="bbox 3049 3493 3811 3567">
    <p class='ocr_par' dir='ltr' id='par_1_126' title="bbox 3049 3493 3811 3567">
     <span class='ocr_line' id='line_1_126' title="bbox 3049 3493 3811 3567; baseline 0.009 -20"><span class='ocrx_word' id='word_1_622' title='bbox 3049 3493 3291 3563; x_wconf 69' lang='lat' dir='ltr'><strong>lebratas,</strong></span> <span class='ocrx_word' id='word_1_623' title='bbox 3318 3511 3383 3550; x_wconf 76' lang='lat' dir='ltr'><strong>ex</strong></span> <span class='ocrx_word' id='word_1_624' title='bbox 3417 3495 3567 3552; x_wconf 87' lang='lat' dir='ltr'><strong>laicis</strong></span> <span class='ocrx_word' id='word_1_625' title='bbox 3585 3505 3811 3567; x_wconf 75' lang='lat' dir='ltr'><strong>repente</strong></span> 
     </span>
    </p>
   </div>
   <div class='ocr_carea' id='block_1_127' title="bbox 3052 3590 3808 3657">
    <p class='ocr_par' dir='ltr' id='par_1_127' title="bbox 3052 3590 3808 3657">
     <span class='ocr_line' id='line_1_127' title="bbox 3052 3590 3808 3657; baseline 0.003 -12"><span class='ocrx_word' id='word_1_626' title='bbox 3052 3590 3307 3647; x_wconf 88' lang='lat' dir='ltr'><strong>diaconos</strong></span> <span class='ocrx_word' id='word_1_627' title='bbox 3366 3601 3613 3657; x_wconf 88' lang='lat' dir='ltr'><strong>creatos,</strong></span> <span class='ocrx_word' id='word_1_628' title='bbox 3681 3608 3808 3648; x_wconf 89' lang='lat' dir='ltr'><strong>cum</strong></span> 
     </span>
    </p>
   </div>
   <div class='ocr_carea' id='block_1_128' title="bbox 3049 3687 3803 3749">
    <p class='ocr_par' dir='ltr' id='par_1_128' title="bbox 3049 3687 3803 3749">
     <span class='ocr_line' id='line_1_128' title="bbox 3049 3687 3803 3749; baseline 0.005 -5"><span class='ocrx_word' id='word_1_629' title='bbox 3049 3689 3229 3744; x_wconf 87' lang='lat' dir='ltr'><strong>sciatis</strong></span> <span class='ocrx_word' id='word_1_630' title='bbox 3267 3687 3437 3744; x_wconf 86' lang='lat' dir='ltr'><strong>Photii</strong></span> <span class='ocrx_word' id='word_1_631' title='bbox 3462 3703 3650 3744; x_wconf 86' lang='lat' dir='ltr'><strong>casum</strong></span> <span class='ocrx_word' id='word_1_632' title='bbox 3673 3690 3803 3749; x_wconf 82' lang='lat' dir='ltr'><strong>inde</strong></span> 
     </span>
    </p>
   </div>
   <div class='ocr_carea' id='block_1_129' title="bbox 2219 3786 3581 3867">
    <p class='ocr_par' dir='ltr' id='par_1_129' title="bbox 2219 3786 3581 3867">
     <span class='ocr_line' id='line_1_129' title="bbox 2219 3786 3581 3867; baseline 0 -23"><span class='ocrx_word' id='word_1_633' title='bbox 2219 3791 2527 3867; x_wconf 77' lang='grc' dir='ltr'><strong>οἰκουμενικῇ</strong></span> <span class='ocrx_word' id='word_1_634' title='bbox 2601 3791 2831 3863; x_wconf 83' lang='grc' dir='ltr'><strong>συνόδῳ⁶</strong></span> <span class='ocrx_word' id='word_1_635' title='bbox 2900 3796 2986 3850; x_wconf 80' lang='grc' dir='ltr'><strong>οὐκ</strong></span> <span class='ocrx_word' id='word_1_636' title='bbox 3054 3786 3313 3859; x_wconf 82' lang='lat' dir='ltr'><strong>originem</strong></span> <span class='ocrx_word' id='word_1_637' title='bbox 3337 3788 3581 3843; x_wconf 79' lang='lat' dir='ltr'><strong>traxisse.</strong></span> 
     </span>
    </p>
   </div>
   <div class='ocr_carea' id='block_1_130' title="bbox 2222 3885 2983 3961">
    <p class='ocr_par' dir='ltr' id='par_1_130' title="bbox 2222 3885 2983 3961">
     <span class='ocr_line' id='line_1_130' title="bbox 2222 3885 2983 3961; baseline 0.003 -18"><span class='ocrx_word' id='word_1_638' title='bbox 2222 3889 2447 3961; x_wconf 71' lang='grc' dir='ltr'><strong>ἀγνοεῖτε</strong></span> <span class='ocrx_word' id='word_1_639' title='bbox 2476 3886 2551 3953; x_wconf 72' lang='grc' dir='ltr'><strong>δὲ,</strong></span> <span class='ocrx_word' id='word_1_640' title='bbox 2594 3885 2675 3944; x_wconf 83' lang='grc' dir='ltr'><strong>ὅτι</strong></span> <span class='ocrx_word' id='word_1_641' title='bbox 2702 3890 2733 3948; x_wconf 79' lang='grc' dir='ltr'>ἡ</span> <span class='ocrx_word' id='word_1_642' title='bbox 2761 3895 2850 3944; x_wconf 81' lang='grc' dir='ltr'><strong>τοῦ</strong></span> <span class='ocrx_word' id='word_1_643' title='bbox 2880 3899 2983 3945; x_wconf 71' lang='grc' dir='ltr'><strong>Φω-</strong></span> 
     </span>
    </p>
   </div>
   <div class='ocr_carea' id='block_1_131' title="bbox 2218 3985 2985 4047">
    <p class='ocr_par' dir='ltr' id='par_1_131' title="bbox 2218 3985 2985 4047">
     <span class='ocr_line' id='line_1_131' title="bbox 2218 3985 2985 4047; baseline 0.003 -8"><span class='ocrx_word' id='word_1_644' title='bbox 2218 3985 2333 4039; x_wconf 80' lang='grc' dir='ltr'><strong>’τίου</strong></span> <span class='ocrx_word' id='word_1_645' title='bbox 2376 3990 2579 4046; x_wconf 75' lang='grc' dir='ltr'><strong>πτῶσις</strong></span> <span class='ocrx_word' id='word_1_646' title='bbox 2622 3987 2849 4042; x_wconf 65' lang='grc' dir='ltr'><strong>ἐντεῦθη</strong></span> <span class='ocrx_word' id='word_1_647' title='bbox 2892 3992 2985 4047; x_wconf 73' lang='grc' dir='ltr'><strong>τήν</strong></span> 
     </span>
    </p>
   </div>
   <div class='ocr_carea' id='block_1_132' title="bbox 2224 4078 2631 4153">
    <p class='ocr_par' dir='ltr' id='par_1_132' title="bbox 2224 4078 2631 4153">
     <span class='ocr_line' id='line_1_132' title="bbox 2224 4078 2631 4153; baseline 0 -19"><span class='ocrx_word' id='word_1_648' title='bbox 2224 4078 2398 4153; x_wconf 70' lang='grc' dir='ltr'>ἀρχὴν</span> <span class='ocrx_word' id='word_1_649' title='bbox 2429 4079 2631 4137; x_wconf 73' lang='grc' dir='ltr'><strong>ἔλαϐεν.</strong></span> 
     </span>
    </p>
   </div>
   <div class='ocr_carea' id='block_1_133' title="bbox 2873 4193 3159 4252">
    <p class='ocr_par' dir='ltr' id='par_1_133' title="bbox 2873 4193 3159 4252">
     <span class='ocr_line' id='line_1_133' title="bbox 2873 4193 3159 4252; baseline -0.007 0"><span class='ocrx_word' id='word_1_650' title='bbox 2873 4193 3159 4252; x_wconf 81' lang='lat' dir='ltr'><strong>XXXVIII.</strong></span> 
     </span>
    </p>
   </div>
   <div class='ocr_carea' id='block_1_134' title="bbox 2510 4304 3517 4348">
    <p class='ocr_par' dir='ltr' id='par_1_134' title="bbox 2510 4304 3517 4348">
     <span class='ocr_line' id='line_1_134' title="bbox 2510 4304 3517 4348; baseline -0.003 0"><span class='ocrx_word' id='word_1_651' title='bbox 2510 4307 2579 4348; x_wconf 80' lang='lat' dir='ltr'><strong>AD</strong></span> <span class='ocrx_word' id='word_1_652' title='bbox 2613 4306 2890 4348; x_wconf 76' lang='lat' dir='ltr'><strong>EPISCOPOS</strong></span> <span class='ocrx_word' id='word_1_653' title='bbox 2931 4306 3117 4347; x_wconf 74' lang='lat' dir='ltr'><strong>SYNODI</strong></span> <span class='ocrx_word' id='word_1_654' title='bbox 3154 4304 3517 4348; x_wconf 69' lang='lat' dir='ltr'><strong>DUZIACENSIS.</strong></span> 
     </span>
    </p>
   </div>
   <div class='ocr_carea' id='block_1_135' title="bbox 2818 4382 3196 4454">
    <p class='ocr_par' dir='ltr' id='par_1_135' title="bbox 2818 4382 3196 4454">
     <span class='ocr_line' id='line_1_135' title="bbox 2818 4382 3196 4454; baseline 0.011 -21"><span class='ocrx_word' id='word_1_655' title='bbox 2818 4382 3018 4452; x_wconf 83' lang='lat' dir='ltr'><strong>.(Anno</strong></span> <span class='ocrx_word' id='word_1_656' title='bbox 3043 4382 3196 4454; x_wconf 75' lang='lat'><strong>871.)</strong></span> 
     </span>
    </p>
   </div>
   <div class='ocr_carea' id='block_1_136' title="bbox 2226 4496 3813 4569">
    <p class='ocr_par' dir='ltr' id='par_1_136' title="bbox 2226 4496 3813 4569">
     <span class='ocr_line' id='line_1_136' title="bbox 2226 4496 3813 4569; baseline 0.001 -18"><span class='ocrx_word' id='word_1_657' title='bbox 2226 4496 2516 4569; x_wconf 74' lang='lat' dir='ltr'><strong>Acturdum</strong></span> <span class='ocrx_word' id='word_1_658' title='bbox 2541 4499 2838 4569; x_wconf 73' lang='lat' dir='ltr'><strong>episcopum</strong></span> <span class='ocrx_word' id='word_1_659' title='bbox 2869 4515 2900 4551; x_wconf 88' lang='lat' dir='ltr'><strong>a</strong></span> <span class='ocrx_word' id='word_1_660' title='bbox 2935 4496 3252 4569; x_wconf 69' lang='lat' dir='ltr'><strong>Nautnetica</strong></span> <span class='ocrx_word' id='word_1_661' title='bbox 3305 4497 3429 4552; x_wconf 80' lang='lat' dir='ltr'><strong>sede</strong></span> <span class='ocrx_word' id='word_1_662' title='bbox 3462 4497 3712 4569; x_wconf 73' lang='lat' dir='ltr'><strong>transfert</strong></span> <span class='ocrx_word' id='word_1_663' title='bbox 3743 4497 3813 4552; x_wconf 75' lang='lat' dir='ltr'><strong>ad</strong></span> 
     </span>
    </p>
   </div>
   <div class='ocr_carea' id='block_1_137' title="bbox 2302 4566 3811 4637">
    <p class='ocr_par' dir='ltr' id='par_1_137' title="bbox 2302 4566 3811 4637">
     <span class='ocr_line' id='line_1_137' title="bbox 2302 4566 3811 4637; baseline -0.001 -14"><span class='ocrx_word' id='word_1_664' title='bbox 2302 4566 2638 4624; x_wconf 72' lang='lat' dir='ltr'><strong>Turonicdm.</strong></span> <span class='ocrx_word' id='word_1_665' title='bbox 2684 4566 2963 4621; x_wconf 75' lang='lat' dir='ltr'><strong>Hincmari</strong></span> <span class='ocrx_word' id='word_1_666' title='bbox 3022 4566 3390 4623; x_wconf 81' lang='lat' dir='ltr'><strong>Laudunensis</strong></span> <span class='ocrx_word' id='word_1_667' title='bbox 3439 4567 3811 4637; x_wconf 72' lang='lat' dir='ltr'><strong>depositiouem</strong></span> 
     </span>
    </p>
   </div>
   <div class='ocr_carea' id='block_1_138' title="bbox 2301 4637 3809 4719">
    <p class='ocr_par' dir='ltr' id='par_1_138' title="bbox 2301 4637 3809 4719">
     <span class='ocr_line' id='line_1_138' title="bbox 2301 4637 3809 4719; baseline -0.001 -26"><span class='ocrx_word' id='word_1_668' title='bbox 2301 4639 2577 4719; x_wconf 82' lang='lat' dir='ltr'><strong>improb_at,</strong></span> <span class='ocrx_word' id='word_1_669' title='bbox 2604 4653 2821 4719; x_wconf 40' lang='lat' dir='ltr'><strong>eum-que</strong></span> <span class='ocrx_word' id='word_1_670' title='bbox 2846 4637 3069 4719; x_wconf 68' lang='lat' dir='ltr'><strong>Romani</strong></span> <span class='ocrx_word' id='word_1_671' title='bbox 3099 4654 3219 4719; x_wconf 66' lang='lat' dir='ltr'><strong>cunt</strong></span> <span class='ocrx_word' id='word_1_672' title='bbox 3267 4638 3569 4694; x_wconf 76' lang='lat' dir='ltr'><strong>adversario</strong></span> <span class='ocrx_word' id='word_1_673' title='bbox 3610 4639 3677 4693; x_wconf 83' lang='lat' dir='ltr'><strong>ad</strong></span> <span class='ocrx_word' id='word_1_674' title='bbox 3726 4655 3809 4692; x_wconf 87' lang='lat' dir='ltr'><strong>re-</strong></span> 
     </span>
    </p>
   </div>
   <div class='ocr_carea' id='block_1_139' title="bbox 2303 4708 3282 4781">
    <p class='ocr_par' dir='ltr' id='par_1_139' title="bbox 2303 4708 3282 4781">
     <span class='ocr_line' id='line_1_139' title="bbox 2303 4708 3282 4781; baseline 0.001 -18"><span class='ocrx_word' id='word_1_675' title='bbox 2303 4708 2601 4765; x_wconf 83' lang='lat' dir='ltr'><strong>novandum</strong></span> <span class='ocrx_word' id='word_1_676' title='bbox 2625 4708 2887 4781; x_wconf 79' lang='lat' dir='ltr'><strong>judicium</strong></span> <span class='ocrx_word' id='word_1_677' title='bbox 2915 4709 3088 4763; x_wconf 79' lang='lat' dir='ltr'><strong>venire</strong></span> <span class='ocrx_word' id='word_1_678' title='bbox 3110 4708 3282 4778; x_wconf 86' lang='lat' dir='ltr'><strong>jubet.</strong></span> 
     </span>
    </p>
   </div>
   <div class='ocr_carea' id='block_1_140' title="bbox 2302 4817 3810 4890">
    <p class='ocr_par' dir='ltr' id='par_1_140' title="bbox 2302 4817 3810 4890">
     <span class='ocr_line' id='line_1_140' title="bbox 2302 4817 3810 4890; baseline 0.003 -17"><span class='ocrx_word' id='word_1_679' title='bbox 2302 4818 2577 4875; x_wconf 76' lang='lat' dir='ltr'><strong>ADRIANUS</strong></span> <span class='ocrx_word' id='word_1_680' title='bbox 2604 4817 2912 4890; x_wconf 88' lang='lat' dir='ltr'><strong>episcopus,</strong></span> <span class='ocrx_word' id='word_1_681' title='bbox 2958 4832 3148 4875; x_wconf 88' lang='lat' dir='ltr'><strong>servus</strong></span> <span class='ocrx_word' id='word_1_682' title='bbox 3177 4834 3458 4875; x_wconf 89' lang='lat' dir='ltr'><strong>servorum</strong></span> <span class='ocrx_word' id='word_1_683' title='bbox 3497 4820 3623 4886; x_wconf 91' lang='lat' dir='ltr'><strong>Dei,</strong></span> <span class='ocrx_word' id='word_1_684' title='bbox 3660 4835 3810 4877; x_wconf 88' lang='lat' dir='ltr'><strong>reve-</strong></span> 
     </span>
    </p>
   </div>
   <div class='ocr_carea' id='block_1_141' title="bbox 2232 4912 3817 4979">
    <p class='ocr_par' dir='ltr' id='par_1_141' title="bbox 2232 4912 3817 4979">
     <span class='ocr_line' id='line_1_141' title="bbox 2232 4912 3817 4979; baseline 0.001 -9"><span class='ocrx_word' id='word_1_685' title='bbox 2232 4913 2557 4970; x_wconf 89' lang='lat' dir='ltr'><strong>rentissimis</strong></span> <span class='ocrx_word' id='word_1_686' title='bbox 2591 4921 2647 4967; x_wconf 88' lang='lat' dir='ltr'><strong>et</strong></span> <span class='ocrx_word' id='word_1_687' title='bbox 2689 4912 3047 4969; x_wconf 89' lang='lat' dir='ltr'><strong>sanctissimis</strong></span> <span class='ocrx_word' id='word_1_688' title='bbox 3075 4913 3441 4970; x_wconf 80' lang='lat' dir='ltr'><strong>confratribus</strong></span> <span class='ocrx_word' id='word_1_689' title='bbox 3472 4915 3693 4979; x_wconf 89' lang='lat' dir='ltr'><strong>nostris,</strong></span> <span class='ocrx_word' id='word_1_690' title='bbox 3727 4930 3817 4971; x_wconf 84' lang='lat' dir='ltr'><strong>ar-</strong></span> 
     </span>
    </p>
   </div>
   <div class='ocr_carea' id='block_1_142' title="bbox 2232 5004 3815 5077">
    <p class='ocr_par' dir='ltr' id='par_1_142' title="bbox 2232 5004 3815 5077">
     <span class='ocr_line' id='line_1_142' title="bbox 2232 5004 3815 5077; baseline -0.001 -14"><span class='ocrx_word' id='word_1_691' title='bbox 2232 5005 2595 5077; x_wconf 86' lang='lat' dir='ltr'><strong>chiepiscopis</strong></span> <span class='ocrx_word' id='word_1_692' title='bbox 2654 5013 2712 5060; x_wconf 89' lang='lat' dir='ltr'><strong>et</strong></span> <span class='ocrx_word' id='word_1_693' title='bbox 2770 5005 3037 5075; x_wconf 89' lang='lat' dir='ltr'><strong>episcopis</strong></span> <span class='ocrx_word' id='word_1_694' title='bbox 3081 5004 3173 5073; x_wconf 88' lang='lat' dir='ltr'><strong>qui</strong></span> <span class='ocrx_word' id='word_1_695' title='bbox 3223 5006 3365 5077; x_wconf 87' lang='lat' dir='ltr'><strong>apud</strong></span> <span class='ocrx_word' id='word_1_696' title='bbox 3424 5007 3815 5062; x_wconf 88' lang='lat' dir='ltr'><strong>Duziacensem</strong></span> 
     </span>
    </p>
   </div>
   <div class='ocr_carea' id='block_1_143' title="bbox 2228 5100 3578 5173">
    <p class='ocr_par' dir='ltr' id='par_1_143' title="bbox 2228 5100 3578 5173">
     <span class='ocr_line' id='line_1_143' title="bbox 2228 5100 3578 5173; baseline -0.001 -16"><span class='ocrx_word' id='word_1_697' title='bbox 2228 5101 2554 5157; x_wconf 77' lang='lat' dir='ltr'><strong>Rheniensis</strong></span> <span class='ocrx_word' id='word_1_698' title='bbox 2581 5100 2876 5172; x_wconf 82' lang='lat' dir='ltr'><strong>provinciae</strong></span> <span class='ocrx_word' id='word_1_699' title='bbox 2900 5100 3164 5173; x_wconf 86' lang='lat' dir='ltr'><strong>synodum</strong></span> <span class='ocrx_word' id='word_1_700' title='bbox 3189 5110 3578 5157; x_wconf 87' lang='lat' dir='ltr'><strong>convenerunt.</strong></span> 
     </span>
    </p>
   </div>
   <div class='ocr_carea' id='block_1_144' title="bbox 2300 5190 3817 5262">
    <p class='ocr_par' dir='ltr' id='par_1_144' title="bbox 2300 5190 3817 5262">
     <span class='ocr_line' id='line_1_144' title="bbox 2300 5190 3817 5262; baseline 0.001 -14"><span class='ocrx_word' id='word_1_701' title='bbox 2300 5191 2596 5249; x_wconf 88' lang='lat' dir='ltr'><strong>Cbaritatis</strong></span> <span class='ocrx_word' id='word_1_702' title='bbox 2637 5201 2834 5247; x_wconf 66' lang='lat' dir='ltr'><strong>vestrae</strong></span> <span class='ocrx_word' id='word_1_703' title='bbox 2885 5190 3093 5246; x_wconf 90' lang='lat' dir='ltr'><strong>litteras</strong></span> <span class='ocrx_word' id='word_1_704' title='bbox 3139 5206 3237 5262; x_wconf 89' lang='lat' dir='ltr'><strong>per</strong></span> <span class='ocrx_word' id='word_1_705' title='bbox 3269 5191 3564 5247; x_wconf 86' lang='lat' dir='ltr'><strong>Actardum</strong></span> <span class='ocrx_word' id='word_1_706' title='bbox 3592 5208 3817 5249; x_wconf 82' lang='lat' dir='ltr'><strong>venera-</strong></span> 
     </span>
    </p>
   </div>
   <div class='ocr_carea' id='block_1_145' title="bbox 2230 5280 3815 5356">
    <p class='ocr_par' dir='ltr' id='par_1_145' title="bbox 2230 5280 3815 5356">
     <span class='ocr_line' id='line_1_145' title="bbox 2230 5280 3815 5356; baseline -0.001 -15"><span class='ocrx_word' id='word_1_707' title='bbox 2230 5284 2396 5341; x_wconf 86' lang='lat' dir='ltr'><strong>bilem</strong></span> <span class='ocrx_word' id='word_1_708' title='bbox 2420 5284 2821 5355; x_wconf 88' lang='lat' dir='ltr'><strong>coepiscopum.</strong></span> <span class='ocrx_word' id='word_1_709' title='bbox 2849 5291 2905 5338; x_wconf 92' lang='lat' dir='ltr'><strong>et</strong></span> <span class='ocrx_word' id='word_1_710' title='bbox 2933 5280 3149 5354; x_wconf 88' lang='lat' dir='ltr'><strong>gloriosi</strong></span> <span class='ocrx_word' id='word_1_711' title='bbox 3176 5284 3320 5354; x_wconf 87' lang='lat' dir='ltr'><strong>regis</strong></span> <span class='ocrx_word' id='word_1_712' title='bbox 3347 5283 3529 5339; x_wconf 90' lang='lat' dir='ltr'><strong>Caroli</strong></span> <span class='ocrx_word' id='word_1_713' title='bbox 3557 5284 3815 5356; x_wconf 87' lang='lat' dir='ltr'><strong>legatum,</strong></span> 
     </span>
    </p>
   </div>
   <div class='ocr_carea' id='block_1_146' title="bbox 2231 5374 3818 5447">
    <p class='ocr_par' dir='ltr' id='par_1_146' title="bbox 2231 5374 3818 5447">
     <span class='ocr_line' id='line_1_146' title="bbox 2231 5374 3818 5447; baseline -0.003 -14"><span class='ocrx_word' id='word_1_714' title='bbox 2231 5376 2588 5447; x_wconf 87' lang='lat' dir='ltr'><strong>suscepimus,</strong></span> <span class='ocrx_word' id='word_1_715' title='bbox 2619 5384 2675 5430; x_wconf 91' lang='lat' dir='ltr'><strong>et</strong></span> <span class='ocrx_word' id='word_1_716' title='bbox 2701 5374 2832 5444; x_wconf 88' lang='lat' dir='ltr'><strong>quid</strong></span> <span class='ocrx_word' id='word_1_717' title='bbox 2866 5374 2933 5429; x_wconf 91' lang='lat' dir='ltr'><strong>de</strong></span> <span class='ocrx_word' id='word_1_718' title='bbox 2975 5388 3042 5430; x_wconf 89' lang='lat' dir='ltr'><strong>eo</strong></span> <span class='ocrx_word' id='word_1_719' title='bbox 3089 5375 3158 5429; x_wconf 87' lang='lat' dir='ltr'><strong>ad</strong></span> <span class='ocrx_word' id='word_1_720' title='bbox 3209 5376 3610 5445; x_wconf 84' lang='lat' dir='ltr'><strong>suggestionem</strong></span> <span class='ocrx_word' id='word_1_721' title='bbox 3638 5383 3693 5431; x_wconf 91' lang='lat' dir='ltr'><strong>et</strong></span> <span class='ocrx_word' id='word_1_722' title='bbox 3720 5376 3818 5430; x_wconf 89' lang='lat' dir='ltr'><strong>de-</strong></span> 
     </span>
    </p>
   </div>
   <div class='ocr_carea' id='block_1_147' title="bbox 2230 5464 3818 5540">
    <p class='ocr_par' dir='ltr' id='par_1_147' title="bbox 2230 5464 3818 5540">
     <span class='ocr_line' id='line_1_147' title="bbox 2230 5464 3818 5540; baseline -0.001 -18"><span class='ocrx_word' id='word_1_723' title='bbox 2230 5467 2605 5540; x_wconf 88' lang='lat' dir='ltr'><strong>precationem</strong></span> <span class='ocrx_word' id='word_1_724' title='bbox 2636 5473 2879 5522; x_wconf 90' lang='lat' dir='ltr'><strong>nostram</strong></span> <span class='ocrx_word' id='word_1_725' title='bbox 2908 5464 3132 5537; x_wconf 89' lang='lat' dir='ltr'><strong>egeritis</strong></span> <span class='ocrx_word' id='word_1_726' title='bbox 3159 5505 3175 5530; x_wconf 92' lang='lat'><strong>,</strong></span> <span class='ocrx_word' id='word_1_727' title='bbox 3230 5480 3335 5520; x_wconf 94' lang='lat' dir='ltr'><strong>non</strong></span> <span class='ocrx_word' id='word_1_728' title='bbox 3369 5465 3544 5521; x_wconf 90' lang='lat' dir='ltr'><strong>solum</strong></span> <span class='ocrx_word' id='word_1_729' title='bbox 3597 5465 3652 5520; x_wconf 92' lang='lat' dir='ltr'><strong>in</strong></span> <span class='ocrx_word' id='word_1_730' title='bbox 3695 5464 3778 5521; x_wconf 91' lang='lat' dir='ltr'><strong>eis</strong></span> <span class='ocrx_word' id='word_1_731' title='bbox 3801 5506 3818 5533; x_wconf 85' lang='lat'><strong><em>.</em></strong></span> 
     </span>
    </p>
   </div>
   <div class='ocr_carea' id='block_1_148' title="bbox 2233 5556 3822 5629">
    <p class='ocr_par' dir='ltr' id='par_1_148' title="bbox 2233 5556 3822 5629">
     <span class='ocr_line' id='line_1_148' title="bbox 2233 5556 3822 5629; baseline -0.002 -16"><span class='ocrx_word' id='word_1_732' title='bbox 2233 5574 2422 5613; x_wconf 88' lang='lat' dir='ltr'><strong>verum</strong></span> <span class='ocrx_word' id='word_1_733' title='bbox 2473 5566 2527 5613; x_wconf 91' lang='lat' dir='ltr'><strong>et</strong></span> <span class='ocrx_word' id='word_1_734' title='bbox 2563 5572 2661 5629; x_wconf 89' lang='lat' dir='ltr'><strong>per</strong></span> <span class='ocrx_word' id='word_1_735' title='bbox 2695 5557 2872 5627; x_wconf 92' lang='lat' dir='ltr'><strong>ipsum</strong></span> <span class='ocrx_word' id='word_1_736' title='bbox 2906 5557 3277 5626; x_wconf 85' lang='lat' dir='ltr'><strong>cognovimus.</strong></span> <span class='ocrx_word' id='word_1_737' title='bbox 3330 5556 3529 5629; x_wconf 87' lang='lat' dir='ltr'><strong>Egistis</strong></span> <span class='ocrx_word' id='word_1_738' title='bbox 3570 5557 3713 5612; x_wconf 92' lang='lat' dir='ltr'><strong>enim</strong></span> <span class='ocrx_word' id='word_1_739' title='bbox 3762 5565 3822 5611; x_wconf 91' lang='lat' dir='ltr'><strong>ut</strong></span> 
     </span>
    </p>
   </div>
   <div class='ocr_carea' id='block_1_149' title="bbox 2234 5647 3818 5720">
    <p class='ocr_par' dir='ltr' id='par_1_149' title="bbox 2234 5647 3818 5720">
     <span class='ocr_line' id='line_1_149' title="bbox 2234 5647 3818 5720; baseline -0.003 -13"><span class='ocrx_word' id='word_1_740' title='bbox 2234 5652 2483 5717; x_wconf 88' lang='lat' dir='ltr'><strong>decebat,</strong></span> <span class='ocrx_word' id='word_1_741' title='bbox 2511 5651 2856 5706; x_wconf 86' lang='lat' dir='ltr'><strong>ostendentes</strong></span> <span class='ocrx_word' id='word_1_742' title='bbox 2879 5649 2932 5704; x_wconf 93' lang='lat' dir='ltr'><strong>in</strong></span> <span class='ocrx_word' id='word_1_743' title='bbox 2960 5651 3075 5720; x_wconf 91' lang='lat' dir='ltr'><strong>ipso</strong></span> <span class='ocrx_word' id='word_1_744' title='bbox 3105 5664 3247 5704; x_wconf 74' lang='lat' dir='ltr'><strong>vera:</strong></span> <span class='ocrx_word' id='word_1_745' title='bbox 3297 5648 3655 5705; x_wconf 84' lang='lat' dir='ltr'><strong>fraternitatis</strong></span> <span class='ocrx_word' id='word_1_746' title='bbox 3707 5647 3818 5704; x_wconf 73' lang='lat' dir='ltr'><strong>ter-</strong></span> 
     </span>
    </p>
   </div>
   <div class='ocr_carea' id='block_1_150' title="bbox 2233 5742 3817 5815">
    <p class='ocr_par' dir='ltr' id='par_1_150' title="bbox 2233 5742 3817 5815">
     <span class='ocr_line' id='line_1_150' title="bbox 2233 5742 3817 5815; baseline -0.001 -19"><span class='ocrx_word' id='word_1_747' title='bbox 2233 5757 2442 5808; x_wconf 91' lang='lat' dir='ltr'><strong>vorem,</strong></span> <span class='ocrx_word' id='word_1_748' title='bbox 2473 5744 2607 5797; x_wconf 88' lang='lat' dir='ltr'><strong>etin</strong></span> <span class='ocrx_word' id='word_1_749' title='bbox 2634 5742 2789 5798; x_wconf 91' lang='lat' dir='ltr'><strong>nobis</strong></span> <span class='ocrx_word' id='word_1_750' title='bbox 2815 5742 3092 5808; x_wconf 82' lang='lat' dir='ltr'><strong>Ecclesiae,</strong></span> <span class='ocrx_word' id='word_1_751' title='bbox 3117 5744 3226 5807; x_wconf 92' lang='lat' dir='ltr'><strong>cui,</strong></span> <span class='ocrx_word' id='word_1_752' title='bbox 3260 5742 3385 5797; x_wconf 89' lang='lat' dir='ltr'><strong>licet</strong></span> <span class='ocrx_word' id='word_1_753' title='bbox 3415 5742 3643 5815; x_wconf 79' lang='lat' dir='ltr'><strong>indigni,</strong></span> <span class='ocrx_word' id='word_1_754' title='bbox 3673 5742 3817 5795; x_wconf 78' lang='lat' dir='ltr'><strong>vica-</strong></span> 
     </span>
    </p>
   </div>
   <div class='ocr_carea' id='block_1_151' title="bbox 2233 5829 3819 5905">
    <p class='ocr_par' dir='ltr' id='par_1_151' title="bbox 2233 5829 3819 5905">
     <span class='ocr_line' id='line_1_151' title="bbox 2233 5829 3819 5905; baseline 0.002 -19"><span class='ocrx_word' id='word_1_755' title='bbox 2233 5829 2301 5886; x_wconf 91' lang='lat' dir='ltr'><strong>rii</strong></span> <span class='ocrx_word' id='word_1_756' title='bbox 2329 5838 2509 5887; x_wconf 89' lang='lat' dir='ltr'><strong>tamen</strong></span> <span class='ocrx_word' id='word_1_757' title='bbox 2539 5831 2836 5903; x_wconf 87' lang='lat' dir='ltr'><strong>dignissimi</strong></span> <span class='ocrx_word' id='word_1_758' title='bbox 2864 5832 3125 5904; x_wconf 87' lang='lat' dir='ltr'><strong>principis</strong></span> <span class='ocrx_word' id='word_1_759' title='bbox 3153 5833 3522 5904; x_wconf 86' lang='lat' dir='ltr'><strong>apostolorum</strong></span> <span class='ocrx_word' id='word_1_760' title='bbox 3559 5830 3819 5905; x_wconf 62' lang='lat' dir='ltr'><strong>praeside-</strong></span> 
     </span>
    </p>
   </div>
  </div>
