4142 6296
428 381 570 438 Ιόἒῧ

1626 384 1985 440 ΕΡΙΞΤΟΙΛΕ
2026 389 2112 442 ΕΤ
2156 393 2491 450 DlillllETA.

433 503 553 542 mus
580 529 594 553 ,
641 488 879 544 debitum
931 506 1052 546 cum
1102 494 1405 547 reverentia
1452 494 1733 549 honorem.
1782 496 1856 549 De
1901 514 2010 566 quo
2039 502 2086 561 Α
2115 499 2349 560 fraterna
2399 524 2520 563 cum
2572 512 2833 567 charitatc
2862 515 3114 568 commoti
3142 514 3344 569 viribus
3372 515 3498 569 totis
3543 515 3693 581 adju-

431 588 591 649 pt'out
627 580 991 650 sigmticastis,
1048 582 1370 651 peregimus.
1430 584 1564 638 Nam
1603 588 1742 640 sicut
1775 587 2010 655 synodus

434 669 812 736 expostulavit,
864 671 1014 739 plebs
1058 680 1112 723 ct
1150 673 1450 729 'l'uronicns
1488 676 1667 731 clerus
1722 694 1843 732 eum
1891 693 2015 731 con-

434 760 674 815 corditer
717 763 897 831 elegit,
947 777 1044 831 per
1093 771 1290 818 nostra:
1318 768 1625 834 apostolicae
1674 769 2015 824 auctoritatis

359 896 371 916 _.
434 852 707 904 decretum
734 854 1115 908 constituimus
1142 856 1469 910 cardiualem
1517 859 2011 927 metropolitanum,

432 948 486 992 et
513 938 979 1010 archiepiscopum
1034 943 1315 1001 Turonicae
1359 946 1643 1013 Ecclesiae,
1681 959 1843 1018 atque
1892 965 2017 1019 pro-

431 1029 621 1083 vinciae
654 1048 666 1083 :
700 1034 958 1099 quoniam
1001 1034 1214 1089 dicente
1260 1038 1463 1093 Antero
1506 1055 1644 1109 papa
1685 1041 1738 1094 in
1787 1042 2015 1110 epistola

430 1136 531 1176 sua
579 1122 749 1191 (epist.
776 1127 980 1191 .unica,
1010 1129 1064 1180 in
1112 1130 1389 1201 princip.),
1434 1133 1753 1201 quibusdam
1786 1151 1910 1189 cmn
1950 1137 2016 1190 de

434 1215 735 1269 mutatione
771 1218 1144 1288 episcoporum
1175 1224 1241 1277 de
1271 1226 1489 1281 civitate
1516 1228 1568 1281 in
1596 1229 1868 1284 civitatem
1896 1245 2021 1285 con-

433 1303 736 1361 sulentibus
763 1325 775 1360 :
803 1306 1008 1365 Scitote
1034 1326 1151 1365 eam
1172 1318 1441 1372 communi
1468 1319 1699 1374 utilitate
1727 1329 1889 1390 atque
1925 1338 2019 1376 ne—

433 1395 687 1451 cessitate
724 1396 840 1451 lieri
878 1399 1062 1467 licere,
1092 1405 1183 1458 sed
1208 1420 1312 1459 non
1350 1407 1503 1462 libitu
1530 1410 1850 1480 cujusquam
1876 1453 1889 1476 ,
1926 1419 2019 1465 aut

433 1483 820 1541 dominatione.
838 1487 1029 1545 Petrus
1051 1507 1282 1563 namque
1310 1506 1529 1554 sanctus
1552 1502 1811 1569 magister
1833 1511 2018 1557 noster

430 1578 486 1625 et
505 1573 757 1644 princeps
779 1580 1145 1647 apostolorum
1169 1584 1235 1638 de
1273 1586 1556 1642 Antiochia
1581 1590 1831 1645 utilitatis
1852 1608 2016 1647 causa

427 1665 731 1722 translatus
761 1676 845 1724 est
875 1670 1099 1728 Romam
1130 1713 1145 1740 ,
1191 1685 1251 1729 ut
1292 1678 1492 1733 ibidem
1536 1682 1717 1749 potius
1751 1681 2017 1751 proficere

432 1769 632 1826 posset.
672 1761 935 1821 Eusebius
965 1781 1178 1837 quoque
1215 1770 1278 1824 de
1316 1771 1546 1840 quadam
1594 1788 1760 1843 parva
1798 1774 2016 1829 civitate

2115 609 2268 659 vare,
2313 600 2451 666 apud
2490 601 3001 657 excellentissimum
3032 618 3210 673 regem
3241 611 3479 659 vestrum
3516 604 3694 658 humi-

2116 686 2241 740 liter
2255 688 2658 756 intercedendo,
2676 692 2906 746 viriliter
2923 694 3187 763 satagaris
3205 710 3218 748 :
3234 701 3693 762 quatenusvestro

2118 776 2326 847 ingenti
2355 781 2655 834 certamine
2684 782 2886 836 Christi
2912 781 3150 837 Ecclesia
3180 782 3362 852 quieta
3392 790 3447 836 et
3478 797 3691 845 secura,

2116 874 2173 919 et
2207 867 2439 935 propriis
2469 870 2628 923 rebus
2653 871 2821 924 ditata
2853 870 3194 941 gloriosaQue
3218 870 3499 925 consistat.
3531 870 3697 939 Igitur

2118 956 2185 1010 de
2214 957 2489 1012 Hincmari
2525 959 2897 1015 Laudunensis
2936 961 3171 1031 episcopi
3203 961 3538 1031 depositione
3564 976 3699 1029 pon-

2118 1045 2287 1101 tificio
2317 1056 2501 1101 nostro
2532 1049 2824 1117 scripsistis
2857 1090 2869 1111 ,
2926 1048 3190 1118 quatenu‘s
3216 1051 3281 1103 de
3307 1066 3372 1104 eo
3402 1049 3697 1104 secundum

2119 1135 2263 1201 quod
2299 1138 2619 1191 canonicum
2667 1146 2751 1191 est
2798 1137 2948 1191 vobis
3012 1138 3310 1193 rescribere
3360 1134 3702 1206 juberemus?

2119 1224 2302 1279 Primo
2334 1226 2565 1295 denique
2595 1238 2787 1281 vestra:
2827 1229 3215 1298 respondemus
3247 1227 3501 1283 charitati
3526 1266 3541 1289 ,
3572 1225 3700 1294 quia

2120 1332 2243 1371 cum
2273 1318 2537 1374 clamaret
2565 1321 2617 1374 in
2649 1320 2853 1389 synodo
2894 1334 2953 1375 se
3001 1322 3068 1376 ad
3121 1322 3303 1375 sedem
3347 1318 3703 1390 apostolicam;

2121 1406 2259 1461 velle
2289 1408 2667 1465 incunctanter
2699 1412 2904 1475 venire,
2936 1417 3099 1478 atque
3148 1411 3200 1464 in
3248 1409 3535 1479 praesentia
3583 1408 3701 1478 ejus

2120 1513 2219 1567 pro
2237 1497 2463 1567 objectis
2478 1501 2583 1554 sibi
2605 1501 2672 1555 ab
2688 1500 2997 1555 adversario
3018 1500 3339 1555 criminibus
3355 1498 3696 1569 respondere,

2121 1590 2486 1645 damnationis
2521 1592 2575 1645 in
2604 1607 2725 1646 eum
2758 1607 2865 1646 non
2906 1601 3023 1646 erat
3060 1591 3386 1663 proferenda
3412 1591 3699 1648 sententia.

2122 1681 2351 1748 Tamen,
2384 1684 2527 1738 sicut
2557 1684 2725 1753 ipsius
2752 1684 2964 1739 concilii
2996 1683 3299 1739 actionibus
3325 1682 3542 1753 legitur,
3569 1694 3700 1749 quo-

2122 1771 2267 1825 niam
2309 1773 2458 1828 salvo
2507 1774 2561 1827 in
2622 1775 2872 1828 omnibus
2920 1772 3124 1842 judicio
3180 1772 3325 1828 sedis
3373 1771 3701 1841 apostolicae,

432 1851 727 1917 apostolica
755 1857 1083 1913 auctoritate
1108 1868 1345 1916 mutatus
1373 1871 1457 1916 est
1488 1863 1892 1919 Alexandriam.
1929 1864 2015 1920 Si-
2042 1848 2093 1910 Β
2123 1861 2271 1916 illum
2307 1864 2374 1917 ab
2400 1865 2670 1933 episcopis
2697 1864 2863 1919 fuisse
2890 1863 3193 1932 judicatum
3241 1863 3486 1919 asseritis
3516 1902 3530 1928 ,
3581 1876 3701 1925 nos,

432 1941 636 1996 militer
674 1954 729 1999 et
778 1946 930 2002 Felix
991 1951 1056 2005 de
1107 1951 1365 2017 civitate,
1419 1970 1526 2023 qua
1571 1955 1856 2010 ordinatus
1898 1966 2017 2012 erat

431 2030 700 2088 electione
720 2033 942 2102 civium,
975 2047 1198 2109 propter
1219 2041 1520 2109 doctrinam
1544 2055 1598 2098 et
1618 2046 1815 2099 bonam
1848 2047 2016 2100 vitam

426 2140 594 2193 quam
640 2128 891 2195 habebat,
933 2133 1206 2187 communi
1255 2136 1630 2204 episcoporum
1680 2145 1735 2192 et
1781 2138 2015 2209 reliqum

431 2234 550 2272 rum
595 2224 938 2278 sacerdotum
978 2241 1041 2280 ac
1081 2227 1397 2297 populorum
1442 2230 1690 2295 consilio,
1720 2232 2017 2287 translatus

429 2317 511 2361 est
544 2310 834 2378 Ephesum.
885 2313 1003 2366 Non
1048 2317 1194 2368 enim
1224 2320 1419 2370 transit
1446 2321 1510 2372 de
1538 2321 1760 2373 civitate
1797 2321 1848 2373 in
1886 2322 2018 2375 civi-

428 2405 621 2460 tatem,
649 2401 739 2467 qui
771 2416 874 2453 non
906 2416 1004 2455 suo
1034 2403 1188 2457 libitu
1226 2407 1328 2458 hoc
1366 2409 1511 2475 facit,
1547 2420 1640 2462 aut
1663 2411 1891 2476 ambitu,
1923 2413 2018 2466 sed

432 2488 667 2543 utiiitate
697 2490 929 2557 quadam
954 2530 969 2556 ,
1008 2499 1101 2544 aut
1128 2494 1452 2548 necessitate
1482 2536 1495 2561 ,
1526 2497 1754 2553 aliorum
1799 2501 2017 2554 hortatu

428 2589 489 2631 et
539 2579 765 2633 consilio
812 2582 1087 2649 potiorum
1145 2583 1515 2641 transfertur:
1550 2604 1649 2643 nec
1699 2591 2019 2646 transfertur

432 2669 500 2723 de
542 2672 751 2726 minore
792 2673 1010 2728 civitate
1059 2676 1126 2729 ad
1168 2674 1452 2745 majorem,
1477 2680 1568 2749 qui
1616 2681 1719 2735 hoc
1762 2698 1868 2736 non
1899 2698 2016 2736 am-

431 2760 570 2823 bitu,
624 2777 730 2816 non
783 2764 998 2834 propria
1062 2766 1339 2821 voluntate
1392 2768 1554 2833 facit;
1608 2771 1703 2826 sed
1754 2781 1847 2826 aut
1885 2774 1936 2828 vi
1986 2789 2019 2829 a

428 2851 649 2920 propria
703 2853 830 2906 sede
880 2853 1088 2923 pulsus,
1120 2864 1215 2910 aut
1257 2859 1580 2913 necessitate
1628 2870 1870 2926 coactus,
1926 2871 2020 2917 aut

432 2940 665 2995 utilitate
715 2942 816 2997 loci
871 2952 963 2998 aut
1014 2947 1218 3017 populi,
1273 2964 1378 3003 non
1432 2953 1688 3019 superbe,
1717 2955 1809 3007 sed
1841 2954 2018 3008 humi-

431 3031 557 3088 liter
598 3035 667 3089 ab
712 3036 833 3091 aliis
880 3038 1174 3094 translatus
1202 3048 1258 3094 et
1288 3040 1687 3099 inthronizatus
1733 3052 1836 3110 est,
1891 3045 2018 3116 quia

430 3123 596 3179 homo
623 3126 768 3181 videt
814 3128 866 3182 in
915 3128 1073 3195 facie,
1113 3131 1254 3186 Deus
1282 3142 1462 3187 autem
1491 3134 1543 3189 in
1574 3134 1757 3190 corde.
1788 3135 1854 3189 Et
1885 3136 2019 3192 alios

2117 1970 2225 2008 non
2263 1956 2439 2025 aliqua
2469 1966 2660 2012 contra
2692 1956 2960 2026 quoslibet
2993 1956 3250 2012 commoti
3293 1955 3497 2010 invidia
3527 1995 3544 2020 ,
3602 1968 3706 2008 nec

2119 2049 2340 2105 alterius
2368 2050 2581 2119 culpam
2636 2050 2690 2103 in
2745 2051 2975 2105 alterum
3029 2057 3348 2120 retorquere
3403 2048 3703 2116 cupientes,

2116 2141 2364 2197 volumus
2413 2150 2467 2198 et
2511 2143 2836 2198 auctoritate
2883 2140 3176 2213 apostolica
3213 2181 3228 2206 ,
3278 2140 3477 2194 nullius
3535 2139 3705 2208 partis

2118 2229 2359 2285 favorem
2404 2240 2499 2285 aut
2548 2232 2893 2301 obsequium,
2942 2231 3038 2287 sed
3082 2230 3161 2284 rei
3206 2237 3370 2300 gesta:
3421 2228 3707 2283 veritatem

2119 2320 2294 2390 magis
2321 2321 2566 2375 invenire
2596 2322 2877 2389 cupientes
2902 2361 2917 2385 ,
2949 2318 3202 2387 jubemus
3239 2320 3416 2389 ipsum
3447 2318 3706 2375 Hincma-

2119 2427 2240 2465 rum
2268 2411 2684 2466 Laudunenscm
2713 2413 3029 2482 episcOpum
3058 2419 3239 2467 vestra
3268 2409 3463 2467 fretum
3510 2417 3707 2479 poten-

2121 2501 2193 2553 tia
2238 2500 2303 2553 ad
2354 2500 2538 2553 limina
2572 2509 2884 2554 sanctorum
2916 2503 3315 2570 apostolorum,
3354 2508 3707 2579 nostramque

2119 2590 2307 2644 venire
2335 2589 2697 2659 praesentiam.
2729 2588 2846 2654 Quo
2884 2604 3013 2643 sane
3063 2593 3310 2644 veniente
3334 2629 3348 2653 ,
3384 2590 3566 2642 veniat
3605 2604 3707 2658 pa-
3782 2618 3791 2623 -

2122 2684 2256 2737 riter
2283 2689 2566 2736 accusator
2596 2682 2821 2735 idoneus
2849 2721 2862 2745 ,
2896 2681 2989 2751 qui
3020 2679 3163 2734 nulla
3189 2680 3360 2749 possit
3383 2678 3709 2733 auctoritate

2122 2771 2358 2842 legitima
2414 2770 2615 2839 respui.
2651 2760 2717 2823 Et
2766 2777 2894 2824 tunc
2936 2769 2987 2823 in
3030 2769 3319 2840 praesentia
3368 2776 3552 2822 nostra
3582 2809 3597 2832 ,
3646 2778 3707 2823 et

2123 2862 2287 2920 totius
2327 2861 2473 2917 sedis
2503 2860 2761 2915 Romanae
2802 2860 3045 2931 synodali
3071 2860 3321 2930 collegio,
3361 2875 3527 2915 causa
3564 2859 3707 2914 illius

2123 2952 2373 3023 prudenti
2402 2951 2658 3008 ventilata
2679 2950 2949 3018 examine,
2978 2968 3040 3007 ac
3088 2951 3372 3023 diligenter
3403 2951 3662 3022 inquisita
3689 2992 3704 3016 ,

2123 3026 2418 3099 secundum
2444 3045 2614 3098 Deum
2635 3051 2690 3097 et
2707 3057 2984 3098 sacrorum
3009 3058 3279 3097 canonum
3296 3042 3709 3100 constitutiones

2126 3131 2332 3201 Spiritu
2362 3131 2458 3186 Dei
2488 3131 2732 3203 prolatas
2754 3172 2767 3196 ,
2818 3133 2935 3187 sine
2963 3132 3322 3202 protelatione
3349 3133 3528 3201 aliqua
3556 3131 3709 3186 ﬁnie-

431 3216 745 3283 nonnullos,
796 3219 938 3275 sicut
988 3216 1274 3293 tripartitte
1317 3224 1557 3281 historia:
1603 3229 1775 3283 series
1802 3230 2014 3299 prodit,

2126 3195 2213 3276 tur
2244 3237 2257 3275 :
2291 3195 2543 3290 quoniam
2573 3230 2721 3293 gesta
2752 3222 3029 3292 synodalia
3060 3238 3178 3293 qua:
3206 3223 3359 3278 nobis
3386 3222 3705 3285 mandastis,

424 3303 659 3375 legimus
686 3307 797 3377 (lib.
844 3326 953 3376 xu,
986 3329 1099 3380 cap.
1141 3314 1196 3384 8)
1238 3330 1336 3383 pro
1386 3317 1644 3387 temporis
1694 3320 2019 3373 necessitate

430 3397 497 3449 de
538 3412 642 3449 una
673 3398 901 3454 ecclesia
945 3400 1114 3457 fuisse
1139 3412 1375 3461 mutatos
1402 3407 1454 3461 in
1480 3407 1639 3461 aliam
1666 3427 1679 3463 :
1711 3425 1831 3479 qua:
1862 3410 2021 3466 aliter

433 3486 720 3540 tractanda
771 3497 856 3543 est
900 3492 1244 3549 necessitatis
1280 3497 1442 3563 ratio,
1497 3497 1656 3569 aliter
1704 3500 2014 3556 voluntatis.

430 3572 587 3630 Unde
614 3580 788 3633 sancti
818 3589 1001 3649 patres
1028 3582 1232 3641 Nicaani
1273 3588 1509 3657 capitulo
1547 3590 1786 3645 secundo
1812 3592 2013 3655 dicunt,

431 3668 685 3733 quoniam
736 3671 888 3740 plura
921 3684 1014 3729 aut
1042 3692 1141 3746 per
1165 3680 1570 3746 necessitatem,
1612 3691 1704 3736 aut
1754 3682 1886 3737 alias
1935 3698 2019 3737 co-

424 3759 679 3827 gentibus
717 3763 1029 3822 bominibus
1056 3806 1072 3832 ,
1116 3767 1377 3824 adversus
1416 3771 1844 3825 ecclesiasticam
1874 3771 2016 3825 facta

431 3856 555 3900 sunt
579 3851 839 3919 regulam.
864 3853 931 3908 Et
952 3864 1172 3911 sanctus
1193 3857 1304 3913 Leo
1324 3873 1463 3926 papa
1482 3858 1655 3929 (epist.
1672 3860 1742 3913 ad
1771 3860 2016 3915 Nicetam

432 3934 751 4008 Aquileien.)
782 3955 901 4010 cap.
937 3941 1006 3993 44
1036 3942 1388 3998 decretalium
1431 3962 1650 4002 suorum
1686 3950 1818 4004 dicit
1858 3953 2017 4005 omit-

432 4024 657 4078 tendum
689 4042 835 4093 esse,
865 4037 922 4082 et
953 4029 1279 4100 inculpabile
1318 4034 1693 4104 judicandum,
1740 4042 1882 4108 quod
1919 4057 2016 4096 ne-

432 4115 661 4169 cessitas
688 4116 888 4171 intulit.
922 4119 998 4173 lta
1024 4129 1202 4175 tamen
1228 4122 1331 4178 hoc
1352 4125 1747 4195 permittentes,
1778 4139 1834 4182 ut
1857 4130 2020 4185 Nam-

433 4203 626 4257 neticte
666 4204 920 4261 Ecclesia:
945 4247 962 4272 ,
1002 4209 1088 4263 cui
1117 4209 1293 4265 fuerat
1320 4213 1624 4280 ordinatus,
1676 4216 1731 4271 in
1770 4233 1835 4273 eo
1875 4221 2019 4288 quod

432 4294 712 4359 remansit,
744 4297 885 4364 quod
908 4297 1182 4354 destructa
1213 4301 1460 4371 habetur,
1484 4303 1608 4373 jura
1628 4314 2019 4375 potestatemve

430 4385 581 4439 nullo
629 4387 791 4442 modo
835 4389 1239 4447 subtrahamus.
1289 4393 1700 4466 lnterponentes
1729 4402 2019 4469 pastoralis

428 4478 637 4547 vigoris
664 4496 977 4549 censuram,
1012 4492 1073 4538 ut
1117 4486 1162 4539 si
1194 4489 1645 4559 quandocuuque,
1676 4493 1759 4546 vel
1787 4495 2015 4564 quicun-

428 4583 535 4637 que
566 4569 757 4636 alium,
786 4572 901 4642 ipso
929 4575 1240 4643 superstite,
1276 4577 1329 4630 in
1365 4579 1589 4648 praefata
1627 4584 1929 4653 metropoli,
1963 4593 2018 4639 ct

431 4657 481 4711 in
517 4659 637 4724 ista,
683 4661 766 4716 vel
800 4662 853 4716 in
881 4678 1070 4718 earum
1098 4666 1456 4734 pertinentiis,
1497 4669 1679 4726 locare
1709 4674 2014 4739 tentaverit,

427 4758 521 4803 aut
570 4751 826 4807 ordinare
887 4755 1067 4810 locare
1121 4762 1562 4829 praasumpserit,
1629 4762 2014 4819 ecclesiasticae

429 4842 694 4897 duntaxat
724 4847 1121 4901 communionis
1151 4850 1427 4905 consortio
1474 4861 1678 4907 careat.
1723 4854 1865 4908 Sane
1893 4866 2016 4925 post

431 4934 547 5003 ejus
574 4937 879 5005 decessum,
927 4938 1122 4994 electio
1152 4940 1434 5007 canonica,
1466 4949 1521 4995 et
1546 4944 1815 5000 ordinatio
1842 4960 1870 4998 a
1899 4948 2013 4999 sut-

433 5021 703 5093 fraganeis
752 5028 1017 5099 episcopis
1047 5029 1287 5098 ejusdem
1328 5031 1685 5100 metropolcos
1735 5032 2016 5088 Turonicae

432 5119 697 5173 canonico
724 5120 1029 5175 celebretur
1068 5137 1132 5176 ex
1188 5135 1361 5174 more.
1398 5120 1551 5188 Quod
1591 5124 1635 5177 si
1686 5122 2017 5179 Namncticae

433 5205 725 5275 contigerit
751 5207 1004 5263 Ecclesiae
1028 5211 1096 5264 ad
1124 5212 1360 5280 priorem
1389 5253 1403 5277 ,
1449 5212 1664 5267 Christo
1692 5213 2011 5279 auxiliante,

436 5306 638 5352 statum
670 5299 869 5365 redire,
900 5298 1033 5353 nihil
1060 5300 1260 5373 olfieiat
1289 5303 1336 5355 ei
1369 5302 1481 5357 hmc
1515 5303 1857 5357 necessitatis
1897 5304 2014 5358 uni-

439 5389 533 5452 tio,
564 5403 723 5456 quam
751 5388 999 5443 videlicet
1026 5391 1190 5460 exigit
1221 5408 1548 5461 paganorum
1600 5395 1853 5459 vastatio,
1880 5411 2014 5465 quo-

438 5479 616 5533 minus
652 5479 928 5548 proprium
956 5480 1132 5535 valeat
1169 5483 1368 5538 habere
1400 5484 1731 5551 pontiﬁcem.
1784 5483 1891 5539 Sed
1937 5490 2014 5541 vi-

436 5569 613 5621 dimus
636 5582 760 5622 eum
776 5569 931 5623 valde
953 5570 1319 5626 tristissimum
1346 5584 1563 5645 propter
1582 5579 2013 5644 persecutionem

435 5672 787 5727 paganorum.
818 5658 885 5713 Et
918 5675 1041 5715 cum
1077 5676 1264 5716 omnes
1290 5665 1397 5717 sint
1426 5681 1563 5735 pene
1594 5682 1681 5721 res
1716 5666 1886 5735 ipsius
1914 5669 2015 5724 Ec-

436 5747 615 5804 clesiae
644 5751 994 5822 depOpulatae,
1025 5762 1221 5809 vestrae
1257 5755 1535 5829 dirigimus
1563 5756 1920 5830 fraternitati,
1955 5769 2015 5814 ut

688 5844 921 5897 PATRCL.
966 5846 1145 5896 exvit,

2047 4537 2097 4595 D

2121 3320 2177 3367 et
2206 3312 2347 3366 illius
2369 3312 2685 3382 judicantur
2711 3312 3078 3379 damnatione,
3125 3313 3337 3367 dicente
3364 3311 3520 3367 nobis
3548 3313 3706 3366 beato

2121 3400 2385 3469 Gregorio
2416 3400 2531 3473 (lib.
2558 3417 2676 3467 vm,
2701 3402 2851 3471 epist.
2877 3400 2966 3472 50)
2999 3402 3067 3456 ad
3097 3390 3473 3456 Constantium
3509 3399 3709 3455 Medio-

2122 3490 2401 3545 lauettsem
2452 3491 2765 3559 episcopum
2824 3489 2891 3543 de
2939 3490 3170 3559 quodam
3219 3489 3287 3544 ab
3331 3504 3397 3544 eo
3452 3490 3709 3543 damnato

2120 3582 2374 3651 episcopo
2400 3622 2415 3646 ,
2469 3582 2663 3636 idonee
2706 3580 3020 3635 satisfacere
3065 3596 3173 3636 non
3204 3579 3474 3634 videntur.
3527 3597 3547 3630 ι
3584 3579 3709 3633 Ideo

2122 3681 2327 3727 temere
2370 3671 2574 3739 aliquid
2603 3670 2670 3724 de
2709 3670 2946 3738 episcopi
2978 3684 3211 3738 persona
3259 3669 3555 3725 decernere
3607 3684 3708 3724 nec

2121 3758 2381 3811 debemus
2410 3795 2427 3821 ,
2464 3771 2565 3811 nec
2592 3770 2900 3825 possumus,
2933 3772 3003 3812 ne
3035 3758 3201 3829 (quod
3227 3757 3389 3829 absit)
3416 3758 3709 3828 reprehen-

2121 3847 2307 3902 sibiles
2351 3847 2691 3900 inveniamur
2720 3846 2773 3899 in
2812 3848 3031 3913 nostris,
3076 3850 3273 3917 quibus
3312 3849 3538 3903 aliorum
3582 3849 3709 3918 jure

2122 3939 2381 4008 competit
2411 3946 2711 3991 retractare
2741 3938 3089 3991 sententias.»
3116 3939 3249 3991 Item
3274 3940 3325 3992 in
3353 3939 3453 3993 alia
3480 3940 3708 4009 epistola

2123 4046 2219 4085 sua
2250 4030 2418 4085 Felici
2449 4028 2720 4083 Siciliensi
2759 4027 2871 4098 (lib.
2906 4043 2978 4081 vu
3009 4068 3023 4094 ,
3074 4030 3257 4081 iudict.
3294 4047 3356 4094 ιι,
3389 4036 3539 4099 epist.
3563 4032 3654 4102 45)
3686 4051 3703 4087 :

2128 4141 2145 4173 ‹
2177 4120 2290 4175 Nec
2312 4136 2430 4185 nos,
2475 4118 2669 4188 inquit,
2699 4126 2888 4173 contra
2918 4118 3217 4173 inauditam
3255 4128 3465 4187 partem
3497 4119 3702 4189 aliquid

2120 4226 2409 4281 possumus
2438 4208 2683 4263 deﬁnire.
2719 4228 2736 4261 ι
2777 4208 2915 4263 Hinc
2933 4208 3099 4263 etiam
3128 4208 3198 4264 ad
3232 4208 3498 4264 Marinum
3520 4226 3705 4281 quem-

2124 4303 2245 4357 dam
2297 4300 2679 4356 scholasticum
2709 4298 2820 4369 (lib.
2858 4298 2999 4364 eod.,
3042 4300 3193 4369 epist.
3225 4298 3316 4371 61)
3365 4300 3581 4370 scripsit
3617 4303 3704 4357 di-

2124 4407 2282 4446 cens:
2309 4390 2507 4458 «Quia,
2538 4390 2677 4444 sicut
2723 4387 2933 4457 przefati
2983 4403 3192 4455 sumus,
3236 4404 3524 4444 causarum
3551 4391 3704 4458 origo

2125 4493 2181 4536 et
2221 4482 2455 4553 qualitas
2499 4480 2722 4535 omnino
2754 4479 2911 4535 nobis
2944 4478 3129 4549 ignota
3178 4488 3299 4545 est,
3349 4490 3705 4550 pronuntiare

2125 4570 2327 4641 aliquid
2358 4569 2630 4625 delinitive
2656 4569 2761 4622 non
2794 4582 3080 4637 possumus
3124 4585 3138 4621 :
3178 4583 3248 4623 ne
3273 4610 3287 4633 ,
3330 4570 3473 4638 quod
3520 4585 3705 4639 repre—

2124 4662 2390 4719 hensibile
2422 4662 2581 4715 nimis
2611 4670 2712 4726 est,
2738 4661 2803 4715 de
2827 4661 2987 4716 rebus
3012 4676 3118 4715 non
3146 4662 3285 4717 bene
3318 4661 3548 4731 cognitis
3573 4675 3704 4733 pro-

2124 4756 2268 4809 ferre
2299 4754 2621 4810 sententiam
2665 4753 2966 4808 videamur.
2992 4774 3010 4806 ι
3046 4753 3200 4815 Unde
3226 4762 3280 4809 et
3319 4764 3540 4809 sanctus
3561 4753 3703 4820 Leo,

2124 4848 2266 4903 sedis
2296 4854 2350 4901 et
2375 4847 2632 4901 doctrinm
2658 4845 2968 4915 apostolica:
2999 4846 3181 4911 decus,
3214 4845 3344 4901 dicit
3385 4838 3439 4900 in
3472 4846 3704 4915 epistola

2123 4954 2221 4994 sua
2272 4938 2528 4993 Flaviano
2590 4935 3188 5005 Constantinopolitano
3246 4951 3344 5005 pro
3404 4936 3704 5004 Eutychete

2122 5033 2441 5102 presbytero
2489 5030 2744 5084 hmretico
2802 5027 2973 5098 (epist.
3026 5026 3154 5095 lO):
3194 5044 3213 5076 ‹
3256 5026 3523 5092 Quoniam
3558 5042 3657 5083 nos
3681 5069 3697 5093 ,

2124 5138 2215 5191 qui
2249 5120 2588 5175 sacerdotum
2632 5118 2843 5171 Domini
2873 5125 3084 5169 matura
3124 5114 3370 5169 volumus
3413 5130 3533 5171 esse
3558 5116 3703 5186 judi-

2123 5214 2228 5277 cia,
2271 5212 2404 5265 nihil
2431 5223 2717 5279 possumus
2763 5207 3055 5275 incognitis
3084 5206 3244 5261 rebus
3284 5205 3339 5259 in
3381 5206 3697 5279 cujusquam

2122 5306 2293 5373 partis
2352 5300 2722 5372 przrjudicium
2780 5298 3037 5366 delinire,
3086 5299 3400 5369 priusquam
3447 5298 3698 5355 universa

2121 5410 2241 5463 qua:
2293 5400 2442 5461 gesta
2498 5397 2666 5455 sunt,
2718 5389 2988 5443 veraciter
3041 5388 3342 5443 audiamus.
3374 5409 3393 5441 ι
3455 5389 3589 5444 Hinc
3643 5400 3701 5444 et

2122 5484 2312 5539 beatus
2342 5479 2442 5534 Job
2470 5479 2636 5533 dicit:
2671 5479 2899 5533 Causam
2924 5495 3081 5549 quam
3110 5479 3397 5533 nesciebam
3417 5519 3431 5544 ,
3472 5477 3695 5548 diligen-

2123 5576 2322 5630 tissime
2348 5572 2721 5643 inuestigabam
2750 5570 2872 5642 (Job
2900 5572 3072 5641 xxix).
3104 5569 3234 5625 Inde
3275 5570 3441 5625 etiam
3474 5570 3528 5624 in
3559 5569 3698 5625 Pen-

2126 5666 2383 5721 tateucbo
2439 5666 2696 5720 Dominus
2739 5663 2869 5719 dicit
2914 5682 2927 5719 :
2970 5663 3182 5718 Clamor
3240 5661 3589 5717 Sodomorum
3647 5672 3697 5716 et

2128 5756 2432 5815 Gomorrhw
2462 5758 2836 5829 multiplicatus
2885 5767 2980 5825 est,
3009 5766 3055 5813 et
3084 5765 3355 5880 peccaturi:
3390 5771 3569 5811 eorum
3606 5771 3696 5824 ag-
