4142 6296
536 361 680 420 1515

1895 349 2175 408 ADBIANI
2213 351 2411 406 PAPAE
2447 353 2488 406 ll
2570 372 2575 377 λ

3670 343 3812 399 ifilli

550 486 820 549 gravatum
847 482 920 528 est
945 471 1117 526 nimis.
1150 469 1474 525 Descendunt
1497 478 1544 523 et
1578 469 1776 533 videbo,
1806 478 1980 522 utrum
2018 467 2126 522 cla-
2152 466 2199 527 Α
2230 465 2403 518 omnia
2422 466 2634 519 sustinet
2666 463 2716 535 (1
2737 463 3030 537 Cor-(xm).
3065 467 3258 523 Omnia
3284 469 3450 540 igitur
3480 484 3601 539 qua:
3656 474 3812 529 vobis

548 583 745 623 morem
771 567 860 636 qui
888 564 1045 627 venit,
1071 577 1220 631 opere
1247 560 1631 630 compleverint,
1665 578 1734 614 an
1777 576 1879 613 non
1918 568 1991 613 est
2021 559 2116 621 ita,

547 665 605 709 ut
629 657 792 708 sciam
820 650 974 722 (Gen.
1018 650 1197 720 xvm).
1241 650 1380 704 Ecce
1429 650 1688 704 Dominus
1739 649 2118 718 omnipotens,

549 744 635 798 cui
664 742 796 797 nihil
824 740 1199 796 absconditum
1229 747 1311 794 est
1336 780 1350 803 ,
1381 740 1476 793 sed
1511 739 1691 793 omnia
1738 738 1788 793 ei
1832 739 2121 793 manifesta

548 839 676 887 sunt
706 831 867 886 etiam
904 839 1191 900 antequam
1228 830 1377 890 ﬁant,
1411 844 1506 883 cur
1560 830 1674 883 haec
1716 836 1769 881 et
1802 828 1905 883 alia
1953 829 2120 883 multa

547 935 646 989 per
675 934 733 976 se
763 919 1037 989 inquirere
1081 919 1332 988 dignatus
1360 924 1477 982 est,
1519 916 1626 972 nisi
1664 924 1722 971 ut
1756 918 1911 974 nobis
1941 933 2123 972 exem-

544 1009 695 1077 plum
723 1009 897 1074 daret,
938 1025 1005 1064 ne
1032 1010 1336 1079 praecipites
1361 1010 1416 1063 in
1453 1008 1804 1065 discutiendis
1852 1025 1947 1066 seu
1977 1009 2123 1080 judi-

544 1097 734 1152 caudis
758 1097 989 1166 negotiis
1015 1112 1274 1161 essemus,
1325 1104 1382 1151 et
1423 1110 1492 1159 ne
1543 1096 1682 1151 mala
1729 1111 2121 1167 quorumquam

546 1185 699 1256 prius
725 1186 1015 1256 quisquam
1045 1195 1336 1256 praesumat
1381 1187 1621 1252 credere,
1657 1201 1818 1256 quam
1850 1187 2123 1255 probare?

543 1272 710 1341 Cujus
749 1274 994 1344 exemplo
1027 1276 1306 1330 monemur
1330 1316 1344 1341 ,
1378 1291 1446 1330 ne
1476 1279 1540 1331 ad
1570 1276 1950 1346 proferendam
1997 1292 2121 1333 sen-

545 1365 769 1419 tentiam
800 1380 1036 1435 unquam
1066 1367 1372 1435 praecipites
1400 1366 1591 1430 simus,
1623 1376 1717 1423 aut
1750 1377 1954 1423 temere
1982 1382 2122 1437 quo-

546 1469 654 1522 quo
701 1457 862 1511 modo
901 1453 1226 1522 iudicemus.
1279 1456 1484 1524 Quibus
1554 1457 1808 1513 nimirum
1861 1458 2121 1529 exemplis

547 1544 830 1609 admoniti,
861 1544 1020 1598 aliter
1049 1544 1102 1599 in
1135 1547 1385 1614 praesenti
1416 1547 1482 1601 de
1515 1548 1774 1618 praedicto
1801 1548 2116 1612 Hincmaro,

531 1631 649 1706 nisi
680 1647 801 1687 eum
846 1633 1073 1689 Romam
1121 1634 1385 1689 vieniendi
1412 1675 1425 1700 ,
1474 1636 1626 1693 vobis
1663 1638 1919 1693 mandare
1949 1638 2120 1693 distu-

544 1719 726 1775 limus.
751 1720 895 1783 Nam,
910 1736 1074 1792 grave
1100 1725 1372 1779 mentibus
1392 1725 1587 1781 vestris
1614 1727 1782 1782 videri
1809 1742 1913 1782 non
1936 1728 2115 1792 debet,

2227 572 2256 610 a
2289 556 2415 611 sede
2457 556 2772 626 apostolica,
2818 558 3122 612 castissima
3154 559 3342 627 utique
3386 569 3563 614 matre
3605 570 3810 627 vestra,

2226 644 2309 697 cui
2339 658 2434 712 per
2457 642 2550 698 Dei
2577 644 2805 715 gratiam
2839 645 3214 712 praesidentes,
3240 647 3449 702 directa
3471 657 3616 714 sunt,
3665 649 3816 706 velut

2227 732 2408 802 aliquo
2438 734 2621 789 sedule
2646 734 2866 804 negotio
2915 735 3165 804 exigente
3214 737 3524 803 mittuntur,
3587 740 3813 797 auribus

2224 825 2508 894 patefactis
2544 826 2756 890 audire,
2789 826 2955 880 alacri
2982 836 3165 882 mente
3188 828 3489 898 percipere,
3518 831 3813 901 animoque

2225 922 2376 984 grato
2414 914 2686 983 amplecti,
2731 916 2872 969 sicut
2921 915 3065 970 titius
3111 916 3463 972 charissimus
3499 920 3693 984 debes,
3746 930 3806 975 et

2223 1007 2393 1077 patris
2418 1009 2581 1063 verba
2607 1007 2812 1073 dilecti,
2842 1024 2951 1064 non
2977 1024 3046 1064 ex
3082 1018 3210 1066 voto
3235 1012 3375 1066 male
3400 1015 3651 1082 optantis,
3708 1016 3808 1070 sed

2225 1112 2290 1151 ex
2320 1098 2502 1153 radice
2534 1113 2678 1153 verae
2699 1098 3043 1167 procedentia
3076 1100 3385 1167 eharitatis,
3425 1102 3613 1156 humili
3664 1117 3806 1158 sem-

2224 1204 2323 1257 per
2342 1188 2548 1243 debetis
2575 1188 2874 1243 intentione
2903 1189 3149 1258 recipere
3178 1208 3191 1243 :
3225 1205 3346 1261 quae
3375 1192 3518 1247 sicut
3546 1191 3804 1246 Salomon

2225 1277 2322 1342 ait,
2349 1278 2499 1348 quasi
2519 1276 2738 1343 stimuli,
2771 1288 2819 1332 et
2850 1278 2986 1332 sicut
3027 1278 3161 1333 clavi
3182 1280 3239 1334 in
3278 1280 3445 1333 altum
3493 1280 3657 1349 defixi
3700 1297 3813 1335 esse

2222 1368 2462 1421 videntur
2488 1366 2834 1439 (ECCIGJIH);
2870 1368 3014 1436 quod
3044 1368 3232 1437 culpas
3256 1369 3682 1438 delinquentium
3715 1385 3828 1424 ne-'
3858 1368 3861 1371 ’

2223 1459 2398 1513 sciant
2422 1456 2661 1528 palpare,
2686 1459 2781 1513 sed
2802 1473 3062 1528 pungere.
3092 1458 3246 1514 Unde
3269 1460 3529 1529 quoniam
3554 1468 3606 1515 te
3630 1462 3807 1515 virum

2219 1548 2540 1619 perfectum,
2564 1557 2619 1603 et
2649 1564 2747 1619 per
2767 1549 2950 1603 omnia
2983 1550 3093 1605 Deo
3122 1550 3425 1619 placentem
3463 1550 3666 1605 habere
3714 1566 3810 1604 cu-

2221 1637 2417 1707 pimus,
2450 1652 2549 1692 ceu
2576 1637 2814 1707 prudens
2843 1645 3016 1706 pater,
3050 1639 3142 1707 qui
3198 1639 3578 1693 charissimam
3636 1638 3807 1693 ﬁlium

2223 1740 2400 1790 suum,
2431 1726 2594 1780 etiam
2623 1740 2731 1779 non
2758 1725 3192 1795 delinquentem,
3225 1742 3293 1782 ne
3323 1727 3538 1796 quando
3580 1742 3807 1783 securus

542 1811 599 1864 in
646 1814 932 1880 praesentia
976 1815 1118 1869 sedis
1159 1816 1465 1884 apostolicae
1506 1825 1566 1870 ut
1605 1817 1747 1872 illius
1797 1816 2460 1888 retracteturBexistens
2494 1814 2712 1886 ﬂagitiis
2762 1831 2823 1871 se
2872 1817 3133 1871 audacter
3187 1817 3534 1872 commiscent
3578 1816 3804 1881 illicitis,

536 1898 841 1970 judicium;
900 1905 1026 1974 quia
1093 1906 1296 1960 veritas
1351 1908 1621 1977 exagitata
1686 1908 1881 1978 saepius
1944 1908 2116 1978 magis

541 1991 867 2060 splendescit
896 1994 950 2047 in
999 1994 1172 2050 lucem
1200 2034 1215 2060 ,
1255 2003 1309 2049 et
1352 1996 1619 2065 pernicies
1664 2006 1914 2052 revocata
1951 1998 2002 2051 in
2028 1997 2118 2067 ju-

541 2079 746 2136 dicium
793 2084 1011 2151 gravius
1056 2093 1113 2139 et
1167 2086 1285 2140 sine
1335 2087 1654 2157 poenitentia
1702 2090 2111 2144 condemnatur.

540 2173 676 2229 Nam
705 2174 912 2233 fructus
933 2178 1145 2232 divinus
1165 2187 1266 2244 est,
1287 2179 1557 2249 justitiam
1581 2181 1776 2251 saepius
1803 2182 2071 2237 recenseri
2096 2198 2110 2248 ;

541 2264 856 2336 nullumque
877 2267 1077 2322 bonum
1098 2276 1202 2334 est,
1228 2269 1369 2338 quod
1392 2286 1498 2324 non
1518 2270 1798 2340 pulchrius
1822 2271 2112 2340 elucescat,

542 2354 590 2410 si
618 2356 976 2426 plurimorum
1010 2358 1174 2414 fuerit
1208 2362 1473 2415 sententia
1502 2362 1929 2432 comprobatum.
1962 2363 2116 2420 Unde

539 2458 821 2516 (meusque
849 2463 1010 2504 causa
1040 2448 1206 2514 illius,
1239 2450 1380 2505 sicut
1405 2451 1742 2520 prmtulimus
1762 2494 1776 2519 ,
1810 2453 1971 2509 fuerit
2015 2454 2115 2509 ite-

537 2550 661 2590 rum
690 2536 944 2593 rel‘ricata
974 2547 1137 2610 atque
1182 2540 1352 2606 ﬁnita,
1382 2543 1667 2613 episcopus
1703 2545 1757 2599 in
1809 2545 1926 2615 ipsa
1974 2545 2116 2601 Lau-

538 2627 765 2682 dunensi
796 2628 1035 2684 Ecclesia
1080 2629 1389 2687 nullatenus
1432 2632 1729 2689 ordinetur.
1777 2634 2116 2706 Quapropter

538 2733 660 2788 quae
679 2720 833 2776 vobis
855 2721 1055 2777 salubri
1077 2731 1132 2778 et
1164 2724 1457 2792 apostolica
1486 2728 1844 2797 praeceptione
1867 2727 2114 2784 facienda

538 2812 878 2879 mandamus,
912 2819 1025 2869 toto
1047 2815 1237 2870 annisu
1267 2824 1321 2871 et
1342 2808 1484 2872 ﬁdeli
1520 2819 1822 2885 devotione,
1852 2820 1993 2876 sicut
2018 2820 2114 2876 lilii

541 2900 883 2967 charissimi,
918 2903 1210 2974 adimplere
1255 2904 1540 2977 facereque
1574 2908 1799 2976 debetis,
1832 2910 1879 2965 si
1930 2918 2114 2967 nostro

538 2993 745 3048 illibate
771 2992 876 3049 frui
907 2996 1201 3064 apostolico
1224 3011 1437 3069 semper
1463 2999 1782 3057 desideratis
1810 3003 2106 3058 consortio.

536 3082 957 3140 Generalitatem
1004 3095 1241 3142 vestram
1291 3098 1541 3158 optamus
1595 3091 1650 3145 in
1706 3090 1923 3150 Christo
1976 3093 2114 3150 bene

514 3173 737 3231 .valere.
771 3176 904 3231 Data
934 3193 1004 3232 vn
1032 3177 1149 3232 Kal.
1177 3175 1441 3244 Januarii,
1476 3180 1766 3239 indictione
1794 3198 1848 3237 v.

926 3438 991 3476 AD
1019 3438 1258 3478 CAROLUM
1295 3440 1506 3479 οΛινυιι
1533 3441 1725 3494 ΗΕΟΕᾸ.

1169 3556 1343 3628 (Anno
1369 3558 1517 3629 87l.)

520 3683 685 3754 Dolet
714 3699 880 3751 regem
919 3684 1056 3754 sedis
1095 3685 1392 3754 apostolica:
1436 3688 1631 3754 monita
1681 3691 1873 3754 aegrius
1912 3690 2110 3744 tulisse.

605 3751 907 3825 Hiucmari‘
925 3751 1288 3825 Laudunensis
1329 3752 1699 3825 depositionetn
1728 3751 1856 3825 'non
1908 3759 2109 3825 probat,

603 3836 831 3892 eumque
870 3819 1086 3892 Romam
1130 3821 1198 3873 ad
1245 3819 1633 3892 retractandum
1667 3819 1931 3892 judicium
1978 3826 2114 3879 mitti

597 3889 763 3959 jubet.
798 3889 1083 3946 Actardum
1112 3906 1229 3945 vero
1250 3890 1319 3943 ad
1360 3889 1681 3946 Ecclesiam'
1703 3895 1953 3963 transfert
2008 3894 2113 3947 Tu-

602 3976 889 4014 ronensem.

605 4069 882 4127 ADRIANUS
909 4070 1215 4141 episcopus,
1250 4085 1437 4126 servus
1460 4086 1740 4127 servorum
1771 4072 1886 4140 Dei,
1916 4074 2111 4130 dilecto

535 4163 645 4219 ﬁlio
673 4161 887 4217 Canem
915 4162 1147 4233 glorioso
1175 4162 1308 4232 regi.

653 4251 960 4307 Laudabilis
979 4251 1257 4306 eharitatis
1280 4259 1335 4305 et
1371 4252 1647 4321 sapientia:
1691 4253 1899 4322 pudicae
1926 4269 1991 4309 ac
2017 4270 2111 4325 pa-

532 4342 701 4397 ciﬁcae
727 4341 914 4411 vigore
959 4348 1123 4409 atque
1151 4340 1347 4395 decore
1392 4341 1812 4410 magnitudinem
1842 4343 2107 4398 excellen-

532 4437 621 4491 tia:
650 4443 866 4497 vestrae,
893 4449 926 4488 o
956 4432 1273 4489 charissime
1297 4433 1349 4487 in
1375 4432 1602 4489 Domino
1650 4434 1745 4499 ﬁli,
1791 4434 1946 4503 longe
1974 4433 2106 4489 late-

2217 1904 2425 1977 ﬂagello
2452 1920 2642 1961 severo
2668 1904 2903 1976 afﬂigere
2926 1921 3034 1961 non
3059 1907 3292 1968 desistit,
3320 1908 3444 1976 quia
3467 1921 3565 1961 nec
3584 1916 3806 1977 propter

2219 2010 2452 2049 amorem
2476 1996 2658 2051 carnis
2685 1996 3012 2066 disciplinali
3056 1998 3537 2067 parcendumesse
3565 1999 3727 2068 virga:
3769 2014 3801 2052 a

2218 2085 2459 2154 sapiente
2483 2100 2784 2140 monemur.
2808 2086 2946 2141 Hinc
2964 2087 3128 2141 etiam
3157 2088 3223 2141 de
3265 2086 3380 2154 ipso
3433 2086 3544 2141 Deo
3589 2094 3796 2150 nostro,

2216 2190 2377 2245 quem
2402 2184 2577 2231 coetus
2601 2177 2840 2231 omnium
2866 2176 3095 2231 ﬁdelium
3121 2184 3324 2245 patrem
3354 2175 3593 2244 quotidie
3612 2187 3794 2238 vocat,

2216 2265 2442 2337 legimus
2468 2267 2727 2335 scriptum
2755 2283 2768 2319 :
2802 2264 2964 2331 Quem
2991 2265 3161 2334 diligit
3212 2264 3485 2329 Dominus,
3537 2263 3783 2334 castigat,

2216 2365 2265 2410 et
2290 2359 2505 2427 corripit
2532 2371 2553 2411 .'
2574 2357 2807 2428 ﬂagellat
2834 2365 3005 2410 autem
3028 2369 3233 2409 omnem
3268 2354 3438 2422 [ilium
3474 2370 3627 2425 quem
3666 2356 3798 2408 reci-

2214 2448 2288 2517 pit
2327 2446 2513 2519 (Hebr.
2541 2446 2665 2519 xu).
2695 2444 3032 2516 Quapropter
3054 2442 3197 2498 scire
3221 2457 3316 2499 vos
3340 2443 3515 2509 decet,
3537 2444 3662 2513 quia
3686 2443 3798 2498 Deo

2216 2539 2587 2608 permittente,
2615 2537 2765 2607 justo
2793 2538 2997 2606 utique,
3040 2537 3288 2605 quamvis
3337 2534 3447 2590 alto
3488 2543 3548 2589 et
3591 2544 3800 2590 secreto

2217 2628 2444 2684 consilio
2466 2643 2584 2695 suo,
2613 2644 2714 2700 pro
2742 2628 2908 2684 vestri
2939 2626 3112 2683 salute
3146 2626 3271 2680 talia
3300 2634 3495 2681 vestrae
3518 2627 3800 2681 serenitati

2216 2720 2399 2775 asede
2456 2718 2751 2789 apostolica
2802 2717 2997 2786 smpius
3050 2716 3257 2770 monita
3291 2715 3474 2770 venire
3525 2716 3794 2770 videntur.

2212 2810 2341 2865 Ideo
2374 2809 2547 2879 magis
2572 2806 2929 2876 omnipotenti
2972 2805 3195 2859 Domino
3249 2803 3539 2859 immensas
3588 2804 3794 2873 gratias

2217 2913 2396 2970 agere,
2428 2896 2691 2965 nobisque
2713 2894 2906 2949 deinde
2929 2902 3169 2963 paterna:
3193 2891 3366 2947 laudis
3387 2900 3667 2963 gratanter.
3701 2893 3796 2947 de-

2216 2988 2355 3045 betis
2383 2987 2623 3058 przeberc
2645 2985 2989 3055 obsequium,
3020 2992 3073 3037 et
3100 2998 3207 3037 non
3236 2982 3674 3053 reprehensionis
3708 2983 3794 3038 vel

2216 3077 2662 3133 murmurationis
2686 3076 2911 3131 modicae
2956 3075 3121 3128 verba
3173 3071 3428 3142 dirigere.
3488 3070 3620 3126 Nam
3674 3088 3794 3139 nos,

2141 3190 2185 3252 ρ
2217 3170 2414 3226 nullius
2451 3169 2568 3223 zelo
2595 3168 2800 3233 livoris,
2833 3164 3030 3220 nullius
3059 3162 3297 3219 subdolae
3319 3161 3631 3217 calliditatis
3651 3164 3793 3229 dolo,

2221 3267 2303 3321 vel
2325 3266 2484 3320 etiam
2516 3264 2701 3319 favore
2727 3260 2955 3330 alicujus
2982 3259 3312 3315 transitoria:
3337 3258 3534 3323 laudis,
3588 3257 3795 3311 charis-

2220 3356 2412 3411 simam
2441 3362 2637 3409 vestrae
2661 3351 2957 3409 nobilitatis
2977 3357 3033 3404 et
3050 3348 3438 3420 magnitudinis
3456 3346 3795 3419 prudentiam

2216 3454 2269 3500 et
2295 3446 2634 3501 dilectionem
2664 3444 2822 3498 modo
2842 3440 3130 3495 all'abiliter
3154 3454 3392 3505 monere,
3424 3438 3582 3493 modo
3609 3445 3789 3490 autem

2216 3552 2315 3606 pro
2343 3538 2504 3608 regiae
2531 3531 3029 3605 potestatisgloria,
3080 3531 3253 3598 vobis,
3283 3528 3492 3600 quoties
3534 3540 3790 3581 necessa-

2214 3628 2296 3682 ria
2321 3627 2577 3696 temporis
2606 3641 2713 3690 res,
2765 3622 2853 3678 vel
2903 3620 3137 3691 proximi
3179 3619 3417 3691 deposcit
3470 3617 3788 3682 necessitas,

2216 3716 2434 3768 humilis
2465 3724 2719 3783 precator
2772 3713 3045 3776 assistere,
3094 3709 3376 3777 aliquando
3424 3722 3550 3760 vero
3605 3705 3787 3759 verbis

2214 3802 2575 3857 severioribus
2609 3799 2838 3855 ﬁdenter
2857 3800 3150 3868 corripere,
3171 3804 3233 3851 ut
3267 3795 3467 3852 Christi
3504 3795 3679 3866 gratia
3722 3794 3780 3847 in

2214 3894 2406 3949 melius
2441 3906 2653 3962 semper
2680 3890 2998 3962 proﬁciatis,
3029 3889 3321 3945 studemus.
3338 3887 3506 3957 igitur
3533 3888 3598 3942 de
3621 3884 3788 3940 Iliac—

2214 3986 2351 4042 mari
2373 3983 2747 4040 Laudunensis
2767 3981 3003 4052 episcopi
3026 3979 3358 4048 depositione
3386 3976 3663 4055 pontiﬁcio
3690 3992 3788 4032 no-

2214 4087 2328 4132 stro
2353 4073 2652 4144 scripsistis
2688 4090 2700 4126 :
2732 4071 2801 4126 Et
2822 4081 3011 4125 caetera
3032 4084 3148 4140 qua:
3169 4077 3478 4139 sequuntur,
3509 4068 3641 4121 utin
3680 4067 3790 4136 epi-

2211 4164 2347 4221 stola
2375 4163 2709 4235 praecedenti,
2744 4178 2904 4232 usque
2937 4161 3006 4214 ad
3033 4168 3239 4215 temere
3265 4174 3483 4230 quoque
3511 4158 3671 4213 modo
3702 4156 3790 4225 ju-

2211 4255 2470 4310 dicemus.
2508 4250 2618 4306 Nos
2653 4250 2708 4304 in
2736 4248 3069 4318 depositione
3089 4248 3233 4303 illius
3257 4248 3496 4318 quandiu
3538 4246 3786 4309 vivimus,

2213 4344 2515 4399 nullatenus
2543 4341 2966 4406 consentiemus,
2993 4339 3098 4395 nisi
3130 4338 3199 4393 ad
3236 4346 3480 4393 nostram
3524 4337 3643 4408 ipso
3690 4350 3784 4390 ve-

2211 4436 2394 4490 niente
2426 4433 2793 4504 praesentiam,
2824 4446 2990 4487 causa
3026 4429 3140 4498 ejus
3188 4427 3542 4498 depositionis
3600 4434 3787 4481 nostro

532 4538 637 4591 que
666 4523 876 4589 ﬂorere,
910 4524 1077 4579 nitide
1098 4525 1379 4594 splendere
1397 4525 1664 4583 audimus.
1698 4526 1804 4583 Sed
1847 4528 1972 4597 quia
2015 4527 2101 4581 lit-
2130 4525 2183 4585 D
2210 4525 2371 4581 fuerit
2392 4523 2653 4580 examine
2673 4521 2957 4592 diligenter
2978 4518 3256 4590 inquisita,
3281 4528 3445 4588 atque
3468 4516 3640 4571 ﬁnita.
3663 4515 3787 4582 Qui-

516 4615 664 4685 _teris
693 4616 910 4681 vestris,
939 4616 1245 4685 apostolica:
1264 4619 1618 4687 correptionis
1642 4619 1821 4689 apices
1841 4621 2107 4676 membra-

531 4704 632 4756 tim
648 4704 957 4767 retexendo,
983 4705 1264 4760 adversum
1287 4708 1661 4774 paternitalem
1683 4719 1921 4764 nostram
1937 4710 2108 4778 quod-

534 4793 659 4845 dam
688 4791 939 4844 indebita:
962 4793 1396 4858 reprehensionis
1421 4810 1689 4863 murmur,
1722 4808 1789 4859 et.
1812 4799 2103 4855 tumultuo-

532 4896 653 4938 sum
693 4879 846 4935 nobis
892 4880 1183 4943 clamorem
1212 4882 1453 4947 misistis,
1508 4900 1610 4940 nec
1656 4901 1787 4941 sane
1820 4889 2107 4958 patienter

533 4973 795 5045 pontiﬁcii
819 4973 990 5029 nostri
1017 4974 1216 5028 monita
1250 4981 1300 5030 et
1328 4961 1705 5062 perreptiones
1728 4977 1942 5035 audisse
1959 4994 2108 5035 com-

534 5063 1034 5132 perimus;liquido
1066 5071 1213 5132 patet
1239 5079 1333 5119 vos
1376 5064 1553 5118 adhuc
1599 5063 1851 5134 perfectae
1901 5067 2105 5137 aliquid

534 5152 819 5208 eharitatis
848 5153 1025 5206 minus
1055 5154 1315 5208 duntaxat
1340 5155 1558 5209 habere.
1592 5155 1668 5209 De
1696 5154 1782 5209 illa
1806 5158 1949 5210 enim
1974 5157 2107 5214 dicit

534 5242 807 5312 apostolus
832 5259 844 5295 :
871 5241 1114 5297 Charitas
1132 5244 1331 5312 patiens
1353 5253 1448 5309 est,
1470 5245 1688 5316 benigna
1711 5255 1807 5311 est,
1832 5262 1934 5301 non
1956 5249 2107 5318 inﬂa-

534 5340 641 5399 tur,
670 5347 772 5386 non
791 5331 1049 5396 irritatur,
1077 5349 1179 5386 non
1221 5334 1327 5403 agit
1364 5351 1655 5404 perperam,
1679 5338 1855 5391 omnia
1895 5338 2102 5407 suﬂ’ert,

606 5503 633 5532 ι
665 5488 972 5543 Laudabili:
995 5491 1283 5544 eharitatis.
1313 5490 1410 5546 llis
1435 5508 1649 5548 rursum
1694 5496 1917 5551 Adriani
1962 5496 2103 5551 litte-

533 5559 612 5614 ris
638 5557 873 5636 offensus
899 5557 1120 5614 Carolus
1152 5559 1432 5636 prolixam
1473 5564 1753 5636 epistolam
1783 5568 2096 5636 rescripsit,

527 5642 657 5705 qua:
686 5627 1081 5705 i-nter_c:eteras
1103 5627 1246 5705 edita
1268 5638 1349 5683 est
1375 5627 1794 5705 postllinemari
1819 5627 2093 5705 opuscula,

2210 4617 2312 4670 bus
2340 4615 2596 4669 nimirum
2622 4611 2902 4675 admoniti,
2943 4609 3102 4665 aliter
3130 4608 3184 4663 in
3199 4607 3456 4678 praesenti
3483 4607 3549 4662 de
3591 4604 3787 4675 praedi-

2212 4712 2299 4759 cto
2336 4703 2663 4765 Hincmaro,
2716 4698 2820 4753 nisi
2869 4712 2991 4753 eum
3038 4697 3266 4753 Romam
3313 4695 3586 4760 veniendi,
3634 4694 3786 4750 vobis

2209 4794 2468 4849 mandare
2490 4791 2814 4848 distulimus.
2845 4789 3138 4844 Actardum
3161 4789 3395 4859 denique
3421 4785 3782 4843 venerabilem

2212 4888 2508 4944 antistitem
2530 4886 2764 4955 legatum
2788 4892 3049 4947 vestrum,
3078 4882 3146 4937 de
3170 4897 3278 4952 quo
3307 4889 3364 4935 et
3391 4895 3489 4936 nos
3510 4878 3637 4934 olim
3688 4892 3784 4930 vo-

2210 4980 2295 5034 bis
2329 4977 2723 5041 mandavimus,
2753 4983 2810 5031 et
2838 4990 2934 5030 vos
2956 4973 3150 5030 vestris
3178 4971 3420 5041 apicibus
3445 4980 3644 5026 nostra:
3670 4968 3782 5023 cle-

2210 5069 2425 5124 mentiae
2481 5066 2776 5131 direxistis,
2827 5066 2970 5121 sicut
3019 5072 3075 5118 et
3111 5062 3350 5134 synodus
3402 5057 3781 5129 expostulavit,

2206 5159 2357 5229 plebs
2396 5166 2453 5213 et
2498 5157 2802 5212 Turonicus
2850 5155 3026 5211 clerus
3075 5152 3415 5208 concorditer
3458 5150 3638 5220 elegit,
3670 5148 3783 5218 jam

2208 5248 2588 5304 constituimus
2618 5261 2715 5316 per
2738 5252 2937 5299 nostrae
2965 5242 3274 5313 apostolicae
3299 5239 3642 5295 auctoritatis
3690 5237 3783 5291 de-

2208 5346 2413 5393 cretum
2440 5335 2765 5392 cardinalem
2790 5334 3260 5404 metropolitanum
3310 5343 3364 5387 et
3418 5329 3785 5400 archiepisco-

2204 5498 2318 5553 rius
2353 5497 2613 5567 epistolae,
2637 5510 2822 5567 revera
2850 5503 3027 5549 autem
3051 5491 3389 5567 a_d_e_amdem
3422 5488 3591 5567 ipsam
3646 5485 3786 5563 refe-

2204 5562 2429 5621 rendufn
2461 5576 2562 5621 est.
2593 5564 2843 5621 Carolum
2871 5579 3034 5633 porro
3062 5562 3350 5633 Adrianus,
3379 5562 3617 5625 acceptis
3664 5562 3785 5633 eius

2204 5638 2417 5704 litteris,
2451 5636 2695 5707 sequenti
2744 5631 2969 5704 epistola
3024 5633 3088 5687 il
3136 5631 3351 5701 placare
3403 5634 3631 5684 conatus
3672 5631 3781 5679 est.

524 5693 748 5749 embolo
772 5696 868 5751 sub
899 5695 1059 5752 ﬁnem
1078 5697 1352 5766 adjuncto,
1374 5693 1515 5770 quod
1544 5701 1715 5757 instar
1760 5693 1921 5760 habet
1970 5693 2097 5763 alteL
2201 5708 2355 5762 Sum.
