  <div class='ocr_page' id='page_1' title='image "/cluster/home/n/w/nwhite01/storage/ocr_20150623/122/pst.000018028355/696.png"; bbox 0 0 4142 6296; ppageno 0'>
   <div class='ocr_carea' id='block_1_1' title="bbox 318 358 492 417">
    <p class='ocr_par' dir='ltr' id='par_1_1' title="bbox 318 358 492 417">
     <span class='ocr_line' id='line_1_1' title="bbox 318 358 492 417; baseline -0.034 0"><span class='ocrx_word' id='word_1_1' title='bbox 318 358 492 417; x_wconf 73' lang='grc'><strong>1517</strong></span> 
     </span>
    </p>
   </div>
   <div class='ocr_carea' id='block_1_2' title="bbox 313 566 1923 635">
    <p class='ocr_par' dir='ltr' id='par_1_2' title="bbox 313 566 1923 635">
     <span class='ocr_line' id='line_1_2' title="bbox 313 566 1923 635; baseline 0 -14"><span class='ocrx_word' id='word_1_2' title='bbox 313 569 468 623; x_wconf 70' lang='lat' dir='ltr'><strong>ticae</strong></span> <span class='ocrx_word' id='word_1_3' title='bbox 494 566 758 629; x_wconf 68' lang='lat' dir='ltr'><strong>ecclesiae,</strong></span> <span class='ocrx_word' id='word_1_4' title='bbox 785 568 869 621; x_wconf 84' lang='lat' dir='ltr'><strong>cui</strong></span> <span class='ocrx_word' id='word_1_5' title='bbox 892 568 1069 620; x_wconf 77' lang='lat' dir='ltr'><strong>fuerat</strong></span> <span class='ocrx_word' id='word_1_6' title='bbox 1094 566 1414 631; x_wconf 86' lang='lat' dir='ltr'><strong>destinatus,</strong></span> <span class='ocrx_word' id='word_1_7' title='bbox 1442 567 1496 620; x_wconf 93' lang='lat' dir='ltr'><strong>in</strong></span> <span class='ocrx_word' id='word_1_8' title='bbox 1536 581 1602 621; x_wconf 91' lang='lat' dir='ltr'><strong>eo</strong></span> <span class='ocrx_word' id='word_1_9' title='bbox 1653 567 1794 635; x_wconf 89' lang='lat' dir='ltr'><strong>quod</strong></span> <span class='ocrx_word' id='word_1_10' title='bbox 1843 581 1923 621; x_wconf 77' lang='lat' dir='ltr'><strong>re-</strong></span> 
     </span>
    </p>
   </div>
   <div class='ocr_carea' id='block_1_3' title="bbox 309 653 1915 725">
    <p class='ocr_par' dir='ltr' id='par_1_3' title="bbox 309 653 1915 725">
     <span class='ocr_line' id='line_1_3' title="bbox 309 653 1915 725; baseline -0.001 -13"><span class='ocrx_word' id='word_1_11' title='bbox 309 658 566 722; x_wconf 79' lang='lat' dir='ltr'><strong>mansit,</strong></span> <span class='ocrx_word' id='word_1_12' title='bbox 589 658 713 725; x_wconf 90' lang='lat' dir='ltr'><strong>quia</strong></span> <span class='ocrx_word' id='word_1_13' title='bbox 737 656 1008 710; x_wconf 88' lang='lat' dir='ltr'><strong>destructa</strong></span> <span class='ocrx_word' id='word_1_14' title='bbox 1051 655 1299 719; x_wconf 85' lang='lat' dir='ltr'><strong>habetur,</strong></span> <span class='ocrx_word' id='word_1_15' title='bbox 1356 653 1479 722; x_wconf 86' lang='lat' dir='ltr'><strong>jura</strong></span> <span class='ocrx_word' id='word_1_16' title='bbox 1535 663 1915 724; x_wconf 75' lang='lat' dir='ltr'><strong>potestatemvt</strong></span> 
     </span>
    </p>
   </div>
   <div class='ocr_carea' id='block_1_4' title="bbox 232 739 1918 814">
    <p class='ocr_par' dir='ltr' id='par_1_4' title="bbox 232 739 1918 814">
     <span class='ocr_line' id='line_1_4' title="bbox 232 739 1918 814; baseline -0.002 -12"><span class='ocrx_word' id='word_1_17' title='bbox 232 739 238 744; x_wconf 73' lang='grc'><em>’</em></span> <span class='ocrx_word' id='word_1_18' title='bbox 308 748 490 802; x_wconf 81' lang='lat' dir='ltr'><strong>nullo</strong></span> <span class='ocrx_word' id='word_1_19' title='bbox 544 747 705 801; x_wconf 89' lang='lat' dir='ltr'><strong>modo</strong></span> <span class='ocrx_word' id='word_1_20' title='bbox 736 745 1134 801; x_wconf 87' lang='lat' dir='ltr'><strong>subtrahamus.</strong></span> <span class='ocrx_word' id='word_1_21' title='bbox 1184 745 1589 813; x_wconf 70' lang='lat' dir='ltr'><strong>[interponentes</strong></span> <span class='ocrx_word' id='word_1_22' title='bbox 1636 744 1918 814; x_wconf 74' lang='lat' dir='ltr'><strong>pastoralis</strong></span> 
     </span>
    </p>
   </div>
   <div class='ocr_carea' id='block_1_5' title="bbox 308 834 1923 907">
    <p class='ocr_par' dir='ltr' id='par_1_5' title="bbox 308 834 1923 907">
     <span class='ocr_line' id='line_1_5' title="bbox 308 834 1923 907; baseline -0.002 -17"><span class='ocrx_word' id='word_1_23' title='bbox 308 837 543 907; x_wconf 77' lang='lat' dir='ltr'><strong>vigoris</strong></span> <span class='ocrx_word' id='word_1_24' title='bbox 570 850 874 901; x_wconf 84' lang='lat' dir='ltr'><strong>censuram,</strong></span> <span class='ocrx_word' id='word_1_25' title='bbox 920 843 980 889; x_wconf 92' lang='lat' dir='ltr'><strong>ut</strong></span> <span class='ocrx_word' id='word_1_26' title='bbox 1022 836 1450 905; x_wconf 89' lang='lat' dir='ltr'><strong>quandocunque</strong></span> <span class='ocrx_word' id='word_1_27' title='bbox 1468 834 1554 888; x_wconf 86' lang='lat' dir='ltr'><strong>vel</strong></span> <span class='ocrx_word' id='word_1_28' title='bbox 1588 834 1923 903; x_wconf 84' lang='lat' dir='ltr'><strong>quiscunque</strong></span> 
     </span>
    </p>
   </div>
   <div class='ocr_carea' id='block_1_6' title="bbox 309 922 1918 995">
    <p class='ocr_par' dir='ltr' id='par_1_6' title="bbox 309 922 1918 995">
     <span class='ocr_line' id='line_1_6' title="bbox 309 922 1918 995; baseline -0.002 -15"><span class='ocrx_word' id='word_1_29' title='bbox 309 926 506 980; x_wconf 81' lang='lat' dir='ltr'><strong>alium</strong></span> <span class='ocrx_word' id='word_1_30' title='bbox 526 927 644 995; x_wconf 91' lang='lat' dir='ltr'><strong>ipso</strong></span> <span class='ocrx_word' id='word_1_31' title='bbox 669 924 959 994; x_wconf 76' lang='lat' dir='ltr'><strong>superstite</strong></span> <span class='ocrx_word' id='word_1_32' title='bbox 985 924 1037 978; x_wconf 94' lang='lat' dir='ltr'><strong>in</strong></span> <span class='ocrx_word' id='word_1_33' title='bbox 1059 922 1280 994; x_wconf 64' lang='lat' dir='ltr'><strong>praefata</strong></span> <span class='ocrx_word' id='word_1_34' title='bbox 1302 923 1609 992; x_wconf 89' lang='lat' dir='ltr'><strong>metropoli,</strong></span> <span class='ocrx_word' id='word_1_35' title='bbox 1639 923 1767 977; x_wconf 90' lang='lat' dir='ltr'><strong>etin</strong></span> <span class='ocrx_word' id='word_1_36' title='bbox 1792 923 1918 989; x_wconf 91' lang='lat' dir='ltr'><strong>ista,</strong></span> 
     </span>
    </p>
   </div>
   <div class='ocr_carea' id='block_1_7' title="bbox 306 1001 1921 1084">
    <p class='ocr_par' dir='ltr' id='par_1_7' title="bbox 306 1001 1921 1084">
     <span class='ocr_line' id='line_1_7' title="bbox 306 1001 1921 1084; baseline -0.002 -15"><span class='ocrx_word' id='word_1_37' title='bbox 306 1016 418 1072; x_wconf 81' lang='lat' dir='ltr'><strong>vel</strong></span> <span class='ocrx_word' id='word_1_38' title='bbox 451 1017 508 1070; x_wconf 90' lang='lat' dir='ltr'><strong>in</strong></span> <span class='ocrx_word' id='word_1_39' title='bbox 539 1028 724 1070; x_wconf 89' lang='lat' dir='ltr'><strong>earum</strong></span> <span class='ocrx_word' id='word_1_40' title='bbox 747 1014 1085 1084; x_wconf 90' lang='lat' dir='ltr'><strong>pertinentiis</strong></span> <span class='ocrx_word' id='word_1_41' title='bbox 1104 1013 1286 1069; x_wconf 90' lang='lat' dir='ltr'><strong>locare</strong></span> <span class='ocrx_word' id='word_1_42' title='bbox 1329 1012 1632 1076; x_wconf 86' lang='lat' dir='ltr'><strong>tentaverit,</strong></span> <span class='ocrx_word' id='word_1_43' title='bbox 1685 1018 1778 1065; x_wconf 87' lang='lat' dir='ltr'><strong>aut</strong></span> <span class='ocrx_word' id='word_1_44' title='bbox 1809 1001 1921 1066; x_wconf 7' lang='lat' dir='ltr'><strong>ior-</strong></span> 
     </span>
    </p>
   </div>
   <div class='ocr_carea' id='block_1_8' title="bbox 310 1102 1921 1174">
    <p class='ocr_par' dir='ltr' id='par_1_8' title="bbox 310 1102 1921 1174">
     <span class='ocr_line' id='line_1_8' title="bbox 310 1102 1921 1174; baseline -0.001 -14"><span class='ocrx_word' id='word_1_45' title='bbox 310 1106 529 1160; x_wconf 82' lang='lat' dir='ltr'><strong>dinare</strong></span> <span class='ocrx_word' id='word_1_46' title='bbox 595 1104 1044 1174; x_wconf 86' lang='lat' dir='ltr'><strong>praesumpserit,</strong></span> <span class='ocrx_word' id='word_1_47' title='bbox 1095 1104 1475 1160; x_wconf 71' lang='lat' dir='ltr'><strong>ecclesiasticae</strong></span> <span class='ocrx_word' id='word_1_48' title='bbox 1520 1102 1921 1158; x_wconf 72' lang='lat' dir='ltr'><strong>communionis</strong></span> 
     </span>
    </p>
   </div>
   <div class='ocr_carea' id='block_1_9' title="bbox 310 1192 1920 1263">
    <p class='ocr_par' dir='ltr' id='par_1_9' title="bbox 310 1192 1920 1263">
     <span class='ocr_line' id='line_1_9' title="bbox 310 1192 1920 1263; baseline -0.001 -14"><span class='ocrx_word' id='word_1_49' title='bbox 310 1194 613 1249; x_wconf 89' lang='lat' dir='ltr'><strong>consortio</strong></span> <span class='ocrx_word' id='word_1_50' title='bbox 651 1202 853 1247; x_wconf 86' lang='lat' dir='ltr'><strong>careat.</strong></span> <span class='ocrx_word' id='word_1_51' title='bbox 881 1192 1023 1247; x_wconf 85' lang='lat' dir='ltr'><strong>Sane</strong></span> <span class='ocrx_word' id='word_1_52' title='bbox 1042 1205 1165 1263; x_wconf 89' lang='lat' dir='ltr'><strong>post</strong></span> <span class='ocrx_word' id='word_1_53' title='bbox 1210 1193 1329 1261; x_wconf 90' lang='lat' dir='ltr'><strong>ejus</strong></span> <span class='ocrx_word' id='word_1_54' title='bbox 1381 1194 1665 1248; x_wconf 87' lang='lat' dir='ltr'><strong>decessum</strong></span> <span class='ocrx_word' id='word_1_55' title='bbox 1727 1193 1920 1248; x_wconf 80' lang='lat' dir='ltr'><strong>electio</strong></span> 
     </span>
    </p>
   </div>
   <div class='ocr_carea' id='block_1_10' title="bbox 311 1282 1917 1353">
    <p class='ocr_par' dir='ltr' id='par_1_10' title="bbox 311 1282 1917 1353">
     <span class='ocr_line' id='line_1_10' title="bbox 311 1282 1917 1353; baseline -0.001 -15"><span class='ocrx_word' id='word_1_56' title='bbox 311 1284 625 1349; x_wconf 75' lang='lat' dir='ltr'><strong>canonica,</strong></span> <span class='ocrx_word' id='word_1_57' title='bbox 654 1290 709 1336; x_wconf 86' lang='lat' dir='ltr'><strong>et</strong></span> <span class='ocrx_word' id='word_1_58' title='bbox 729 1282 998 1338; x_wconf 76' lang='lat' dir='ltr'><strong>ordinatio</strong></span> <span class='ocrx_word' id='word_1_59' title='bbox 1026 1299 1055 1337; x_wconf 93' lang='lat' dir='ltr'><strong>a</strong></span> <span class='ocrx_word' id='word_1_60' title='bbox 1078 1282 1430 1353; x_wconf 82' lang='lat' dir='ltr'><strong>sull‘raganeis</strong></span> <span class='ocrx_word' id='word_1_61' title='bbox 1464 1282 1735 1352; x_wconf 86' lang='lat' dir='ltr'><strong>episcopis</strong></span> <span class='ocrx_word' id='word_1_62' title='bbox 1773 1283 1917 1352; x_wconf 87' lang='lat' dir='ltr'><strong>ejus-</strong></span> 
     </span>
    </p>
   </div>
   <div class='ocr_carea' id='block_1_11' title="bbox 310 1371 1919 1442">
    <p class='ocr_par' dir='ltr' id='par_1_11' title="bbox 310 1371 1919 1442">
     <span class='ocr_line' id='line_1_11' title="bbox 310 1371 1919 1442; baseline 0 -16"><span class='ocrx_word' id='word_1_63' title='bbox 310 1373 461 1427; x_wconf 86' lang='lat' dir='ltr'><strong>dem</strong></span> <span class='ocrx_word' id='word_1_64' title='bbox 488 1371 847 1442; x_wconf 80' lang='lat' dir='ltr'><strong>metmpoleos</strong></span> <span class='ocrx_word' id='word_1_65' title='bbox 892 1371 1176 1427; x_wconf 77' lang='lat' dir='ltr'><strong>Turonicze</strong></span> <span class='ocrx_word' id='word_1_66' title='bbox 1208 1373 1466 1427; x_wconf 88' lang='lat' dir='ltr'><strong>canonice</strong></span> <span class='ocrx_word' id='word_1_67' title='bbox 1504 1371 1807 1427; x_wconf 78' lang='lat' dir='ltr'><strong>celebretur</strong></span> <span class='ocrx_word' id='word_1_68' title='bbox 1850 1386 1919 1426; x_wconf 78' lang='lat' dir='ltr'><strong>ex</strong></span> 
     </span>
    </p>
   </div>
   <div class='ocr_carea' id='block_1_12' title="bbox 313 1463 1921 1534">
    <p class='ocr_par' dir='ltr' id='par_1_12' title="bbox 313 1463 1921 1534">
     <span class='ocr_line' id='line_1_12' title="bbox 313 1463 1921 1534; baseline -0.001 -15"><span class='ocrx_word' id='word_1_69' title='bbox 313 1479 492 1519; x_wconf 86' lang='lat' dir='ltr'><strong>more</strong></span> <span class='ocrx_word' id='word_1_70' title='bbox 516 1473 573 1518; x_wconf 89' lang='lat' dir='ltr'><strong>et</strong></span> <span class='ocrx_word' id='word_1_71' title='bbox 599 1465 644 1519; x_wconf 89' lang='lat' dir='ltr'><strong>si</strong></span> <span class='ocrx_word' id='word_1_72' title='bbox 673 1463 1004 1519; x_wconf 85' lang='lat' dir='ltr'><strong>Namneticae</strong></span> <span class='ocrx_word' id='word_1_73' title='bbox 1052 1465 1339 1534; x_wconf 87' lang='lat' dir='ltr'><strong>contigerit</strong></span> <span class='ocrx_word' id='word_1_74' title='bbox 1364 1463 1620 1518; x_wconf 69' lang='lat' dir='ltr'><strong>Ecclesiae</strong></span> <span class='ocrx_word' id='word_1_75' title='bbox 1665 1465 1731 1517; x_wconf 88' lang='lat' dir='ltr'><strong>ad</strong></span> <span class='ocrx_word' id='word_1_76' title='bbox 1780 1465 1921 1532; x_wconf 90' lang='lat' dir='ltr'><strong>prio-</strong></span> 
     </span>
    </p>
   </div>
   <div class='ocr_carea' id='block_1_13' title="bbox 313 1550 1919 1618">
    <p class='ocr_par' dir='ltr' id='par_1_13' title="bbox 313 1550 1919 1618">
     <span class='ocr_line' id='line_1_13' title="bbox 313 1550 1919 1618; baseline -0.001 -11"><span class='ocrx_word' id='word_1_77' title='bbox 313 1568 454 1607; x_wconf 80' lang='lat' dir='ltr'><strong>rem</strong></span> <span class='ocrx_word' id='word_1_78' title='bbox 489 1550 664 1606; x_wconf 80' lang='lat' dir='ltr'><strong>redire</strong></span> <span class='ocrx_word' id='word_1_79' title='bbox 692 1560 914 1618; x_wconf 87' lang='lat' dir='ltr'><strong>statum,</strong></span> <span class='ocrx_word' id='word_1_80' title='bbox 956 1552 1090 1606; x_wconf 85' lang='lat' dir='ltr'><strong>nihil</strong></span> <span class='ocrx_word' id='word_1_81' title='bbox 1115 1551 1310 1607; x_wconf 81' lang='lat' dir='ltr'><strong>alliciat</strong></span> <span class='ocrx_word' id='word_1_82' title='bbox 1339 1553 1386 1605; x_wconf 91' lang='lat' dir='ltr'><strong>ei</strong></span> <span class='ocrx_word' id='word_1_83' title='bbox 1415 1553 1532 1607; x_wconf 65' lang='lat' dir='ltr'><strong>haec</strong></span> <span class='ocrx_word' id='word_1_84' title='bbox 1577 1552 1919 1606; x_wconf 86' lang='lat' dir='ltr'><strong>necessitatis</strong></span> 
     </span>
    </p>
   </div>
   <div class='ocr_carea' id='block_1_14' title="bbox 313 1643 1919 1714">
    <p class='ocr_par' dir='ltr' id='par_1_14' title="bbox 313 1643 1919 1714">
     <span class='ocr_line' id='line_1_14' title="bbox 313 1643 1919 1714; baseline 0.001 -17"><span class='ocrx_word' id='word_1_85' title='bbox 313 1643 532 1707; x_wconf 86' lang='lat' dir='ltr'><strong>unitio,</strong></span> <span class='ocrx_word' id='word_1_86' title='bbox 566 1657 725 1712; x_wconf 87' lang='lat' dir='ltr'><strong>quam</strong></span> <span class='ocrx_word' id='word_1_87' title='bbox 750 1643 932 1714; x_wconf 80' lang='lat' dir='ltr'><strong>exegit</strong></span> <span class='ocrx_word' id='word_1_88' title='bbox 956 1658 1286 1713; x_wconf 78' lang='lat' dir='ltr'><strong>paganorum</strong></span> <span class='ocrx_word' id='word_1_89' title='bbox 1323 1643 1577 1707; x_wconf 82' lang='lat' dir='ltr'><strong>vastatio,</strong></span> <span class='ocrx_word' id='word_1_90' title='bbox 1628 1644 1919 1712; x_wconf 90' lang='lat' dir='ltr'><strong>quominus</strong></span> 
     </span>
    </p>
   </div>
   <div class='ocr_carea' id='block_1_15' title="bbox 313 1732 1919 1803">
    <p class='ocr_par' dir='ltr' id='par_1_15' title="bbox 313 1732 1919 1803">
     <span class='ocr_line' id='line_1_15' title="bbox 313 1732 1919 1803; baseline 0 -17"><span class='ocrx_word' id='word_1_91' title='bbox 313 1732 613 1803; x_wconf 85' lang='lat' dir='ltr'><strong>preprium</strong></span> <span class='ocrx_word' id='word_1_92' title='bbox 634 1732 811 1787; x_wconf 84' lang='lat' dir='ltr'><strong>valeat</strong></span> <span class='ocrx_word' id='word_1_93' title='bbox 832 1733 1035 1789; x_wconf 88' lang='lat' dir='ltr'><strong>habere</strong></span> <span class='ocrx_word' id='word_1_94' title='bbox 1054 1732 1383 1802; x_wconf 85' lang='lat' dir='ltr'><strong>pontiﬁcem.</strong></span> <span class='ocrx_word' id='word_1_95' title='bbox 1410 1734 1517 1789; x_wconf 86' lang='lat' dir='ltr'><strong>Sed</strong></span> <span class='ocrx_word' id='word_1_96' title='bbox 1541 1733 1775 1788; x_wconf 87' lang='lat' dir='ltr'><strong>vidimus</strong></span> <span class='ocrx_word' id='word_1_97' title='bbox 1795 1747 1919 1787; x_wconf 89' lang='lat' dir='ltr'><strong>eum</strong></span> 
     </span>
    </p>
   </div>
   <div class='ocr_carea' id='block_1_16' title="bbox 1546 357 2399 417">
    <p class='ocr_par' dir='ltr' id='par_1_16' title="bbox 1546 357 2399 417">
     <span class='ocr_line' id='line_1_16' title="bbox 1546 357 2399 417; baseline 0.006 -6"><span class='ocrx_word' id='word_1_98' title='bbox 1546 357 1900 413; x_wconf 75' lang='lat' dir='ltr'><strong>EPISTOL/E</strong></span> <span class='ocrx_word' id='word_1_99' title='bbox 1938 362 2026 414; x_wconf 83' lang='lat' dir='ltr'><strong>ET</strong></span> <span class='ocrx_word' id='word_1_100' title='bbox 2062 361 2399 417; x_wconf 72' lang='lat' dir='ltr'><strong>DECRETA.</strong></span> 
     </span>
    </p>
   </div>
   <div class='ocr_carea' id='block_1_17' title="bbox 312 468 1996 548">
    <p class='ocr_par' dir='ltr' id='par_1_17' title="bbox 312 468 1996 548">
     <span class='ocr_line' id='line_1_17' title="bbox 312 468 1996 548; baseline -0.002 -16"><span class='ocrx_word' id='word_1_101' title='bbox 312 490 476 548; x_wconf 85' lang='lat' dir='ltr'><strong>pum</strong></span> <span class='ocrx_word' id='word_1_102' title='bbox 522 468 804 531; x_wconf 78' lang='lat' dir='ltr'><strong>Turonirae</strong></span> <span class='ocrx_word' id='word_1_103' title='bbox 832 475 1123 545; x_wconf 66' lang='lat' dir='ltr'><strong>provinciae</strong></span> <span class='ocrx_word' id='word_1_104' title='bbox 1158 494 1172 528; x_wconf 87' lang='lat'><strong>:</strong></span> <span class='ocrx_word' id='word_1_105' title='bbox 1206 475 1285 530; x_wconf 88' lang='lat' dir='ltr'><strong>sic</strong></span> <span class='ocrx_word' id='word_1_106' title='bbox 1316 483 1516 539; x_wconf 86' lang='lat' dir='ltr'><strong>tamen,</strong></span> <span class='ocrx_word' id='word_1_107' title='bbox 1563 483 1625 529; x_wconf 92' lang='lat' dir='ltr'><strong>ut</strong></span> <span class='ocrx_word' id='word_1_108' title='bbox 1682 472 1915 529; x_wconf 86' lang='lat' dir='ltr'><strong>Namne-</strong></span> <span class='ocrx_word' id='word_1_109' title='bbox 1946 481 1996 536; x_wconf 74' lang='grc' dir='ltr'>Α</span> 
     </span>
    </p>
   </div>
   <div class='ocr_carea' id='block_1_18' title="bbox 3476 362 3612 417">
    <p class='ocr_par' dir='ltr' id='par_1_18' title="bbox 3476 362 3612 417">
     <span class='ocr_line' id='line_1_18' title="bbox 3476 362 3612 417; baseline 0.015 -3"><span class='ocrx_word' id='word_1_110' title='bbox 3476 362 3612 417; x_wconf 75' lang='grc'><strong>1518</strong></span> 
     </span>
    </p>
   </div>
   <div class='ocr_carea' id='block_1_19' title="bbox 2743 480 2850 535">
    <p class='ocr_par' dir='ltr' id='par_1_19' title="bbox 2743 480 2850 535">
     <span class='ocr_line' id='line_1_19' title="bbox 2743 480 2850 535; baseline 0.019 -2"><span class='ocrx_word' id='word_1_111' title='bbox 2743 480 2850 535; x_wconf 75' lang='lat' dir='ltr'><strong>XL.</strong></span> 
     </span>
    </p>
   </div>
   <div class='ocr_carea' id='block_1_20' title="bbox 2533 606 3085 650">
    <p class='ocr_par' dir='ltr' id='par_1_20' title="bbox 2533 606 3085 650">
     <span class='ocr_line' id='line_1_20' title="bbox 2533 606 3085 650; baseline 0.009 -5"><span class='ocrx_word' id='word_1_112' title='bbox 2533 606 2600 645; x_wconf 72' lang='lat' dir='ltr'><strong>AD</strong></span> <span class='ocrx_word' id='word_1_113' title='bbox 2638 608 2926 649; x_wconf 70' lang='lat' dir='ltr'><strong>EPISCOPUI</strong></span> <span class='ocrx_word' id='word_1_114' title='bbox 2965 611 3014 649; x_wconf 75' lang='lat' dir='ltr'><strong>ll.</strong></span> <span class='ocrx_word' id='word_1_115' title='bbox 3027 635 3085 650; x_wconf 82' lang='lat'><strong>...</strong></span> 
     </span>
    </p>
   </div>
   <div class='ocr_carea' id='block_1_21' title="bbox 2627 704 3005 777">
    <p class='ocr_par' dir='ltr' id='par_1_21' title="bbox 2627 704 3005 777">
     <span class='ocr_line' id='line_1_21' title="bbox 2627 704 3005 777; baseline 0.008 -20"><span class='ocrx_word' id='word_1_116' title='bbox 2627 704 2803 772; x_wconf 88' lang='lat' dir='ltr'><strong>(Anno</strong></span> <span class='ocrx_word' id='word_1_117' title='bbox 2854 707 3005 777; x_wconf 72' lang='grc'><strong>872.)</strong></span> 
     </span>
    </p>
   </div>
   <div class='ocr_carea' id='block_1_22' title="bbox 2026 803 3602 884">
    <p class='ocr_par' dir='ltr' id='par_1_22' title="bbox 2026 803 3602 884">
     <span class='ocr_line' id='line_1_22' title="bbox 2026 803 3602 884; baseline 0.01 -24"><span class='ocrx_word' id='word_1_118' title='bbox 2026 803 2382 884; x_wconf 66' lang='lat' dir='ltr'><strong>Con/intratur</strong></span> <span class='ocrx_word' id='word_1_119' title='bbox 2403 811 2795 865; x_wconf 79' lang='lat' dir='ltr'><strong>matrimonium</strong></span> <span class='ocrx_word' id='word_1_120' title='bbox 2819 814 3315 882; x_wconf 84' lang='lat' dir='ltr'><strong>cujusdamabsente</strong></span> <span class='ocrx_word' id='word_1_121' title='bbox 3336 819 3602 876; x_wconf 75' lang='lat' dir='ltr'><strong>sacerdote</strong></span> 
     </span>
    </p>
   </div>
   <div class='ocr_carea' id='block_1_23' title="bbox 2640 891 2981 937">
    <p class='ocr_par' dir='ltr' id='par_1_23' title="bbox 2640 891 2981 937">
     <span class='ocr_line' id='line_1_23' title="bbox 2640 891 2981 937; baseline 0.012 -5"><span class='ocrx_word' id='word_1_122' title='bbox 2640 891 2981 937; x_wconf 82' lang='lat' dir='ltr'><strong>contractum.</strong></span> 
     </span>
    </p>
   </div>
   <div class='ocr_carea' id='block_1_24' title="bbox 2336 986 3294 1067">
    <p class='ocr_par' dir='ltr' id='par_1_24' title="bbox 2336 986 3294 1067">
     <span class='ocr_line' id='line_1_24' title="bbox 2336 986 3294 1067; baseline 0.009 -27"><span class='ocrx_word' id='word_1_123' title='bbox 2336 986 2514 1058; x_wconf 85' lang='lat' dir='ltr'><strong>[Apud</strong></span> <span class='ocrx_word' id='word_1_124' title='bbox 2550 989 2736 1044; x_wconf 85' lang='lat' dir='ltr'><strong>Baluz.</strong></span> <span class='ocrx_word' id='word_1_125' title='bbox 2770 991 3019 1058; x_wconf 78' lang='lat' dir='ltr'><strong>Miscell.,</strong></span> <span class='ocrx_word' id='word_1_126' title='bbox 3067 1000 3194 1049; x_wconf 90' lang='lat' dir='ltr'><strong>tom.</strong></span> <span class='ocrx_word' id='word_1_127' title='bbox 3227 994 3294 1067; x_wconf 86' lang='lat'><strong>1.]</strong></span> 
     </span>
    </p>
   </div>
   <div class='ocr_carea' id='block_1_25' title="bbox 2095 1096 3599 1171">
    <p class='ocr_par' dir='ltr' id='par_1_25' title="bbox 2095 1096 3599 1171">
     <span class='ocr_line' id='line_1_25' title="bbox 2095 1096 3599 1171; baseline 0.009 -22"><span class='ocrx_word' id='word_1_128' title='bbox 2095 1096 2364 1153; x_wconf 77' lang='lat' dir='ltr'><strong>ADRIANUS</strong></span> <span class='ocrx_word' id='word_1_129' title='bbox 2404 1101 2707 1170; x_wconf 89' lang='lat' dir='ltr'><strong>episcopus,</strong></span> <span class='ocrx_word' id='word_1_130' title='bbox 2739 1116 2930 1158; x_wconf 86' lang='lat' dir='ltr'><strong>servus</strong></span> <span class='ocrx_word' id='word_1_131' title='bbox 2957 1118 3236 1159; x_wconf 89' lang='lat' dir='ltr'><strong>servorum</strong></span> <span class='ocrx_word' id='word_1_132' title='bbox 3280 1106 3395 1171; x_wconf 90' lang='lat' dir='ltr'><strong>Dei,</strong></span> <span class='ocrx_word' id='word_1_133' title='bbox 3434 1115 3599 1164; x_wconf 78' lang='lat' dir='ltr'><strong>vene-</strong></span> 
     </span>
    </p>
   </div>
   <div class='ocr_carea' id='block_1_26' title="bbox 2025 1186 3599 1269">
    <p class='ocr_par' dir='ltr' id='par_1_26' title="bbox 2025 1186 3599 1269">
     <span class='ocr_line' id='line_1_26' title="bbox 2025 1186 3599 1269; baseline 0.011 -30"><span class='ocrx_word' id='word_1_134' title='bbox 2025 1186 2179 1241; x_wconf 89' lang='lat' dir='ltr'><strong>rabili</strong></span> <span class='ocrx_word' id='word_1_135' title='bbox 2226 1187 2379 1242; x_wconf 88' lang='lat' dir='ltr'><strong>fratri</strong></span> <span class='ocrx_word' id='word_1_136' title='bbox 2414 1188 2474 1242; x_wconf 88' lang='grc' dir='ltr'><strong>Β.</strong></span> <span class='ocrx_word' id='word_1_137' title='bbox 2510 1190 2720 1246; x_wconf 85' lang='lat' dir='ltr'><strong>Cathal.</strong></span> <span class='ocrx_word' id='word_1_138' title='bbox 2751 1194 3004 1263; x_wconf 90' lang='lat' dir='ltr'><strong>episcopo</strong></span> <span class='ocrx_word' id='word_1_139' title='bbox 3048 1196 3271 1252; x_wconf 91' lang='lat' dir='ltr'><strong>salutem</strong></span> <span class='ocrx_word' id='word_1_140' title='bbox 3301 1207 3357 1252; x_wconf 91' lang='lat' dir='ltr'><strong>et</strong></span> <span class='ocrx_word' id='word_1_141' title='bbox 3382 1208 3599 1269; x_wconf 87' lang='lat' dir='ltr'><strong>aposto-</strong></span> 
     </span>
    </p>
   </div>
   <div class='ocr_carea' id='block_1_27' title="bbox 2022 1272 2672 1334">
    <p class='ocr_par' dir='ltr' id='par_1_27' title="bbox 2022 1272 2672 1334">
     <span class='ocr_line' id='line_1_27' title="bbox 2022 1272 2672 1334; baseline 0.011 -8"><span class='ocrx_word' id='word_1_142' title='bbox 2022 1272 2182 1329; x_wconf 89' lang='lat' dir='ltr'><strong>licam</strong></span> <span class='ocrx_word' id='word_1_143' title='bbox 2215 1275 2672 1334; x_wconf 89' lang='lat' dir='ltr'><strong>benedictionem.</strong></span> 
     </span>
    </p>
   </div>
   <div class='ocr_carea' id='block_1_28' title="bbox 2094 1364 3604 1434">
    <p class='ocr_par' dir='ltr' id='par_1_28' title="bbox 2094 1364 3604 1434">
     <span class='ocr_line' id='line_1_28' title="bbox 2094 1364 3604 1434; baseline 0.009 -18"><span class='ocrx_word' id='word_1_144' title='bbox 2094 1364 2178 1417; x_wconf 85' lang='lat' dir='ltr'><strong>Ad</strong></span> <span class='ocrx_word' id='word_1_145' title='bbox 2207 1366 2513 1434; x_wconf 82' lang='lat' dir='ltr'><strong>apostolicae</strong></span> <span class='ocrx_word' id='word_1_146' title='bbox 2536 1369 2679 1423; x_wconf 90' lang='lat' dir='ltr'><strong>sedis</strong></span> <span class='ocrx_word' id='word_1_147' title='bbox 2705 1371 2952 1425; x_wconf 86' lang='lat' dir='ltr'><strong>notitiam</strong></span> <span class='ocrx_word' id='word_1_148' title='bbox 2980 1380 3070 1425; x_wconf 89' lang='lat' dir='ltr'><strong>tua</strong></span> <span class='ocrx_word' id='word_1_149' title='bbox 3102 1371 3415 1429; x_wconf 80' lang='lat' dir='ltr'><strong>fraternitas</strong></span> <span class='ocrx_word' id='word_1_150' title='bbox 3442 1390 3604 1430; x_wconf 89' lang='lat' dir='ltr'><strong>nove-</strong></span> 
     </span>
    </p>
   </div>
   <div class='ocr_carea' id='block_1_29' title="bbox 2024 1452 3602 1530">
    <p class='ocr_par' dir='ltr' id='par_1_29' title="bbox 2024 1452 3602 1530">
     <span class='ocr_line' id='line_1_29' title="bbox 2024 1452 3602 1530; baseline 0.01 -25"><span class='ocrx_word' id='word_1_151' title='bbox 2024 1452 2096 1507; x_wconf 89' lang='lat' dir='ltr'><strong>rit</strong></span> <span class='ocrx_word' id='word_1_152' title='bbox 2118 1455 2426 1521; x_wconf 88' lang='lat' dir='ltr'><strong>pervenisse</strong></span> <span class='ocrx_word' id='word_1_153' title='bbox 2454 1456 2592 1512; x_wconf 89' lang='lat' dir='ltr'><strong>inter</strong></span> <span class='ocrx_word' id='word_1_154' title='bbox 2617 1461 2903 1527; x_wconf 88' lang='lat' dir='ltr'><strong>quemdam</strong></span> <span class='ocrx_word' id='word_1_155' title='bbox 2936 1462 3332 1530; x_wconf 88' lang='lat' dir='ltr'><strong>parochianum</strong></span> <span class='ocrx_word' id='word_1_156' title='bbox 3366 1472 3512 1518; x_wconf 88' lang='lat' dir='ltr'><strong>tuum</strong></span> <span class='ocrx_word' id='word_1_157' title='bbox 3547 1473 3602 1520; x_wconf 89' lang='lat' dir='ltr'><strong>et</strong></span> 
     </span>
    </p>
   </div>
   <div class='ocr_carea' id='block_1_30' title="bbox 2025 1542 3603 1625">
    <p class='ocr_par' dir='ltr' id='par_1_30' title="bbox 2025 1542 3603 1625">
     <span class='ocr_line' id='line_1_30' title="bbox 2025 1542 3603 1625; baseline 0.011 -29"><span class='ocrx_word' id='word_1_158' title='bbox 2025 1542 2189 1597; x_wconf 82' lang='lat' dir='ltr'><strong>ﬁliam</strong></span> <span class='ocrx_word' id='word_1_159' title='bbox 2241 1545 2521 1613; x_wconf 89' lang='lat' dir='ltr'><strong>cujusdam</strong></span> <span class='ocrx_word' id='word_1_160' title='bbox 2567 1550 2781 1616; x_wconf 77' lang='lat' dir='ltr'><strong>viduae,</strong></span> <span class='ocrx_word' id='word_1_161' title='bbox 2815 1554 3094 1623; x_wconf 89' lang='lat' dir='ltr'><strong>utriusque</strong></span> <span class='ocrx_word' id='word_1_162' title='bbox 3141 1558 3309 1625; x_wconf 89' lang='lat' dir='ltr'><strong>partis</strong></span> <span class='ocrx_word' id='word_1_163' title='bbox 3358 1574 3603 1624; x_wconf 85' lang='lat' dir='ltr'><strong>assensu,</strong></span> 
     </span>
    </p>
   </div>
   <div class='ocr_carea' id='block_1_31' title="bbox 2027 1635 3605 1713">
    <p class='ocr_par' dir='ltr' id='par_1_31' title="bbox 2027 1635 3605 1713">
     <span class='ocr_line' id='line_1_31' title="bbox 2027 1635 3605 1713; baseline 0.011 -26"><span class='ocrx_word' id='word_1_164' title='bbox 2027 1635 2488 1691; x_wconf 87' lang='lat' dir='ltr'><strong>consentientibus</strong></span> <span class='ocrx_word' id='word_1_165' title='bbox 2530 1640 2692 1694; x_wconf 86' lang='lat' dir='ltr'><strong>etiam</strong></span> <span class='ocrx_word' id='word_1_166' title='bbox 2741 1644 3056 1710; x_wconf 82' lang='lat' dir='ltr'><strong>parentibus</strong></span> <span class='ocrx_word' id='word_1_167' title='bbox 3084 1647 3389 1713; x_wconf 84' lang='lat' dir='ltr'><strong>et&#39;amicis,</strong></span> <span class='ocrx_word' id='word_1_168' title='bbox 3419 1652 3605 1704; x_wconf 89' lang='lat' dir='ltr'><strong>matri-</strong></span> 
     </span>
    </p>
   </div>
   <div class='ocr_carea' id='block_1_32' title="bbox 2026 1724 3602 1807">
    <p class='ocr_par' dir='ltr' id='par_1_32' title="bbox 2026 1724 3602 1807">
     <span class='ocr_line' id='line_1_32' title="bbox 2026 1724 3602 1807; baseline 0.011 -31"><span class='ocrx_word' id='word_1_169' title='bbox 2026 1724 2267 1779; x_wconf 83' lang='lat' dir='ltr'><strong>monium</strong></span> <span class='ocrx_word' id='word_1_170' title='bbox 2309 1729 2578 1795; x_wconf 88' lang='lat' dir='ltr'><strong>quondam</strong></span> <span class='ocrx_word' id='word_1_171' title='bbox 2610 1730 2776 1786; x_wconf 85' lang='lat' dir='ltr'><strong>fuisse</strong></span> <span class='ocrx_word' id='word_1_172' title='bbox 2804 1742 3161 1789; x_wconf 85' lang='lat' dir='ltr'><strong>contractum.</strong></span> <span class='ocrx_word' id='word_1_173' title='bbox 3210 1737 3313 1793; x_wconf 88' lang='lat' dir='ltr'><strong>Sed</strong></span> <span class='ocrx_word' id='word_1_174' title='bbox 3355 1740 3478 1807; x_wconf 87' lang='lat' dir='ltr'><strong>quia</strong></span> <span class='ocrx_word' id='word_1_175' title='bbox 3510 1755 3602 1795; x_wconf 91' lang='lat' dir='ltr'><strong>sa-</strong></span> 
     </span>
    </p>
   </div>
   <div class='ocr_carea' id='block_1_33' title="bbox 314 1814 3603 1894">
    <p class='ocr_par' dir='ltr' id='par_1_33' title="bbox 314 1814 3603 1894">
     <span class='ocr_line' id='line_1_33' title="bbox 314 1814 3603 1894; baseline 0.006 -31"><span class='ocrx_word' id='word_1_176' title='bbox 314 1824 493 1877; x_wconf 62' lang='lat' dir='ltr'><strong>valde</strong></span> <span class='ocrx_word' id='word_1_177' title='bbox 529 1823 739 1877; x_wconf 62' lang='lat' dir='ltr'><strong>tristem</strong></span> <span class='ocrx_word' id='word_1_178' title='bbox 788 1833 1009 1893; x_wconf 62' lang='lat' dir='ltr'><strong>propter</strong></span> <span class='ocrx_word' id='word_1_179' title='bbox 1059 1824 1490 1892; x_wconf 58' lang='lat' dir='ltr'><strong>persecutionem</strong></span> <span class='ocrx_word' id='word_1_180' title='bbox 1539 1837 1912 1893; x_wconf 68' lang='lat' dir='ltr'><strong>paganorum;</strong></span> <span class='ocrx_word' id='word_1_181' title='bbox 1945 1833 1989 1894; x_wconf 68' lang='grc' dir='ltr'>Ο</span> <span class='ocrx_word' id='word_1_182' title='bbox 2024 1814 2214 1868; x_wconf 64' lang='grc'><strong>081⁵008</strong></span> <span class='ocrx_word' id='word_1_183' title='bbox 2244 1815 2382 1870; x_wconf 72' lang='lat' dir='ltr'><strong>data:</strong></span> <span class='ocrx_word' id='word_1_184' title='bbox 2420 1818 2668 1888; x_wconf 86' lang='lat' dir='ltr'><strong>utrinque</strong></span> <span class='ocrx_word' id='word_1_185' title='bbox 2696 1820 2818 1876; x_wconf 86' lang='lat' dir='ltr'><strong>ﬁdei</strong></span> <span class='ocrx_word' id='word_1_186' title='bbox 2846 1834 2955 1878; x_wconf 80' lang='lat' dir='ltr'><strong>non</strong></span> <span class='ocrx_word' id='word_1_187' title='bbox 2988 1824 3252 1892; x_wconf 84' lang='lat' dir='ltr'><strong>interfuit,</strong></span> <span class='ocrx_word' id='word_1_188' title='bbox 3277 1843 3398 1882; x_wconf 88' lang='lat' dir='ltr'><strong>cum</strong></span> <span class='ocrx_word' id='word_1_189' title='bbox 3425 1837 3603 1884; x_wconf 83' lang='lat' dir='ltr'><strong>tamen</strong></span> 
     </span>
    </p>
   </div>
   <div class='ocr_carea' id='block_1_34' title="bbox 316 1912 1924 1983">
    <p class='ocr_par' dir='ltr' id='par_1_34' title="bbox 316 1912 1924 1983">
     <span class='ocr_line' id='line_1_34' title="bbox 316 1912 1924 1983; baseline -0.001 -15"><span class='ocrx_word' id='word_1_190' title='bbox 316 1924 388 1968; x_wconf 87' lang='lat' dir='ltr'><strong>et</strong></span> <span class='ocrx_word' id='word_1_191' title='bbox 414 1928 538 1969; x_wconf 91' lang='lat' dir='ltr'><strong>cum</strong></span> <span class='ocrx_word' id='word_1_192' title='bbox 561 1928 750 1968; x_wconf 91' lang='lat' dir='ltr'><strong>omnes</strong></span> <span class='ocrx_word' id='word_1_193' title='bbox 784 1913 894 1967; x_wconf 90' lang='lat' dir='ltr'><strong>sint</strong></span> <span class='ocrx_word' id='word_1_194' title='bbox 914 1927 1048 1982; x_wconf 91' lang='lat' dir='ltr'><strong>pene</strong></span> <span class='ocrx_word' id='word_1_195' title='bbox 1072 1928 1156 1967; x_wconf 89' lang='lat' dir='ltr'><strong>res</strong></span> <span class='ocrx_word' id='word_1_196' title='bbox 1186 1912 1352 1983; x_wconf 90' lang='lat' dir='ltr'><strong>ipsius</strong></span> <span class='ocrx_word' id='word_1_197' title='bbox 1397 1912 1653 1967; x_wconf 86' lang='lat' dir='ltr'><strong>Ecclesiae</strong></span> <span class='ocrx_word' id='word_1_198' title='bbox 1684 1913 1924 1982; x_wconf 90' lang='lat' dir='ltr'><strong>depopu-</strong></span> 
     </span>
    </p>
   </div>
   <div class='ocr_carea' id='block_1_35' title="bbox 319 2003 1928 2075">
    <p class='ocr_par' dir='ltr' id='par_1_35' title="bbox 319 2003 1928 2075">
     <span class='ocr_line' id='line_1_35' title="bbox 319 2003 1928 2075; baseline -0.001 -15"><span class='ocrx_word' id='word_1_199' title='bbox 319 2006 480 2070; x_wconf 81' lang='lat' dir='ltr'><strong>latae,</strong></span> <span class='ocrx_word' id='word_1_200' title='bbox 520 2020 802 2074; x_wconf 87' lang='lat' dir='ltr'><strong>precamur</strong></span> <span class='ocrx_word' id='word_1_201' title='bbox 832 2005 1191 2075; x_wconf 79' lang='lat' dir='ltr'><strong>largissimam</strong></span> <span class='ocrx_word' id='word_1_202' title='bbox 1222 2003 1651 2059; x_wconf 76' lang='lat' dir='ltr'><strong>munificentiam</strong></span> <span class='ocrx_word' id='word_1_203' title='bbox 1696 2011 1753 2058; x_wconf 89' lang='lat' dir='ltr'><strong>et</strong></span> <span class='ocrx_word' id='word_1_204' title='bbox 1797 2005 1928 2058; x_wconf 87' lang='lat' dir='ltr'><strong>cha-</strong></span> 
     </span>
    </p>
   </div>
   <div class='ocr_carea' id='block_1_36' title="bbox 321 2092 1919 2161">
    <p class='ocr_par' dir='ltr' id='par_1_36' title="bbox 321 2092 1919 2161">
     <span class='ocr_line' id='line_1_36' title="bbox 321 2092 1919 2161; baseline -0.003 -9"><span class='ocrx_word' id='word_1_205' title='bbox 321 2099 553 2152; x_wconf 84' lang='lat' dir='ltr'><strong>ritatem</strong></span> <span class='ocrx_word' id='word_1_206' title='bbox 574 2105 828 2161; x_wconf 89' lang='lat' dir='ltr'><strong>vestram,</strong></span> <span class='ocrx_word' id='word_1_207' title='bbox 854 2098 922 2151; x_wconf 92' lang='lat' dir='ltr'><strong>ob</strong></span> <span class='ocrx_word' id='word_1_208' title='bbox 950 2111 1191 2150; x_wconf 89' lang='lat' dir='ltr'><strong>amorem</strong></span> <span class='ocrx_word' id='word_1_209' title='bbox 1216 2096 1311 2150; x_wconf 89' lang='lat' dir='ltr'><strong>Dei</strong></span> <span class='ocrx_word' id='word_1_210' title='bbox 1334 2106 1389 2150; x_wconf 89' lang='lat' dir='ltr'><strong>et</strong></span> <span class='ocrx_word' id='word_1_211' title='bbox 1410 2094 1584 2149; x_wconf 86' lang='lat' dir='ltr'><strong>sancti</strong></span> <span class='ocrx_word' id='word_1_212' title='bbox 1630 2092 1773 2148; x_wconf 88' lang='lat' dir='ltr'><strong>Petri</strong></span> <span class='ocrx_word' id='word_1_213' title='bbox 1827 2108 1919 2148; x_wconf 87' lang='lat' dir='ltr'><strong>no-</strong></span> 
     </span>
    </p>
   </div>
   <div class='ocr_carea' id='block_1_37' title="bbox 319 2174 1926 2256">
    <p class='ocr_par' dir='ltr' id='par_1_37' title="bbox 319 2174 1926 2256">
     <span class='ocr_line' id='line_1_37' title="bbox 319 2174 1926 2256; baseline -0.004 -15"><span class='ocrx_word' id='word_1_214' title='bbox 319 2196 610 2256; x_wconf 78' lang='lat' dir='ltr'><strong>stramque</strong></span> <span class='ocrx_word' id='word_1_215' title='bbox 636 2186 1173 2255; x_wconf 88' lang='lat' dir='ltr'><strong>deprecationem,et</strong></span> <span class='ocrx_word' id='word_1_216' title='bbox 1219 2186 1320 2240; x_wconf 91' lang='lat' dir='ltr'><strong>hoc</strong></span> <span class='ocrx_word' id='word_1_217' title='bbox 1370 2185 1441 2238; x_wconf 89' lang='lat' dir='ltr'><strong>sit</strong></span> <span class='ocrx_word' id='word_1_218' title='bbox 1490 2185 1546 2237; x_wconf 93' lang='lat' dir='ltr'><strong>in</strong></span> <span class='ocrx_word' id='word_1_219' title='bbox 1611 2174 1926 2236; x_wconf 85' lang='lat' dir='ltr'><strong>memoriale</strong></span> 
     </span>
    </p>
   </div>
   <div class='ocr_carea' id='block_1_38' title="bbox 320 2269 1925 2344">
    <p class='ocr_par' dir='ltr' id='par_1_38' title="bbox 320 2269 1925 2344">
     <span class='ocr_line' id='line_1_38' title="bbox 320 2269 1925 2344; baseline -0.002 -17"><span class='ocrx_word' id='word_1_220' title='bbox 320 2284 673 2344; x_wconf 81' lang='lat' dir='ltr'><strong>perpetuum,</strong></span> <span class='ocrx_word' id='word_1_221' title='bbox 698 2274 840 2340; x_wconf 84' lang='lat' dir='ltr'><strong>quod</strong></span> <span class='ocrx_word' id='word_1_222' title='bbox 867 2273 1247 2326; x_wconf 86' lang='lat' dir='ltr'><strong>eoneesseritis</strong></span> <span class='ocrx_word' id='word_1_223' title='bbox 1281 2272 1439 2326; x_wconf 89' lang='lat' dir='ltr'><strong>nobis</strong></span> <span class='ocrx_word' id='word_1_224' title='bbox 1480 2273 1581 2325; x_wconf 91' lang='lat' dir='ltr'><strong>hoc</strong></span> <span class='ocrx_word' id='word_1_225' title='bbox 1610 2269 1835 2334; x_wconf 91' lang='lat' dir='ltr'><strong>donum,</strong></span> <span class='ocrx_word' id='word_1_226' title='bbox 1864 2278 1925 2323; x_wconf 91' lang='lat' dir='ltr'><strong>ut</strong></span> 
     </span>
    </p>
   </div>
   <div class='ocr_carea' id='block_1_39' title="bbox 324 2358 1921 2430">
    <p class='ocr_par' dir='ltr' id='par_1_39' title="bbox 324 2358 1921 2430">
     <span class='ocr_line' id='line_1_39' title="bbox 324 2358 1921 2430; baseline -0.001 -15"><span class='ocrx_word' id='word_1_227' title='bbox 324 2378 443 2416; x_wconf 82' lang='lat' dir='ltr'><strong>non</strong></span> <span class='ocrx_word' id='word_1_228' title='bbox 476 2360 755 2430; x_wconf 87' lang='lat' dir='ltr'><strong>patiamini</strong></span> <span class='ocrx_word' id='word_1_229' title='bbox 789 2367 994 2413; x_wconf 90' lang='lat' dir='ltr'><strong>tantum</strong></span> <span class='ocrx_word' id='word_1_230' title='bbox 1020 2358 1196 2412; x_wconf 88' lang='lat' dir='ltr'><strong>locum</strong></span> <span class='ocrx_word' id='word_1_231' title='bbox 1218 2373 1438 2427; x_wconf 87' lang='lat' dir='ltr'><strong>pessum</strong></span> <span class='ocrx_word' id='word_1_232' title='bbox 1462 2359 1565 2423; x_wconf 86' lang='lat' dir='ltr'><strong>ire,</strong></span> <span class='ocrx_word' id='word_1_233' title='bbox 1607 2368 1660 2413; x_wconf 89' lang='lat' dir='ltr'><strong>et</strong></span> <span class='ocrx_word' id='word_1_234' title='bbox 1687 2360 1742 2413; x_wconf 91' lang='lat' dir='ltr'><strong>in</strong></span> <span class='ocrx_word' id='word_1_235' title='bbox 1765 2359 1921 2414; x_wconf 85' lang='lat' dir='ltr'><strong>deso-</strong></span> 
     </span>
    </p>
   </div>
   <div class='ocr_carea' id='block_1_40' title="bbox 326 2444 1921 2517">
    <p class='ocr_par' dir='ltr' id='par_1_40' title="bbox 326 2444 1921 2517">
     <span class='ocr_line' id='line_1_40' title="bbox 326 2444 1921 2517; baseline 0 -15"><span class='ocrx_word' id='word_1_236' title='bbox 326 2448 613 2514; x_wconf 86' lang='lat' dir='ltr'><strong>lationem,</strong></span> <span class='ocrx_word' id='word_1_237' title='bbox 628 2447 932 2517; x_wconf 68' lang='lat' dir='ltr'><strong>prtesertim</strong></span> <span class='ocrx_word' id='word_1_238' title='bbox 948 2460 1069 2502; x_wconf 89' lang='lat' dir='ltr'><strong>cum</strong></span> <span class='ocrx_word' id='word_1_239' title='bbox 1083 2444 1245 2500; x_wconf 86' lang='lat' dir='ltr'><strong>fuerit</strong></span> <span class='ocrx_word' id='word_1_240' title='bbox 1258 2462 1324 2500; x_wconf 78' lang='lat' dir='ltr'><strong>ex</strong></span> <span class='ocrx_word' id='word_1_241' title='bbox 1345 2448 1567 2517; x_wconf 87' lang='lat' dir='ltr'><strong>antiquo</strong></span> <span class='ocrx_word' id='word_1_242' title='bbox 1581 2448 1894 2515; x_wconf 85' lang='lat' dir='ltr'><strong>metropolis</strong></span> <span class='ocrx_word' id='word_1_243' title='bbox 1905 2487 1921 2512; x_wconf 86' lang='lat'><strong>,</strong></span> 
     </span>
    </p>
   </div>
   <div class='ocr_carea' id='block_1_41' title="bbox 324 2536 1920 2609">
    <p class='ocr_par' dir='ltr' id='par_1_41' title="bbox 324 2536 1920 2609">
     <span class='ocr_line' id='line_1_41' title="bbox 324 2536 1920 2609; baseline -0.003 -15"><span class='ocrx_word' id='word_1_244' title='bbox 324 2548 389 2595; x_wconf 89' lang='lat' dir='ltr'><strong>et</strong></span> <span class='ocrx_word' id='word_1_245' title='bbox 412 2539 624 2594; x_wconf 89' lang='lat' dir='ltr'><strong>meritis</strong></span> <span class='ocrx_word' id='word_1_246' title='bbox 663 2536 1035 2609; x_wconf 86' lang='lat' dir='ltr'><strong>gloriosissimi</strong></span> <span class='ocrx_word' id='word_1_247' title='bbox 1091 2537 1420 2593; x_wconf 89' lang='lat' dir='ltr'><strong>confessoris</strong></span> <span class='ocrx_word' id='word_1_248' title='bbox 1450 2537 1651 2593; x_wconf 86' lang='lat' dir='ltr'><strong>Christi</strong></span> <span class='ocrx_word' id='word_1_249' title='bbox 1702 2536 1920 2591; x_wconf 85' lang='lat' dir='ltr'><strong>Martini</strong></span> 
     </span>
    </p>
   </div>
   <div class='ocr_carea' id='block_1_42' title="bbox 314 2626 1921 2699">
    <p class='ocr_par' dir='ltr' id='par_1_42' title="bbox 314 2626 1921 2699">
     <span class='ocr_line' id='line_1_42' title="bbox 314 2626 1921 2699; baseline -0.004 -11"><span class='ocrx_word' id='word_1_250' title='bbox 314 2626 685 2697; x_wconf 78' lang='lat' dir='ltr'><strong>honorabilis,</strong></span> <span class='ocrx_word' id='word_1_251' title='bbox 719 2643 1040 2699; x_wconf 85' lang='lat' dir='ltr'><strong>semperque</strong></span> <span class='ocrx_word' id='word_1_252' title='bbox 1068 2628 1412 2693; x_wconf 87' lang='lat' dir='ltr'><strong>venerabilis,</strong></span> <span class='ocrx_word' id='word_1_253' title='bbox 1461 2636 1516 2683; x_wconf 91' lang='lat' dir='ltr'><strong>et</strong></span> <span class='ocrx_word' id='word_1_254' title='bbox 1565 2628 1709 2683; x_wconf 86' lang='lat' dir='ltr'><strong>inter</strong></span> <span class='ocrx_word' id='word_1_255' title='bbox 1754 2626 1921 2683; x_wconf 81' lang='lat' dir='ltr'><strong>Galli-</strong></span> 
     </span>
    </p>
   </div>
   <div class='ocr_carea' id='block_1_43' title="bbox 324 2716 1920 2788">
    <p class='ocr_par' dir='ltr' id='par_1_43' title="bbox 324 2716 1920 2788">
     <span class='ocr_line' id='line_1_43' title="bbox 324 2716 1920 2788; baseline -0.004 -11"><span class='ocrx_word' id='word_1_256' title='bbox 324 2737 499 2778; x_wconf 80' lang='lat' dir='ltr'><strong>canas</strong></span> <span class='ocrx_word' id='word_1_257' title='bbox 518 2722 708 2777; x_wconf 86' lang='lat' dir='ltr'><strong>eadem</strong></span> <span class='ocrx_word' id='word_1_258' title='bbox 735 2720 818 2777; x_wconf 89' lang='lat' dir='ltr'><strong>vel</strong></span> <span class='ocrx_word' id='word_1_259' title='bbox 844 2719 1079 2775; x_wconf 85' lang='lat' dir='ltr'><strong>secunda</strong></span> <span class='ocrx_word' id='word_1_260' title='bbox 1109 2719 1195 2774; x_wconf 88' lang='lat' dir='ltr'><strong>vel</strong></span> <span class='ocrx_word' id='word_1_261' title='bbox 1234 2719 1393 2775; x_wconf 83' lang='lat' dir='ltr'><strong>tertia</strong></span> <span class='ocrx_word' id='word_1_262' title='bbox 1421 2719 1698 2788; x_wconf 86' lang='lat' dir='ltr'><strong>provincia</strong></span> <span class='ocrx_word' id='word_1_263' title='bbox 1748 2716 1920 2772; x_wconf 90' lang='lat' dir='ltr'><strong>Turo-</strong></span> 
     </span>
    </p>
   </div>
   <div class='ocr_carea' id='block_1_44' title="bbox 329 2809 1920 2881">
    <p class='ocr_par' dir='ltr' id='par_1_44' title="bbox 329 2809 1920 2881">
     <span class='ocr_line' id='line_1_44' title="bbox 329 2809 1920 2881; baseline -0.003 -15"><span class='ocrx_word' id='word_1_264' title='bbox 329 2813 538 2878; x_wconf 82' lang='lat' dir='ltr'><strong>nensis,</strong></span> <span class='ocrx_word' id='word_1_265' title='bbox 567 2821 622 2867; x_wconf 90' lang='lat' dir='ltr'><strong>et</strong></span> <span class='ocrx_word' id='word_1_266' title='bbox 646 2811 830 2867; x_wconf 77' lang='lat' dir='ltr'><strong>multis</strong></span> <span class='ocrx_word' id='word_1_267' title='bbox 858 2826 978 2881; x_wconf 74' lang='lat' dir='ltr'><strong>quae</strong></span> <span class='ocrx_word' id='word_1_268' title='bbox 1010 2810 1076 2865; x_wconf 89' lang='lat' dir='ltr'><strong>ab</strong></span> <span class='ocrx_word' id='word_1_269' title='bbox 1116 2824 1179 2865; x_wconf 87' lang='lat' dir='ltr'><strong>ea</strong></span> <span class='ocrx_word' id='word_1_270' title='bbox 1224 2810 1496 2866; x_wconf 73' lang='lat' dir='ltr'><strong>distracta:</strong></span> <span class='ocrx_word' id='word_1_271' title='bbox 1547 2816 1692 2874; x_wconf 88' lang='lat' dir='ltr'><strong>sunt,</strong></span> <span class='ocrx_word' id='word_1_272' title='bbox 1750 2809 1920 2863; x_wconf 87' lang='lat' dir='ltr'><strong>ditata</strong></span> 
     </span>
    </p>
   </div>
   <div class='ocr_carea' id='block_1_45' title="bbox 327 2900 1920 2973">
    <p class='ocr_par' dir='ltr' id='par_1_45' title="bbox 327 2900 1920 2973">
     <span class='ocr_line' id='line_1_45' title="bbox 327 2900 1920 2973; baseline -0.001 -18"><span class='ocrx_word' id='word_1_273' title='bbox 327 2903 495 2969; x_wconf 89' lang='lat' dir='ltr'><strong>villis,</strong></span> <span class='ocrx_word' id='word_1_274' title='bbox 529 2902 959 2973; x_wconf 89' lang='lat' dir='ltr'><strong>possessionibus</strong></span> <span class='ocrx_word' id='word_1_275' title='bbox 983 2910 1039 2956; x_wconf 90' lang='lat' dir='ltr'><strong>et</strong></span> <span class='ocrx_word' id='word_1_276' title='bbox 1094 2902 1349 2956; x_wconf 89' lang='lat' dir='ltr'><strong>abbatiis.</strong></span> <span class='ocrx_word' id='word_1_277' title='bbox 1386 2901 1454 2955; x_wconf 88' lang='lat' dir='ltr'><strong>Et</strong></span> <span class='ocrx_word' id='word_1_278' title='bbox 1481 2916 1602 2956; x_wconf 91' lang='lat' dir='ltr'><strong>cum</strong></span> <span class='ocrx_word' id='word_1_279' title='bbox 1632 2900 1768 2965; x_wconf 82' lang='lat' dir='ltr'><strong>aliae,</strong></span> <span class='ocrx_word' id='word_1_280' title='bbox 1799 2914 1920 2969; x_wconf 88' lang='lat' dir='ltr'><strong>quae</strong></span> 
     </span>
    </p>
   </div>
   <div class='ocr_carea' id='block_1_46' title="bbox 329 2992 1920 3064">
    <p class='ocr_par' dir='ltr' id='par_1_46' title="bbox 329 2992 1920 3064">
     <span class='ocr_line' id='line_1_46' title="bbox 329 2992 1920 3064; baseline -0.003 -13"><span class='ocrx_word' id='word_1_281' title='bbox 329 2998 432 3052; x_wconf 82' lang='lat' dir='ltr'><strong>sub</strong></span> <span class='ocrx_word' id='word_1_282' title='bbox 452 3010 517 3051; x_wconf 87' lang='lat' dir='ltr'><strong>ea</strong></span> <span class='ocrx_word' id='word_1_283' title='bbox 542 3005 686 3062; x_wconf 86' lang='lat' dir='ltr'><strong>sunt,</strong></span> <span class='ocrx_word' id='word_1_284' title='bbox 714 2995 1101 3063; x_wconf 84' lang='lat' dir='ltr'><strong>civitatesjum</strong></span> <span class='ocrx_word' id='word_1_285' title='bbox 1126 2995 1236 3049; x_wconf 91' lang='lat' dir='ltr'><strong>sint</strong></span> <span class='ocrx_word' id='word_1_286' title='bbox 1278 3010 1415 3064; x_wconf 90' lang='lat' dir='ltr'><strong>pene</strong></span> <span class='ocrx_word' id='word_1_287' title='bbox 1465 2995 1777 3057; x_wconf 68' lang='lat' dir='ltr'><strong>destructas,</strong></span> <span class='ocrx_word' id='word_1_288' title='bbox 1824 2992 1920 3046; x_wconf 87' lang='lat' dir='ltr'><strong>ha-</strong></span> 
     </span>
    </p>
   </div>
   <div class='ocr_carea' id='block_1_47' title="bbox 330 3082 1919 3156">
    <p class='ocr_par' dir='ltr' id='par_1_47' title="bbox 330 3082 1919 3156">
     <span class='ocr_line' id='line_1_47' title="bbox 330 3082 1919 3156; baseline -0.004 -14"><span class='ocrx_word' id='word_1_289' title='bbox 330 3102 452 3142; x_wconf 86' lang='lat' dir='ltr'><strong>rum</strong></span> <span class='ocrx_word' id='word_1_290' title='bbox 480 3087 955 3141; x_wconf 81' lang='lat' dir='ltr'><strong>matrem&#39;tantam</strong></span> <span class='ocrx_word' id='word_1_291' title='bbox 976 3092 1033 3140; x_wconf 88' lang='lat' dir='ltr'><strong>et</strong></span> <span class='ocrx_word' id='word_1_292' title='bbox 1070 3085 1406 3156; x_wconf 89' lang='lat' dir='ltr'><strong>metropolim</strong></span> <span class='ocrx_word' id='word_1_293' title='bbox 1434 3100 1501 3138; x_wconf 90' lang='lat' dir='ltr'><strong>ne</strong></span> <span class='ocrx_word' id='word_1_294' title='bbox 1525 3082 1805 3153; x_wconf 86' lang='lat' dir='ltr'><strong>patiamini</strong></span> <span class='ocrx_word' id='word_1_295' title='bbox 1828 3083 1919 3136; x_wconf 92' lang='lat' dir='ltr'><strong>de-</strong></span> 
     </span>
    </p>
   </div>
   <div class='ocr_carea' id='block_1_48' title="bbox 329 3171 1989 3242">
    <p class='ocr_par' dir='ltr' id='par_1_48' title="bbox 329 3171 1989 3242">
     <span class='ocr_line' id='line_1_48' title="bbox 329 3171 1989 3242; baseline -0.003 -12"><span class='ocrx_word' id='word_1_296' title='bbox 329 3175 761 3242; x_wconf 86' lang='lat' dir='ltr'><strong>strui,desolari,</strong></span> <span class='ocrx_word' id='word_1_297' title='bbox 789 3183 843 3230; x_wconf 93' lang='lat' dir='ltr'><strong>et</strong></span> <span class='ocrx_word' id='word_1_298' title='bbox 864 3175 1190 3229; x_wconf 81' lang='lat' dir='ltr'><strong>delionorari</strong></span> <span class='ocrx_word' id='word_1_299' title='bbox 1212 3182 1393 3228; x_wconf 88' lang='lat' dir='ltr'><strong>vestro</strong></span> <span class='ocrx_word' id='word_1_300' title='bbox 1414 3174 1469 3227; x_wconf 92' lang='lat' dir='ltr'><strong>in</strong></span> <span class='ocrx_word' id='word_1_301' title='bbox 1492 3181 1752 3242; x_wconf 88' lang='lat' dir='ltr'><strong>tempore.</strong></span> <span class='ocrx_word' id='word_1_302' title='bbox 1774 3171 1912 3238; x_wconf 86' lang='lat' dir='ltr'><strong>Quin</strong></span> <span class='ocrx_word' id='word_1_303' title='bbox 1946 3178 1989 3238; x_wconf 73' lang='grc' dir='ltr'>ρ</span> 
     </span>
    </p>
   </div>
   <div class='ocr_carea' id='block_1_49' title="bbox 328 3264 1914 3336">
    <p class='ocr_par' dir='ltr' id='par_1_49' title="bbox 328 3264 1914 3336">
     <span class='ocr_line' id='line_1_49' title="bbox 328 3264 1914 3336; baseline -0.003 -15"><span class='ocrx_word' id='word_1_304' title='bbox 328 3268 513 3336; x_wconf 86' lang='lat' dir='ltr'><strong>potius</strong></span> <span class='ocrx_word' id='word_1_305' title='bbox 539 3266 748 3322; x_wconf 90' lang='lat' dir='ltr'><strong>studete</strong></span> <span class='ocrx_word' id='word_1_306' title='bbox 790 3281 909 3320; x_wconf 91' lang='lat' dir='ltr'><strong>eam</strong></span> <span class='ocrx_word' id='word_1_307' title='bbox 950 3266 1017 3320; x_wconf 90' lang='lat' dir='ltr'><strong>de</strong></span> <span class='ocrx_word' id='word_1_308' title='bbox 1071 3266 1231 3321; x_wconf 88' lang='lat' dir='ltr'><strong>rebus</strong></span> <span class='ocrx_word' id='word_1_309' title='bbox 1280 3266 1472 3319; x_wconf 85' lang='lat' dir='ltr'><strong>vestris</strong></span> <span class='ocrx_word' id='word_1_310' title='bbox 1518 3265 1773 3333; x_wconf 85' lang='lat' dir='ltr'><strong>propriis,</strong></span> <span class='ocrx_word' id='word_1_311' title='bbox 1828 3264 1914 3318; x_wconf 86' lang='lat' dir='ltr'><strong>vel</strong></span> 
     </span>
    </p>
   </div>
   <div class='ocr_carea' id='block_1_50' title="bbox 328 3353 1914 3427">
    <p class='ocr_par' dir='ltr' id='par_1_50' title="bbox 328 3353 1914 3427">
     <span class='ocr_line' id='line_1_50' title="bbox 328 3353 1914 3427; baseline -0.004 -17"><span class='ocrx_word' id='word_1_312' title='bbox 328 3356 517 3427; x_wconf 89' lang='lat' dir='ltr'><strong>procul</strong></span> <span class='ocrx_word' id='word_1_313' title='bbox 549 3357 617 3411; x_wconf 89' lang='lat' dir='ltr'><strong>ab</strong></span> <span class='ocrx_word' id='word_1_314' title='bbox 642 3370 702 3410; x_wconf 88' lang='lat' dir='ltr'><strong>ea</strong></span> <span class='ocrx_word' id='word_1_315' title='bbox 728 3355 935 3424; x_wconf 91' lang='lat' dir='ltr'><strong>positis,</strong></span> <span class='ocrx_word' id='word_1_316' title='bbox 963 3353 1045 3409; x_wconf 87' lang='lat' dir='ltr'><strong>vel</strong></span> <span class='ocrx_word' id='word_1_317' title='bbox 1076 3355 1205 3408; x_wconf 90' lang='lat' dir='ltr'><strong>tutis</strong></span> <span class='ocrx_word' id='word_1_318' title='bbox 1236 3369 1265 3407; x_wconf 91' lang='lat' dir='ltr'><strong>a</strong></span> <span class='ocrx_word' id='word_1_319' title='bbox 1295 3354 1536 3423; x_wconf 80' lang='lat' dir='ltr'><strong>paganis,</strong></span> <span class='ocrx_word' id='word_1_320' title='bbox 1570 3353 1761 3416; x_wconf 87' lang='lat' dir='ltr'><strong>ditare,</strong></span> <span class='ocrx_word' id='word_1_321' title='bbox 1786 3367 1914 3405; x_wconf 84' lang='lat' dir='ltr'><strong>con-</strong></span> 
     </span>
    </p>
   </div>
   <div class='ocr_carea' id='block_1_51' title="bbox 331 3443 1910 3511">
    <p class='ocr_par' dir='ltr' id='par_1_51' title="bbox 331 3443 1910 3511">
     <span class='ocr_line' id='line_1_51' title="bbox 331 3443 1910 3511; baseline -0.005 -10"><span class='ocrx_word' id='word_1_322' title='bbox 331 3447 533 3511; x_wconf 87' lang='lat' dir='ltr'><strong>tinere,</strong></span> <span class='ocrx_word' id='word_1_323' title='bbox 565 3453 621 3500; x_wconf 91' lang='lat' dir='ltr'><strong>et</strong></span> <span class='ocrx_word' id='word_1_324' title='bbox 647 3443 925 3499; x_wconf 80' lang='lat' dir='ltr'><strong>extollere.</strong></span> <span class='ocrx_word' id='word_1_325' title='bbox 968 3444 1100 3508; x_wconf 86' lang='lat' dir='ltr'><strong>Quia</strong></span> <span class='ocrx_word' id='word_1_326' title='bbox 1150 3453 1274 3498; x_wconf 91' lang='lat' dir='ltr'><strong>tunc</strong></span> <span class='ocrx_word' id='word_1_327' title='bbox 1300 3458 1362 3498; x_wconf 88' lang='lat' dir='ltr'><strong>ea</strong></span> <span class='ocrx_word' id='word_1_328' title='bbox 1388 3443 1537 3498; x_wconf 86' lang='lat' dir='ltr'><strong>vobis</strong></span> <span class='ocrx_word' id='word_1_329' title='bbox 1567 3443 1621 3496; x_wconf 92' lang='lat' dir='ltr'><strong>in</strong></span> <span class='ocrx_word' id='word_1_330' title='bbox 1649 3451 1910 3496; x_wconf 63' lang='lat' dir='ltr'><strong>aiternum</strong></span> 
     </span>
    </p>
   </div>
   <div class='ocr_carea' id='block_1_52' title="bbox 327 3531 1912 3602">
    <p class='ocr_par' dir='ltr' id='par_1_52' title="bbox 327 3531 1912 3602">
     <span class='ocr_line' id='line_1_52' title="bbox 327 3531 1912 3602; baseline -0.004 -11"><span class='ocrx_word' id='word_1_331' title='bbox 327 3534 699 3599; x_wconf 82' lang='lat' dir='ltr'><strong>confirmatis,</strong></span> <span class='ocrx_word' id='word_1_332' title='bbox 757 3549 881 3588; x_wconf 88' lang='lat' dir='ltr'><strong>eum</strong></span> <span class='ocrx_word' id='word_1_333' title='bbox 929 3549 1050 3602; x_wconf 82' lang='lat' dir='ltr'><strong>quae</strong></span> <span class='ocrx_word' id='word_1_334' title='bbox 1106 3534 1471 3588; x_wconf 87' lang='lat' dir='ltr'><strong>Ecclesiarum</strong></span> <span class='ocrx_word' id='word_1_335' title='bbox 1512 3532 1610 3587; x_wconf 88' lang='lat' dir='ltr'><strong>Dei</strong></span> <span class='ocrx_word' id='word_1_336' title='bbox 1638 3531 1912 3601; x_wconf 88' lang='lat' dir='ltr'><strong>obsequiis</strong></span> 
     </span>
    </p>
   </div>
   <div class='ocr_carea' id='block_1_53' title="bbox 326 3621 1912 3692">
    <p class='ocr_par' dir='ltr' id='par_1_53' title="bbox 326 3621 1912 3692">
     <span class='ocr_line' id='line_1_53' title="bbox 326 3621 1912 3692; baseline -0.001 -14"><span class='ocrx_word' id='word_1_337' title='bbox 326 3623 666 3687; x_wconf 88' lang='lat' dir='ltr'><strong>condonatis,</strong></span> <span class='ocrx_word' id='word_1_338' title='bbox 699 3630 753 3677; x_wconf 88' lang='lat' dir='ltr'><strong>ct</strong></span> <span class='ocrx_word' id='word_1_339' title='bbox 781 3622 1069 3677; x_wconf 86' lang='lat' dir='ltr'><strong>reservatis</strong></span> <span class='ocrx_word' id='word_1_340' title='bbox 1097 3624 1346 3678; x_wconf 87' lang='lat' dir='ltr'><strong>omnibus</strong></span> <span class='ocrx_word' id='word_1_341' title='bbox 1368 3638 1462 3677; x_wconf 88' lang='lat' dir='ltr'><strong>sua</strong></span> <span class='ocrx_word' id='word_1_342' title='bbox 1481 3621 1604 3690; x_wconf 83' lang='lat' dir='ltr'><strong>jura</strong></span> <span class='ocrx_word' id='word_1_343' title='bbox 1641 3632 1912 3692; x_wconf 85' lang='lat' dir='ltr'><strong>metropo-</strong></span> 
     </span>
    </p>
   </div>
   <div class='ocr_carea' id='block_1_54' title="bbox 324 3712 1908 3781">
    <p class='ocr_par' dir='ltr' id='par_1_54' title="bbox 324 3712 1908 3781">
     <span class='ocr_line' id='line_1_54' title="bbox 324 3712 1908 3781; baseline -0.001 -15"><span class='ocrx_word' id='word_1_344' title='bbox 324 3713 529 3768; x_wconf 79' lang='lat' dir='ltr'><strong>litanis.</strong></span> <span class='ocrx_word' id='word_1_345' title='bbox 554 3712 738 3766; x_wconf 85' lang='lat' dir='ltr'><strong>Nostis</strong></span> <span class='ocrx_word' id='word_1_346' title='bbox 771 3713 917 3765; x_wconf 91' lang='lat' dir='ltr'><strong>enim</strong></span> <span class='ocrx_word' id='word_1_347' title='bbox 970 3713 1095 3780; x_wconf 89' lang='lat' dir='ltr'><strong>quia</strong></span> <span class='ocrx_word' id='word_1_348' title='bbox 1124 3728 1286 3767; x_wconf 92' lang='lat' dir='ltr'><strong>omne</strong></span> <span class='ocrx_word' id='word_1_349' title='bbox 1318 3714 1703 3766; x_wconf 87' lang='lat' dir='ltr'><strong>monasterium</strong></span> <span class='ocrx_word' id='word_1_350' title='bbox 1732 3714 1785 3765; x_wconf 91' lang='lat' dir='ltr'><strong>in</strong></span> <span class='ocrx_word' id='word_1_351' title='bbox 1816 3729 1908 3781; x_wconf 86' lang='lat' dir='ltr'><strong>po-</strong></span> 
     </span>
    </p>
   </div>
   <div class='ocr_carea' id='block_1_55' title="bbox 327 3802 1906 3872">
    <p class='ocr_par' dir='ltr' id='par_1_55' title="bbox 327 3802 1906 3872">
     <span class='ocr_line' id='line_1_55' title="bbox 327 3802 1906 3872; baseline -0.003 -13"><span class='ocrx_word' id='word_1_352' title='bbox 327 3812 523 3859; x_wconf 85' lang='lat' dir='ltr'><strong>testate</strong></span> <span class='ocrx_word' id='word_1_353' title='bbox 572 3802 811 3872; x_wconf 87' lang='lat' dir='ltr'><strong>episcopi</strong></span> <span class='ocrx_word' id='word_1_354' title='bbox 860 3802 1155 3857; x_wconf 90' lang='lat' dir='ltr'><strong>consistere</strong></span> <span class='ocrx_word' id='word_1_355' title='bbox 1197 3803 1355 3856; x_wconf 89' lang='lat' dir='ltr'><strong>debet</strong></span> <span class='ocrx_word' id='word_1_356' title='bbox 1393 3802 1549 3869; x_wconf 79' lang='lat' dir='ltr'><strong>juxta</strong></span> <span class='ocrx_word' id='word_1_357' title='bbox 1592 3804 1906 3857; x_wconf 82' lang='lat' dir='ltr'><strong>canonicam</strong></span> 
     </span>
    </p>
   </div>
   <div class='ocr_carea' id='block_1_56' title="bbox 325 3890 1910 3961">
    <p class='ocr_par' dir='ltr' id='par_1_56' title="bbox 325 3890 1910 3961">
     <span class='ocr_line' id='line_1_56' title="bbox 325 3890 1910 3961; baseline -0.003 -14"><span class='ocrx_word' id='word_1_358' title='bbox 325 3893 705 3949; x_wconf 84' lang='lat' dir='ltr'><strong>auctoritatem</strong></span> <span class='ocrx_word' id='word_1_359' title='bbox 744 3900 845 3946; x_wconf 91' lang='lat' dir='ltr'><strong>:et</strong></span> <span class='ocrx_word' id='word_1_360' title='bbox 870 3892 998 3961; x_wconf 89' lang='lat' dir='ltr'><strong>quia</strong></span> <span class='ocrx_word' id='word_1_361' title='bbox 1028 3892 1133 3945; x_wconf 88' lang='lat' dir='ltr'><strong>hoc</strong></span> <span class='ocrx_word' id='word_1_362' title='bbox 1182 3899 1267 3945; x_wconf 89' lang='lat' dir='ltr'><strong>est</strong></span> <span class='ocrx_word' id='word_1_363' title='bbox 1320 3900 1735 3957; x_wconf 82' lang='lat' dir='ltr'><strong>transgressum,</strong></span> <span class='ocrx_word' id='word_1_364' title='bbox 1791 3890 1910 3943; x_wconf 90' lang='lat' dir='ltr'><strong>ideo</strong></span> 
     </span>
    </p>
   </div>
   <div class='ocr_carea' id='block_1_57' title="bbox 324 3976 1911 4052">
    <p class='ocr_par' dir='ltr' id='par_1_57' title="bbox 324 3976 1911 4052">
     <span class='ocr_line' id='line_1_57' title="bbox 324 3976 1911 4052; baseline -0.003 -17"><span class='ocrx_word' id='word_1_365' title='bbox 324 3982 557 4052; x_wconf 84' lang='lat' dir='ltr'><strong>plurima</strong></span> <span class='ocrx_word' id='word_1_366' title='bbox 586 3980 914 4037; x_wconf 90' lang='lat' dir='ltr'><strong>monasteria</strong></span> <span class='ocrx_word' id='word_1_367' title='bbox 936 3978 1204 4033; x_wconf 88' lang='lat' dir='ltr'><strong>habentur</strong></span> <span class='ocrx_word' id='word_1_368' title='bbox 1240 3978 1535 4042; x_wconf 86' lang='lat' dir='ltr'><strong>destructa,</strong></span> <span class='ocrx_word' id='word_1_369' title='bbox 1588 3976 1747 4031; x_wconf 90' lang='lat' dir='ltr'><strong>sicuti</strong></span> <span class='ocrx_word' id='word_1_370' title='bbox 1796 3990 1911 4031; x_wconf 91' lang='lat' dir='ltr'><strong>mo-</strong></span> 
     </span>
    </p>
   </div>
   <div class='ocr_carea' id='block_1_58' title="bbox 326 4065 1910 4139">
    <p class='ocr_par' dir='ltr' id='par_1_58' title="bbox 326 4065 1910 4139">
     <span class='ocr_line' id='line_1_58' title="bbox 326 4065 1910 4139; baseline -0.004 -11"><span class='ocrx_word' id='word_1_371' title='bbox 326 4073 623 4128; x_wconf 87' lang='lat' dir='ltr'><strong>nasterium</strong></span> <span class='ocrx_word' id='word_1_372' title='bbox 678 4071 851 4139; x_wconf 86' lang='lat' dir='ltr'><strong>sancti</strong></span> <span class='ocrx_word' id='word_1_373' title='bbox 901 4068 1136 4124; x_wconf 87' lang='lat' dir='ltr'><strong>Medardi</strong></span> <span class='ocrx_word' id='word_1_374' title='bbox 1186 4066 1438 4132; x_wconf 89' lang='lat' dir='ltr'><strong>Turonis,</strong></span> <span class='ocrx_word' id='word_1_375' title='bbox 1482 4067 1535 4120; x_wconf 92' lang='lat' dir='ltr'><strong>in</strong></span> <span class='ocrx_word' id='word_1_376' title='bbox 1586 4081 1694 4136; x_wconf 91' lang='lat' dir='ltr'><strong>quo</strong></span> <span class='ocrx_word' id='word_1_377' title='bbox 1727 4065 1910 4134; x_wconf 90' lang='lat' dir='ltr'><strong>jacent</strong></span> 
     </span>
    </p>
   </div>
   <div class='ocr_carea' id='block_1_59' title="bbox 328 4155 1909 4233">
    <p class='ocr_par' dir='ltr' id='par_1_59' title="bbox 328 4155 1909 4233">
     <span class='ocr_line' id='line_1_59' title="bbox 328 4155 1909 4233; baseline -0.006 -15"><span class='ocrx_word' id='word_1_378' title='bbox 328 4164 704 4233; x_wconf 85' lang='lat' dir='ltr'><strong>episcoporum</strong></span> <span class='ocrx_word' id='word_1_379' title='bbox 730 4160 892 4230; x_wconf 82' lang='lat' dir='ltr'><strong>primi</strong></span> <span class='ocrx_word' id='word_1_380' title='bbox 940 4158 1337 4214; x_wconf 85' lang='lat' dir='ltr'><strong>Turonensium</strong></span> <span class='ocrx_word' id='word_1_381' title='bbox 1384 4155 1631 4212; x_wconf 89' lang='lat' dir='ltr'><strong>Lidorius</strong></span> <span class='ocrx_word' id='word_1_382' title='bbox 1650 4164 1705 4210; x_wconf 85' lang='lat' dir='ltr'><strong>et</strong></span> <span class='ocrx_word' id='word_1_383' title='bbox 1731 4155 1909 4211; x_wconf 83' lang='lat' dir='ltr'><strong>Gatia—</strong></span> 
     </span>
    </p>
   </div>
   <div class='ocr_carea' id='block_1_60' title="bbox 329 4246 1905 4320">
    <p class='ocr_par' dir='ltr' id='par_1_60' title="bbox 329 4246 1905 4320">
     <span class='ocr_line' id='line_1_60' title="bbox 329 4246 1905 4320; baseline -0.004 -12"><span class='ocrx_word' id='word_1_384' title='bbox 329 4269 463 4320; x_wconf 91' lang='lat' dir='ltr'><strong>nus;</strong></span> <span class='ocrx_word' id='word_1_385' title='bbox 493 4254 632 4309; x_wconf 89' lang='lat' dir='ltr'><strong>sicut</strong></span> <span class='ocrx_word' id='word_1_386' title='bbox 656 4261 711 4306; x_wconf 87' lang='lat' dir='ltr'><strong>et</strong></span> <span class='ocrx_word' id='word_1_387' title='bbox 740 4250 1124 4306; x_wconf 81' lang='lat' dir='ltr'><strong>Monasterium</strong></span> <span class='ocrx_word' id='word_1_388' title='bbox 1162 4249 1356 4319; x_wconf 86' lang='lat' dir='ltr'><strong>majus,</strong></span> <span class='ocrx_word' id='word_1_389' title='bbox 1405 4248 1544 4302; x_wconf 89' lang='lat' dir='ltr'><strong>sicut</strong></span> <span class='ocrx_word' id='word_1_390' title='bbox 1592 4246 1756 4301; x_wconf 84' lang='lat' dir='ltr'><strong>etiam</strong></span> <span class='ocrx_word' id='word_1_391' title='bbox 1801 4246 1905 4301; x_wconf 85' lang='lat' dir='ltr'><strong>alia</strong></span> 
     </span>
    </p>
   </div>
   <div class='ocr_carea' id='block_1_61' title="bbox 328 4338 1907 4407">
    <p class='ocr_par' dir='ltr' id='par_1_61' title="bbox 328 4338 1907 4407">
     <span class='ocr_line' id='line_1_61' title="bbox 328 4338 1907 4407; baseline -0.003 -11"><span class='ocrx_word' id='word_1_392' title='bbox 328 4344 383 4396; x_wconf 92' lang='lat' dir='ltr'><strong>in</strong></span> <span class='ocrx_word' id='word_1_393' title='bbox 411 4343 598 4397; x_wconf 90' lang='lat' dir='ltr'><strong>eadem</strong></span> <span class='ocrx_word' id='word_1_394' title='bbox 628 4341 848 4396; x_wconf 90' lang='lat' dir='ltr'><strong>civitate</strong></span> <span class='ocrx_word' id='word_1_395' title='bbox 870 4339 1221 4404; x_wconf 87' lang='lat' dir='ltr'><strong>monasteria,</strong></span> <span class='ocrx_word' id='word_1_396' title='bbox 1253 4353 1374 4407; x_wconf 69' lang='lat' dir='ltr'><strong>quae</strong></span> <span class='ocrx_word' id='word_1_397' title='bbox 1398 4338 1618 4392; x_wconf 86' lang='lat' dir='ltr'><strong>forsitan</strong></span> <span class='ocrx_word' id='word_1_398' title='bbox 1657 4352 1756 4406; x_wconf 90' lang='lat' dir='ltr'><strong>per</strong></span> <span class='ocrx_word' id='word_1_399' title='bbox 1797 4338 1907 4406; x_wconf 87' lang='lat' dir='ltr'><strong>epi-</strong></span> 
     </span>
    </p>
   </div>
   <div class='ocr_carea' id='block_1_62' title="bbox 327 4427 1900 4503">
    <p class='ocr_par' dir='ltr' id='par_1_62' title="bbox 327 4427 1900 4503">
     <span class='ocr_line' id='line_1_62' title="bbox 327 4427 1900 4503; baseline -0.003 -16"><span class='ocrx_word' id='word_1_400' title='bbox 327 4431 544 4503; x_wconf 85' lang='lat' dir='ltr'><strong>scopale</strong></span> <span class='ocrx_word' id='word_1_401' title='bbox 593 4430 951 4486; x_wconf 87' lang='lat' dir='ltr'><strong>ministerium</strong></span> <span class='ocrx_word' id='word_1_402' title='bbox 979 4469 995 4495; x_wconf 88' lang='lat'><strong>,</strong></span> <span class='ocrx_word' id='word_1_403' title='bbox 1053 4436 1109 4485; x_wconf 89' lang='lat' dir='ltr'><strong>et</strong></span> <span class='ocrx_word' id='word_1_404' title='bbox 1152 4437 1391 4484; x_wconf 88' lang='lat' dir='ltr'><strong>vestrum</strong></span> <span class='ocrx_word' id='word_1_405' title='bbox 1449 4427 1900 4496; x_wconf 88' lang='lat' dir='ltr'><strong>sapientissimum</strong></span> 
     </span>
    </p>
   </div>
   <div class='ocr_carea' id='block_1_63' title="bbox 2033 1901 3604 1984">
    <p class='ocr_par' dir='ltr' id='par_1_63' title="bbox 2033 1901 3604 1984">
     <span class='ocr_line' id='line_1_63' title="bbox 2033 1901 3604 1984; baseline 0.012 -32"><span class='ocrx_word' id='word_1_406' title='bbox 2033 1901 2121 1954; x_wconf 90' lang='lat' dir='ltr'><strong>alii</strong></span> <span class='ocrx_word' id='word_1_407' title='bbox 2174 1911 2340 1959; x_wconf 88' lang='lat' dir='ltr'><strong>testes</strong></span> <span class='ocrx_word' id='word_1_408' title='bbox 2395 1905 2616 1975; x_wconf 76' lang='lat' dir='ltr'><strong>legitimi</strong></span> <span class='ocrx_word' id='word_1_409' title='bbox 2667 1908 2848 1977; x_wconf 89' lang='lat' dir='ltr'><strong>plures</strong></span> <span class='ocrx_word' id='word_1_410' title='bbox 2902 1912 3211 1970; x_wconf 86' lang='lat' dir='ltr'><strong>interfuisse</strong></span> <span class='ocrx_word' id='word_1_411' title='bbox 3276 1927 3604 1984; x_wconf 86' lang='lat' dir='ltr'><strong>noscantur,</strong></span> 
     </span>
    </p>
   </div>
   <div class='ocr_carea' id='block_1_64' title="bbox 2030 1995 3604 2072">
    <p class='ocr_par' dir='ltr' id='par_1_64' title="bbox 2030 1995 3604 2072">
     <span class='ocr_line' id='line_1_64' title="bbox 2030 1995 3604 2072; baseline 0.01 -27"><span class='ocrx_word' id='word_1_412' title='bbox 2030 2000 2211 2047; x_wconf 88' lang='lat' dir='ltr'><strong>utrum</strong></span> <span class='ocrx_word' id='word_1_413' title='bbox 2263 1995 2567 2066; x_wconf 88' lang='lat' dir='ltr'><strong>hujusmodi</strong></span> <span class='ocrx_word' id='word_1_414' title='bbox 2617 2002 3021 2057; x_wconf 88' lang='lat' dir='ltr'><strong>matrimonium</strong></span> <span class='ocrx_word' id='word_1_415' title='bbox 3068 2012 3213 2059; x_wconf 88' lang='lat' dir='ltr'><strong>stare</strong></span> <span class='ocrx_word' id='word_1_416' title='bbox 3262 2007 3490 2072; x_wconf 85' lang='lat' dir='ltr'><strong>debeat,</strong></span> <span class='ocrx_word' id='word_1_417' title='bbox 3535 2025 3604 2070; x_wconf 83' lang='lat' dir='ltr'><strong>an</strong></span> 
     </span>
    </p>
   </div>
   <div class='ocr_carea' id='block_1_65' title="bbox 2029 2084 3608 2160">
    <p class='ocr_par' dir='ltr' id='par_1_65' title="bbox 2029 2084 3608 2160">
     <span class='ocr_line' id='line_1_65' title="bbox 2029 2084 3608 2160; baseline 0.009 -25"><span class='ocrx_word' id='word_1_418' title='bbox 2029 2084 2193 2137; x_wconf 90' lang='lat' dir='ltr'><strong>etiam</strong></span> <span class='ocrx_word' id='word_1_419' title='bbox 2245 2085 2461 2141; x_wconf 84' lang='lat' dir='ltr'><strong>irritum</strong></span> <span class='ocrx_word' id='word_1_420' title='bbox 2492 2088 2772 2155; x_wconf 83' lang='lat' dir='ltr'><strong>habeatur,</strong></span> <span class='ocrx_word' id='word_1_421' title='bbox 2808 2093 3035 2160; x_wconf 71' lang='lat' dir='ltr'><strong>quaestio</strong></span> <span class='ocrx_word' id='word_1_422' title='bbox 3090 2094 3234 2159; x_wconf 90' lang='lat' dir='ltr'><strong>inde,</strong></span> <span class='ocrx_word' id='word_1_423' title='bbox 3262 2095 3400 2148; x_wconf 89' lang='lat' dir='ltr'><strong>sicut</strong></span> <span class='ocrx_word' id='word_1_424' title='bbox 3453 2096 3608 2150; x_wconf 88' lang='lat' dir='ltr'><strong>nobis</strong></span> 
     </span>
    </p>
   </div>
   <div class='ocr_carea' id='block_1_66' title="bbox 2028 2173 3608 2251">
    <p class='ocr_par' dir='ltr' id='par_1_66' title="bbox 2028 2173 3608 2251">
     <span class='ocr_line' id='line_1_66' title="bbox 2028 2173 3608 2251; baseline 0.008 -26"><span class='ocrx_word' id='word_1_425' title='bbox 2028 2173 2254 2227; x_wconf 87' lang='lat' dir='ltr'><strong>relatum</strong></span> <span class='ocrx_word' id='word_1_426' title='bbox 2296 2185 2398 2240; x_wconf 89' lang='lat' dir='ltr'><strong>est,</strong></span> <span class='ocrx_word' id='word_1_427' title='bbox 2432 2178 2684 2245; x_wconf 82' lang='lat' dir='ltr'><strong>agitatur.</strong></span> <span class='ocrx_word' id='word_1_428' title='bbox 2714 2178 2785 2235; x_wconf 89' lang='lat' dir='ltr'><strong>Ut</strong></span> <span class='ocrx_word' id='word_1_429' title='bbox 2832 2189 3012 2235; x_wconf 88' lang='lat' dir='ltr'><strong>autem</strong></span> <span class='ocrx_word' id='word_1_430' title='bbox 3040 2183 3226 2236; x_wconf 73' lang='lat' dir='ltr'><strong>omnis”</strong></span> <span class='ocrx_word' id='word_1_431' title='bbox 3265 2183 3490 2251; x_wconf 88' lang='lat' dir='ltr'><strong>quaestio</strong></span> <span class='ocrx_word' id='word_1_432' title='bbox 3519 2200 3608 2243; x_wconf 85' lang='lat' dir='ltr'><strong>su-</strong></span> 
     </span>
    </p>
   </div>
   <div class='ocr_carea' id='block_1_67' title="bbox 2026 2265 3606 2342">
    <p class='ocr_par' dir='ltr' id='par_1_67' title="bbox 2026 2265 3606 2342">
     <span class='ocr_line' id='line_1_67' title="bbox 2026 2265 3606 2342; baseline 0.008 -27"><span class='ocrx_word' id='word_1_433' title='bbox 2026 2277 2123 2332; x_wconf 88' lang='lat' dir='ltr'><strong>per</strong></span> <span class='ocrx_word' id='word_1_434' title='bbox 2148 2265 2337 2318; x_wconf 89' lang='lat' dir='ltr'><strong>eodem</strong></span> <span class='ocrx_word' id='word_1_435' title='bbox 2367 2265 2712 2322; x_wconf 88' lang='lat' dir='ltr'><strong>matrimonio</strong></span> <span class='ocrx_word' id='word_1_436' title='bbox 2740 2267 2806 2322; x_wconf 92' lang='lat' dir='ltr'><strong>de</strong></span> <span class='ocrx_word' id='word_1_437' title='bbox 2833 2276 3028 2324; x_wconf 79' lang='lat' dir='ltr'><strong>caetero</strong></span> <span class='ocrx_word' id='word_1_438' title='bbox 3058 2270 3322 2340; x_wconf 88' lang='lat' dir='ltr'><strong>scpiatur,</strong></span> <span class='ocrx_word' id='word_1_439' title='bbox 3352 2287 3448 2340; x_wconf 89' lang='lat' dir='ltr'><strong>per</strong></span> <span class='ocrx_word' id='word_1_440' title='bbox 3478 2287 3606 2342; x_wconf 84' lang='lat' dir='ltr'><strong>apo-</strong></span> 
     </span>
    </p>
   </div>
   <div class='ocr_carea' id='block_1_68' title="bbox 2026 2351 3603 2431">
    <p class='ocr_par' dir='ltr' id='par_1_68' title="bbox 2026 2351 3603 2431">
     <span class='ocr_line' id='line_1_68' title="bbox 2026 2351 3603 2431; baseline 0.006 -27"><span class='ocrx_word' id='word_1_441' title='bbox 2026 2351 2213 2407; x_wconf 89' lang='lat' dir='ltr'><strong>stoliea</strong></span> <span class='ocrx_word' id='word_1_442' title='bbox 2264 2352 2359 2407; x_wconf 89' lang='lat' dir='ltr'><strong>tibi</strong></span> <span class='ocrx_word' id='word_1_443' title='bbox 2411 2354 2613 2423; x_wconf 86' lang='lat' dir='ltr'><strong>scripta</strong></span> <span class='ocrx_word' id='word_1_444' title='bbox 2642 2357 2962 2412; x_wconf 85' lang='lat' dir='ltr'><strong>mandamus</strong></span> <span class='ocrx_word' id='word_1_445' title='bbox 3001 2369 3269 2428; x_wconf 88' lang='lat' dir='ltr'><strong>quatenus</strong></span> <span class='ocrx_word' id='word_1_446' title='bbox 3299 2359 3603 2431; x_wconf 87' lang='lat' dir='ltr'><strong>hujusmodi</strong></span> 
     </span>
    </p>
   </div>
   <div class='ocr_carea' id='block_1_69' title="bbox 2025 2445 3603 2519">
    <p class='ocr_par' dir='ltr' id='par_1_69' title="bbox 2025 2445 3603 2519">
     <span class='ocr_line' id='line_1_69' title="bbox 2025 2445 3603 2519; baseline 0.005 -20"><span class='ocrx_word' id='word_1_447' title='bbox 2025 2445 2352 2499; x_wconf 89' lang='lat' dir='ltr'><strong>connubium</strong></span> <span class='ocrx_word' id='word_1_448' title='bbox 2392 2445 2613 2501; x_wconf 86' lang='lat' dir='ltr'><strong>dissolvi</strong></span> <span class='ocrx_word' id='word_1_449' title='bbox 2648 2447 2952 2505; x_wconf 89' lang='lat' dir='ltr'><strong>nullatenus</strong></span> <span class='ocrx_word' id='word_1_450' title='bbox 2993 2451 3235 2519; x_wconf 80' lang='lat' dir='ltr'><strong>patiaris,</strong></span> <span class='ocrx_word' id='word_1_451' title='bbox 3267 2452 3362 2506; x_wconf 89' lang='lat' dir='ltr'><strong>sed</strong></span> <span class='ocrx_word' id='word_1_452' title='bbox 3389 2452 3603 2507; x_wconf 80' lang='lat' dir='ltr'><strong>firmum</strong></span> 
     </span>
    </p>
   </div>
   <div class='ocr_carea' id='block_1_70' title="bbox 2024 2535 3677 2610">
    <p class='ocr_par' dir='ltr' id='par_1_70' title="bbox 2024 2535 3677 2610">
     <span class='ocr_line' id='line_1_70' title="bbox 2024 2535 3677 2610; baseline 0.008 -22"><span class='ocrx_word' id='word_1_453' title='bbox 2024 2535 2193 2591; x_wconf 86' lang='lat' dir='ltr'><strong>facias</strong></span> <span class='ocrx_word' id='word_1_454' title='bbox 2240 2546 2401 2607; x_wconf 91' lang='lat' dir='ltr'><strong>atque</strong></span> <span class='ocrx_word' id='word_1_455' title='bbox 2453 2539 2763 2594; x_wconf 76' lang='lat' dir='ltr'><strong>inviolabile</strong></span> <span class='ocrx_word' id='word_1_456' title='bbox 2808 2555 3146 2610; x_wconf 87' lang='lat' dir='ltr'><strong>permanere.</strong></span> <span class='ocrx_word' id='word_1_457' title='bbox 3201 2543 3256 2597; x_wconf 90' lang='lat' dir='ltr'><strong>Si</strong></span> <span class='ocrx_word' id='word_1_458' title='bbox 3288 2545 3432 2597; x_wconf 88' lang='lat' dir='ltr'><strong>enim</strong></span> <span class='ocrx_word' id='word_1_459' title='bbox 3465 2546 3604 2602; x_wconf 85' lang='lat' dir='ltr'><strong>alias</strong></span> <span class='ocrx_word' id='word_1_460' title='bbox 3672 2582 3677 2585; x_wconf 61' lang='grc' dir='ltr'><strong><em>τ</em></strong></span> 
     </span>
    </p>
   </div>
   <div class='ocr_carea' id='block_1_71' title="bbox 2023 2629 3603 2709">
    <p class='ocr_par' dir='ltr' id='par_1_71' title="bbox 2023 2629 3603 2709">
     <span class='ocr_line' id='line_1_71' title="bbox 2023 2629 3603 2709; baseline 0.004 -28"><span class='ocrx_word' id='word_1_461' title='bbox 2023 2640 2267 2696; x_wconf 81' lang='lat' dir='ltr'><strong>personae</strong></span> <span class='ocrx_word' id='word_1_462' title='bbox 2295 2629 2678 2683; x_wconf 88' lang='lat' dir='ltr'><strong>convenientes</strong></span> <span class='ocrx_word' id='word_1_463' title='bbox 2705 2637 2759 2684; x_wconf 89' lang='lat' dir='ltr'><strong>et</strong></span> <span class='ocrx_word' id='word_1_464' title='bbox 2785 2629 3036 2700; x_wconf 79' lang='lat' dir='ltr'><strong>legitimae</strong></span> <span class='ocrx_word' id='word_1_465' title='bbox 3064 2629 3264 2709; x_wconf 74' lang='lat' dir='ltr'><strong>fuerint</strong></span> <span class='ocrx_word' id='word_1_466' title='bbox 3304 2641 3359 2685; x_wconf 90' lang='lat' dir='ltr'><strong>et</strong></span> <span class='ocrx_word' id='word_1_467' title='bbox 3386 2641 3603 2688; x_wconf 82' lang='lat' dir='ltr'><strong>contra-</strong></span> 
     </span>
    </p>
   </div>
   <div class='ocr_carea' id='block_1_72' title="bbox 2022 2712 3602 2789">
    <p class='ocr_par' dir='ltr' id='par_1_72' title="bbox 2022 2712 3602 2789">
     <span class='ocr_line' id='line_1_72' title="bbox 2022 2712 3602 2789; baseline 0.003 -17"><span class='ocrx_word' id='word_1_468' title='bbox 2022 2725 2141 2772; x_wconf 85' lang='lat' dir='ltr'><strong>ctus</strong></span> <span class='ocrx_word' id='word_1_469' title='bbox 2172 2719 2285 2787; x_wconf 91' lang='lat' dir='ltr'><strong>ipse</strong></span> <span class='ocrx_word' id='word_1_470' title='bbox 2313 2717 2520 2788; x_wconf 83' lang='lat' dir='ltr'><strong>legibus</strong></span> <span class='ocrx_word' id='word_1_471' title='bbox 2553 2718 2910 2786; x_wconf 89' lang='lat' dir='ltr'><strong>concordans,</strong></span> <span class='ocrx_word' id='word_1_472' title='bbox 2945 2721 3017 2774; x_wconf 88' lang='lat' dir='ltr'><strong>ita</strong></span> <span class='ocrx_word' id='word_1_473' title='bbox 3046 2712 3188 2789; x_wconf 80' lang='lat' dir='ltr'><strong>quod</strong></span> <span class='ocrx_word' id='word_1_474' title='bbox 3217 2735 3323 2776; x_wconf 91' lang='lat' dir='ltr'><strong>non</strong></span> <span class='ocrx_word' id='word_1_475' title='bbox 3354 2721 3602 2777; x_wconf 87' lang='lat' dir='ltr'><strong>videatur</strong></span> 
     </span>
    </p>
   </div>
   <div class='ocr_carea' id='block_1_73' title="bbox 2022 2808 3597 2880">
    <p class='ocr_par' dir='ltr' id='par_1_73' title="bbox 2022 2808 3597 2880">
     <span class='ocr_line' id='line_1_73' title="bbox 2022 2808 3597 2880; baseline 0.005 -19"><span class='ocrx_word' id='word_1_476' title='bbox 2022 2808 2069 2861; x_wconf 92' lang='lat' dir='ltr'><strong>ei</strong></span> <span class='ocrx_word' id='word_1_477' title='bbox 2093 2809 2159 2862; x_wconf 90' lang='lat' dir='ltr'><strong>de</strong></span> <span class='ocrx_word' id='word_1_478' title='bbox 2187 2809 2356 2863; x_wconf 88' lang='lat' dir='ltr'><strong>sacris</strong></span> <span class='ocrx_word' id='word_1_479' title='bbox 2382 2808 2678 2864; x_wconf 88' lang='lat' dir='ltr'><strong>canouibus</strong></span> <span class='ocrx_word' id='word_1_480' title='bbox 2699 2810 2941 2877; x_wconf 87' lang='lat' dir='ltr'><strong>obviare,</strong></span> <span class='ocrx_word' id='word_1_481' title='bbox 2958 2826 3057 2880; x_wconf 85' lang='lat' dir='ltr'><strong>pro</strong></span> <span class='ocrx_word' id='word_1_482' title='bbox 3084 2826 3148 2866; x_wconf 92' lang='lat' dir='ltr'><strong>eo</strong></span> <span class='ocrx_word' id='word_1_483' title='bbox 3171 2812 3313 2880; x_wconf 84' lang='lat' dir='ltr'><strong>quod</strong></span> <span class='ocrx_word' id='word_1_484' title='bbox 3339 2813 3597 2869; x_wconf 87' lang='lat' dir='ltr'><strong>sacerdos</strong></span> 
     </span>
    </p>
   </div>
   <div class='ocr_carea' id='block_1_74' title="bbox 2023 2896 3599 2964">
    <p class='ocr_par' dir='ltr' id='par_1_74' title="bbox 2023 2896 3599 2964">
     <span class='ocr_line' id='line_1_74' title="bbox 2023 2896 3599 2964; baseline 0.004 -13"><span class='ocrx_word' id='word_1_485' title='bbox 2023 2900 2219 2952; x_wconf 87' lang='lat' dir='ltr'><strong>absens</strong></span> <span class='ocrx_word' id='word_1_486' title='bbox 2242 2896 2423 2964; x_wconf 88' lang='lat' dir='ltr'><strong>fuerit,</strong></span> <span class='ocrx_word' id='word_1_487' title='bbox 2452 2898 2555 2953; x_wconf 86' lang='lat' dir='ltr'><strong>tale</strong></span> <span class='ocrx_word' id='word_1_488' title='bbox 2580 2899 2983 2955; x_wconf 85' lang='lat' dir='ltr'><strong>matrimonium</strong></span> <span class='ocrx_word' id='word_1_489' title='bbox 3012 2915 3117 2954; x_wconf 87' lang='lat' dir='ltr'><strong>non</strong></span> <span class='ocrx_word' id='word_1_490' title='bbox 3148 2901 3308 2956; x_wconf 85' lang='lat' dir='ltr'><strong>debet</strong></span> <span class='ocrx_word' id='word_1_491' title='bbox 3329 2900 3599 2957; x_wconf 88' lang='lat' dir='ltr'><strong>ullatenus</strong></span> 
     </span>
    </p>
   </div>
   <div class='ocr_carea' id='block_1_75' title="bbox 2023 2989 2280 3060">
    <p class='ocr_par' dir='ltr' id='par_1_75' title="bbox 2023 2989 2280 3060">
     <span class='ocr_line' id='line_1_75' title="bbox 2023 2989 2280 3060; baseline 0.008 -17"><span class='ocrx_word' id='word_1_492' title='bbox 2023 2989 2280 3060; x_wconf 68' lang='lat' dir='ltr'><strong>impediri</strong></span> 
     </span>
    </p>
   </div>
   <div class='ocr_carea' id='block_1_76' title="bbox 2742 3078 2878 3133">
    <p class='ocr_par' dir='ltr' id='par_1_76' title="bbox 2742 3078 2878 3133">
     <span class='ocr_line' id='line_1_76' title="bbox 2742 3078 2878 3133; baseline 0 0"><span class='ocrx_word' id='word_1_493' title='bbox 2742 3078 2878 3133; x_wconf 75' lang='lat' dir='ltr'><strong>XLI.</strong></span> 
     </span>
    </p>
   </div>
   <div class='ocr_carea' id='block_1_77' title="bbox 2369 3204 3205 3249">
    <p class='ocr_par' dir='ltr' id='par_1_77' title="bbox 2369 3204 3205 3249">
     <span class='ocr_line' id='line_1_77' title="bbox 2369 3204 3205 3249; baseline 0.005 -6"><span class='ocrx_word' id='word_1_494' title='bbox 2369 3205 2437 3243; x_wconf 77' lang='lat' dir='ltr'><strong>AD</strong></span> <span class='ocrx_word' id='word_1_495' title='bbox 2474 3204 2721 3245; x_wconf 72' lang='lat' dir='ltr'><strong>CAROLUI!</strong></span> <span class='ocrx_word' id='word_1_496' title='bbox 2757 3207 2969 3247; x_wconf 74' lang='grc' dir='ltr'><strong>εΑινειί</strong></span> <span class='ocrx_word' id='word_1_497' title='bbox 3013 3208 3205 3249; x_wconf 69' lang='lat' dir='ltr'><strong>REGEI.</strong></span> 
     </span>
    </p>
   </div>
   <div class='ocr_carea' id='block_1_78' title="bbox 2626 3304 2981 3377">
    <p class='ocr_par' dir='ltr' id='par_1_78' title="bbox 2626 3304 2981 3377">
     <span class='ocr_line' id='line_1_78' title="bbox 2626 3304 2981 3377; baseline 0.006 -21"><span class='ocrx_word' id='word_1_498' title='bbox 2626 3304 2801 3371; x_wconf 79' lang='lat' dir='ltr'><strong>(Anno</strong></span> <span class='ocrx_word' id='word_1_499' title='bbox 2830 3306 2981 3377; x_wconf 76' lang='lat'><strong>872.)</strong></span> 
     </span>
    </p>
   </div>
   <div class='ocr_carea' id='block_1_79' title="bbox 2018 3411 3598 3491">
    <p class='ocr_par' dir='ltr' id='par_1_79' title="bbox 2018 3411 3598 3491">
     <span class='ocr_line' id='line_1_79' title="bbox 2018 3411 3598 3491; baseline 0.009 -28"><span class='ocrx_word' id='word_1_500' title='bbox 2018 3411 2601 3491; x_wconf 43' lang='lat' dir='ltr'><strong>Regem-“asperioribus</strong></span> <span class='ocrx_word' id='word_1_501' title='bbox 2633 3414 2818 3491; x_wconf 71' lang='lat' dir='ltr'><strong>litteris</strong></span> <span class='ocrx_word' id='word_1_502' title='bbox 2850 3416 3138 3484; x_wconf 76' lang='lat' dir='ltr'><strong>o/feusum,</strong></span> <span class='ocrx_word' id='word_1_503' title='bbox 3177 3419 3342 3491; x_wconf 71' lang='lat' dir='ltr'><strong>multa</strong></span> <span class='ocrx_word' id='word_1_504' title='bbox 3380 3421 3443 3475; x_wconf 86' lang='lat' dir='ltr'><strong>de</strong></span> <span class='ocrx_word' id='word_1_505' title='bbox 3485 3423 3598 3491; x_wconf 86' lang='lat' dir='ltr'><strong>ejus</strong></span> 
     </span>
    </p>
   </div>
   <div class='ocr_carea' id='block_1_80' title="bbox 2085 3481 3597 3550">
    <p class='ocr_par' dir='ltr' id='par_1_80' title="bbox 2085 3481 3597 3550">
     <span class='ocr_line' id='line_1_80' title="bbox 2085 3481 3597 3550; baseline 0.009 -18"><span class='ocrx_word' id='word_1_506' title='bbox 2085 3481 2676 3550; x_wconf 65' lang='lat' dir='ltr'><strong>laudibusprwdicans,</strong></span> <span class='ocrx_word' id='word_1_507' title='bbox 2700 3481 2909 3550; x_wconf 68' lang='lat' dir='ltr'><strong>placare</strong></span> <span class='ocrx_word' id='word_1_508' title='bbox 2933 3481 3129 3540; x_wconf 69' lang='lat' dir='ltr'><strong>studet.</strong></span> <span class='ocrx_word' id='word_1_509' title='bbox 3163 3488 3241 3542; x_wconf 85' lang='lat' dir='ltr'><strong>De</strong></span> <span class='ocrx_word' id='word_1_510' title='bbox 3270 3481 3597 3546; x_wconf 53' lang='lat' dir='ltr'><strong>Actardo&#39;ad</strong></span> 
     </span>
    </p>
   </div>
   <div class='ocr_carea' id='block_1_81' title="bbox 2085 3549 3598 3624">
    <p class='ocr_par' dir='ltr' id='par_1_81' title="bbox 2085 3549 3598 3624">
     <span class='ocr_line' id='line_1_81' title="bbox 2085 3549 3598 3624; baseline 0.009 -22"><span class='ocrx_word' id='word_1_511' title='bbox 2085 3551 2284 3624; x_wconf 54' lang='lat' dir='ltr'><strong>sedenr</strong></span> <span class='ocrx_word' id='word_1_512' title='bbox 2304 3549 2617 3624; x_wconf 66' lang='lat' dir='ltr'><strong>Iuronicam</strong></span> <span class='ocrx_word' id='word_1_513' title='bbox 2643 3549 3240 3624; x_wconf 71' lang='lat' dir='ltr'><strong>translato._lmperium</strong></span> <span class='ocrx_word' id='word_1_514' title='bbox 3271 3557 3459 3614; x_wconf 87' lang='lat' dir='ltr'><strong>Carolo</strong></span> <span class='ocrx_word' id='word_1_515' title='bbox 3483 3573 3598 3624; x_wconf 83' lang='lat' dir='ltr'><strong>post</strong></span> 
     </span>
    </p>
   </div>
   <div class='ocr_carea' id='block_1_82' title="bbox 2083 3620 3413 3740">
    <p class='ocr_par' dir='ltr' id='par_1_82' title="bbox 2083 3620 3413 3740">
     <span class='ocr_line' id='line_1_82' title="bbox 2083 3620 3413 3740; baseline 0.008 -69"><span class='ocrx_word' id='word_1_516' title='bbox 2083 3620 2334 3740; x_wconf 49' lang='grc' dir='ltr'><strong>ἐπιίουὶςὶ</strong></span> <span class='ocrx_word' id='word_1_517' title='bbox 2363 3620 2555 3674; x_wconf 86' lang='lat' dir='ltr'><strong>obitum</strong></span> <span class='ocrx_word' id='word_1_518' title='bbox 2600 3622 2874 3691; x_wconf 80' lang='lat' dir='ltr'><strong>promittit.</strong></span> <span class='ocrx_word' id='word_1_519' title='bbox 2907 3620 2976 3676; x_wconf 85' lang='lat' dir='ltr'><strong>Et</strong></span> <span class='ocrx_word' id='word_1_520' title='bbox 3024 3620 3087 3678; x_wconf 70' lang='lat' dir='ltr'><strong>(le</strong></span> <span class='ocrx_word' id='word_1_521' title='bbox 3125 3625 3413 3682; x_wconf 81' lang='lat' dir='ltr'><strong>Hincmaro</strong></span> 
     </span>
     <span class='ocr_line' id='line_1_83' title="bbox 2123 3705 2324 3740; baseline 0 0"><span class='ocrx_word' id='word_1_522' title='bbox 2123 3705 2324 3740; x_wconf 81' lang='lat' dir='ltr'><strong>unenst.</strong></span> 
     </span>
    </p>
   </div>
   <div class='ocr_carea' id='block_1_83' title="bbox 2123 3705 2324 3743">
    <p class='ocr_par' dir='ltr' id='par_1_83' title="bbox 2123 3705 2324 3743">
     <span class='ocr_line' id='line_1_84' title="bbox 2123 3705 2324 3743; baseline 0 -2"><span class='ocrx_word' id='word_1_523' title='bbox 2123 3705 2324 3743; x_wconf 75' lang='grc' dir='ltr'><strong>αηεηει.</strong></span> 
     </span>
    </p>
   </div>
   <div class='ocr_carea' id='block_1_84' title="bbox 3501 3648 3599 3684">
    <p class='ocr_par' dir='ltr' id='par_1_84' title="bbox 3501 3648 3599 3684">
     <span class='ocr_line' id='line_1_85' title="bbox 3501 3648 3599 3684; baseline 0 0"><span class='ocrx_word' id='word_1_524' title='bbox 3501 3648 3599 3684; x_wconf 86' lang='lat' dir='ltr'><strong>au-</strong></span> 
     </span>
    </p>
   </div>
   <div class='ocr_carea' id='block_1_85' title="bbox 2091 3794 3598 3872">
    <p class='ocr_par' dir='ltr' id='par_1_85' title="bbox 2091 3794 3598 3872">
     <span class='ocr_line' id='line_1_86' title="bbox 2091 3794 3598 3872; baseline 0.009 -22"><span class='ocrx_word' id='word_1_525' title='bbox 2091 3798 2367 3852; x_wconf 62' lang='lat' dir='ltr'><strong>Aomsuus</strong></span> <span class='ocrx_word' id='word_1_526' title='bbox 2414 3794 2732 3867; x_wconf 82' lang='lat' dir='ltr'><strong>episcopus,</strong></span> <span class='ocrx_word' id='word_1_527' title='bbox 2776 3817 2964 3856; x_wconf 83' lang='lat' dir='ltr'><strong>servus</strong></span> <span class='ocrx_word' id='word_1_528' title='bbox 3014 3819 3295 3859; x_wconf 84' lang='lat' dir='ltr'><strong>servorum</strong></span> <span class='ocrx_word' id='word_1_529' title='bbox 3336 3807 3464 3872; x_wconf 83' lang='lat' dir='ltr'><strong>Dei,</strong></span> <span class='ocrx_word' id='word_1_530' title='bbox 3512 3810 3598 3864; x_wconf 89' lang='lat' dir='ltr'><strong>di-</strong></span> 
     </span>
    </p>
   </div>
   <div class='ocr_carea' id='block_1_86' title="bbox 2013 3888 3602 3970">
    <p class='ocr_par' dir='ltr' id='par_1_86' title="bbox 2013 3888 3602 3970">
     <span class='ocr_line' id='line_1_87' title="bbox 2013 3888 3602 3970; baseline 0.01 -30"><span class='ocrx_word' id='word_1_531' title='bbox 2013 3888 2305 3943; x_wconf 90' lang='lat' dir='ltr'><strong>lectissimo</strong></span> <span class='ocrx_word' id='word_1_532' title='bbox 2336 3888 2445 3941; x_wconf 84' lang='lat' dir='ltr'><strong>filio</strong></span> <span class='ocrx_word' id='word_1_533' title='bbox 2489 3900 2543 3941; x_wconf 89' lang='lat' dir='ltr'><strong>et</strong></span> <span class='ocrx_word' id='word_1_534' title='bbox 2580 3890 2964 3955; x_wconf 73' lang='lat' dir='ltr'><strong>gloriosissimo</strong></span> <span class='ocrx_word' id='word_1_535' title='bbox 2994 3894 3212 3947; x_wconf 79' lang='lat' dir='ltr'><strong>CAROLO</strong></span> <span class='ocrx_word' id='word_1_536' title='bbox 3260 3900 3389 3966; x_wconf 86' lang='lat' dir='ltr'><strong>regi,</strong></span> <span class='ocrx_word' id='word_1_537' title='bbox 3422 3902 3602 3970; x_wconf 69' lang='lat' dir='ltr'><strong>cmiju-</strong></span> 
     </span>
    </p>
   </div>
   <div class='ocr_carea' id='block_1_87' title="bbox 2012 3976 2762 4047">
    <p class='ocr_par' dir='ltr' id='par_1_87' title="bbox 2012 3976 2762 4047">
     <span class='ocr_line' id='line_1_88' title="bbox 2012 3976 2762 4047; baseline 0 -18"><span class='ocrx_word' id='word_1_538' title='bbox 2012 3978 2170 4047; x_wconf 87' lang='lat' dir='ltr'><strong>gique</strong></span> <span class='ocrx_word' id='word_1_539' title='bbox 2196 3976 2419 4029; x_wconf 87' lang='lat' dir='ltr'><strong>salutem</strong></span> <span class='ocrx_word' id='word_1_540' title='bbox 2445 3977 2497 4029; x_wconf 91' lang='lat' dir='ltr'><strong>in</strong></span> <span class='ocrx_word' id='word_1_541' title='bbox 2527 3977 2762 4031; x_wconf 85' lang='lat' dir='ltr'><strong>Christo.</strong></span> 
     </span>
    </p>
   </div>
   <div class='ocr_carea' id='block_1_88' title="bbox 2082 4056 3594 4138">
    <p class='ocr_par' dir='ltr' id='par_1_88' title="bbox 2082 4056 3594 4138">
     <span class='ocr_line' id='line_1_89' title="bbox 2082 4056 3594 4138; baseline 0.01 -19"><span class='ocrx_word' id='word_1_542' title='bbox 2082 4056 2315 4120; x_wconf 88' lang='lat' dir='ltr'><strong>Litteras</strong></span> <span class='ocrx_word' id='word_1_543' title='bbox 2349 4073 2541 4119; x_wconf 84' lang='lat' dir='ltr'><strong>vestrae</strong></span> <span class='ocrx_word' id='word_1_544' title='bbox 2585 4065 2878 4123; x_wconf 88' lang='lat' dir='ltr'><strong>nobilitatis</strong></span> <span class='ocrx_word' id='word_1_545' title='bbox 2911 4085 3009 4138; x_wconf 89' lang='lat' dir='ltr'><strong>per</strong></span> <span class='ocrx_word' id='word_1_546' title='bbox 3038 4072 3401 4128; x_wconf 87' lang='lat' dir='ltr'><strong>venerabilem</strong></span> <span class='ocrx_word' id='word_1_547' title='bbox 3429 4076 3594 4134; x_wconf 87' lang='lat' dir='ltr'><strong>lilium</strong></span> 
     </span>
    </p>
   </div>
   <div class='ocr_carea' id='block_1_89' title="bbox 2012 4153 3595 4233">
    <p class='ocr_par' dir='ltr' id='par_1_89' title="bbox 2012 4153 3595 4233">
     <span class='ocr_line' id='line_1_90' title="bbox 2012 4153 3595 4233; baseline 0.007 -25"><span class='ocrx_word' id='word_1_548' title='bbox 2012 4162 2067 4209; x_wconf 92' lang='lat' dir='ltr'><strong>et</strong></span> <span class='ocrx_word' id='word_1_549' title='bbox 2089 4153 2315 4207; x_wconf 90' lang='lat' dir='ltr'><strong>fratrem</strong></span> <span class='ocrx_word' id='word_1_550' title='bbox 2361 4163 2603 4206; x_wconf 90' lang='lat' dir='ltr'><strong>nostrum</strong></span> <span class='ocrx_word' id='word_1_551' title='bbox 2643 4153 2938 4209; x_wconf 88' lang='lat' dir='ltr'><strong>Actardum</strong></span> <span class='ocrx_word' id='word_1_552' title='bbox 2997 4158 3305 4228; x_wconf 86' lang='lat' dir='ltr'><strong>episcopum</strong></span> <span class='ocrx_word' id='word_1_553' title='bbox 3354 4166 3595 4233; x_wconf 89' lang='lat' dir='ltr'><strong>suscepi-</strong></span> 
     </span>
    </p>
   </div>
   <div class='ocr_carea' id='block_1_90' title="bbox 2012 4244 3601 4319">
    <p class='ocr_par' dir='ltr' id='par_1_90' title="bbox 2012 4244 3601 4319">
     <span class='ocr_line' id='line_1_91' title="bbox 2012 4244 3601 4319; baseline 0.005 -19"><span class='ocrx_word' id='word_1_554' title='bbox 2012 4260 2131 4300; x_wconf 90' lang='lat' dir='ltr'><strong>mus</strong></span> <span class='ocrx_word' id='word_1_555' title='bbox 2157 4258 2170 4297; x_wconf 87' lang='lat'><strong>:</strong></span> <span class='ocrx_word' id='word_1_556' title='bbox 2199 4244 2253 4297; x_wconf 91' lang='lat' dir='ltr'><strong>in</strong></span> <span class='ocrx_word' id='word_1_557' title='bbox 2279 4244 2474 4312; x_wconf 89' lang='lat' dir='ltr'><strong>quibus</strong></span> <span class='ocrx_word' id='word_1_558' title='bbox 2515 4244 2680 4297; x_wconf 89' lang='lat' dir='ltr'><strong>multa</strong></span> <span class='ocrx_word' id='word_1_559' title='bbox 2706 4245 3080 4301; x_wconf 87' lang='lat' dir='ltr'><strong>reclamatoria</strong></span> <span class='ocrx_word' id='word_1_560' title='bbox 3099 4288 3114 4312; x_wconf 96' lang='lat'><strong>,</strong></span> <span class='ocrx_word' id='word_1_561' title='bbox 3159 4248 3520 4319; x_wconf 85' lang='lat' dir='ltr'><strong>resultatoria,</strong></span> <span class='ocrx_word' id='word_1_562' title='bbox 3544 4265 3601 4308; x_wconf 91' lang='lat' dir='ltr'><strong>et</strong></span> 
     </span>
    </p>
   </div>
   <div class='ocr_carea' id='block_1_91' title="bbox 2011 4334 3597 4409">
    <p class='ocr_par' dir='ltr' id='par_1_91' title="bbox 2011 4334 3597 4409">
     <span class='ocr_line' id='line_1_92' title="bbox 2011 4334 3597 4409; baseline 0.005 -19"><span class='ocrx_word' id='word_1_563' title='bbox 2011 4334 2338 4390; x_wconf 87' lang='lat' dir='ltr'><strong>tumultuosa</strong></span> <span class='ocrx_word' id='word_1_564' title='bbox 2368 4334 2771 4403; x_wconf 81' lang='lat' dir='ltr'><strong>perspeximus,</strong></span> <span class='ocrx_word' id='word_1_565' title='bbox 2820 4335 2976 4390; x_wconf 89' lang='lat' dir='ltr'><strong>aliter</strong></span> <span class='ocrx_word' id='word_1_566' title='bbox 3021 4353 3184 4406; x_wconf 89' lang='lat' dir='ltr'><strong>quam</strong></span> <span class='ocrx_word' id='word_1_567' title='bbox 3217 4349 3597 4409; x_wconf 88' lang='lat' dir='ltr'><strong>optaveramus</strong></span> 
     </span>
    </p>
   </div>
   <div class='ocr_carea' id='block_1_92' title="bbox 2011 4423 3597 4495">
    <p class='ocr_par' dir='ltr' id='par_1_92' title="bbox 2011 4423 3597 4495">
     <span class='ocr_line' id='line_1_93' title="bbox 2011 4423 3597 4495; baseline 0.006 -18"><span class='ocrx_word' id='word_1_568' title='bbox 2011 4424 2423 4478; x_wconf 76' lang='lat' dir='ltr'><strong>murmurantis.</strong></span> <span class='ocrx_word' id='word_1_569' title='bbox 2458 4423 2704 4495; x_wconf 81' lang='lat' dir='ltr'><strong>Regnum</strong></span> <span class='ocrx_word' id='word_1_570' title='bbox 2745 4425 2843 4479; x_wconf 89' lang='lat' dir='ltr'><strong>Dei</strong></span> <span class='ocrx_word' id='word_1_571' title='bbox 2866 4426 3044 4481; x_wconf 90' lang='lat' dir='ltr'><strong>nullus</strong></span> <span class='ocrx_word' id='word_1_572' title='bbox 3074 4443 3420 4486; x_wconf 91' lang='lat' dir='ltr'><strong>murmurans</strong></span> <span class='ocrx_word' id='word_1_573' title='bbox 3459 4435 3597 4489; x_wconf 89' lang='lat' dir='ltr'><strong>acci-</strong></span> 
     </span>
    </p>
   </div>
   <div class='ocr_carea' id='block_1_93' title="bbox 328 4509 3596 4588">
    <p class='ocr_par' dir='ltr' id='par_1_93' title="bbox 328 4509 3596 4588">
     <span class='ocr_line' id='line_1_94' title="bbox 328 4509 3596 4588; baseline 0 -12"><span class='ocrx_word' id='word_1_574' title='bbox 328 4520 631 4584; x_wconf 89' lang='lat' dir='ltr'><strong>cousilium,</strong></span> <span class='ocrx_word' id='word_1_575' title='bbox 656 4529 713 4574; x_wconf 91' lang='lat' dir='ltr'><strong>ct</strong></span> <span class='ocrx_word' id='word_1_576' title='bbox 740 4518 1101 4588; x_wconf 87' lang='lat' dir='ltr'><strong>largissimum</strong></span> <span class='ocrx_word' id='word_1_577' title='bbox 1150 4517 1371 4582; x_wconf 89' lang='lat' dir='ltr'><strong>donum,</strong></span> <span class='ocrx_word' id='word_1_578' title='bbox 1424 4524 1681 4586; x_wconf 78' lang='lat' dir='ltr'><strong>poterunt</strong></span> <span class='ocrx_word' id='word_1_579' title='bbox 1731 4516 1908 4571; x_wconf 89' lang='lat' dir='ltr'><strong>redire</strong></span> <span class='ocrx_word' id='word_1_580' title='bbox 1938 4509 1985 4567; x_wconf 92' lang='lat' dir='ltr'><strong>D</strong></span> <span class='ocrx_word' id='word_1_581' title='bbox 2011 4514 2108 4583; x_wconf 93' lang='lat' dir='ltr'><strong>pit,</strong></span> <span class='ocrx_word' id='word_1_582' title='bbox 2136 4528 2237 4568; x_wconf 89' lang='lat' dir='ltr'><strong>nec</strong></span> <span class='ocrx_word' id='word_1_583' title='bbox 2262 4528 2602 4568; x_wconf 90' lang='lat' dir='ltr'><strong>murmurare</strong></span> <span class='ocrx_word' id='word_1_584' title='bbox 2627 4514 2829 4583; x_wconf 87' lang='lat' dir='ltr'><strong>poterit</strong></span> <span class='ocrx_word' id='word_1_585' title='bbox 2857 4515 3147 4585; x_wconf 89' lang='lat' dir='ltr'><strong>accipiens.</strong></span> <span class='ocrx_word' id='word_1_586' title='bbox 3186 4519 3418 4574; x_wconf 80' lang='lat' dir='ltr'><strong>Audiens</strong></span> <span class='ocrx_word' id='word_1_587' title='bbox 3451 4522 3596 4576; x_wconf 90' lang='lat' dir='ltr'><strong>enim</strong></span> 
     </span>
    </p>
   </div>
   <div class='ocr_carea' id='block_1_94' title="bbox 329 4603 1908 4679">
    <p class='ocr_par' dir='ltr' id='par_1_94' title="bbox 329 4603 1908 4679">
     <span class='ocr_line' id='line_1_95' title="bbox 329 4603 1908 4679; baseline -0.003 -17"><span class='ocrx_word' id='word_1_588' title='bbox 329 4610 395 4662; x_wconf 90' lang='lat' dir='ltr'><strong>ad</strong></span> <span class='ocrx_word' id='word_1_589' title='bbox 430 4609 664 4679; x_wconf 89' lang='lat' dir='ltr'><strong>priorem</strong></span> <span class='ocrx_word' id='word_1_590' title='bbox 694 4615 917 4662; x_wconf 86' lang='lat' dir='ltr'><strong>statum.</strong></span> <span class='ocrx_word' id='word_1_591' title='bbox 954 4606 1154 4660; x_wconf 88' lang='lat' dir='ltr'><strong>Debent</strong></span> <span class='ocrx_word' id='word_1_592' title='bbox 1182 4606 1345 4661; x_wconf 89' lang='lat' dir='ltr'><strong>etiam</strong></span> <span class='ocrx_word' id='word_1_593' title='bbox 1370 4605 1475 4659; x_wconf 88' lang='lat' dir='ltr'><strong>vici</strong></span> <span class='ocrx_word' id='word_1_594' title='bbox 1500 4620 1689 4660; x_wconf 87' lang='lat' dir='ltr'><strong>omnes</strong></span> <span class='ocrx_word' id='word_1_595' title='bbox 1734 4603 1908 4659; x_wconf 90' lang='lat' dir='ltr'><strong>eccle-</strong></span> 
     </span>
    </p>
   </div>
   <div class='ocr_carea' id='block_1_95' title="bbox 332 4695 1904 4766">
    <p class='ocr_par' dir='ltr' id='par_1_95' title="bbox 332 4695 1904 4766">
     <span class='ocr_line' id='line_1_96' title="bbox 332 4695 1904 4766; baseline -0.004 -13"><span class='ocrx_word' id='word_1_596' title='bbox 332 4699 422 4753; x_wconf 72' lang='lat' dir='ltr'><strong>sia:</strong></span> <span class='ocrx_word' id='word_1_597' title='bbox 445 4696 730 4766; x_wconf 89' lang='lat' dir='ltr'><strong>cujuslibet</strong></span> <span class='ocrx_word' id='word_1_598' title='bbox 756 4695 1027 4766; x_wconf 65' lang='lat' dir='ltr'><strong>parochias:</strong></span> <span class='ocrx_word' id='word_1_599' title='bbox 1050 4696 1100 4748; x_wconf 92' lang='lat' dir='ltr'><strong>in</strong></span> <span class='ocrx_word' id='word_1_600' title='bbox 1123 4704 1388 4764; x_wconf 90' lang='lat' dir='ltr'><strong>potestate</strong></span> <span class='ocrx_word' id='word_1_601' title='bbox 1413 4696 1708 4749; x_wconf 82' lang='lat' dir='ltr'><strong>consistere</strong></span> <span class='ocrx_word' id='word_1_602' title='bbox 1764 4708 1904 4763; x_wconf 59' lang='lat' dir='ltr'><strong>prae.</strong></span> 
     </span>
    </p>
   </div>
   <div class='ocr_carea' id='block_1_96' title="bbox 330 4785 1902 4854">
    <p class='ocr_par' dir='ltr' id='par_1_96' title="bbox 330 4785 1902 4854">
     <span class='ocr_line' id='line_1_97' title="bbox 330 4785 1902 4854; baseline -0.001 -13"><span class='ocrx_word' id='word_1_603' title='bbox 330 4787 476 4852; x_wconf 85' lang='lat' dir='ltr'><strong>sulis,</strong></span> <span class='ocrx_word' id='word_1_604' title='bbox 503 4788 644 4843; x_wconf 89' lang='lat' dir='ltr'><strong>sicut</strong></span> <span class='ocrx_word' id='word_1_605' title='bbox 694 4786 859 4840; x_wconf 90' lang='lat' dir='ltr'><strong>moris</strong></span> <span class='ocrx_word' id='word_1_606' title='bbox 883 4795 965 4840; x_wconf 89' lang='lat' dir='ltr'><strong>est</strong></span> <span class='ocrx_word' id='word_1_607' title='bbox 992 4785 1234 4841; x_wconf 87' lang='lat' dir='ltr'><strong>ecclesiis</strong></span> <span class='ocrx_word' id='word_1_608' title='bbox 1277 4787 1540 4854; x_wconf 88' lang='lat' dir='ltr'><strong>plurimis.</strong></span> <span class='ocrx_word' id='word_1_609' title='bbox 1595 4787 1702 4841; x_wconf 82' lang='lat' dir='ltr'><strong>Res</strong></span> <span class='ocrx_word' id='word_1_610' title='bbox 1742 4787 1902 4840; x_wconf 89' lang='lat' dir='ltr'><strong>etiam</strong></span> 
     </span>
    </p>
   </div>
   <div class='ocr_carea' id='block_1_97' title="bbox 329 4876 1905 4948">
    <p class='ocr_par' dir='ltr' id='par_1_97' title="bbox 329 4876 1905 4948">
     <span class='ocr_line' id='line_1_98' title="bbox 329 4876 1905 4948; baseline -0.003 -14"><span class='ocrx_word' id='word_1_611' title='bbox 329 4895 447 4948; x_wconf 81' lang='lat' dir='ltr'><strong>quae</strong></span> <span class='ocrx_word' id='word_1_612' title='bbox 478 4882 542 4934; x_wconf 92' lang='lat' dir='ltr'><strong>de</strong></span> <span class='ocrx_word' id='word_1_613' title='bbox 568 4879 758 4935; x_wconf 89' lang='lat' dir='ltr'><strong>eadem</strong></span> <span class='ocrx_word' id='word_1_614' title='bbox 807 4878 1034 4933; x_wconf 86' lang='lat' dir='ltr'><strong>ecclesia</strong></span> <span class='ocrx_word' id='word_1_615' title='bbox 1085 4885 1382 4932; x_wconf 87' lang='lat' dir='ltr'><strong>noscuntur</strong></span> <span class='ocrx_word' id='word_1_616' title='bbox 1436 4877 1620 4941; x_wconf 84' lang='lat' dir='ltr'><strong>fuisse,</strong></span> <span class='ocrx_word' id='word_1_617' title='bbox 1676 4888 1731 4932; x_wconf 90' lang='lat' dir='ltr'><strong>et</strong></span> <span class='ocrx_word' id='word_1_618' title='bbox 1777 4876 1905 4930; x_wconf 89' lang='lat' dir='ltr'><strong>olim</strong></span> 
     </span>
    </p>
   </div>
   <div class='ocr_carea' id='block_1_98' title="bbox 331 4967 1901 5044">
    <p class='ocr_par' dir='ltr' id='par_1_98' title="bbox 331 4967 1901 5044">
     <span class='ocr_line' id='line_1_99' title="bbox 331 4967 1901 5044; baseline -0.002 -20"><span class='ocrx_word' id='word_1_619' title='bbox 331 4977 456 5024; x_wconf 88' lang='lat' dir='ltr'><strong>sunt</strong></span> <span class='ocrx_word' id='word_1_620' title='bbox 483 4972 785 5035; x_wconf 59' lang='lat' dir='ltr'><strong>abstracta),</strong></span> <span class='ocrx_word' id='word_1_621' title='bbox 832 4985 1123 5044; x_wconf 87' lang='lat' dir='ltr'><strong>precamur</strong></span> <span class='ocrx_word' id='word_1_622' title='bbox 1149 4982 1246 5022; x_wconf 91' lang='lat' dir='ltr'><strong>vos</strong></span> <span class='ocrx_word' id='word_1_623' title='bbox 1274 4967 1448 5021; x_wconf 89' lang='lat' dir='ltr'><strong>eidem</strong></span> <span class='ocrx_word' id='word_1_624' title='bbox 1481 4969 1789 5035; x_wconf 88' lang='lat' dir='ltr'><strong>restituere,</strong></span> <span class='ocrx_word' id='word_1_625' title='bbox 1845 4976 1901 5021; x_wconf 89' lang='lat' dir='ltr'><strong>et</strong></span> 
     </span>
    </p>
   </div>
   <div class='ocr_carea' id='block_1_99' title="bbox 329 5057 1897 5129">
    <p class='ocr_par' dir='ltr' id='par_1_99' title="bbox 329 5057 1897 5129">
     <span class='ocr_line' id='line_1_100' title="bbox 329 5057 1897 5129; baseline -0.002 -14"><span class='ocrx_word' id='word_1_626' title='bbox 329 5060 468 5115; x_wconf 80' lang='lat' dir='ltr'><strong>sicut</strong></span> <span class='ocrx_word' id='word_1_627' title='bbox 496 5063 697 5129; x_wconf 85' lang='lat' dir='ltr'><strong>precati</strong></span> <span class='ocrx_word' id='word_1_628' title='bbox 721 5061 835 5128; x_wconf 85' lang='lat' dir='ltr'><strong>jam</strong></span> <span class='ocrx_word' id='word_1_629' title='bbox 866 5077 1069 5125; x_wconf 89' lang='lat' dir='ltr'><strong>sumus,</strong></span> <span class='ocrx_word' id='word_1_630' title='bbox 1121 5060 1187 5113; x_wconf 89' lang='lat' dir='ltr'><strong>ad</strong></span> <span class='ocrx_word' id='word_1_631' title='bbox 1214 5073 1451 5128; x_wconf 86' lang='lat' dir='ltr'><strong>praesens</strong></span> <span class='ocrx_word' id='word_1_632' title='bbox 1475 5057 1541 5111; x_wconf 89' lang='lat' dir='ltr'><strong>de</strong></span> <span class='ocrx_word' id='word_1_633' title='bbox 1569 5059 1762 5112; x_wconf 89' lang='lat' dir='ltr'><strong>vestris</strong></span> <span class='ocrx_word' id='word_1_634' title='bbox 1809 5072 1897 5112; x_wconf 89' lang='lat' dir='ltr'><strong>re-</strong></span> 
     </span>
    </p>
   </div>
   <div class='ocr_carea' id='block_1_100' title="bbox 328 5147 1901 5219">
    <p class='ocr_par' dir='ltr' id='par_1_100' title="bbox 328 5147 1901 5219">
     <span class='ocr_line' id='line_1_101' title="bbox 328 5147 1901 5219; baseline -0.001 -15"><span class='ocrx_word' id='word_1_635' title='bbox 328 5150 431 5204; x_wconf 88' lang='lat' dir='ltr'><strong>bus</strong></span> <span class='ocrx_word' id='word_1_636' title='bbox 460 5151 691 5219; x_wconf 87' lang='lat' dir='ltr'><strong>propriis</strong></span> <span class='ocrx_word' id='word_1_637' title='bbox 732 5166 830 5218; x_wconf 85' lang='lat' dir='ltr'><strong>per</strong></span> <span class='ocrx_word' id='word_1_638' title='bbox 881 5160 1204 5219; x_wconf 61' lang='lat' dir='ltr'><strong>praceptum</strong></span> <span class='ocrx_word' id='word_1_639' title='bbox 1251 5157 1491 5204; x_wconf 83' lang='lat' dir='ltr'><strong>vestrum</strong></span> <span class='ocrx_word' id='word_1_640' title='bbox 1544 5163 1662 5202; x_wconf 90' lang='lat' dir='ltr'><strong>eam</strong></span> <span class='ocrx_word' id='word_1_641' title='bbox 1709 5147 1901 5213; x_wconf 87' lang='lat' dir='ltr'><strong>ditare,</strong></span> 
     </span>
    </p>
   </div>
   <div class='ocr_carea' id='block_1_101' title="bbox 330 5235 1899 5308">
    <p class='ocr_par' dir='ltr' id='par_1_101' title="bbox 330 5235 1899 5308">
     <span class='ocr_line' id='line_1_102' title="bbox 330 5235 1899 5308; baseline -0.001 -16"><span class='ocrx_word' id='word_1_642' title='bbox 330 5247 666 5305; x_wconf 87' lang='lat' dir='ltr'><strong>construere,</strong></span> <span class='ocrx_word' id='word_1_643' title='bbox 697 5247 753 5294; x_wconf 88' lang='lat' dir='ltr'><strong>et</strong></span> <span class='ocrx_word' id='word_1_644' title='bbox 780 5238 931 5293; x_wconf 87' lang='lat' dir='ltr'><strong>vobis</strong></span> <span class='ocrx_word' id='word_1_645' title='bbox 978 5240 1030 5292; x_wconf 90' lang='lat' dir='ltr'><strong>in</strong></span> <span class='ocrx_word' id='word_1_646' title='bbox 1065 5250 1325 5294; x_wconf 67' lang='lat' dir='ltr'><strong>aeternum</strong></span> <span class='ocrx_word' id='word_1_647' title='bbox 1375 5239 1648 5308; x_wconf 82' lang='lat' dir='ltr'><strong>propriam</strong></span> <span class='ocrx_word' id='word_1_648' title='bbox 1704 5235 1899 5302; x_wconf 86' lang='lat' dir='ltr'><strong>facere,</strong></span> 
     </span>
    </p>
   </div>
   <div class='ocr_carea' id='block_1_102' title="bbox 329 5326 1903 5399">
    <p class='ocr_par' dir='ltr' id='par_1_102' title="bbox 329 5326 1903 5399">
     <span class='ocr_line' id='line_1_103' title="bbox 329 5326 1903 5399; baseline -0.001 -16"><span class='ocrx_word' id='word_1_649' title='bbox 329 5338 526 5384; x_wconf 87' lang='lat' dir='ltr'><strong>utnon</strong></span> <span class='ocrx_word' id='word_1_650' title='bbox 556 5338 796 5393; x_wconf 88' lang='lat' dir='ltr'><strong>vocetur,</strong></span> <span class='ocrx_word' id='word_1_651' title='bbox 837 5337 894 5384; x_wconf 92' lang='lat' dir='ltr'><strong>ut</strong></span> <span class='ocrx_word' id='word_1_652' title='bbox 935 5330 1254 5399; x_wconf 83' lang='lat' dir='ltr'><strong>antiquitus,</strong></span> <span class='ocrx_word' id='word_1_653' title='bbox 1295 5329 1714 5384; x_wconf 76' lang='lat' dir='ltr'><strong>Caesarodunum</strong></span> <span class='ocrx_word' id='word_1_654' title='bbox 1762 5326 1903 5382; x_wconf 91' lang='lat' dir='ltr'><strong>ulte-</strong></span> 
     </span>
    </p>
   </div>
   <div class='ocr_carea' id='block_1_103' title="bbox 328 5418 1907 5490">
    <p class='ocr_par' dir='ltr' id='par_1_103' title="bbox 328 5418 1907 5490">
     <span class='ocr_line' id='line_1_104' title="bbox 328 5418 1907 5490; baseline 0 -17"><span class='ocrx_word' id='word_1_655' title='bbox 328 5420 464 5485; x_wconf 91' lang='lat' dir='ltr'><strong>rius,</strong></span> <span class='ocrx_word' id='word_1_656' title='bbox 504 5419 600 5475; x_wconf 90' lang='lat' dir='ltr'><strong>sed</strong></span> <span class='ocrx_word' id='word_1_657' title='bbox 645 5418 1030 5475; x_wconf 84' lang='lat' dir='ltr'><strong>Karolidonum</strong></span> <span class='ocrx_word' id='word_1_658' title='bbox 1072 5420 1127 5475; x_wconf 91' lang='lat' dir='ltr'><strong>in</strong></span> <span class='ocrx_word' id='word_1_659' title='bbox 1172 5430 1510 5490; x_wconf 87' lang='lat' dir='ltr'><strong>perpetuum.</strong></span> <span class='ocrx_word' id='word_1_660' title='bbox 1555 5419 1907 5488; x_wconf 88' lang='lat' dir='ltr'><strong>Omnipotens</strong></span> 
     </span>
    </p>
   </div>
   <div class='ocr_carea' id='block_1_104' title="bbox 329 5509 1905 5583">
    <p class='ocr_par' dir='ltr' id='par_1_104' title="bbox 329 5509 1905 5583">
     <span class='ocr_line' id='line_1_105' title="bbox 329 5509 1905 5583; baseline 0.002 -21"><span class='ocrx_word' id='word_1_661' title='bbox 329 5509 588 5565; x_wconf 89' lang='lat' dir='ltr'><strong>Dominus</strong></span> <span class='ocrx_word' id='word_1_662' title='bbox 641 5509 950 5566; x_wconf 86' lang='lat' dir='ltr'><strong>serenitatis</strong></span> <span class='ocrx_word' id='word_1_663' title='bbox 1002 5521 1196 5566; x_wconf 86' lang='lat' dir='ltr'><strong>vestrae</strong></span> <span class='ocrx_word' id='word_1_664' title='bbox 1246 5514 1478 5583; x_wconf 81' lang='lat' dir='ltr'><strong>regalem</strong></span> <span class='ocrx_word' id='word_1_665' title='bbox 1531 5511 1905 5568; x_wconf 80' lang='lat' dir='ltr'><strong>excellentiam</strong></span> 
     </span>
    </p>
   </div>
   <div class='ocr_carea' id='block_1_105' title="bbox 328 5599 1903 5672">
    <p class='ocr_par' dir='ltr' id='par_1_105' title="bbox 328 5599 1903 5672">
     <span class='ocr_line' id='line_1_106' title="bbox 328 5599 1903 5672; baseline 0.001 -20"><span class='ocrx_word' id='word_1_666' title='bbox 328 5599 533 5654; x_wconf 85' lang='lat' dir='ltr'><strong>salvam</strong></span> <span class='ocrx_word' id='word_1_667' title='bbox 557 5601 610 5655; x_wconf 90' lang='lat' dir='ltr'><strong>in</strong></span> <span class='ocrx_word' id='word_1_668' title='bbox 640 5601 890 5657; x_wconf 84' lang='lat' dir='ltr'><strong>omnibus</strong></span> <span class='ocrx_word' id='word_1_669' title='bbox 910 5609 1074 5670; x_wconf 90' lang='lat' dir='ltr'><strong>atque</strong></span> <span class='ocrx_word' id='word_1_670' title='bbox 1116 5602 1434 5661; x_wconf 77' lang='lat' dir='ltr'><strong>incolumem</strong></span> <span class='ocrx_word' id='word_1_671' title='bbox 1487 5604 1543 5660; x_wconf 90' lang='lat' dir='ltr'><strong>in</strong></span> <span class='ocrx_word' id='word_1_672' title='bbox 1582 5603 1663 5659; x_wconf 90' lang='lat' dir='ltr'><strong>sui</strong></span> <span class='ocrx_word' id='word_1_673' title='bbox 1692 5617 1903 5672; x_wconf 87' lang='lat' dir='ltr'><strong>semper</strong></span> 
     </span>
    </p>
   </div>
   <div class='ocr_carea' id='block_1_106' title="bbox 328 5693 1153 5764">
    <p class='ocr_par' dir='ltr' id='par_1_106' title="bbox 328 5693 1153 5764">
     <span class='ocr_line' id='line_1_107' title="bbox 328 5693 1153 5764; baseline 0.001 -19"><span class='ocrx_word' id='word_1_674' title='bbox 328 5704 511 5763; x_wconf 69' lang='lat' dir='ltr'><strong>arnore</strong></span> <span class='ocrx_word' id='word_1_675' title='bbox 538 5706 858 5751; x_wconf 77' lang='lat' dir='ltr'><strong>conservare</strong></span> <span class='ocrx_word' id='word_1_676' title='bbox 887 5693 1153 5764; x_wconf 82' lang='lat' dir='ltr'><strong>dignetur.</strong></span> 
     </span>
    </p>
   </div>
   <div class='ocr_carea' id='block_1_107' title="bbox 2007 4605 3597 4681">
    <p class='ocr_par' dir='ltr' id='par_1_107' title="bbox 2007 4605 3597 4681">
     <span class='ocr_line' id='line_1_108' title="bbox 2007 4605 3597 4681; baseline 0.005 -23"><span class='ocrx_word' id='word_1_677' title='bbox 2007 4607 2213 4673; x_wconf 77' lang='lat' dir='ltr'><strong>sapiens</strong></span> <span class='ocrx_word' id='word_1_678' title='bbox 2236 4605 2522 4673; x_wconf 83' lang='lat' dir='ltr'><strong>sapientior</strong></span> <span class='ocrx_word' id='word_1_679' title='bbox 2551 4606 2667 4669; x_wconf 87' lang='lat' dir='ltr'><strong>erit,</strong></span> <span class='ocrx_word' id='word_1_680' title='bbox 2697 4614 2743 4658; x_wconf 86' lang='lat' dir='ltr'><strong>et</strong></span> <span class='ocrx_word' id='word_1_681' title='bbox 2775 4605 3065 4676; x_wconf 79' lang='lat' dir='ltr'><strong>intelligens</strong></span> <span class='ocrx_word' id='word_1_682' title='bbox 3096 4609 3450 4678; x_wconf 84' lang='lat' dir='ltr'><strong>gubernacula</strong></span> <span class='ocrx_word' id='word_1_683' title='bbox 3479 4629 3597 4681; x_wconf 85' lang='lat' dir='ltr'><strong>pos-</strong></span> 
     </span>
    </p>
   </div>
   <div class='ocr_carea' id='block_1_108' title="bbox 2006 4695 3594 4771">
    <p class='ocr_par' dir='ltr' id='par_1_108' title="bbox 2006 4695 3594 4771">
     <span class='ocr_line' id='line_1_109' title="bbox 2006 4695 3594 4771; baseline 0.005 -21"><span class='ocrx_word' id='word_1_684' title='bbox 2006 4698 2192 4751; x_wconf 84' lang='lat' dir='ltr'><strong>sidebit</strong></span> <span class='ocrx_word' id='word_1_685' title='bbox 2241 4697 2433 4767; x_wconf 85' lang='lat' dir='ltr'><strong>(Prov.</strong></span> <span class='ocrx_word' id='word_1_686' title='bbox 2465 4695 2545 4765; x_wconf 84' lang='grc' dir='ltr'><strong>ι).</strong></span> <span class='ocrx_word' id='word_1_687' title='bbox 2591 4695 2699 4750; x_wconf 83' lang='lat' dir='ltr'><strong>Nos</strong></span> <span class='ocrx_word' id='word_1_688' title='bbox 2740 4712 2889 4764; x_wconf 85' lang='lat' dir='ltr'><strong>vero,</strong></span> <span class='ocrx_word' id='word_1_689' title='bbox 2940 4698 3066 4753; x_wconf 90' lang='lat' dir='ltr'><strong>licet</strong></span> <span class='ocrx_word' id='word_1_690' title='bbox 3123 4701 3364 4771; x_wconf 83' lang='lat' dir='ltr'><strong>indigni,</strong></span> <span class='ocrx_word' id='word_1_691' title='bbox 3416 4712 3594 4757; x_wconf 88' lang='lat' dir='ltr'><strong>tamen</strong></span> 
     </span>
    </p>
   </div>
   <div class='ocr_carea' id='block_1_109' title="bbox 2008 4789 3597 4851">
    <p class='ocr_par' dir='ltr' id='par_1_109' title="bbox 2008 4789 3597 4851">
     <span class='ocr_line' id='line_1_110' title="bbox 2008 4789 3597 4851; baseline 0.001 -5"><span class='ocrx_word' id='word_1_692' title='bbox 2008 4805 2194 4846; x_wconf 88' lang='lat' dir='ltr'><strong>sumus</strong></span> <span class='ocrx_word' id='word_1_693' title='bbox 2239 4789 2379 4843; x_wconf 91' lang='lat' dir='ltr'><strong>illius</strong></span> <span class='ocrx_word' id='word_1_694' title='bbox 2416 4790 2631 4851; x_wconf 88' lang='lat' dir='ltr'><strong>vicarii,</strong></span> <span class='ocrx_word' id='word_1_695' title='bbox 2673 4791 2758 4844; x_wconf 90' lang='lat' dir='ltr'><strong>cui</strong></span> <span class='ocrx_word' id='word_1_696' title='bbox 2794 4791 3068 4846; x_wconf 87' lang='lat' dir='ltr'><strong>commisit</strong></span> <span class='ocrx_word' id='word_1_697' title='bbox 3114 4792 3256 4847; x_wconf 90' lang='lat' dir='ltr'><strong>Deus</strong></span> <span class='ocrx_word' id='word_1_698' title='bbox 3301 4792 3597 4848; x_wconf 76' lang='lat' dir='ltr'><strong>Ecclesium</strong></span> 
     </span>
    </p>
   </div>
   <div class='ocr_carea' id='block_1_110' title="bbox 2007 4882 3600 4953">
    <p class='ocr_par' dir='ltr' id='par_1_110' title="bbox 2007 4882 3600 4953">
     <span class='ocr_line' id='line_1_111' title="bbox 2007 4882 3600 4953; baseline -0.001 -15"><span class='ocrx_word' id='word_1_699' title='bbox 2007 4899 2180 4949; x_wconf 90' lang='lat' dir='ltr'><strong>suam,</strong></span> <span class='ocrx_word' id='word_1_700' title='bbox 2209 4883 2342 4938; x_wconf 90' lang='lat' dir='ltr'><strong>dans</strong></span> <span class='ocrx_word' id='word_1_701' title='bbox 2367 4883 2414 4939; x_wconf 91' lang='lat' dir='ltr'><strong>ei</strong></span> <span class='ocrx_word' id='word_1_702' title='bbox 2443 4892 2762 4953; x_wconf 70' lang='lat' dir='ltr'><strong>potestatem</strong></span> <span class='ocrx_word' id='word_1_703' title='bbox 2789 4883 2992 4952; x_wconf 82' lang='lat' dir='ltr'><strong>ligandi</strong></span> <span class='ocrx_word' id='word_1_704' title='bbox 3027 4891 3190 4951; x_wconf 90' lang='lat' dir='ltr'><strong>atque</strong></span> <span class='ocrx_word' id='word_1_705' title='bbox 3237 4882 3514 4937; x_wconf 89' lang='lat' dir='ltr'><strong>solvendi:</strong></span> <span class='ocrx_word' id='word_1_706' title='bbox 3544 4891 3600 4936; x_wconf 88' lang='lat' dir='ltr'><strong>ct</strong></span> 
     </span>
    </p>
   </div>
   <div class='ocr_carea' id='block_1_111' title="bbox 2008 4971 3592 5043">
    <p class='ocr_par' dir='ltr' id='par_1_111' title="bbox 2008 4971 3592 5043">
     <span class='ocr_line' id='line_1_112' title="bbox 2008 4971 3592 5043; baseline -0.002 -16"><span class='ocrx_word' id='word_1_707' title='bbox 2008 4975 2409 5043; x_wconf 86' lang='lat' dir='ltr'><strong>qualescunque</strong></span> <span class='ocrx_word' id='word_1_708' title='bbox 2446 4976 2647 5039; x_wconf 88' lang='lat' dir='ltr'><strong>simus,</strong></span> <span class='ocrx_word' id='word_1_709' title='bbox 2681 4974 2823 5027; x_wconf 91' lang='lat' dir='ltr'><strong>illius</strong></span> <span class='ocrx_word' id='word_1_710' title='bbox 2876 4972 3036 5042; x_wconf 91' lang='lat' dir='ltr'><strong>primi</strong></span> <span class='ocrx_word' id='word_1_711' title='bbox 3080 4971 3311 5024; x_wconf 90' lang='lat' dir='ltr'><strong>sessoris</strong></span> <span class='ocrx_word' id='word_1_712' title='bbox 3352 4973 3592 5035; x_wconf 86' lang='lat' dir='ltr'><strong>meritis,</strong></span> 
     </span>
    </p>
   </div>
   <div class='ocr_carea' id='block_1_112' title="bbox 2005 5052 3593 5134">
    <p class='ocr_par' dir='ltr' id='par_1_112' title="bbox 2005 5052 3593 5134">
     <span class='ocr_line' id='line_1_113' title="bbox 2005 5052 3593 5134; baseline -0.003 -15"><span class='ocrx_word' id='word_1_713' title='bbox 2005 5064 2240 5134; x_wconf 89' lang='lat' dir='ltr'><strong>quandiu</strong></span> <span class='ocrx_word' id='word_1_714' title='bbox 2277 5065 2467 5119; x_wconf 89' lang='lat' dir='ltr'><strong>merita</strong></span> <span class='ocrx_word' id='word_1_715' title='bbox 2500 5064 2615 5131; x_wconf 88' lang='lat' dir='ltr'><strong>ejus</strong></span> <span class='ocrx_word' id='word_1_716' title='bbox 2640 5064 2696 5116; x_wconf 92' lang='lat' dir='ltr'><strong>in</strong></span> <span class='ocrx_word' id='word_1_717' title='bbox 2740 5060 2895 5115; x_wconf 67' lang='lat' dir='ltr'><strong>caelis</strong></span> <span class='ocrx_word' id='word_1_718' title='bbox 2941 5073 3047 5113; x_wconf 90' lang='lat' dir='ltr'><strong>non</strong></span> <span class='ocrx_word' id='word_1_719' title='bbox 3079 5058 3384 5112; x_wconf 87' lang='lat' dir='ltr'><strong>moriuntur</strong></span> <span class='ocrx_word' id='word_1_720' title='bbox 3405 5098 3419 5123; x_wconf 95' lang='lat'><strong>,</strong></span> <span class='ocrx_word' id='word_1_721' title='bbox 3449 5052 3593 5129; x_wconf 78' lang='lat' dir='ltr'><strong>quod</strong></span> 
     </span>
    </p>
   </div>
   <div class='ocr_carea' id='block_1_113' title="bbox 2004 5146 3592 5222">
    <p class='ocr_par' dir='ltr' id='par_1_113' title="bbox 2004 5146 3592 5222">
     <span class='ocr_line' id='line_1_114' title="bbox 2004 5146 3592 5222; baseline -0.004 -14"><span class='ocrx_word' id='word_1_722' title='bbox 2004 5154 2334 5222; x_wconf 82' lang='lat' dir='ltr'><strong>operandam</strong></span> <span class='ocrx_word' id='word_1_723' title='bbox 2363 5162 2448 5208; x_wconf 93' lang='lat' dir='ltr'><strong>est</strong></span> <span class='ocrx_word' id='word_1_724' title='bbox 2476 5154 2527 5205; x_wconf 92' lang='lat' dir='ltr'><strong>in</strong></span> <span class='ocrx_word' id='word_1_725' title='bbox 2570 5149 2810 5203; x_wconf 88' lang='lat' dir='ltr'><strong>Ecclesia</strong></span> <span class='ocrx_word' id='word_1_726' title='bbox 2854 5147 2957 5202; x_wconf 88' lang='lat' dir='ltr'><strong>sibi</strong></span> <span class='ocrx_word' id='word_1_727' title='bbox 3001 5147 3324 5213; x_wconf 86' lang='lat' dir='ltr'><strong>commissa,</strong></span> <span class='ocrx_word' id='word_1_728' title='bbox 3365 5146 3436 5201; x_wconf 89' lang='lat' dir='ltr'><strong>ab</strong></span> <span class='ocrx_word' id='word_1_729' title='bbox 3474 5149 3592 5219; x_wconf 83' lang='lat' dir='ltr'><strong>ipso</strong></span> 
     </span>
    </p>
   </div>
   <div class='ocr_carea' id='block_1_114' title="bbox 2006 5235 3594 5312">
    <p class='ocr_par' dir='ltr' id='par_1_114' title="bbox 2006 5235 3594 5312">
     <span class='ocr_line' id='line_1_115' title="bbox 2006 5235 3594 5312; baseline -0.002 -16"><span class='ocrx_word' id='word_1_730' title='bbox 2006 5243 2261 5312; x_wconf 90' lang='lat' dir='ltr'><strong>repletur.</strong></span> <span class='ocrx_word' id='word_1_731' title='bbox 2287 5242 2354 5295; x_wconf 91' lang='lat' dir='ltr'><strong>Et</strong></span> <span class='ocrx_word' id='word_1_732' title='bbox 2377 5239 2594 5308; x_wconf 89' lang='lat' dir='ltr'><strong>quidem</strong></span> <span class='ocrx_word' id='word_1_733' title='bbox 2641 5237 2768 5307; x_wconf 86' lang='lat' dir='ltr'><strong>quia</strong></span> <span class='ocrx_word' id='word_1_734' title='bbox 2805 5235 2960 5306; x_wconf 91' lang='lat' dir='ltr'><strong>quasi</strong></span> <span class='ocrx_word' id='word_1_735' title='bbox 2990 5243 3228 5291; x_wconf 90' lang='lat' dir='ltr'><strong>tumores</strong></span> <span class='ocrx_word' id='word_1_736' title='bbox 3254 5243 3308 5290; x_wconf 87' lang='lat' dir='ltr'><strong>et</strong></span> <span class='ocrx_word' id='word_1_737' title='bbox 3348 5235 3594 5293; x_wconf 79' lang='lat' dir='ltr'><strong>lzesiones</strong></span> 
     </span>
    </p>
   </div>
   <div class='ocr_carea' id='block_1_115' title="bbox 2007 5324 3593 5399">
    <p class='ocr_par' dir='ltr' id='par_1_115' title="bbox 2007 5324 3593 5399">
     <span class='ocr_line' id='line_1_116' title="bbox 2007 5324 3593 5399; baseline -0.004 -13"><span class='ocrx_word' id='word_1_738' title='bbox 2007 5340 2216 5386; x_wconf 85' lang='lat' dir='ltr'><strong>vestras</strong></span> <span class='ocrx_word' id='word_1_739' title='bbox 2237 5328 2503 5399; x_wconf 88' lang='lat' dir='ltr'><strong>palpitare</strong></span> <span class='ocrx_word' id='word_1_740' title='bbox 2523 5326 2810 5392; x_wconf 87' lang='lat' dir='ltr'><strong>sensimus,</strong></span> <span class='ocrx_word' id='word_1_741' title='bbox 2831 5326 2929 5380; x_wconf 89' lang='lat' dir='ltr'><strong>has</strong></span> <span class='ocrx_word' id='word_1_742' title='bbox 2953 5325 3074 5381; x_wconf 89' lang='lat' dir='ltr'><strong>oleo</strong></span> <span class='ocrx_word' id='word_1_743' title='bbox 3095 5324 3478 5380; x_wconf 90' lang='lat' dir='ltr'><strong>consolationis</strong></span> <span class='ocrx_word' id='word_1_744' title='bbox 3496 5340 3593 5396; x_wconf 90' lang='lat' dir='ltr'><strong>per</strong></span> 
     </span>
    </p>
   </div>
   <div class='ocr_carea' id='block_1_116' title="bbox 2008 5414 3595 5483">
    <p class='ocr_par' dir='ltr' id='par_1_116' title="bbox 2008 5414 3595 5483">
     <span class='ocr_line' id='line_1_117' title="bbox 2008 5414 3595 5483; baseline -0.003 -7"><span class='ocrx_word' id='word_1_745' title='bbox 2008 5422 2177 5477; x_wconf 89' lang='lat' dir='ltr'><strong>melos</strong></span> <span class='ocrx_word' id='word_1_746' title='bbox 2224 5417 2544 5475; x_wconf 86' lang='lat' dir='ltr'><strong>dulcissimae</strong></span> <span class='ocrx_word' id='word_1_747' title='bbox 2590 5417 2901 5483; x_wconf 88' lang='lat' dir='ltr'><strong>eharitatis,</strong></span> <span class='ocrx_word' id='word_1_748' title='bbox 2948 5423 3004 5472; x_wconf 84' lang='lat' dir='ltr'><strong>et</strong></span> <span class='ocrx_word' id='word_1_749' title='bbox 3040 5422 3243 5471; x_wconf 73' lang='lat' dir='ltr'><strong>sancta:</strong></span> <span class='ocrx_word' id='word_1_750' title='bbox 3290 5414 3595 5473; x_wconf 81' lang='lat' dir='ltr'><strong>dilectionis</strong></span> 
     </span>
    </p>
   </div>
   <div class='ocr_carea' id='block_1_117' title="bbox 2007 5505 3592 5583">
    <p class='ocr_par' dir='ltr' id='par_1_117' title="bbox 2007 5505 3592 5583">
     <span class='ocr_line' id='line_1_118' title="bbox 2007 5505 3592 5583; baseline -0.004 -17"><span class='ocrx_word' id='word_1_751' title='bbox 2007 5518 2338 5583; x_wconf 79' lang='lat' dir='ltr'><strong>unguentum</strong></span> <span class='ocrx_word' id='word_1_752' title='bbox 2368 5508 2572 5575; x_wconf 83' lang='lat' dir='ltr'><strong>fovere,</strong></span> <span class='ocrx_word' id='word_1_753' title='bbox 2589 5507 2779 5575; x_wconf 89' lang='lat' dir='ltr'><strong>lenire,</strong></span> <span class='ocrx_word' id='word_1_754' title='bbox 2795 5516 2850 5564; x_wconf 92' lang='lat' dir='ltr'><strong>et</strong></span> <span class='ocrx_word' id='word_1_755' title='bbox 2864 5507 2933 5563; x_wconf 91' lang='lat' dir='ltr'><strong>ad</strong></span> <span class='ocrx_word' id='word_1_756' title='bbox 2954 5505 3277 5578; x_wconf 84' lang='lat' dir='ltr'><strong>integritatis</strong></span> <span class='ocrx_word' id='word_1_757' title='bbox 3304 5505 3592 5560; x_wconf 80' lang='lat' dir='ltr'><strong>sanitatem</strong></span> 
     </span>
    </p>
   </div>
   <div class='ocr_carea' id='block_1_118' title="bbox 2006 5594 3591 5672">
    <p class='ocr_par' dir='ltr' id='par_1_118' title="bbox 2006 5594 3591 5672">
     <span class='ocr_line' id='line_1_119' title="bbox 2006 5594 3591 5672; baseline -0.005 -14"><span class='ocrx_word' id='word_1_758' title='bbox 2006 5603 2303 5672; x_wconf 86' lang='lat' dir='ltr'><strong>perducere</strong></span> <span class='ocrx_word' id='word_1_759' title='bbox 2329 5601 2723 5656; x_wconf 90' lang='lat' dir='ltr'><strong>medicamento</strong></span> <span class='ocrx_word' id='word_1_760' title='bbox 2753 5614 2859 5670; x_wconf 89' lang='lat' dir='ltr'><strong>quo</strong></span> <span class='ocrx_word' id='word_1_761' title='bbox 2885 5598 3127 5655; x_wconf 89' lang='lat' dir='ltr'><strong>valemus</strong></span> <span class='ocrx_word' id='word_1_762' title='bbox 3150 5604 3419 5666; x_wconf 88' lang='lat' dir='ltr'><strong>optamus.</strong></span> <span class='ocrx_word' id='word_1_763' title='bbox 3456 5594 3591 5650; x_wconf 88' lang='lat' dir='ltr'><strong>Cum</strong></span> 
     </span>
    </p>
   </div>
   <div class='ocr_carea' id='block_1_119' title="bbox 2008 5686 3588 5773">
    <p class='ocr_par' dir='ltr' id='par_1_119' title="bbox 2008 5686 3588 5773">
     <span class='ocr_line' id='line_1_120' title="bbox 2008 5686 3588 5773; baseline -0.005 -24"><span class='ocrx_word' id='word_1_764' title='bbox 2008 5693 2317 5749; x_wconf 79' lang='lat' dir='ltr'><strong>noverimus</strong></span> <span class='ocrx_word' id='word_1_765' title='bbox 2347 5708 2506 5749; x_wconf 88' lang='lat' dir='ltr'><strong>omne</strong></span> <span class='ocrx_word' id='word_1_766' title='bbox 2542 5691 2740 5750; x_wconf 85' lang='lat' dir='ltr'><strong>donum</strong></span> <span class='ocrx_word' id='word_1_767' title='bbox 2778 5691 3072 5761; x_wconf 80' lang='lat' dir='ltr'><strong>Optimum,</strong></span> <span class='ocrx_word' id='word_1_768' title='bbox 3121 5698 3181 5773; x_wconf 13' lang='lat' dir='ltr'><strong>et.</strong></span> <span class='ocrx_word' id='word_1_769' title='bbox 3205 5702 3364 5744; x_wconf 88' lang='lat' dir='ltr'><strong>omne</strong></span> <span class='ocrx_word' id='word_1_770' title='bbox 3404 5686 3588 5743; x_wconf 88' lang='lat' dir='ltr'><strong>datum</strong></span> 
     </span>
    </p>
   </div>
  </div>
