1928 3047
144 119 182 159 15
813 100 815 102 ’
829 118 928 149 cson

1045 116 1181 147 EDRENI
1817 120 1857 148 16

141 185 273 224 assecltn,
294 186 424 214 Joannes
448 188 553 222 rector,
570 185 807 222 Gabrielopulus,
823 184 928 212 Basilii

1045 181 1158 210 [ωάννου
1180 183 1229 210 τοῦ
1258 181 1361 211 Ἐλαδᾶ
1388 181 1600 218 καταϐιϐάζουσι
1635 184 1698 216 τοὺς
1737 184 1855 216 οἰκείους

142 239 176 258 ac
191 230 309 266 reliqui.
322 230 508 258 Dominicum
522 231 609 259 etiam
622 230 790 258 sodalitatis
806 229 975 266 praefectum

141 275 196 303 Zoe
211 276 343 311 Augusta
355 275 499 310 provehit,
511 275 660 303 hominem
673 277 827 302 strenuum
841 273 973 301 habitum

143 319 265 355 suisque
282 321 432 355 parentem
450 319 608 346 mandatis.
628 319 698 354 Ejus
713 318 834 346 consilio
852 317 974 353 patriar-

144 364 199 391 cha
209 363 316 400 palatio
337 363 465 398 pellitur.
482 364 616 399 Magister
633 363 761 391 Joannes
777 363 882 390 Eladas
899 362 973 389 ultro

143 408 212 436 inde
228 408 354 436 discedit
375 408 411 435 ob
435 408 582 440 morbum,
600 416 657 443 quo
685 410 713 434 et
739 407 834 443 periit.
850 407 886 434 At
899 407 973 434 Gon-

143 452 294 481 stantinus
310 452 509 480 cubicularius
526 452 566 480 uti
582 452 663 480 solus
675 451 774 479 omnia
790 451 904 486 imperii
920 459 972 486 gu-

143 498 268 525 bernare
284 499 384 533 posset
400 505 494 532 neque
509 505 526 524 a
542 505 690 532 quoquam
708 497 909 532 impediretur,
927 504 972 523 so-

143 541 272 569 dalitatis
299 541 467 577 praefectum
493 541 572 576 apud
598 542 761 578 Augustam
787 540 971 575 criminatur,

142 586 227 622 quasi
243 585 268 613 is
284 585 368 613 fratri
391 594 444 613 suo
466 585 625 622 imperium
641 586 790 613 vindicare
805 587 970 613 conaretur.

141 631 222 663 Quod
238 638 272 658 ea
288 630 330 658 ita.
343 637 409 657 esse
426 630 560 664 credens,
574 629 729 665 patricium
746 637 813 657 eum
830 630 928 656 creat:
941 636 973 655 ac

141 675 177 702 de
202 682 283 702 more
312 676 463 710 precatum
494 674 722 702 descendentem
748 673 826 701 domi
853 680 972 700 manere

140 719 232 755 jubet.
248 718 403 747 Sodalitati
421 718 542 754 prteficit
556 718 700 746 Joannem
717 718 854 746 Garidam
871 725 904 745 ac
921 719 972 745 Do.-

143 765 276 791 mianum
293 763 462 791 eunuchum
481 763 675 798 drungarium
691 762 796 798 vigilia;
813 762 890 789 facit.

1030 225 1226 264 ¹Αλεκάνδρου,
1243 227 1367 262 Ἰωάννην
1384 228 1429 255 τὸν
1452 227 1600 266 ραίκτωρα,
1625 228 1671 255 τόν
1697 227 1855 266 Γαϐριηλό-

1030 269 1145 306 πουλον,
1162 271 1207 298 τὸν
1232 270 1395 307 Βασιλίτζην
1417 272 1461 299 καὶ
1485 271 1549 304 τοὺς
1573 272 1698 304 λοιπούς.
1731 271 1855 309 Προϐάλ-

1030 314 1105 342 λεται
1121 314 1149 342 δὲ
1174 316 1217 342 καὶ
1243 317 1303 350 Ζωὴ
1329 316 1469 353 Αὐγοῦστα
1489 317 1632 353 Δομίνικον
1662 317 1854 355 ἰταιρειάρχην

1030 357 1187 397 διαστήριον
1217 359 1348 388 δοκοῦντα
1375 360 1419 388 καὶ
1456 365 1515 392 τοῖς
1544 362 1628 396 αὐτῆς
1657 362 1854 398 προσκείμενον

1028 405 1252 441 προστάγμασιν,
1292 404 1323 432 οὗ
1358 407 1392 442 τῇ
1426 403 1571 442 συμϐουλῇ
1601 403 1809 440 καταϐιϐάζει-αι
1840 407 1854 434 ὁ

1028 449 1202 486 πατριάρχης
1242 451 1290 476 τοῦ
1325 449 1484 478 παλατίου.
1522 450 1573 478 Καὶ
1605 451 1619 478 ὁ
1650 450 1796 488 μάγιπρος
1825 449 1854 478 δὲ

1029 492 1155 528 Ἰωάννης
1183 493 1196 520 ὁ
1226 491 1344 525 Ἐλαϐἆς
1368 494 1502 529 κατῆλθεν
1528 495 1670 528 ἑκουσίως,
1701 495 1771 532 νόσῳ
1800 495 1852 531 λη-

1028 537 1114 576 φθεὶς,
1132 536 1154 564 δ’
1170 538 1204 572 ἧς
1219 538 1262 565 καὶ
1291 536 1405 566 ἀπεϐίω.
1436 541 1642 570 Κωνσταντῖνος
1672 538 1701 567 δὲ
1729 540 1742 566 ὁ
1765 550 1852 577 παρα-

1026 582 1201 618 κοιμώμενος
1239 582 1282 620 ὑφ’
1320 583 1413 610 ἑαυτὸν
1449 583 1560 620 ἀγαγεῖν
1593 584 1644 618 τὴν
1671 584 1775 611 ἅπασαν
1802 588 1854 618 τῆς

1031 625 1168 663 βασιλείας
1191 626 1268 661 ἡνίαν
1299 627 1467 665 βουλόμενος
1496 627 1541 654 καὶ
1574 627 1677 664 μηδένα
1704 626 1776 666 ἔχειν
1805 629 1852 656 τὸν

1027 670 1220 707 ἐμποδίζοντα.
1249 673 1288 708 [Ρ.
1314 673 1377 708 612]
1412 669 1556 700 διαϐάλλει
1584 673 1630 700 τὸν
1660 673 1852 710 ἕταιριιάρχην

1027 715 1066 746 είς
1082 715 1130 749 τὴν
1148 715 1302 752 Δύγοῦσταν
1328 716 1365 748 ὡς
1388 716 1610 754 σφιτεριζόμενον
1634 717 1684 750 τήν
1711 717 1851 753 βασιλείαν

1026 759 1065 790 εἷς
1079 760 1124 786 τὸν
1140 760 1234 787 ἑαυτοῦ
1249 758 1377 799 ἀδελφόν·
1395 760 1426 787 οὔ
1441 763 1499 791 τοῖς
1524 759 1620 797 λόγοις
1634 763 1774 792 πεισθεῖσα
1797 771 1851 788 πα-

144 807 246 844 τρίκιον
264 807 343 834 αὐτὸν
357 809 435 842 τιμᾷ,
450 806 493 833 καὶ
511 805 687 840 κατελθόντα,
703 807 740 837 ὡς
754 804 824 840 ἓΟος,
842 802 935 832 λαϐεῖν
950 804 1036 841 εὐχὴν
1055 805 1110 840 (52)
1124 802 1195 830 ο’ίκοι
1212 804 1300 840 μένειν
1324 804 1478 842 προσέταξε.
1507 804 1711 842 Προχειρίζιται
1737 804 1765 832 ’δὲ
1790 806 1849 833 ἀντ’

265 854 278 859 ..ο
296 851 301 858 ι

142 852 189 879 αὐτ
195 854 225 879 οὖ

178 898 319 925 Caeterum
334 896 470 924 Simeone
487 896 642 923 Thraciam
659 896 828 932 populante,
839 897 971 931 Augusta
987 895 1009 927 Β

141 950 210 969 curn
229 941 399 977 proceribus
414 939 549 968 consulat
565 948 622 976 quo
647 942 732 976 pacto
756 941 820 975 ejus
848 940 971 975 impres-

140 987 240 1014 siones
256 987 466 1021 compesceret.
483 985 524 1012 lbi
546 985 675 1013 Joannes
703 985 796 1021 Bogas
812 985 889 1013 284
905 992 971 1020 pro-

139 1031 242 1064 mittit,
251 1030 276 1058 si
288 1029 410 1066 patricio
423 1029 533 1057 honore
544 1029 746 1064 insigniretur,
759 1038 790 1058 se
801 1029 971 1056 Patzinacas

139 1077 242 1103 contra
256 1083 326 1102 eum
342 1074 558 1108 adducturum;
574 1073 791 1110 impetratoque
803 1075 878 1108 quod
895 1075 972 1109 pete-

137 1120 198 1150 bat.
215 1119 344 1155 acceptis
360 1118 444 1146 donis
459 1118 494 1146 ad
511 1126 560 1146 eos
577 1126 608 1146 se
624 1118 748 1153 confert,
765 1121 882 1154 pactum
909 1118 969 1152 icit,

139 1164 327 1200 acceptisque
338 1163 492 1191 obsidibus
502 1162 604 1198 Cpolin
622 1163 708 1194 redit,
721 1162 860 1198 pollicitis
876 1163 969 1190 Patzi-

138 1208 220 1236 nucis
235 1216 267 1236 se
289 1209 364 1236 Istro
388 1208 511 1243 trajecto
535 1207 671 1243 Bulgaris
694 1207 804 1235 bellum
831 1208 968 1235 facturos.

138 1252 309 1288 Transfugit
324 1260 357 1280 eo
373 1253 504 1287 tempore
521 1253 549 1278 et
563 1251 729 1284 Asotcs,vir
744 1251 877 1282 celebris,
889 1252 970 1288 prin-

140 1297 213 1332 cipis
229 1296 396 1332 principum
412 1295 502 1323 ﬁlius.
515 1295 542 1322 Is
558 1295 708 1322 ferebatur
717 1295 829 1330 virgam
846 1295 968 1322 ferream

139 1341 277 1368 manibus
301 1342 431 1368 extrema
457 1342 561 1367 tenens
586 1340 770 1375 confringere
795 1347 827 1367 ac
853 1339 969 1367 ﬂectere

139 1394 236 1421 posse,
252 1384 360 1412 duritie
378 1385 445 1412 ferri
469 1392 610 1412 manuum
628 1384 723 1412 robori
749 1384 878 1411 cedente.
897 1384 967 1411 Eum

137 1431 192 1458 Zoe
202 1430 323 1457 comiter
332 1431 485 1465 acceptum
495 1429 615 1456 domum
627 1428 750 1456 remisit.
758 1428 967 1463 Adrianopolin

139 1477 238 1502 autem
255 1473 385 1502 Simeoni
410 1482 461 1508 per
481 1473 648 1509 complures
663 1472 726 1500 dies
741 1473 851 1500 frustra
875 1481 966 1508 oppu-

137 1518 239 1555 gnanti
265 1518 462 1546 Pancratucas
489 1517 608 1552 quidam
637 1516 803 1547 Armenius.
821 1516 867 1544 cui
892 1516 969 1544 inter

139 1563 212 1591 alios
238 1562 319 1591 urbis
343 1563 408 1598 ejus
432 1561 567 1590 custodia
590 1561 684 1589 fuerat
709 1561 878 1593 commissa,
895 1569 966 1588 auro

139 1609 295 1644 corruptus
311 1607 416 1643 prodit.
431 1606 521 1634 Paulo
537 1608 604 1642 post
619 1605 704 1633 missi
720 1606 756 1633 ab
768 1607 900 1641 Augusta
916 1605 967 1633 Ba-

140 1652 225 1680 silius
242 1651 382 1688 patricius
397 1649 525 1678 canicleo
549 1650 705 1686 praefectus
725 1652 753 1676 et
772 1649 888 1677 Nicetas
903 1649 967 1676 Ela-

141 1697 226 1724 dicus
239 1704 303 1724 eam
320 1703 391 1722 auro
408 1703 440 1722 ac
456 1694 582 1730 pecunia
596 1697 816 1729 recuperarunt.

241 851 367 885 Ίῶάννην
383 851 428 878 τὸν
441 849 554 888 Γαριδᾶν
571 851 775 889 ὲταιρειάρχην,
792 850 836 877 καὶ
851 849 985 886 Δαμιανὸν
1003 848 1131 886 εὐνοῦχον
1150 849 1282 887 ἀρτιιρανῆ
1298 852 1347 883 τῆς
1365 848 1463 886 βίγλας
1480 848 1659 886 δρουγγάριον

1060 896 1192 930 ’Ἁγοντος
1208 892 1237 920 δὶ
1253 894 1297 920 καὶ
1318 893 1445 932 φέροντος
1466 896 1514 921 τοῦ
1541 895 1653 930 Συμεὼν
1677 894 1711 921 τὰ
1734 897 1852 932 Θρᾳκῷα

1028 937 1109 974 μέρη,
1125 937 1170 964 καὶ
1186 941 1236 972 τῆς
1251 938 1408 976 Αὖγούστης
1432 937 1630 976 φροντίζοῦσης
1657 939 1724 974 μετὰ
1747 941 1800 966 τῶν
1824 938 1852 966 ἐν

1025 981 1097 1009 τέλει
1123 981 1197 1012 ὅπως
1212 981 1293 1009 αὐτοῦ
1313 982 1437 1009 παύσωσι
1461 983 1510 1013 τὰς
1534 981 1695 1020 ἐπιδρομὰς,
1723 983 1853 1018 Ἰωάννης

1026 1026 1040 1053 ὁ
1065 1029 1150 1063 Βογᾶς
1179 1026 1312 1064 ὑπέσχετο
1335 1026 1477 1063 πατρίκιος
1499 1027 1626 1063 τιμηθεὶς
1656 1029 1712 1064 (54)
1738 1028 1850 1066 ἀγαγεῖν

1024 1071 1082 1097 κατ’
1106 1070 1189 1097 αὐτοῦ
1211 1071 1393 1105 Πατζινάκους
1408 1093 1414 1105 ,
1439 1072 1482 1098 καὶ
1512 1071 1604 1109 τυχὼν
1629 1075 1680 1106 τῆς
1701 1071 1850 1107 αῗτήσεως,

1025 1113 1099 1152 δῶρα
1125 1112 1216 1142 λαϐὼν
1244 1114 1349 1143 ἄπεισιν
1372 1115 1410 1146 εἷς
1435 1115 1623 1150 ΙΙατζινακίαν.
1656 1116 1707 1144 Καὶ
1736 1116 1851 1143 σπεισά-

1026 1169 1106 1196 μενος
1121 1159 1165 1186 καὶ
1181 1159 1304 1197 ὁμήρους
1330 1158 1453 1198 εἷ’ληφὼς
1476 1160 1609 1187 ἐπάνεισιν
1636 1159 1662 1187 ἐν
1691 1162 1725 1197 τῇ
1754 1159 1850 1195 πόλει¹

1024 1204 1190 1239 συνθεμένων
1211 1206 1264 1230 τῶν
1291 1204 1465 1238 Πατζινάκων
1489 1205 1534 1232 τὸν
1563 1205 1668 1242 Ἵστρον
1695 1205 1851 1242 περαιώσα-

1025 1249 1085 1274 σῦαι
1099 1248 1145 1275 καὶ
1161 1249 1330 1286 Βουλγάροις
1357 1247 1502 1285 πολεμεῖν.
1534 1248 1716 1286 Ηῦτομόλησε
1731 1248 1760 1276 Si.
1787 1249 1852 1277 τότε

1023 1292 1067 1319 καὶ
1095 1293 1217 1328 Ἀσώτης
1233 1293 1301 1330 ἀνὴρ
1318 1293 1480 1329 ὀνομαστὸς,
1497 1294 1554 1324 υἱὸς
1580 1292 1616 1320 ὢν
1631 1296 1679 1321 toi}
1709 1295 1849 1332 ἄρχοντος

1022 1339 1075 1363 τῶν
1107 1337 1259 1374 ἀρχόντων.
1288 1336 1414 1375 Ἑλέγετο
1439 1335 1468 1364 δὲ
1496 1337 1576 1368 οὗτος
1605 1335 1702 1375 ῥάϐδον
1733 1338 1848 1376 σιδηρᾶν

1024 1382 1190 1420 ἀμφοτέραις
1227 1381 1304 1419 χερσὶ
1339 1383 1394 1409 τῶν
1423 1382 1512 1419 ἅκρῶν
1539 1380 1686 1418 λαμϐάνων
1715 1382 1848 1421 περικλᾷν

1022 1427 1056 1462 τῇ
1084 1427 1138 1452 τῶν
1167 1428 1268 1462 χειρῶν
1288 1425 1332 1463 βίᾳ
1347 1427 1392 1453 καὶ
1411 1426 1554 1462 κάμπτειν,
1570 1430 1621 1461 τῆς
1638 1426 1783 1454 ἀντιτύπου
1799 1430 1849 1454 τοῦ

1023 1468 1136 1506 σιδήρου
1161 1470 1219 1507 βίας
1247 1469 1400 1504 ὑπεκούσης
1429 1472 1463 1507 τῇ
1488 1473 1542 1497 τῶν
1572 1471 1672 1508 χειρῶν
1699 1470 1787 1508 ἴσχύϊ¹
1819 1471 1850 1499 ὅν

1023 1513 1197 1552 φιλοφρόνως
1214 1515 1231 1548 ἠ
1248 1513 1375 1541 δέσποινα
1391 1513 1521 1551 δεξαμένη
1548 1514 1639 1542 οἷόιαδε
1667 1516 1749 1543 πάλιν
1777 1516 1850 1543 ὑπο-

1023 1561 1150 1593 νοστῆσαι
1174 1558 1318 1592 πεποίηκε.
1349 1558 1568 1596 Πολιορκοῦντος
1598 1558 1627 1586 δὶ
1653 1562 1701 1586 τοῦ
1732 1561 1849 1596 Συμεὼν

1022 1603 1071 1636 τὴν
1114 1601 1337 1640 Ἀδριανούπολιν
1363 1603 1404 1641 ἰφ¹
1431 1604 1536 1641 ἡμέρας
1564 1603 1657 1635 ἱκανὰς
1685 1605 1728 1631 καὶ
1761 1604 1850 1640 μηδὲν

1022 1646 1160 1681 ἀνύοντος,
1185 1647 1393 1684 Παγκρατούκας
1417 1658 1458 1678 τις
1474 1647 1551 1685 γένος
1568 1646 1604 1675 ὢν
1633 1648 1773 1686 Ἀρμένιος
1801 1649 1851 1677 καὶ

1022 1693 1061 1722 εἷς
1087 1691 1140 1718 τῶν
1169 1691 1311 1730 φυλάττειν
1340 1693 1509 1730 τεταγμένων
1537 1695 1587 1727 τήν
1616 1692 1709 1725 πόλιν,
1741 1694 1850 1731 χρυσίῳ

143 1738 293 1770 δελεασθεὶς
309 1736 467 1777 προῦδωκεν
484 1737 567 1772 αὐτὴν
581 1739 620 1773 τῷ
637 1737 757 1774 Συμεών.
775 1738 840 1765 Μετ’
859 1736 951 1774 ὀλίγον
968 1735 997 1764 δὲ
1012 1735 1150 1771 ἀπεστάλη
1176 1737 1249 1774 παρὰ
1263 1739 1313 1771 τῆς
1329 1736 1489 1774 Αὖγούστης
1506 1737 1519 1764 ὁ
1539 1736 1680 1774 πατρίκιος
1711 1737 1852 1775 βασίλειος

143 1785 157 1812 ὁ
173 1783 216 1812 ἐπὶ
232 1786 279 1811 τοῦ
294 1782 448 1811 κανικλιίου
464 1782 508 1810 καὶ
524 1783 643 1817 Νικήτας
658 1780 814 1816 Ἐλαδικὸς,
831 1781 875 1809 καὶ
892 1781 1000 1820 χρυσίῳ
1014 1781 1059 1808 καὶ
1075 1782 1200 1818 χρήμασι
1217 1780 1355 1812 πλείστοις
1369 1781 1451 1808 πάλιν
1466 1781 1549 1816 αὐτὴν
1566 1781 1756 1817 ἀνεκτήσαντο.

179 1830 238 1857 Hoc
253 1830 317 1865 ipso
327 1837 404 1856 anno
415 1828 480 1865 Tyri
491 1836 606 1855 emeras
618 1827 775 1855 Damianus
791 1827 890 1854 hostili
902 1835 968 1854 cum

142 1874 237 1903 classe
250 1876 278 1901 et
294 1873 410 1910 magnis
421 1873 512 1908 copiis
524 1873 553 1900 in
566 1872 713 1900 Romanos
724 1872 866 1908 impetum
878 1871 968 1906 dedit,

140 1919 321 1954 adortusque
345 1917 514 1946 Strobelum
540 1917 646 1944 acriter
668 1916 862 1953 oppugnavit;
880 1919 907 1943 et
923 1924 969 1943 ce-

139 1963 232 1998 pisset
248 1963 361 1998 utique,
378 1962 434 1990 nisi
451 1971 465 1989 e
481 1962 582 1989 morbo
605 1961 781 1989 decessisset
796 1961 863 1988 vita.
880 1962 970 1988 Morte

139 2009 204 2042 ejus
220 2008 330 2035 factum
343 2010 387 2035 est
397 2009 430 2034 ut
441 2007 575 2034 Saraceni
592 2014 622 2033 re
636 2006 745 2033 infecta
755 2006 875 2033 domum
892 2005 968 2032 redi-

140 2052 282 2080 rent.Zoe
298 2059 383 2087 porro
407 2051 592 2078 continentes
613 2050 761 2078 Simeonis
787 2050 969 2077 incursiones

140 2104 198 2124 non
215 2097 323 2130 terens,
335 2103 460 2130 eumque
476 2095 635 2131 reprimere
651 2094 783 2130 cupiens,
795 2102 825 2121 re
841 2102 905 2121 cum
922 2102 968 2121 se-

138 2142 210 2168 natu
229 2140 391 2168 deliberata
407 2140 511 2168 statuit
526 2147 627 2175 pacem
644 2147 710 2166 cum
724 2138 878 2166 Saracenis
893 2146 969 2166 com-

137 2193 244 2220 ponere
257 2185 477 2220 orientalesque
492 2184 566 2213 285
585 2184 692 2211 deinde
706 2191 808 2211 omnes
823 2183 968 2210 exercitus

137 2230 166 2256 in
184 2229 372 2257 Occidentem
396 2231 608 2265 transportare,
621 2228 726 2263 hisque
746 2235 814 2254 cum
835 2227 967 2254 occiden—

135 2273 248 2301 talibus
259 2273 349 2310 copiis
360 2257 527 2309 conjunctis
539 2257 690 2300 bellumin
703 2271 843 2307 Bulgaros
854 2279 968 2299 movere
984 2257 1006 2289 D

134 2326 244 2354 eosque
255 2318 563 2346 exscindere.Proinde
576 2317 605 2344 in
617 2317 729 2353 Syriam
740 2315 823 2344 missi
834 2316 962 2344 Joannes

135 2363 272 2391 Radenus
291 2363 434 2400 patricius
459 2365 486 2390 et
510 2362 672 2390 Michaelus
688 2362 816 2389 Toxaras
841 2362 960 2396 pactum

1060 1826 1157 1862 Τούτῳ
1169 1826 1209 1862 τῷ
1224 1824 1276 1854 ἔτει
1298 1828 1343 1854 καὶ
1359 1827 1493 1863 Δαμιανὸς
1514 1827 1528 1854 ὁ
1551 1830 1602 1862 τῆς
1621 1827 1708 1864 Τύρου
1737 1827 1850 1865 ἀμηρᾶς

1026 1871 1092 1906 μετὰ
1108 1870 1265 1907 πολεμικῶν
1283 1871 1387 1898 πλοίων
1403 1871 1448 1898 καὶ
1465 1871 1605 1907 δυνάμεως
1624 1870 1735 1905 πολλῆς
1759 1869 1851 1899 εἰσϐο-

1024 1913 1076 1948 λὴν
1092 1913 1239 1949 ἐποιήσατο
1263 1915 1330 1942 κατά
1354 1914 1506 1951 Ῥωμαίων,
1535 1916 1580 1942 καὶ
1608 1916 1657 1949 τήν
1685 1913 1848 1952 Στρόϐηλον

1023 1956 1182 1986 καταλαϐών
1209 1958 1323 1996 ἰνεργῶς
1344 1959 1427 1993 αὐτὴν
1448 1958 1603 1996 ἐπολιόρκει
1618 1980 1624 1986 .
1652 1959 1704 1987 Καὶ
1734 1959 1849 1997 ἐξεπόρ-

1025 2008 1104 2037 θησεν
1127 2003 1167 2037 ἃν,
1191 2003 1215 2030 εἷ’
1247 2004 1284 2039 μὴ
1308 2004 1424 2038 νοσήσας
1454 2001 1583 2040 ἀπεϐίω,
1614 2002 1658 2031 διὰ
1683 2008 1763 2039 κενῆς
1790 2007 1847 2032 τῶν

1024 2050 1188 2084 Σαρακηνῶν
1211 2048 1446 2085 ὑποστρεψάντων.
1476 2048 1519 2081 Μή
1550 2047 1668 2084 φέρουσα
1696 2047 1724 2075 δὲ
1749 2049 1812 2082 Ζωή
1830 2051 1848 2084 ἡ

1025 2089 1133 2129 βασιλὶς
1157 2091 1204 2122 τὰς
1229 2094 1277 2118 τοῦ
1306 2091 1419 2128 Συμεὼν
1447 2094 1570 2129 συνεχεῖς
1602 2090 1772 2128 ἐπιδρομὰς,
1801 2093 1849 2120 καὶ

1025 2134 1181 2174 βουλομένη
1197 2136 1294 2167 ταύτας
1320 2136 1463 2173 ἀνακόψαι,
1480 2135 1539 2163 δέον
1556 2136 1668 2174 ἐγνώκει
1701 2137 1768 2173 μετά
1795 2140 1851 2172 τῆς

1022 2180 1177 2218 συγκλήτου
1208 2181 1272 2208 εἶναι
1309 2180 1466 2212 σπείσασθαι
1501 2184 1560 2212 τοῖς
1591 2184 1774 2218 Σαρακηνοῖς,
1801 2182 1850 2209 καὶ

1023 2225 1109 2252 πάντα
1123 2225 1168 2252 τὸν
1184 2225 1210 2252 έν
1225 2227 1259 2262 τῇ
1275 2225 1345 2261 Ἑῲα
1368 2225 1479 2263 στρατὸν
1510 2224 1669 2262 διαπερᾶσαι
1699 2226 1766 2262 πρὸς
1797 2227 1851 2261 τὴν

1022 2270 1163 2307 Ἑσπέραν,
1192 2270 1237 2297 καὶ
1261 2270 1414 2301 ἑνωθέντων
1437 2272 1490 2297 τῶν
1513 2280 1542 2297 τε
1555 2270 1628 2306 ὶῴων
1645 2270 1757 2297 καὶτῶν
1776 2269 1851 2298 δυτι-

1018 2316 1073 2342 κῶν
1105 2314 1313 2351 στρατευμάτων
1337 2313 1459 2350 πόλεμον
1490 2315 1672 2349 συστήσασθαι
1699 2315 1767 2342 κατὰ
1790 2317 1848 2342 τῶν

1016 2357 1191 2396 Βουλγάρων,
1207 2359 1251 2386 καὶ
1266 2358 1368 2390 τελέως
1382 2358 1512 2397 ἀφανίσαι
1524 2357 1733 2394 αὐτούς.Ἕδοξε
1747 2361 1844 2394 τοῦτο,

735 2449 920 2477 XYLANDRI
941 2449 986 2477 ET
1005 2448 1114 2477 GOABI
1134 2448 1252 2476 NOTJE.

169 2535 223 2571 (52)
240 2533 343 2562 Ofﬁcia
358 2532 581 2571 ministeriaque
604 2530 725 2571 publica
747 2538 803 2557 non
825 2530 958 2571 sine-cce:

132 2566 258 2599 lestibus
282 2569 422 2605 auspiciis
446 2571 474 2596 et
503 2566 636 2605 Ecclesiae
660 2566 735 2605 votis
760 2566 959 2605 suscipiebant

133 2607 234 2634 Graeci.
251 2601 498 2641 Unde-patricius
514 2604 550 2641 ab
568 2601 750 2638 impcratrice
775 2602 960 2641 renuntiatus

132 2642 320 2670 Constantius
346 2638 511 2673 confestim,
528 2640 563 2667 de
589 2647 679 2673 more,
705 2638 902 2673 procationem
923 2638 958 2664 ad

134 2676 363 2706 consecrationis
376 2677 468 2704 instar
479 2677 672 2710 suscepturus
689 2673 715 2701 in
729 2673 882 2710 ecclesiam
895 2681 958 2710 per-

132 2716 184 2750 git.
203 2715 355 2750 Reperitur
371 2712 399 2740 in
417 2709 700 2750 EuchAolegioIecons
715 2718 785 2737 cuso
801 2709 829 2736 in
845 2709 957 2744 patricii

133 2747 166 2778 ac
179 2747 363 2788 γεμί-ὀρθίοισι.
373 2747 567 2788 promotione.
585 2747 675 2788 ΕΘΛ-ιι.
864 2778 869 2788 Ι

167 2786 223 2822 (53)
252 2782 434 2822 Βορειὶῗάπὸ
467 2784 560 2810 mam
590 2783 711 2810 verbum
741 2782 956 2818 προχειρίζεται,

1017 2530 1119 2564 utpote
1134 2536 1191 2556 non
1208 2528 1378 2556 existimans
1394 2527 1522 2564 ofﬁcium
1544 2527 1633 2555 unius
1653 2526 1848 2564 ἐταιρειάρχου

1017 2563 1132 2592 duobus
1161 2564 1353 2591 commissum
1379 2563 1480 2597 fuisse,
1495 2564 1572 2598 quod
1594 2564 1683 2591 verba
1707 2563 1850 2600 ambigue

1015 2600 1182 2637 positarprss
1199 2608 1230 2626 se
1247 2601 1319 2637 ferre
1332 2600 1476 2637 videntur.
1494 2600 1565 2637 XifL.

1051 2637 1105 2671 (54)
1119 2636 1200 2663 Forte
1213 2636 1253 2663 sic
1264 2636 1319 2663 fuit
1329 2635 1512 2668 vertendum,
1525 2636 1614 2671 Bngasr
1624 2635 1761 2669 patricius
1776 2643 1846 2670 pra-

1013 2672 1111 2704 millil,
1127 2675 1193 2705 etc.,
1210 2674 1242 2698 ut
1257 2681 1314 2699 non
1330 2672 1383 2699 hoc
1407 2679 1500 2706 operas
1518 2670 1669 2705 prmmium
1697 2670 1846 2706 retulerit,

1014 2708 1134 2742 sedjam
1148 2710 1214 2734 ante
1227 2708 1366 2742 patricius
1379 2707 1406 2733 in
1419 2715 1449 2733 se
1463 2706 1605 2742 receperit
1616 2713 1677 2733 rem
1688 2715 1693 2739 ;
1706 2709 1751 2733 est
1761 2707 1845 2735 enim

1013 2743 1171 2777 ambiguus
1187 2741 1278 2770 locus.
1290 2743 1359 2774 Quis
1376 2744 1472 2769 autem
1491 2741 1529 2768 sit
1543 2741 1590 2768 ille
1607 2741 1744 2777 princeps
1760 2742 1844 2777 prin-

1012 2776 1122 2815 cipum,
1139 2776 1231 2815 ἄρχων
1252 2778 1405 2815 ἀρχόντων,
1423 2777 1554 2804 nondum
1570 2776 1670 2805 didici.
1688 2777 1755 2804 XYL.
