  <div class='ocr_page' id='page_1' title='image "/cluster/home/n/w/nwhite01/storage/ocr_20150623/122/njp.32101077773016/020.png"; bbox 0 0 1928 3047; ppageno 0'>
   <div class='ocr_carea' id='block_1_1' title="bbox 67 148 1206 181">
    <p class='ocr_par' dir='ltr' id='par_1_1' title="bbox 67 148 1206 181">
     <span class='ocr_line' id='line_1_1' title="bbox 67 148 1206 181; baseline 0.002 -3"><span class='ocrx_word' id='word_1_1' title='bbox 67 149 99 178; x_wconf 81' lang='lat' dir='ltr'><strong>l1</strong></span> <span class='ocrx_word' id='word_1_2' title='bbox 635 148 910 180; x_wconf 73' lang='lat' dir='ltr'><strong>HISTORIARUM</strong></span> <span class='ocrx_word' id='word_1_3' title='bbox 931 149 1206 181; x_wconf 85' lang='lat' dir='ltr'><strong>COMPENDIUM.</strong></span> 
     </span>
    </p>
   </div>
   <div class='ocr_carea' id='block_1_2' title="bbox 1735 148 1774 180">
    <p class='ocr_par' dir='ltr' id='par_1_2' title="bbox 1735 148 1774 180">
     <span class='ocr_line' id='line_1_2' title="bbox 1735 148 1774 180; baseline -0.026 0"><span class='ocrx_word' id='word_1_4' title='bbox 1735 148 1774 180; x_wconf 76' lang='lat' dir='ltr'><strong>l8</strong></span> 
     </span>
    </p>
   </div>
   <div class='ocr_carea' id='block_1_3' title="bbox 62 213 895 252">
    <p class='ocr_par' dir='ltr' id='par_1_3' title="bbox 62 213 890 252">
     <span class='ocr_line' id='line_1_3' title="bbox 62 213 890 252; baseline 0.002 -12"><span class='ocrx_word' id='word_1_5' title='bbox 62 213 106 241; x_wconf 74' lang='grc' dir='ltr'>καὶ</span> <span class='ocrx_word' id='word_1_6' title='bbox 124 213 256 252; x_wconf 72' lang='grc' dir='ltr'>πεμφθείς</span> <span class='ocrx_word' id='word_1_7' title='bbox 273 214 312 245; x_wconf 80' lang='grc' dir='ltr'>εἰς</span> <span class='ocrx_word' id='word_1_8' title='bbox 330 214 427 252; x_wconf 80' lang='grc' dir='ltr'>Συρίαν</span> <span class='ocrx_word' id='word_1_9' title='bbox 444 214 572 250; x_wconf 82' lang='grc' dir='ltr'><strong>Ἰωάννης</strong></span> <span class='ocrx_word' id='word_1_10' title='bbox 587 215 729 252; x_wconf 77' lang='grc' dir='ltr'><strong>πατρίκιος</strong></span> <span class='ocrx_word' id='word_1_11' title='bbox 755 215 769 242; x_wconf 87' lang='lat'><strong>6</strong></span> <span class='ocrx_word' id='word_1_12' title='bbox 793 213 890 249; x_wconf 83' lang='grc' dir='ltr'>Ῥαδη-</span> 
     </span>
    </p>
   </div>
   <div class='ocr_carea' id='block_1_4' title="bbox 968 213 1774 252">
    <p class='ocr_par' dir='ltr' id='par_1_4' title="bbox 968 215 1774 251">
     <span class='ocr_line' id='line_1_4' title="bbox 968 215 1774 251; baseline 0.001 -9"><span class='ocrx_word' id='word_1_13' title='bbox 968 223 1013 242; x_wconf 89' lang='lat' dir='ltr'><strong>um</strong></span> <span class='ocrx_word' id='word_1_14' title='bbox 1031 216 1185 243; x_wconf 72' lang='lat' dir='ltr'><strong>Saracenis</strong></span> <span class='ocrx_word' id='word_1_15' title='bbox 1206 215 1329 244; x_wconf 89' lang='lat' dir='ltr'><strong>icerunt.</strong></span> <span class='ocrx_word' id='word_1_16' title='bbox 1341 216 1472 251; x_wconf 85' lang='lat' dir='ltr'><strong>Augusta</strong></span> <span class='ocrx_word' id='word_1_17' title='bbox 1487 215 1698 243; x_wconf 87' lang='lat' dir='ltr'><strong>Saracenorum</strong></span> <span class='ocrx_word' id='word_1_18' title='bbox 1711 216 1774 250; x_wconf 86' lang='lat' dir='ltr'><strong>jam</strong></span> 
     </span>
    </p>
   </div>
   <div class='ocr_carea' id='block_1_5' title="bbox 62 258 892 296">
    <p class='ocr_par' dir='ltr' id='par_1_5' title="bbox 62 258 892 296">
     <span class='ocr_line' id='line_1_5' title="bbox 62 258 892 296; baseline 0 -10"><span class='ocrx_word' id='word_1_19' title='bbox 62 259 126 290; x_wconf 79' lang='grc' dir='ltr'>κνὸς</span> <span class='ocrx_word' id='word_1_20' title='bbox 142 259 185 286; x_wconf 74' lang='grc' dir='ltr'><strong>καὶ</strong></span> <span class='ocrx_word' id='word_1_21' title='bbox 201 259 319 296; x_wconf 78' lang='grc' dir='ltr'><strong>Μιχαὴλ</strong></span> <span class='ocrx_word' id='word_1_22' title='bbox 330 259 344 286; x_wconf 87' lang='grc' dir='ltr'>ὁ</span> <span class='ocrx_word' id='word_1_23' title='bbox 360 259 478 295; x_wconf 77' lang='grc' dir='ltr'>Τοξαρᾶς</span> <span class='ocrx_word' id='word_1_24' title='bbox 504 258 660 286; x_wconf 79' lang='grc' dir='ltr'><strong>ἐσπείσαντο</strong></span> <span class='ocrx_word' id='word_1_25' title='bbox 684 261 742 290; x_wconf 87' lang='grc' dir='ltr'>τοῖς</span> <span class='ocrx_word' id='word_1_26' title='bbox 769 262 892 296; x_wconf 85' lang='grc' dir='ltr'>Σαρακη-</span> 
     </span>
    </p>
   </div>
   <div class='ocr_carea' id='block_1_6' title="bbox 61 302 890 342">
    <p class='ocr_par' dir='ltr' id='par_1_6' title="bbox 61 302 890 342">
     <span class='ocr_line' id='line_1_6' title="bbox 61 302 890 342; baseline 0 -12"><span class='ocrx_word' id='word_1_27' title='bbox 61 307 132 334; x_wconf 83' lang='grc' dir='ltr'>νοῖς.</span> <span class='ocrx_word' id='word_1_28' title='bbox 150 304 199 331; x_wconf 70' lang='grc' dir='ltr'><strong>Καὶ</strong></span> <span class='ocrx_word' id='word_1_29' title='bbox 215 302 250 338; x_wconf 71' lang='grc' dir='ltr'>δή</span> <span class='ocrx_word' id='word_1_30' title='bbox 266 307 317 338; x_wconf 80' lang='grc' dir='ltr'>τῆς</span> <span class='ocrx_word' id='word_1_31' title='bbox 333 304 378 331; x_wconf 81' lang='grc' dir='ltr'><strong>ἀπ’</strong></span> <span class='ocrx_word' id='word_1_32' title='bbox 394 304 481 332; x_wconf 81' lang='grc' dir='ltr'>αὐτῶν</span> <span class='ocrx_word' id='word_1_33' title='bbox 499 303 688 341; x_wconf 59' lang='grc' dir='ltr'>ἀπαλλαγεῖσα</span> <span class='ocrx_word' id='word_1_34' title='bbox 713 302 856 342; x_wconf 72' lang='grc' dir='ltr'>φροντίδος</span> <span class='ocrx_word' id='word_1_35' title='bbox 873 305 890 338; x_wconf 81' lang='grc' dir='ltr'><strong>ὴ</strong></span> 
     </span>
    </p>
   </div>
   <div class='ocr_carea' id='block_1_7' title="bbox 63 347 893 386">
    <p class='ocr_par' dir='ltr' id='par_1_7' title="bbox 63 347 893 386">
     <span class='ocr_line' id='line_1_7' title="bbox 63 347 893 386; baseline 0 -12"><span class='ocrx_word' id='word_1_36' title='bbox 63 347 250 385; x_wconf 77' lang='grc' dir='ltr'>βασιλὶς,τήν</span> <span class='ocrx_word' id='word_1_37' title='bbox 268 349 369 383; x_wconf 76' lang='grc' dir='ltr'>συνήθη</span> <span class='ocrx_word' id='word_1_38' title='bbox 395 347 528 385; x_wconf 79' lang='grc' dir='ltr'>διανομὴν</span> <span class='ocrx_word' id='word_1_39' title='bbox 558 352 609 382; x_wconf 87' lang='grc' dir='ltr'><strong>τῆς</strong></span> <span class='ocrx_word' id='word_1_40' title='bbox 637 348 717 386; x_wconf 77' lang='grc' dir='ltr'>ῥόγας</span> <span class='ocrx_word' id='word_1_41' title='bbox 742 348 893 376; x_wconf 68' lang='grc' dir='ltr'>κελεύσασα</span> 
     </span>
    </p>
   </div>
   <div class='ocr_carea' id='block_1_8' title="bbox 60 392 892 430">
    <p class='ocr_par' dir='ltr' id='par_1_8' title="bbox 60 392 892 430">
     <span class='ocr_line' id='line_1_8' title="bbox 60 392 892 430; baseline 0.001 -12"><span class='ocrx_word' id='word_1_42' title='bbox 60 392 185 429; x_wconf 69' lang='grc' dir='ltr'>γενέσθαι</span> <span class='ocrx_word' id='word_1_43' title='bbox 219 395 274 420; x_wconf 83' lang='grc' dir='ltr'>τῶν</span> <span class='ocrx_word' id='word_1_44' title='bbox 311 394 531 430; x_wconf 78' lang='grc' dir='ltr'><strong>στρατευμάτων,</strong></span> <span class='ocrx_word' id='word_1_45' title='bbox 571 393 664 420; x_wconf 77' lang='grc' dir='ltr'>Λέοντῖ</span> <span class='ocrx_word' id='word_1_46' title='bbox 690 403 719 420; x_wconf 79' lang='grc' dir='ltr'>τι</span> <span class='ocrx_word' id='word_1_47' title='bbox 751 393 892 430; x_wconf 88' lang='grc' dir='ltr'>μαγίστρῳ</span> 
     </span>
    </p>
   </div>
   <div class='ocr_carea' id='block_1_9' title="bbox 62 435 890 474">
    <p class='ocr_par' dir='ltr' id='par_1_9' title="bbox 62 435 890 474">
     <span class='ocr_line' id='line_1_9' title="bbox 62 435 890 474; baseline 0 -10"><span class='ocrx_word' id='word_1_48' title='bbox 62 438 99 472; x_wconf 81' lang='grc' dir='ltr'><strong>τῷ</strong></span> <span class='ocrx_word' id='word_1_49' title='bbox 116 439 204 472; x_wconf 77' lang='grc' dir='ltr'>Φωκᾷ</span> <span class='ocrx_word' id='word_1_50' title='bbox 217 439 303 464; x_wconf 81' lang='grc' dir='ltr'>ταῦτα</span> <span class='ocrx_word' id='word_1_51' title='bbox 328 435 497 473; x_wconf 78' lang='grc' dir='ltr'><strong>παραδοῦσα,</strong></span> <span class='ocrx_word' id='word_1_52' title='bbox 523 436 676 473; x_wconf 81' lang='grc' dir='ltr'>δομεστίκῳ</span> <span class='ocrx_word' id='word_1_53' title='bbox 698 439 748 464; x_wconf 81' lang='grc' dir='ltr'><strong>τῶν</strong></span> <span class='ocrx_word' id='word_1_54' title='bbox 779 437 890 474; x_wconf 79' lang='grc' dir='ltr'><strong>σχολῶν</strong></span> 
     </span>
    </p>
   </div>
   <div class='ocr_carea' id='block_1_10' title="bbox 60 480 890 519">
    <p class='ocr_par' dir='ltr' id='par_1_10' title="bbox 60 480 890 519">
     <span class='ocr_line' id='line_1_10' title="bbox 60 480 890 519; baseline 0 -11"><span class='ocrx_word' id='word_1_55' title='bbox 60 481 240 519; x_wconf 67' lang='grc' dir='ltr'>τυγχάνοντι,</span> <span class='ocrx_word' id='word_1_56' title='bbox 281 481 381 519; x_wconf 69' lang='grc' dir='ltr'>ἀπᾶραι</span> <span class='ocrx_word' id='word_1_57' title='bbox 416 483 484 509; x_wconf 83' lang='grc' dir='ltr'>κατὰ</span> <span class='ocrx_word' id='word_1_58' title='bbox 529 480 696 519; x_wconf 85' lang='grc' dir='ltr'>Βουλγάρων</span> <span class='ocrx_word' id='word_1_59' title='bbox 735 481 890 518; x_wconf 68' lang='grc' dir='ltr'>ἰπὲτρεψεν.</span> 
     </span>
    </p>
   </div>
   <div class='ocr_carea' id='block_1_11' title="bbox 61 525 891 563">
    <p class='ocr_par' dir='ltr' id='par_1_11' title="bbox 61 525 891 563">
     <span class='ocr_line' id='line_1_11' title="bbox 61 525 891 563; baseline 0.001 -11"><span class='ocrx_word' id='word_1_60' title='bbox 61 525 276 563; x_wconf 68' lang='grc' dir='ltr'>Ἀθροισθίντων</span> <span class='ocrx_word' id='word_1_61' title='bbox 314 525 343 554; x_wconf 71' lang='grc' dir='ltr'><strong>δὲ</strong></span> <span class='ocrx_word' id='word_1_62' title='bbox 373 527 480 553; x_wconf 85' lang='grc' dir='ltr'>πάντων</span> <span class='ocrx_word' id='word_1_63' title='bbox 514 528 568 553; x_wconf 82' lang='grc' dir='ltr'>τῶν</span> <span class='ocrx_word' id='word_1_64' title='bbox 607 526 729 562; x_wconf 77' lang='grc' dir='ltr'>Θιμάτων</span> <span class='ocrx_word' id='word_1_65' title='bbox 763 526 809 553; x_wconf 85' lang='grc' dir='ltr'><strong>καὶ</strong></span> <span class='ocrx_word' id='word_1_66' title='bbox 837 528 891 553; x_wconf 83' lang='grc' dir='ltr'>τῶν</span> 
     </span>
    </p>
   </div>
   <div class='ocr_carea' id='block_1_12' title="bbox 60 568 891 607">
    <p class='ocr_par' dir='ltr' id='par_1_12' title="bbox 60 568 891 607">
     <span class='ocr_line' id='line_1_12' title="bbox 60 568 891 607; baseline 0.001 -11"><span class='ocrx_word' id='word_1_67' title='bbox 60 570 206 607; x_wconf 74' lang='grc' dir='ltr'><strong>ταγμάτων</strong></span> <span class='ocrx_word' id='word_1_68' title='bbox 245 571 314 598; x_wconf 83' lang='grc' dir='ltr'>κατὰ</span> <span class='ocrx_word' id='word_1_69' title='bbox 350 575 399 605; x_wconf 71' lang='grc' dir='ltr'>τὴν</span> <span class='ocrx_word' id='word_1_70' title='bbox 437 568 563 597; x_wconf 71' lang='grc' dir='ltr'>Διάϐασιν</span> <span class='ocrx_word' id='word_1_71' title='bbox 592 569 695 606; x_wconf 81' lang='grc' dir='ltr'>(πεδίον</span> <span class='ocrx_word' id='word_1_72' title='bbox 727 569 755 597; x_wconf 69' lang='grc' dir='ltr'><strong>δὲ</strong></span> <span class='ocrx_word' id='word_1_73' title='bbox 784 571 800 605; x_wconf 78' lang='grc' dir='ltr'>ἡ</span> <span class='ocrx_word' id='word_1_74' title='bbox 831 570 891 597; x_wconf 84' lang='grc' dir='ltr'>Διά-</span> 
     </span>
    </p>
   </div>
   <div class='ocr_carea' id='block_1_13' title="bbox 61 612 890 653">
    <p class='ocr_par' dir='ltr' id='par_1_13' title="bbox 61 612 890 653">
     <span class='ocr_line' id='line_1_13' title="bbox 61 612 890 653; baseline 0.001 -12"><span class='ocrx_word' id='word_1_75' title='bbox 61 612 139 645; x_wconf 76' lang='grc' dir='ltr'>ϐισις</span> <span class='ocrx_word' id='word_1_76' title='bbox 189 615 257 652; x_wconf 82' lang='grc' dir='ltr'>μέγα</span> <span class='ocrx_word' id='word_1_77' title='bbox 294 615 338 642; x_wconf 81' lang='grc' dir='ltr'>καὶ</span> <span class='ocrx_word' id='word_1_78' title='bbox 375 615 444 653; x_wconf 86' lang='grc' dir='ltr'>πρὸς</span> <span class='ocrx_word' id='word_1_79' title='bbox 484 613 626 652; x_wconf 81' lang='grc' dir='ltr'>ὑποδοχὴν</span> <span class='ocrx_word' id='word_1_80' title='bbox 670 617 788 653; x_wconf 83' lang='grc' dir='ltr'>στρατοῦ</span> <span class='ocrx_word' id='word_1_81' title='bbox 831 615 890 642; x_wconf 84' lang='grc' dir='ltr'>ἐπι-</span> 
     </span>
    </p>
   </div>
   <div class='ocr_carea' id='block_1_14' title="bbox 59 657 888 696">
    <p class='ocr_par' dir='ltr' id='par_1_14' title="bbox 59 657 888 696">
     <span class='ocr_line' id='line_1_14' title="bbox 59 657 888 696; baseline 0 -10"><span class='ocrx_word' id='word_1_82' title='bbox 59 657 202 695; x_wconf 75' lang='grc' dir='ltr'>τήδειον),</span> <span class='ocrx_word' id='word_1_83' title='bbox 238 658 402 690; x_wconf 77' lang='grc' dir='ltr'>ἀποσταλεῖς</span> <span class='ocrx_word' id='word_1_84' title='bbox 441 660 455 687; x_wconf 86' lang='lat'><strong>6</strong></span> <span class='ocrx_word' id='word_1_85' title='bbox 493 662 679 696; x_wconf 82' lang='grc' dir='ltr'>πρωτοπαπᾰς</span> <span class='ocrx_word' id='word_1_86' title='bbox 719 661 766 686; x_wconf 75' lang='grc' dir='ltr'>τοῦ</span> <span class='ocrx_word' id='word_1_87' title='bbox 801 659 888 687; x_wconf 86' lang='grc' dir='ltr'>παλα-</span> 
     </span>
    </p>
   </div>
   <div class='ocr_carea' id='block_1_15' title="bbox 59 703 889 740">
    <p class='ocr_par' dir='ltr' id='par_1_15' title="bbox 59 703 889 740">
     <span class='ocr_line' id='line_1_15' title="bbox 59 703 889 740; baseline -0.001 -9"><span class='ocrx_word' id='word_1_88' title='bbox 59 703 116 731; x_wconf 80' lang='grc' dir='ltr'>τίου</span> <span class='ocrx_word' id='word_1_89' title='bbox 135 705 192 739; x_wconf 81' lang='lat'><strong>(55)</strong></span> <span class='ocrx_word' id='word_1_90' title='bbox 225 705 293 740; x_wconf 75' lang='grc' dir='ltr'>μετὰ</span> <span class='ocrx_word' id='word_1_91' title='bbox 318 706 371 731; x_wconf 81' lang='grc' dir='ltr'>τῶν</span> <span class='ocrx_word' id='word_1_92' title='bbox 401 703 500 740; x_wconf 80' lang='grc' dir='ltr'>τιμίων</span> <span class='ocrx_word' id='word_1_93' title='bbox 531 703 618 738; x_wconf 61' lang='grc' dir='ltr'>ξύλων</span> <span class='ocrx_word' id='word_1_94' title='bbox 649 704 690 739; x_wconf 60' lang='grc' dir='ltr'><strong>[Ρ.</strong></span> <span class='ocrx_word' id='word_1_95' title='bbox 707 705 771 739; x_wconf 80' lang='lat'><strong>613]</strong></span> <span class='ocrx_word' id='word_1_96' title='bbox 788 714 889 740; x_wconf 85' lang='grc' dir='ltr'>παρεσ-</span> 
     </span>
    </p>
   </div>
   <div class='ocr_carea' id='block_1_16' title="bbox 60 747 887 786">
    <p class='ocr_par' dir='ltr' id='par_1_16' title="bbox 60 747 887 786">
     <span class='ocr_line' id='line_1_16' title="bbox 60 747 887 786; baseline -0.001 -11"><span class='ocrx_word' id='word_1_97' title='bbox 60 749 156 775; x_wconf 73' lang='grc' dir='ltr'>κεύασε</span> <span class='ocrx_word' id='word_1_98' title='bbox 193 749 432 786; x_wconf 71' lang='grc' dir='ltr'>προσκυνήσαντας</span> <span class='ocrx_word' id='word_1_99' title='bbox 467 748 566 778; x_wconf 84' lang='grc' dir='ltr'>πάντας</span> <span class='ocrx_word' id='word_1_100' title='bbox 604 747 788 783; x_wconf 78' lang='grc' dir='ltr'>ἐπομόσασθαι</span> <span class='ocrx_word' id='word_1_101' title='bbox 825 758 887 774; x_wconf 87' lang='grc' dir='ltr'>κυν-</span> 
     </span>
    </p>
   </div>
   <div class='ocr_carea' id='block_1_17' title="bbox 59 790 887 829">
    <p class='ocr_par' dir='ltr' id='par_1_17' title="bbox 59 790 887 829">
     <span class='ocr_line' id='line_1_17' title="bbox 59 790 887 829; baseline -0.001 -10"><span class='ocrx_word' id='word_1_102' title='bbox 59 794 241 828; x_wconf 73' lang='grc' dir='ltr'>αποθνήσκξιν</span> <span class='ocrx_word' id='word_1_103' title='bbox 267 791 415 828; x_wconf 81' lang='grc' dir='ltr'>ἀλλήλοις.</span> <span class='ocrx_word' id='word_1_104' title='bbox 447 792 495 819; x_wconf 76' lang='grc' dir='ltr'>Καὶ</span> <span class='ocrx_word' id='word_1_105' title='bbox 523 794 574 819; x_wconf 86' lang='grc' dir='ltr'>τοῦ</span> <span class='ocrx_word' id='word_1_106' title='bbox 604 790 687 829; x_wconf 75' lang='grc' dir='ltr'>ὅρκου</span> <span class='ocrx_word' id='word_1_107' title='bbox 716 791 887 822; x_wconf 63' lang='grc' dir='ltr'>τελεσθέντος</span> 
     </span>
    </p>
   </div>
   <div class='ocr_carea' id='block_1_18' title="bbox 58 835 888 874">
    <p class='ocr_par' dir='ltr' id='par_1_18' title="bbox 58 835 888 874">
     <span class='ocr_line' id='line_1_18' title="bbox 58 835 888 874; baseline -0.001 -10"><span class='ocrx_word' id='word_1_108' title='bbox 58 837 208 874; x_wconf 72' lang='grc' dir='ltr'>πανστρατὶ</span> <span class='ocrx_word' id='word_1_109' title='bbox 235 837 302 864; x_wconf 67' lang='grc' dir='ltr'>κατὰ</span> <span class='ocrx_word' id='word_1_110' title='bbox 332 836 494 874; x_wconf 75' lang='grc' dir='ltr'>Βουλγάρων</span> <span class='ocrx_word' id='word_1_111' title='bbox 523 837 694 874; x_wconf 75' lang='grc' dir='ltr'>ἐξώρμησαν.</span> <span class='ocrx_word' id='word_1_112' title='bbox 726 839 828 874; x_wconf 69' lang='grc' dir='ltr'>Ἠρχον</span> <span class='ocrx_word' id='word_1_113' title='bbox 859 835 888 863; x_wconf 72' lang='grc' dir='ltr'><strong>δὲ</strong></span> 
     </span>
    </p>
   </div>
   <div class='ocr_carea' id='block_1_19' title="bbox 56 878 885 917">
    <p class='ocr_par' dir='ltr' id='par_1_19' title="bbox 56 878 885 917">
     <span class='ocr_line' id='line_1_19' title="bbox 56 878 885 917; baseline -0.001 -9"><span class='ocrx_word' id='word_1_114' title='bbox 56 884 104 909; x_wconf 78' lang='grc' dir='ltr'>τοῦ</span> <span class='ocrx_word' id='word_1_115' title='bbox 135 881 183 917; x_wconf 68' lang='grc' dir='ltr'>μὲν</span> <span class='ocrx_word' id='word_1_116' title='bbox 215 882 355 917; x_wconf 74' lang='grc' dir='ltr'>τάγματος</span> <span class='ocrx_word' id='word_1_117' title='bbox 383 878 545 916; x_wconf 74' lang='grc' dir='ltr'>ἐξκουϐίτων</span> <span class='ocrx_word' id='word_1_118' title='bbox 574 881 732 916; x_wconf 76' lang='grc' dir='ltr'>Ἰωάννηςὸ</span> <span class='ocrx_word' id='word_1_119' title='bbox 761 881 885 917; x_wconf 76' lang='grc' dir='ltr'>Γράψων,</span> 
     </span>
    </p>
   </div>
   <div class='ocr_carea' id='block_1_20' title="bbox 58 924 885 964">
    <p class='ocr_par' dir='ltr' id='par_1_20' title="bbox 58 924 885 964">
     <span class='ocr_line' id='line_1_20' title="bbox 58 924 885 964; baseline -0.001 -11"><span class='ocrx_word' id='word_1_120' title='bbox 58 927 126 964; x_wconf 71' lang='grc' dir='ltr'>ἀνὴρ</span> <span class='ocrx_word' id='word_1_121' title='bbox 154 926 308 962; x_wconf 77' lang='grc' dir='ltr'>πολιμικὸς</span> <span class='ocrx_word' id='word_1_122' title='bbox 338 926 383 953; x_wconf 84' lang='grc' dir='ltr'><strong>καὶ</strong></span> <span class='ocrx_word' id='word_1_123' title='bbox 412 925 548 957; x_wconf 78' lang='grc' dir='ltr'>πολλάκις</span> <span class='ocrx_word' id='word_1_124' title='bbox 576 925 602 952; x_wconf 74' lang='grc' dir='ltr'>ἂν</span> <span class='ocrx_word' id='word_1_125' title='bbox 635 926 736 963; x_wconf 74' lang='grc' dir='ltr'>μάχαις</span> <span class='ocrx_word' id='word_1_126' title='bbox 753 924 885 963; x_wconf 82' lang='grc' dir='ltr'>ἀνδραγα-</span> 
     </span>
    </p>
   </div>
   <div class='ocr_carea' id='block_1_21' title="bbox 57 967 884 1006">
    <p class='ocr_par' dir='ltr' id='par_1_21' title="bbox 57 967 884 1006">
     <span class='ocr_line' id='line_1_21' title="bbox 57 967 884 1006; baseline -0.001 -9"><span class='ocrx_word' id='word_1_127' title='bbox 57 971 153 1005; x_wconf 71' lang='grc' dir='ltr'>θήσας,</span> <span class='ocrx_word' id='word_1_128' title='bbox 169 971 219 998; x_wconf 77' lang='grc' dir='ltr'>τοῦ</span> <span class='ocrx_word' id='word_1_129' title='bbox 235 969 264 998; x_wconf 72' lang='grc' dir='ltr'>δὲ</span> <span class='ocrx_word' id='word_1_130' title='bbox 279 971 407 998; x_wconf 75' lang='grc' dir='ltr'>ἱκανάτου</span> <span class='ocrx_word' id='word_1_131' title='bbox 517 967 659 1000; x_wconf 72' lang='grc' dir='ltr'>Ὀλϐιανὸς</span> <span class='ocrx_word' id='word_1_132' title='bbox 682 971 695 997; x_wconf 97' lang='lat'><strong>6</strong></span> <span class='ocrx_word' id='word_1_133' title='bbox 723 969 884 1006; x_wconf 81' lang='grc' dir='ltr'>Μαρούλης,</span> 
     </span>
    </p>
   </div>
   <div class='ocr_carea' id='block_1_22' title="bbox 57 1013 885 1052">
    <p class='ocr_par' dir='ltr' id='par_1_22' title="bbox 57 1013 885 1052">
     <span class='ocr_line' id='line_1_22' title="bbox 57 1013 885 1052; baseline -0.001 -10"><span class='ocrx_word' id='word_1_134' title='bbox 57 1015 124 1052; x_wconf 74' lang='grc' dir='ltr'>ἀνὴρ</span> <span class='ocrx_word' id='word_1_135' title='bbox 164 1013 408 1052; x_wconf 71' lang='grc' dir='ltr'>δεδοκιμασμένος.</span> <span class='ocrx_word' id='word_1_136' title='bbox 450 1015 498 1042; x_wconf 82' lang='grc' dir='ltr'>Καὶ</span> <span class='ocrx_word' id='word_1_137' title='bbox 541 1014 681 1051; x_wconf 72' lang='grc' dir='ltr'>Ῥωμανὸς</span> <span class='ocrx_word' id='word_1_138' title='bbox 722 1014 767 1041; x_wconf 86' lang='grc' dir='ltr'><strong>καὶ</strong></span> <span class='ocrx_word' id='word_1_139' title='bbox 809 1014 885 1042; x_wconf 78' lang='grc' dir='ltr'>Αέων</span> 
     </span>
    </p>
   </div>
   <div class='ocr_carea' id='block_1_23' title="bbox 56 1058 882 1097">
    <p class='ocr_par' dir='ltr' id='par_1_23' title="bbox 56 1058 882 1097">
     <span class='ocr_line' id='line_1_23' title="bbox 56 1058 882 1097; baseline 0 -11"><span class='ocrx_word' id='word_1_140' title='bbox 56 1060 80 1086; x_wconf 80' lang='grc' dir='ltr'>οἱ</span> <span class='ocrx_word' id='word_1_141' title='bbox 95 1058 145 1086; x_wconf 78' lang='grc' dir='ltr'>τοῦ</span> <span class='ocrx_word' id='word_1_142' title='bbox 162 1060 298 1097; x_wconf 83' lang='grc' dir='ltr'>Ἀργυροῦ</span> <span class='ocrx_word' id='word_1_143' title='bbox 313 1059 416 1094; x_wconf 82' lang='grc' dir='ltr'>παῖδες,</span> <span class='ocrx_word' id='word_1_144' title='bbox 432 1059 476 1086; x_wconf 79' lang='grc' dir='ltr'><strong>καὶ</strong></span> <span class='ocrx_word' id='word_1_145' title='bbox 492 1058 596 1096; x_wconf 81' lang='grc' dir='ltr'>Βάρδας</span> <span class='ocrx_word' id='word_1_146' title='bbox 620 1060 634 1086; x_wconf 80' lang='grc' dir='ltr'>ὁ</span> <span class='ocrx_word' id='word_1_147' title='bbox 655 1062 753 1090; x_wconf 79' lang='grc' dir='ltr'>Φωκᾶς</span> <span class='ocrx_word' id='word_1_148' title='bbox 784 1059 882 1096; x_wconf 61' lang='grc' dir='ltr'>ἑτέρων</span> 
     </span>
    </p>
   </div>
   <div class='ocr_carea' id='block_1_24' title="bbox 55 1103 883 1141">
    <p class='ocr_par' dir='ltr' id='par_1_24' title="bbox 55 1103 883 1141">
     <span class='ocr_line' id='line_1_24' title="bbox 55 1103 883 1141; baseline -0.001 -10"><span class='ocrx_word' id='word_1_149' title='bbox 55 1104 200 1141; x_wconf 76' lang='grc' dir='ltr'>ταγμάτων</span> <span class='ocrx_word' id='word_1_150' title='bbox 218 1104 348 1141; x_wconf 68' lang='grc' dir='ltr'>ἐξῆρχον·</span> <span class='ocrx_word' id='word_1_151' title='bbox 368 1107 440 1138; x_wconf 86' lang='grc' dir='ltr'>Συνῆ</span> <span class='ocrx_word' id='word_1_152' title='bbox 458 1103 486 1131; x_wconf 78' lang='grc' dir='ltr'><strong>δὲ</strong></span> <span class='ocrx_word' id='word_1_153' title='bbox 500 1104 608 1134; x_wconf 73' lang='grc' dir='ltr'>τούτοις</span> <span class='ocrx_word' id='word_1_154' title='bbox 622 1103 667 1131; x_wconf 78' lang='grc' dir='ltr'>καὶ</span> <span class='ocrx_word' id='word_1_155' title='bbox 683 1103 783 1134; x_wconf 85' lang='grc' dir='ltr'>Μελίας</span> <span class='ocrx_word' id='word_1_156' title='bbox 799 1104 813 1130; x_wconf 91' lang='lat'><strong>6</strong></span> <span class='ocrx_word' id='word_1_157' title='bbox 831 1104 883 1139; x_wconf 81' lang='grc' dir='ltr'><strong>μά-</strong></span> 
     </span>
    </p>
   </div>
   <div class='ocr_carea' id='block_1_25' title="bbox 54 1147 883 1186">
    <p class='ocr_par' dir='ltr' id='par_1_25' title="bbox 54 1147 883 1186">
     <span class='ocr_line' id='line_1_25' title="bbox 54 1147 883 1186; baseline 0 -12"><span class='ocrx_word' id='word_1_158' title='bbox 54 1159 165 1185; x_wconf 82' lang='grc' dir='ltr'>γιστρος</span> <span class='ocrx_word' id='word_1_159' title='bbox 182 1150 251 1184; x_wconf 64' lang='grc' dir='ltr'>μετὰ</span> <span class='ocrx_word' id='word_1_160' title='bbox 264 1159 319 1175; x_wconf 90' lang='grc' dir='ltr'><strong>των</strong></span> <span class='ocrx_word' id='word_1_161' title='bbox 335 1147 487 1186; x_wconf 78' lang='grc' dir='ltr'>Ἀρμενίων</span> <span class='ocrx_word' id='word_1_162' title='bbox 504 1148 548 1175; x_wconf 84' lang='grc' dir='ltr'>καὶ</span> <span class='ocrx_word' id='word_1_163' title='bbox 565 1147 646 1175; x_wconf 69' lang='grc' dir='ltr'>ἄλλοι</span> <span class='ocrx_word' id='word_1_164' title='bbox 662 1147 786 1175; x_wconf 77' lang='grc' dir='ltr'>πλεῖστοι</span> <span class='ocrx_word' id='word_1_165' title='bbox 803 1157 883 1184; x_wconf 83' lang='grc' dir='ltr'>στρα-</span> 
     </span>
    </p>
   </div>
   <div class='ocr_carea' id='block_1_26' title="bbox 53 1191 884 1230">
    <p class='ocr_par' dir='ltr' id='par_1_26' title="bbox 53 1191 884 1230">
     <span class='ocr_line' id='line_1_26' title="bbox 53 1191 884 1230; baseline 0 -10"><span class='ocrx_word' id='word_1_166' title='bbox 53 1193 130 1230; x_wconf 75' lang='grc' dir='ltr'>τηγοί</span> <span class='ocrx_word' id='word_1_167' title='bbox 159 1195 215 1220; x_wconf 80' lang='grc' dir='ltr'>τῶν</span> <span class='ocrx_word' id='word_1_168' title='bbox 244 1193 377 1229; x_wconf 82' lang='grc' dir='ltr'>θεμάτων.</span> <span class='ocrx_word' id='word_1_169' title='bbox 408 1193 559 1228; x_wconf 83' lang='grc' dir='ltr'>Ηαρείπετο</span> <span class='ocrx_word' id='word_1_170' title='bbox 575 1191 603 1220; x_wconf 74' lang='grc' dir='ltr'>δὲ</span> <span class='ocrx_word' id='word_1_171' title='bbox 617 1193 662 1220; x_wconf 81' lang='grc' dir='ltr'><strong>καὶ</strong></span> <span class='ocrx_word' id='word_1_172' title='bbox 680 1196 884 1223; x_wconf 84' lang='grc' dir='ltr'>Κωνσταντῖνος</span> 
     </span>
    </p>
   </div>
   <div class='ocr_carea' id='block_1_27' title="bbox 54 1235 883 1275">
    <p class='ocr_par' dir='ltr' id='par_1_27' title="bbox 54 1235 883 1275">
     <span class='ocr_line' id='line_1_27' title="bbox 54 1235 883 1275; baseline 0 -11"><span class='ocrx_word' id='word_1_173' title='bbox 54 1237 196 1273; x_wconf 73' lang='grc' dir='ltr'>πατρίκιος</span> <span class='ocrx_word' id='word_1_174' title='bbox 213 1238 227 1265; x_wconf 85' lang='lat'><strong>6</strong></span> <span class='ocrx_word' id='word_1_175' title='bbox 243 1237 299 1274; x_wconf 80' lang='grc' dir='ltr'><strong>Λὶψ</strong></span> <span class='ocrx_word' id='word_1_176' title='bbox 315 1238 351 1268; x_wconf 88' lang='grc' dir='ltr'><strong>ὡς</strong></span> <span class='ocrx_word' id='word_1_177' title='bbox 365 1238 437 1275; x_wconf 84' lang='grc' dir='ltr'>τάχα</span> <span class='ocrx_word' id='word_1_178' title='bbox 463 1235 620 1273; x_wconf 68' lang='grc' dir='ltr'>σύμϐουλος</span> <span class='ocrx_word' id='word_1_179' title='bbox 636 1237 752 1268; x_wconf 73' lang='grc' dir='ltr'>Λέοντος</span> <span class='ocrx_word' id='word_1_180' title='bbox 768 1239 815 1264; x_wconf 61' lang='grc' dir='ltr'><strong>τηιῦ</strong></span> <span class='ocrx_word' id='word_1_181' title='bbox 839 1235 883 1264; x_wconf 86' lang='grc' dir='ltr'>δο-</span> 
     </span>
    </p>
   </div>
   <div class='ocr_carea' id='block_1_28' title="bbox 57 1281 884 1319">
    <p class='ocr_par' dir='ltr' id='par_1_28' title="bbox 57 1281 884 1319">
     <span class='ocr_line' id='line_1_28' title="bbox 57 1281 884 1319; baseline -0.001 -10"><span class='ocrx_word' id='word_1_182' title='bbox 57 1282 185 1318; x_wconf 73' lang='grc' dir='ltr'>μειπίκου</span> <span class='ocrx_word' id='word_1_183' title='bbox 200 1284 255 1309; x_wconf 80' lang='grc' dir='ltr'>τῶν</span> <span class='ocrx_word' id='word_1_184' title='bbox 272 1281 397 1319; x_wconf 81' lang='grc' dir='ltr'>σχολῶν.</span> <span class='ocrx_word' id='word_1_185' title='bbox 426 1282 497 1309; x_wconf 84' lang='grc' dir='ltr'>Κατὰ</span> <span class='ocrx_word' id='word_1_186' title='bbox 526 1281 555 1309; x_wconf 63' lang='grc' dir='ltr'><strong>δὲ</strong></span> <span class='ocrx_word' id='word_1_187' title='bbox 578 1282 628 1316; x_wconf 84' lang='grc' dir='ltr'><strong>τήν</strong></span> <span class='ocrx_word' id='word_1_188' title='bbox 656 1282 678 1313; x_wconf 67' lang='grc' dir='ltr'>ς’</span> <span class='ocrx_word' id='word_1_189' title='bbox 703 1283 752 1308; x_wconf 83' lang='grc' dir='ltr'>τοῦ</span> <span class='ocrx_word' id='word_1_190' title='bbox 777 1281 884 1318; x_wconf 77' lang='grc' dir='ltr'>Αὐγού-</span> 
     </span>
    </p>
   </div>
   <div class='ocr_carea' id='block_1_29' title="bbox 55 1324 883 1364">
    <p class='ocr_par' dir='ltr' id='par_1_29' title="bbox 55 1324 883 1364">
     <span class='ocr_line' id='line_1_29' title="bbox 55 1324 883 1364; baseline -0.001 -11"><span class='ocrx_word' id='word_1_191' title='bbox 55 1337 115 1354; x_wconf 82' lang='grc' dir='ltr'>στου</span> <span class='ocrx_word' id='word_1_192' title='bbox 135 1327 236 1362; x_wconf 78' lang='grc' dir='ltr'>μηνὸς,</span> <span class='ocrx_word' id='word_1_193' title='bbox 253 1330 304 1360; x_wconf 81' lang='grc' dir='ltr'>τῆς</span> <span class='ocrx_word' id='word_1_194' title='bbox 320 1326 446 1362; x_wconf 68' lang='grc' dir='ltr'>πέμπτης</span> <span class='ocrx_word' id='word_1_195' title='bbox 477 1324 658 1361; x_wconf 74' lang='grc' dir='ltr'>ἲνδικτιῶνος,</span> <span class='ocrx_word' id='word_1_196' title='bbox 676 1327 803 1362; x_wconf 74' lang='grc' dir='ltr'>πολέμου</span> <span class='ocrx_word' id='word_1_197' title='bbox 820 1325 883 1364; x_wconf 74' lang='grc' dir='ltr'>συρ-</span> 
     </span>
    </p>
   </div>
   <div class='ocr_carea' id='block_1_30' title="bbox 56 1370 884 1408">
    <p class='ocr_par' dir='ltr' id='par_1_30' title="bbox 56 1370 884 1408">
     <span class='ocr_line' id='line_1_30' title="bbox 56 1370 884 1408; baseline -0.001 -10"><span class='ocrx_word' id='word_1_198' title='bbox 56 1371 183 1408; x_wconf 63' lang='grc' dir='ltr'>ῥειγξντος</span> <span class='ocrx_word' id='word_1_199' title='bbox 220 1371 368 1407; x_wconf 83' lang='grc' dir='ltr'>Ῥωμαίοις</span> <span class='ocrx_word' id='word_1_200' title='bbox 407 1381 435 1398; x_wconf 81' lang='grc' dir='ltr'><strong>τε</strong></span> <span class='ocrx_word' id='word_1_201' title='bbox 470 1371 514 1398; x_wconf 83' lang='grc' dir='ltr'><strong>καὶ</strong></span> <span class='ocrx_word' id='word_1_202' title='bbox 550 1370 721 1407; x_wconf 72' lang='grc' dir='ltr'>Βουλγάροις</span> <span class='ocrx_word' id='word_1_203' title='bbox 750 1370 819 1407; x_wconf 81' lang='grc' dir='ltr'>πρὸς</span> <span class='ocrx_word' id='word_1_204' title='bbox 844 1372 884 1406; x_wconf 83' lang='grc' dir='ltr'>τῷ</span> 
     </span>
    </p>
   </div>
   <div class='ocr_carea' id='block_1_31' title="bbox 56 1414 885 1454">
    <p class='ocr_par' dir='ltr' id='par_1_31' title="bbox 56 1414 885 1454">
     <span class='ocr_line' id='line_1_31' title="bbox 56 1414 885 1454; baseline -0.004 -10"><span class='ocrx_word' id='word_1_205' title='bbox 56 1415 196 1453; x_wconf 76' lang='grc' dir='ltr'>Ἀχελῴῳ</span> <span class='ocrx_word' id='word_1_206' title='bbox 221 1415 356 1454; x_wconf 78' lang='grc' dir='ltr'>φρουρίῳ,</span> <span class='ocrx_word' id='word_1_207' title='bbox 380 1415 524 1453; x_wconf 75' lang='grc' dir='ltr'>τρέπονται</span> <span class='ocrx_word' id='word_1_208' title='bbox 546 1415 614 1442; x_wconf 84' lang='grc' dir='ltr'>κατὰ</span> <span class='ocrx_word' id='word_1_209' title='bbox 636 1415 735 1453; x_wconf 78' lang='grc' dir='ltr'>κράτος</span> <span class='ocrx_word' id='word_1_210' title='bbox 760 1415 785 1442; x_wconf 77' lang='grc' dir='ltr'>οἱ</span> <span class='ocrx_word' id='word_1_211' title='bbox 802 1414 885 1442; x_wconf 54' lang='lat' dir='ltr'><strong>Bodl-</strong></span> 
     </span>
    </p>
   </div>
   <div class='ocr_carea' id='block_1_32' title="bbox 55 1458 885 1498">
    <p class='ocr_par' dir='ltr' id='par_1_32' title="bbox 55 1458 885 1498">
     <span class='ocr_line' id='line_1_32' title="bbox 55 1458 885 1498; baseline -0.001 -11"><span class='ocrx_word' id='word_1_212' title='bbox 55 1470 148 1497; x_wconf 72' lang='grc' dir='ltr'>γιροι,</span> <span class='ocrx_word' id='word_1_213' title='bbox 165 1459 212 1487; x_wconf 76' lang='grc' dir='ltr'><strong>καὶ</strong></span> <span class='ocrx_word' id='word_1_214' title='bbox 238 1460 320 1498; x_wconf 78' lang='grc' dir='ltr'>φόνος</span> <span class='ocrx_word' id='word_1_215' title='bbox 346 1459 432 1486; x_wconf 71' lang='grc' dir='ltr'>αὐτῶν</span> <span class='ocrx_word' id='word_1_216' title='bbox 460 1459 566 1496; x_wconf 75' lang='grc' dir='ltr'>ἐγένετο</span> <span class='ocrx_word' id='word_1_217' title='bbox 595 1459 691 1491; x_wconf 87' lang='grc' dir='ltr'>πολύς.</span> <span class='ocrx_word' id='word_1_218' title='bbox 720 1459 825 1496; x_wconf 78' lang='grc' dir='ltr'>ἰδρῶτι</span> <span class='ocrx_word' id='word_1_219' title='bbox 856 1458 885 1486; x_wconf 68' lang='grc' dir='ltr'><strong>δὲ</strong></span> 
     </span>
    </p>
   </div>
   <div class='ocr_carea' id='block_1_33' title="bbox 57 1503 884 1542">
    <p class='ocr_par' dir='ltr' id='par_1_33' title="bbox 57 1503 884 1542">
     <span class='ocr_line' id='line_1_33' title="bbox 57 1503 884 1542; baseline -0.002 -10"><span class='ocrx_word' id='word_1_220' title='bbox 57 1507 103 1532; x_wconf 72' lang='grc' dir='ltr'>τοῦ</span> <span class='ocrx_word' id='word_1_221' title='bbox 120 1503 291 1541; x_wconf 74' lang='grc' dir='ltr'>δομεστίκου</span> <span class='ocrx_word' id='word_1_222' title='bbox 311 1504 534 1542; x_wconf 70' lang='grc' dir='ltr'>περιῤῥανθᾶντος</span> <span class='ocrx_word' id='word_1_223' title='bbox 562 1503 661 1540; x_wconf 79' lang='grc' dir='ltr'>πολλῷ</span> <span class='ocrx_word' id='word_1_224' title='bbox 685 1503 729 1531; x_wconf 81' lang='grc' dir='ltr'>καί</span> <span class='ocrx_word' id='word_1_225' title='bbox 758 1503 884 1531; x_wconf 74' lang='grc' dir='ltr'>λειποθυ-</span> 
     </span>
    </p>
   </div>
   <div class='ocr_carea' id='block_1_34' title="bbox 60 1545 883 1586">
    <p class='ocr_par' dir='ltr' id='par_1_34' title="bbox 60 1545 883 1586">
     <span class='ocr_line' id='line_1_34' title="bbox 60 1545 883 1586; baseline -0.001 -10"><span class='ocrx_word' id='word_1_226' title='bbox 60 1551 201 1586; x_wconf 70' lang='grc' dir='ltr'>μήσαντος</span> <span class='ocrx_word' id='word_1_227' title='bbox 225 1548 270 1576; x_wconf 75' lang='grc' dir='ltr'><strong>καί</strong></span> <span class='ocrx_word' id='word_1_228' title='bbox 292 1551 343 1576; x_wconf 78' lang='grc' dir='ltr'><strong>τοῦ</strong></span> <span class='ocrx_word' id='word_1_229' title='bbox 364 1547 452 1576; x_wconf 77' lang='grc' dir='ltr'>’ίππου</span> <span class='ocrx_word' id='word_1_230' title='bbox 476 1545 628 1576; x_wconf 75' lang='grc' dir='ltr'>ἀποϐάντος</span> <span class='ocrx_word' id='word_1_231' title='bbox 653 1548 697 1575; x_wconf 75' lang='grc' dir='ltr'>ἐπί</span> <span class='ocrx_word' id='word_1_232' title='bbox 724 1559 777 1575; x_wconf 90' lang='grc' dir='ltr'>τινι</span> <span class='ocrx_word' id='word_1_233' title='bbox 807 1550 883 1585; x_wconf 81' lang='grc' dir='ltr'>πηγῇ</span> 
     </span>
    </p>
   </div>
   <div class='ocr_carea' id='block_1_35' title="bbox 53 1592 883 1630">
    <p class='ocr_par' dir='ltr' id='par_1_35' title="bbox 53 1592 883 1630">
     <span class='ocr_line' id='line_1_35' title="bbox 53 1592 883 1630; baseline -0.002 -9"><span class='ocrx_word' id='word_1_234' title='bbox 53 1594 95 1621; x_wconf 79' lang='grc' dir='ltr'><strong>καὶ</strong></span> <span class='ocrx_word' id='word_1_235' title='bbox 118 1594 166 1621; x_wconf 85' lang='grc' dir='ltr'><strong>τὸν</strong></span> <span class='ocrx_word' id='word_1_236' title='bbox 184 1592 288 1630; x_wconf 78' lang='grc' dir='ltr'>ἱδρῶτα</span> <span class='ocrx_word' id='word_1_237' title='bbox 313 1592 519 1620; x_wconf 67' lang='grc' dir='ltr'>ἀποπλόνοντος</span> <span class='ocrx_word' id='word_1_238' title='bbox 534 1592 579 1620; x_wconf 84' lang='grc' dir='ltr'><strong>καὶ</strong></span> <span class='ocrx_word' id='word_1_239' title='bbox 605 1593 698 1620; x_wconf 73' lang='grc' dir='ltr'>ἑαυτὸν</span> <span class='ocrx_word' id='word_1_240' title='bbox 724 1593 883 1629; x_wconf 65' lang='grc' dir='ltr'>ἀποψύχον-</span> 
     </span>
    </p>
   </div>
   <div class='ocr_carea' id='block_1_36' title="bbox 54 1635 884 1675">
    <p class='ocr_par' dir='ltr' id='par_1_36' title="bbox 54 1635 884 1675">
     <span class='ocr_line' id='line_1_36' title="bbox 54 1635 884 1675; baseline -0.002 -10"><span class='ocrx_word' id='word_1_241' title='bbox 54 1649 109 1673; x_wconf 79' lang='grc' dir='ltr'>τος,</span> <span class='ocrx_word' id='word_1_242' title='bbox 133 1638 182 1665; x_wconf 81' lang='grc' dir='ltr'><strong>τὸν</strong></span> <span class='ocrx_word' id='word_1_243' title='bbox 214 1637 312 1674; x_wconf 77' lang='grc' dir='ltr'>δεσμὸν</span> <span class='ocrx_word' id='word_1_244' title='bbox 344 1637 500 1675; x_wconf 69' lang='grc' dir='ltr'>ἀπορρήξας</span> <span class='ocrx_word' id='word_1_245' title='bbox 528 1638 541 1665; x_wconf 91' lang='lat'><strong>6</strong></span> <span class='ocrx_word' id='word_1_246' title='bbox 567 1636 652 1668; x_wconf 67' lang='lat' dir='ltr'><strong>&#39;lmroc</strong></span> <span class='ocrx_word' id='word_1_247' title='bbox 681 1637 802 1675; x_wconf 81' lang='grc' dir='ltr'>τυχαίως</span> <span class='ocrx_word' id='word_1_248' title='bbox 830 1635 884 1664; x_wconf 72' lang='grc' dir='ltr'>ἔθει</span> 
     </span>
    </p>
   </div>
   <div class='ocr_carea' id='block_1_37' title="bbox 55 1679 882 1720">
    <p class='ocr_par' dir='ltr' id='par_1_37' title="bbox 55 1679 882 1720">
     <span class='ocr_line' id='line_1_37' title="bbox 55 1679 882 1720; baseline -0.002 -10"><span class='ocrx_word' id='word_1_249' title='bbox 55 1682 98 1710; x_wconf 71' lang='grc' dir='ltr'><strong>ὃιᾶ.</strong></span> <span class='ocrx_word' id='word_1_250' title='bbox 112 1685 163 1710; x_wconf 74' lang='grc' dir='ltr'><strong>τοῦ</strong></span> <span class='ocrx_word' id='word_1_251' title='bbox 177 1681 363 1720; x_wconf 69' lang='grc' dir='ltr'>στρατοπέδου</span> <span class='ocrx_word' id='word_1_252' title='bbox 383 1682 459 1712; x_wconf 79' lang='grc' dir='ltr'>κενὸς</span> <span class='ocrx_word' id='word_1_253' title='bbox 484 1679 614 1710; x_wconf 71' lang='grc' dir='ltr'>ἐπιϐάτου</span> <span class='ocrx_word' id='word_1_254' title='bbox 651 1683 679 1709; x_wconf 82' lang='grc' dir='ltr'>ὅν</span> <span class='ocrx_word' id='word_1_255' title='bbox 697 1683 723 1709; x_wconf 76' lang='grc' dir='ltr'>οἱ</span> <span class='ocrx_word' id='word_1_256' title='bbox 750 1684 882 1719; x_wconf 84' lang='grc' dir='ltr'>στρατιῶ-</span> 
     </span>
    </p>
   </div>
   <div class='ocr_carea' id='block_1_38' title="bbox 54 1725 882 1764">
    <p class='ocr_par' dir='ltr' id='par_1_38' title="bbox 54 1725 882 1764">
     <span class='ocr_line' id='line_1_38' title="bbox 54 1725 882 1764; baseline -0.001 -10"><span class='ocrx_word' id='word_1_257' title='bbox 54 1738 96 1754; x_wconf 81' lang='grc' dir='ltr'><strong>ται</strong></span> <span class='ocrx_word' id='word_1_258' title='bbox 127 1728 265 1763; x_wconf 79' lang='grc' dir='ltr'>θεώμενοι</span> <span class='ocrx_word' id='word_1_259' title='bbox 293 1727 432 1764; x_wconf 86' lang='grc' dir='ltr'>γνώριμον</span> <span class='ocrx_word' id='word_1_260' title='bbox 462 1725 544 1761; x_wconf 78' lang='grc' dir='ltr'>ὅντα,</span> <span class='ocrx_word' id='word_1_261' title='bbox 575 1727 619 1754; x_wconf 75' lang='grc' dir='ltr'><strong>καὶ</strong></span> <span class='ocrx_word' id='word_1_262' title='bbox 647 1726 693 1754; x_wconf 83' lang='grc' dir='ltr'>τὸν</span> <span class='ocrx_word' id='word_1_263' title='bbox 722 1725 882 1763; x_wconf 74' lang='grc' dir='ltr'>δομέστικον</span> 
     </span>
    </p>
   </div>
   <div class='ocr_carea' id='block_1_39' title="bbox 56 1769 883 1809">
    <p class='ocr_par' dir='ltr' id='par_1_39' title="bbox 56 1769 883 1809">
     <span class='ocr_line' id='line_1_39' title="bbox 56 1769 883 1809; baseline 0 -11"><span class='ocrx_word' id='word_1_264' title='bbox 56 1774 146 1799; x_wconf 81' lang='grc' dir='ltr'>πεσεῖν</span> <span class='ocrx_word' id='word_1_265' title='bbox 180 1772 411 1807; x_wconf 81' lang='grc' dir='ltr'>ὑποτοπάσαντες,</span> <span class='ocrx_word' id='word_1_266' title='bbox 437 1771 474 1802; x_wconf 82' lang='grc' dir='ltr'>εἷς</span> <span class='ocrx_word' id='word_1_267' title='bbox 500 1769 584 1809; x_wconf 75' lang='grc' dir='ltr'>φόϐον</span> <span class='ocrx_word' id='word_1_268' title='bbox 608 1770 730 1798; x_wconf 68' lang='grc' dir='ltr'>ἐνέπεσον</span> <span class='ocrx_word' id='word_1_269' title='bbox 754 1770 798 1798; x_wconf 77' lang='grc' dir='ltr'>καί</span> <span class='ocrx_word' id='word_1_270' title='bbox 822 1781 883 1798; x_wconf 86' lang='grc' dir='ltr'>κατ-</span> 
     </span>
    </p>
   </div>
   <div class='ocr_carea' id='block_1_40' title="bbox 55 1813 883 1853">
    <p class='ocr_par' dir='ltr' id='par_1_40' title="bbox 55 1813 883 1853">
     <span class='ocr_line' id='line_1_40' title="bbox 55 1813 883 1853; baseline -0.001 -10"><span class='ocrx_word' id='word_1_271' title='bbox 55 1814 214 1851; x_wconf 63' lang='grc' dir='ltr'>εϐλήθησαν</span> <span class='ocrx_word' id='word_1_272' title='bbox 243 1816 292 1847; x_wconf 82' lang='grc' dir='ltr'><strong>τὰς</strong></span> <span class='ocrx_word' id='word_1_273' title='bbox 331 1816 420 1853; x_wconf 74' lang='grc' dir='ltr'>ψυχὰς</span> <span class='ocrx_word' id='word_1_274' title='bbox 452 1815 497 1842; x_wconf 82' lang='grc' dir='ltr'><strong>καὶ</strong></span> <span class='ocrx_word' id='word_1_275' title='bbox 531 1819 582 1850; x_wconf 79' lang='grc' dir='ltr'>τῆς</span> <span class='ocrx_word' id='word_1_276' title='bbox 614 1814 731 1850; x_wconf 81' lang='grc' dir='ltr'>διώξιως</span> <span class='ocrx_word' id='word_1_277' title='bbox 760 1813 883 1852; x_wconf 76' lang='grc' dir='ltr'>ἔστησαν,</span> 
     </span>
    </p>
   </div>
   <div class='ocr_carea' id='block_1_41' title="bbox 55 1858 884 1897">
    <p class='ocr_par' dir='ltr' id='par_1_41' title="bbox 55 1858 884 1897">
     <span class='ocr_line' id='line_1_41' title="bbox 55 1858 884 1897; baseline 0 -10"><span class='ocrx_word' id='word_1_278' title='bbox 55 1860 120 1887; x_wconf 73' lang='grc' dir='ltr'>ἔνιοι</span> <span class='ocrx_word' id='word_1_279' title='bbox 154 1859 184 1887; x_wconf 69' lang='grc' dir='ltr'><strong>δὲ</strong></span> <span class='ocrx_word' id='word_1_280' title='bbox 208 1861 251 1887; x_wconf 76' lang='grc' dir='ltr'><strong>καὶ</strong></span> <span class='ocrx_word' id='word_1_281' title='bbox 277 1859 459 1897; x_wconf 81' lang='grc' dir='ltr'>παλίντροποι</span> <span class='ocrx_word' id='word_1_282' title='bbox 480 1859 632 1897; x_wconf 84' lang='grc' dir='ltr'>γεγόνασιν.</span> <span class='ocrx_word' id='word_1_283' title='bbox 664 1859 706 1894; x_wconf 84' lang='grc' dir='ltr'><strong>Ἐξ</strong></span> <span class='ocrx_word' id='word_1_284' title='bbox 725 1858 884 1897; x_wconf 81' lang='grc' dir='ltr'>ὑπερδεξίων</span> 
     </span>
    </p>
   </div>
   <div class='ocr_carea' id='block_1_42' title="bbox 55 1902 883 1942">
    <p class='ocr_par' dir='ltr' id='par_1_42' title="bbox 55 1902 883 1942">
     <span class='ocr_line' id='line_1_42' title="bbox 55 1902 883 1942; baseline -0.001 -10"><span class='ocrx_word' id='word_1_285' title='bbox 55 1904 83 1932; x_wconf 68' lang='grc' dir='ltr'><strong>δὲ</strong></span> <span class='ocrx_word' id='word_1_286' title='bbox 106 1907 195 1932; x_wconf 71' lang='grc' dir='ltr'>ταῦτα</span> <span class='ocrx_word' id='word_1_287' title='bbox 220 1904 356 1941; x_wconf 73' lang='grc' dir='ltr'>ϐιώμενος</span> <span class='ocrx_word' id='word_1_288' title='bbox 380 1905 394 1931; x_wconf 86' lang='lat'><strong>6</strong></span> <span class='ocrx_word' id='word_1_289' title='bbox 420 1904 533 1940; x_wconf 84' lang='grc' dir='ltr'>Συμεὼν</span> <span class='ocrx_word' id='word_1_290' title='bbox 560 1903 601 1939; x_wconf 75' lang='grc' dir='ltr'>(οὐ</span> <span class='ocrx_word' id='word_1_291' title='bbox 624 1904 675 1942; x_wconf 69' lang='grc' dir='ltr'>γ’λρ</span> <span class='ocrx_word' id='word_1_292' title='bbox 691 1902 785 1942; x_wconf 71' lang='grc' dir='ltr'>ἔτυχεν</span> <span class='ocrx_word' id='word_1_293' title='bbox 808 1904 883 1932; x_wconf 76' lang='grc' dir='ltr'>ἀσύν-</span> 
     </span>
    </p>
   </div>
   <div class='ocr_carea' id='block_1_43' title="bbox 54 1947 881 1987">
    <p class='ocr_par' dir='ltr' id='par_1_43' title="bbox 54 1947 881 1987">
     <span class='ocr_line' id='line_1_43' title="bbox 54 1947 881 1987; baseline 0 -11"><span class='ocrx_word' id='word_1_294' title='bbox 54 1960 156 1977; x_wconf 82' lang='grc' dir='ltr'>τακτον</span> <span class='ocrx_word' id='word_1_295' title='bbox 172 1950 223 1984; x_wconf 77' lang='grc' dir='ltr'>τὴν</span> <span class='ocrx_word' id='word_1_296' title='bbox 241 1949 327 1987; x_wconf 74' lang='grc' dir='ltr'>φυγὴν</span> <span class='ocrx_word' id='word_1_297' title='bbox 344 1949 542 1985; x_wconf 79' lang='grc' dir='ltr'>ποιησάμενος)</span> <span class='ocrx_word' id='word_1_298' title='bbox 570 1948 693 1987; x_wconf 72' lang='grc' dir='ltr'>ἐπαφῆκε</span> <span class='ocrx_word' id='word_1_299' title='bbox 707 1948 770 1981; x_wconf 80' lang='grc' dir='ltr'>τοὺς</span> <span class='ocrx_word' id='word_1_300' title='bbox 795 1947 881 1976; x_wconf 85' lang='grc' dir='ltr'>Βουλ-</span> 
     </span>
    </p>
   </div>
   <div class='ocr_carea' id='block_1_44' title="bbox 54 1991 884 2032">
    <p class='ocr_par' dir='ltr' id='par_1_44' title="bbox 54 1991 884 2032">
     <span class='ocr_line' id='line_1_44' title="bbox 54 1991 884 2032; baseline -0.001 -11"><span class='ocrx_word' id='word_1_301' title='bbox 54 1995 158 2032; x_wconf 72' lang='grc' dir='ltr'>γάρους</span> <span class='ocrx_word' id='word_1_302' title='bbox 171 1993 242 2021; x_wconf 85' lang='grc' dir='ltr'>κατὰ</span> <span class='ocrx_word' id='word_1_303' title='bbox 256 1992 410 2030; x_wconf 84' lang='grc' dir='ltr'>Ῥωμαίων.</span> <span class='ocrx_word' id='word_1_304' title='bbox 437 1993 467 2019; x_wconf 77' lang='lat' dir='ltr'><strong>Oi</strong></span> <span class='ocrx_word' id='word_1_305' title='bbox 488 1991 517 2020; x_wconf 75' lang='grc' dir='ltr'><strong>δὶ</strong></span> <span class='ocrx_word' id='word_1_306' title='bbox 546 1992 591 2020; x_wconf 82' lang='grc' dir='ltr'><strong>καὶ</strong></span> <span class='ocrx_word' id='word_1_307' title='bbox 618 1993 760 2031; x_wconf 78' lang='grc' dir='ltr'>πρότερον,</span> <span class='ocrx_word' id='word_1_308' title='bbox 788 1993 824 2023; x_wconf 85' lang='grc' dir='ltr'><strong>ὡς</strong></span> <span class='ocrx_word' id='word_1_309' title='bbox 851 1992 884 2020; x_wconf 74' lang='grc' dir='ltr'><strong>εἶ’-</strong></span> 
     </span>
    </p>
   </div>
   <div class='ocr_carea' id='block_1_45' title="bbox 53 2037 885 2076">
    <p class='ocr_par' dir='ltr' id='par_1_45' title="bbox 53 2037 885 2076">
     <span class='ocr_line' id='line_1_45' title="bbox 53 2037 885 2076; baseline -0.002 -10"><span class='ocrx_word' id='word_1_310' title='bbox 53 2049 155 2075; x_wconf 80' lang='grc' dir='ltr'>πομεν,</span> <span class='ocrx_word' id='word_1_311' title='bbox 182 2039 231 2070; x_wconf 77' lang='grc' dir='ltr'>τὰς</span> <span class='ocrx_word' id='word_1_312' title='bbox 254 2038 365 2076; x_wconf 84' lang='grc' dir='ltr'>γνώμας</span> <span class='ocrx_word' id='word_1_313' title='bbox 398 2037 556 2069; x_wconf 77' lang='grc' dir='ltr'>θλασῦέντες</span> <span class='ocrx_word' id='word_1_314' title='bbox 587 2038 631 2064; x_wconf 82' lang='grc' dir='ltr'><strong>καὶ</strong></span> <span class='ocrx_word' id='word_1_315' title='bbox 661 2037 819 2072; x_wconf 71' lang='grc' dir='ltr'>τεθηπότες,</span> <span class='ocrx_word' id='word_1_316' title='bbox 849 2038 885 2069; x_wconf 85' lang='grc' dir='ltr'><strong>ὡς</strong></span> 
     </span>
    </p>
   </div>
   <div class='ocr_carea' id='block_1_46' title="bbox 54 2081 884 2120">
    <p class='ocr_par' dir='ltr' id='par_1_46' title="bbox 54 2081 884 2120">
     <span class='ocr_line' id='line_1_46' title="bbox 54 2081 884 2120; baseline -0.001 -10"><span class='ocrx_word' id='word_1_317' title='bbox 54 2084 96 2110; x_wconf 72' lang='grc' dir='ltr'>καὶ</span> <span class='ocrx_word' id='word_1_318' title='bbox 118 2081 260 2120; x_wconf 77' lang='grc' dir='ltr'>αἰφνίδιον</span> <span class='ocrx_word' id='word_1_319' title='bbox 287 2082 412 2114; x_wconf 73' lang='grc' dir='ltr'>ἐπιόντας</span> <span class='ocrx_word' id='word_1_320' title='bbox 437 2081 578 2113; x_wconf 75' lang='grc' dir='ltr'>ἐθεάσαντο</span> <span class='ocrx_word' id='word_1_321' title='bbox 607 2081 671 2113; x_wconf 82' lang='grc' dir='ltr'>τοὺς</span> <span class='ocrx_word' id='word_1_322' title='bbox 699 2081 884 2119; x_wconf 79' lang='grc' dir='ltr'>Βουλγάρους,</span> 
     </span>
    </p>
   </div>
   <div class='ocr_carea' id='block_1_47' title="bbox 54 2125 886 2165">
    <p class='ocr_par' dir='ltr' id='par_1_47' title="bbox 54 2125 886 2165">
     <span class='ocr_line' id='line_1_47' title="bbox 54 2125 886 2165; baseline -0.002 -10"><span class='ocrx_word' id='word_1_323' title='bbox 54 2128 200 2165; x_wconf 68' lang='grc' dir='ltr'>τρέπονται</span> <span class='ocrx_word' id='word_1_324' title='bbox 230 2126 401 2164; x_wconf 84' lang='grc' dir='ltr'>πανστρατὶ,</span> <span class='ocrx_word' id='word_1_325' title='bbox 433 2126 479 2154; x_wconf 77' lang='grc' dir='ltr'><strong>καὶ</strong></span> <span class='ocrx_word' id='word_1_326' title='bbox 516 2125 613 2164; x_wconf 78' lang='grc' dir='ltr'>γὲγονε</span> <span class='ocrx_word' id='word_1_327' title='bbox 647 2127 719 2165; x_wconf 77' lang='grc' dir='ltr'>φυγὴ</span> <span class='ocrx_word' id='word_1_328' title='bbox 750 2125 886 2165; x_wconf 73' lang='grc' dir='ltr'>φρικωδεο</span> 
     </span>
    </p>
   </div>
   <div class='ocr_carea' id='block_1_48' title="bbox 56 2169 885 2208">
    <p class='ocr_par' dir='ltr' id='par_1_48' title="bbox 56 2169 885 2208">
     <span class='ocr_line' id='line_1_48' title="bbox 56 2169 885 2208; baseline -0.002 -8"><span class='ocrx_word' id='word_1_329' title='bbox 56 2173 150 2207; x_wconf 70' lang='grc' dir='ltr'>στάτη,</span> <span class='ocrx_word' id='word_1_330' title='bbox 169 2174 225 2198; x_wconf 81' lang='grc' dir='ltr'>τῶν</span> <span class='ocrx_word' id='word_1_331' title='bbox 257 2171 305 2208; x_wconf 73' lang='grc' dir='ltr'>μὶν</span> <span class='ocrx_word' id='word_1_332' title='bbox 335 2171 379 2198; x_wconf 75' lang='grc' dir='ltr'><strong>ὐπ’</strong></span> <span class='ocrx_word' id='word_1_333' title='bbox 408 2169 542 2206; x_wconf 81' lang='grc' dir='ltr'>ἀλλήλων</span> <span class='ocrx_word' id='word_1_334' title='bbox 571 2171 885 2207; x_wconf 73' lang='grc' dir='ltr'>συμπατουμένων,τῶν</span> 
     </span>
    </p>
   </div>
   <div class='ocr_carea' id='block_1_49' title="bbox 57 2215 885 2252">
    <p class='ocr_par' dir='ltr' id='par_1_49' title="bbox 57 2215 885 2252">
     <span class='ocr_line' id='line_1_49' title="bbox 57 2215 885 2252; baseline -0.001 -8"><span class='ocrx_word' id='word_1_335' title='bbox 57 2215 82 2244; x_wconf 71' lang='grc' dir='ltr'><strong>δὲ</strong></span> <span class='ocrx_word' id='word_1_336' title='bbox 99 2217 154 2244; x_wconf 81' lang='grc' dir='ltr'>ὑπὸ</span> <span class='ocrx_word' id='word_1_337' title='bbox 170 2219 226 2243; x_wconf 82' lang='grc' dir='ltr'><strong>τῶν</strong></span> <span class='ocrx_word' id='word_1_338' title='bbox 247 2215 373 2243; x_wconf 74' lang='grc' dir='ltr'>ἐναντίων</span> <span class='ocrx_word' id='word_1_339' title='bbox 400 2215 613 2252; x_wconf 81' lang='grc' dir='ltr'>ἀναιρουμένων.</span> <span class='ocrx_word' id='word_1_340' title='bbox 638 2216 711 2243; x_wconf 79' lang='grc' dir='ltr'>Λέων</span> <span class='ocrx_word' id='word_1_341' title='bbox 739 2215 767 2243; x_wconf 79' lang='grc' dir='ltr'><strong>δὲ</strong></span> <span class='ocrx_word' id='word_1_342' title='bbox 795 2217 809 2242; x_wconf 87' lang='lat'><strong>6</strong></span> <span class='ocrx_word' id='word_1_343' title='bbox 840 2215 885 2243; x_wconf 82' lang='grc' dir='ltr'>δο-</span> 
     </span>
    </p>
   </div>
   <div class='ocr_carea' id='block_1_50' title="bbox 947 259 1776 296">
    <p class='ocr_par' dir='ltr' id='par_1_50' title="bbox 947 259 1776 296">
     <span class='ocr_line' id='line_1_50' title="bbox 947 259 1776 296; baseline -0.002 -8"><span class='ocrx_word' id='word_1_344' title='bbox 947 267 1051 288; x_wconf 82' lang='lat' dir='ltr'><strong>secura</strong></span> <span class='ocrx_word' id='word_1_345' title='bbox 1067 259 1211 288; x_wconf 75' lang='lat' dir='ltr'><strong>militibus</strong></span> <span class='ocrx_word' id='word_1_346' title='bbox 1227 268 1314 296; x_wconf 86' lang='lat' dir='ltr'><strong>rogas</strong></span> <span class='ocrx_word' id='word_1_347' title='bbox 1325 260 1378 294; x_wconf 83' lang='lat' dir='ltr'><strong>(sic</strong></span> <span class='ocrx_word' id='word_1_348' title='bbox 1392 263 1513 288; x_wconf 83' lang='lat' dir='ltr'><strong>vocatur</strong></span> <span class='ocrx_word' id='word_1_349' title='bbox 1527 259 1660 295; x_wconf 69' lang='lat' dir='ltr'><strong>pecunia:</strong></span> <span class='ocrx_word' id='word_1_350' title='bbox 1675 259 1776 287; x_wconf 88' lang='lat' dir='ltr'><strong>distri-</strong></span> 
     </span>
    </p>
   </div>
   <div class='ocr_carea' id='block_1_51' title="bbox 948 304 1775 340">
    <p class='ocr_par' dir='ltr' id='par_1_51' title="bbox 948 304 1775 340">
     <span class='ocr_line' id='line_1_51' title="bbox 948 304 1775 340; baseline -0.002 -8"><span class='ocrx_word' id='word_1_351' title='bbox 948 305 1041 338; x_wconf 86' lang='lat' dir='ltr'><strong>butio)</strong></span> <span class='ocrx_word' id='word_1_352' title='bbox 1066 305 1139 339; x_wconf 85' lang='lat' dir='ltr'><strong>dari,</strong></span> <span class='ocrx_word' id='word_1_353' title='bbox 1166 305 1352 340; x_wconf 89' lang='lat' dir='ltr'><strong>Leonemque</strong></span> <span class='ocrx_word' id='word_1_354' title='bbox 1382 304 1506 332; x_wconf 72' lang='lat' dir='ltr'><strong>Phocum</strong></span> <span class='ocrx_word' id='word_1_355' title='bbox 1536 304 1712 340; x_wconf 81' lang='lat' dir='ltr'><strong>magistrum</strong></span> <span class='ocrx_word' id='word_1_356' title='bbox 1741 311 1775 330; x_wconf 83' lang='lat' dir='ltr'><strong>ac</strong></span> 
     </span>
    </p>
   </div>
   <div class='ocr_carea' id='block_1_52' title="bbox 947 348 1776 384">
    <p class='ocr_par' dir='ltr' id='par_1_52' title="bbox 947 348 1776 384">
     <span class='ocr_line' id='line_1_52' title="bbox 947 348 1776 384; baseline -0.001 -8"><span class='ocrx_word' id='word_1_357' title='bbox 947 349 1115 376; x_wconf 77' lang='lat' dir='ltr'><strong>scholarum</strong></span> <span class='ocrx_word' id='word_1_358' title='bbox 1125 349 1318 377; x_wconf 88' lang='lat' dir='ltr'><strong>domesticum</strong></span> <span class='ocrx_word' id='word_1_359' title='bbox 1329 349 1473 377; x_wconf 81' lang='lat' dir='ltr'><strong>exercitus</strong></span> <span class='ocrx_word' id='word_1_360' title='bbox 1482 349 1510 375; x_wconf 92' lang='lat' dir='ltr'><strong>in</strong></span> <span class='ocrx_word' id='word_1_361' title='bbox 1518 348 1661 384; x_wconf 88' lang='lat' dir='ltr'><strong>Bulgaros</strong></span> <span class='ocrx_word' id='word_1_362' title='bbox 1669 348 1776 375; x_wconf 87' lang='lat' dir='ltr'><strong>ducere</strong></span> 
     </span>
    </p>
   </div>
   <div class='ocr_carea' id='block_1_53' title="bbox 943 393 1775 428">
    <p class='ocr_par' dir='ltr' id='par_1_53' title="bbox 943 393 1775 428">
     <span class='ocr_line' id='line_1_53' title="bbox 943 393 1775 428; baseline -0.002 -7"><span class='ocrx_word' id='word_1_363' title='bbox 943 394 1038 428; x_wconf 87' lang='lat' dir='ltr'><strong>jubet.</strong></span> <span class='ocrx_word' id='word_1_364' title='bbox 1049 394 1193 421; x_wconf 83' lang='lat' dir='ltr'><strong>Omnibus</strong></span> <span class='ocrx_word' id='word_1_365' title='bbox 1208 394 1238 421; x_wconf 90' lang='lat' dir='ltr'><strong>in</strong></span> <span class='ocrx_word' id='word_1_366' title='bbox 1255 402 1347 421; x_wconf 90' lang='lat' dir='ltr'><strong>unum</strong></span> <span class='ocrx_word' id='word_1_367' title='bbox 1373 393 1525 421; x_wconf 89' lang='lat' dir='ltr'><strong>conductis</strong></span> <span class='ocrx_word' id='word_1_368' title='bbox 1549 393 1726 420; x_wconf 77' lang='lat' dir='ltr'><strong>exercitibus</strong></span> <span class='ocrx_word' id='word_1_369' title='bbox 1742 401 1775 420; x_wconf 88' lang='lat' dir='ltr'><strong>ac</strong></span> 
     </span>
    </p>
   </div>
   <div class='ocr_carea' id='block_1_54' title="bbox 947 436 1774 474">
    <p class='ocr_par' dir='ltr' id='par_1_54' title="bbox 947 436 1774 474">
     <span class='ocr_line' id='line_1_54' title="bbox 947 436 1774 474; baseline -0.002 -8"><span class='ocrx_word' id='word_1_370' title='bbox 947 438 1117 466; x_wconf 81' lang='lat' dir='ltr'><strong>cohortibus</strong></span> <span class='ocrx_word' id='word_1_371' title='bbox 1132 439 1168 466; x_wconf 87' lang='lat' dir='ltr'><strong>ad</strong></span> <span class='ocrx_word' id='word_1_372' title='bbox 1185 438 1324 466; x_wconf 85' lang='lat' dir='ltr'><strong>Diabasin</strong></span> <span class='ocrx_word' id='word_1_373' title='bbox 1337 438 1431 474; x_wconf 88' lang='lat' dir='ltr'><strong>(locus</strong></span> <span class='ocrx_word' id='word_1_374' title='bbox 1447 437 1476 465; x_wconf 91' lang='lat' dir='ltr'><strong>id</strong></span> <span class='ocrx_word' id='word_1_375' title='bbox 1492 446 1598 466; x_wconf 87' lang='lat' dir='ltr'><strong>nomen</strong></span> <span class='ocrx_word' id='word_1_376' title='bbox 1615 445 1631 465; x_wconf 87' lang='lat' dir='ltr'><strong>a</strong></span> <span class='ocrx_word' id='word_1_377' title='bbox 1645 436 1774 465; x_wconf 77' lang='lat' dir='ltr'><strong>transitu</strong></span> 
     </span>
    </p>
   </div>
   <div class='ocr_carea' id='block_1_55' title="bbox 946 481 1776 519">
    <p class='ocr_par' dir='ltr' id='par_1_55' title="bbox 946 481 1776 519">
     <span class='ocr_line' id='line_1_55' title="bbox 946 481 1776 519; baseline -0.001 -9"><span class='ocrx_word' id='word_1_378' title='bbox 946 482 1044 517; x_wconf 82' lang='lat' dir='ltr'><strong>habet,</strong></span> <span class='ocrx_word' id='word_1_379' title='bbox 1062 486 1166 518; x_wconf 88' lang='lat' dir='ltr'><strong>estque</strong></span> <span class='ocrx_word' id='word_1_380' title='bbox 1182 483 1319 519; x_wconf 79' lang='lat' dir='ltr'><strong>planities</strong></span> <span class='ocrx_word' id='word_1_381' title='bbox 1336 483 1434 519; x_wconf 85' lang='lat' dir='ltr'><strong>ampla</strong></span> <span class='ocrx_word' id='word_1_382' title='bbox 1460 484 1490 510; x_wconf 88' lang='lat' dir='ltr'><strong>et</strong></span> <span class='ocrx_word' id='word_1_383' title='bbox 1512 481 1677 518; x_wconf 85' lang='lat' dir='ltr'><strong>recipiendo</strong></span> <span class='ocrx_word' id='word_1_384' title='bbox 1693 489 1776 510; x_wconf 81' lang='lat' dir='ltr'><strong>exer-</strong></span> 
     </span>
    </p>
   </div>
   <div class='ocr_carea' id='block_1_56' title="bbox 945 526 1775 564">
    <p class='ocr_par' dir='ltr' id='par_1_56' title="bbox 945 526 1775 564">
     <span class='ocr_line' id='line_1_56' title="bbox 945 526 1775 564; baseline -0.001 -10"><span class='ocrx_word' id='word_1_385' title='bbox 945 527 1017 554; x_wconf 87' lang='lat' dir='ltr'><strong>citui</strong></span> <span class='ocrx_word' id='word_1_386' title='bbox 1041 528 1202 563; x_wconf 79' lang='lat' dir='ltr'><strong>sufﬁciens)</strong></span> <span class='ocrx_word' id='word_1_387' title='bbox 1227 528 1328 564; x_wconf 83' lang='lat' dir='ltr'><strong>palatii</strong></span> <span class='ocrx_word' id='word_1_388' title='bbox 1353 527 1514 563; x_wconf 85' lang='lat' dir='ltr'><strong>primarius</strong></span> <span class='ocrx_word' id='word_1_389' title='bbox 1537 527 1675 555; x_wconf 83' lang='lat' dir='ltr'><strong>sacerdos</strong></span> <span class='ocrx_word' id='word_1_390' title='bbox 1702 526 1775 562; x_wconf 84' lang='lat' dir='ltr'><strong>(ipsi</strong></span> 
     </span>
    </p>
   </div>
   <div class='ocr_carea' id='block_1_57' title="bbox 947 571 1774 608">
    <p class='ocr_par' dir='ltr' id='par_1_57' title="bbox 947 571 1774 608">
     <span class='ocr_line' id='line_1_57' title="bbox 947 571 1774 608; baseline 0 -10"><span class='ocrx_word' id='word_1_391' title='bbox 947 574 1137 608; x_wconf 81' lang='lat' dir='ltr'><strong>protopapam</strong></span> <span class='ocrx_word' id='word_1_392' title='bbox 1153 575 1267 607; x_wconf 88' lang='lat' dir='ltr'><strong>vocant)</strong></span> <span class='ocrx_word' id='word_1_393' title='bbox 1284 573 1393 600; x_wconf 89' lang='lat' dir='ltr'><strong>missus</strong></span> <span class='ocrx_word' id='word_1_394' title='bbox 1409 580 1476 600; x_wconf 86' lang='lat' dir='ltr'><strong>cum</strong></span> <span class='ocrx_word' id='word_1_395' title='bbox 1492 571 1666 599; x_wconf 82' lang='lat' dir='ltr'><strong>venerandis</strong></span> <span class='ocrx_word' id='word_1_396' title='bbox 1685 571 1774 607; x_wconf 83' lang='lat' dir='ltr'><strong>lignis</strong></span> 
     </span>
    </p>
   </div>
   <div class='ocr_carea' id='block_1_58' title="bbox 945 615 1774 652">
    <p class='ocr_par' dir='ltr' id='par_1_58' title="bbox 945 615 1774 652">
     <span class='ocr_line' id='line_1_58' title="bbox 945 615 1774 652; baseline -0.002 -8"><span class='ocrx_word' id='word_1_397' title='bbox 945 624 1048 644; x_wconf 87' lang='lat' dir='ltr'><strong>omnes</strong></span> <span class='ocrx_word' id='word_1_398' title='bbox 1070 617 1099 644; x_wconf 92' lang='lat' dir='ltr'><strong>in</strong></span> <span class='ocrx_word' id='word_1_399' title='bbox 1120 625 1217 652; x_wconf 88' lang='lat' dir='ltr'><strong>genua</strong></span> <span class='ocrx_word' id='word_1_400' title='bbox 1241 616 1431 652; x_wconf 88' lang='lat' dir='ltr'><strong>procumbere</strong></span> <span class='ocrx_word' id='word_1_401' title='bbox 1450 615 1552 651; x_wconf 84' lang='lat' dir='ltr'><strong>jussit,</strong></span> <span class='ocrx_word' id='word_1_402' title='bbox 1569 618 1598 643; x_wconf 87' lang='lat' dir='ltr'><strong>et</strong></span> <span class='ocrx_word' id='word_1_403' title='bbox 1618 616 1718 651; x_wconf 79' lang='lat' dir='ltr'><strong>jurare</strong></span> <span class='ocrx_word' id='word_1_404' title='bbox 1743 623 1774 643; x_wconf 82' lang='lat' dir='ltr'><strong>sc</strong></span> 
     </span>
    </p>
   </div>
   <div class='ocr_carea' id='block_1_59' title="bbox 946 659 1773 697">
    <p class='ocr_par' dir='ltr' id='par_1_59' title="bbox 946 659 1773 697">
     <span class='ocr_line' id='line_1_59' title="bbox 946 659 1773 697; baseline -0.001 -9"><span class='ocrx_word' id='word_1_405' title='bbox 946 669 1039 696; x_wconf 86' lang='lat' dir='ltr'><strong>usque</strong></span> <span class='ocrx_word' id='word_1_406' title='bbox 1055 661 1090 688; x_wconf 85' lang='lat' dir='ltr'><strong>ad</strong></span> <span class='ocrx_word' id='word_1_407' title='bbox 1109 664 1233 689; x_wconf 86' lang='lat' dir='ltr'><strong>mortem</strong></span> <span class='ocrx_word' id='word_1_408' title='bbox 1250 669 1308 688; x_wconf 82' lang='lat' dir='ltr'><strong>una</strong></span> <span class='ocrx_word' id='word_1_409' title='bbox 1323 662 1569 697; x_wconf 88' lang='lat' dir='ltr'><strong>perseveraturos.</strong></span> <span class='ocrx_word' id='word_1_410' title='bbox 1583 659 1662 687; x_wconf 85' lang='lat' dir='ltr'><strong>Dicto</strong></span> <span class='ocrx_word' id='word_1_411' title='bbox 1673 667 1773 687; x_wconf 83' lang='lat' dir='ltr'><strong>sacra-</strong></span> 
     </span>
    </p>
   </div>
   <div class='ocr_carea' id='block_1_60' title="bbox 945 704 1771 740">
    <p class='ocr_par' dir='ltr' id='par_1_60' title="bbox 945 704 1771 740">
     <span class='ocr_line' id='line_1_60' title="bbox 945 704 1771 740; baseline -0.002 -8"><span class='ocrx_word' id='word_1_412' title='bbox 945 707 1043 732; x_wconf 88' lang='lat' dir='ltr'><strong>mento</strong></span> <span class='ocrx_word' id='word_1_413' title='bbox 1059 705 1088 732; x_wconf 92' lang='lat' dir='ltr'><strong>in</strong></span> <span class='ocrx_word' id='word_1_414' title='bbox 1105 705 1246 740; x_wconf 73' lang='lat' dir='ltr'><strong>Bulgaros</strong></span> <span class='ocrx_word' id='word_1_415' title='bbox 1261 705 1405 732; x_wconf 88' lang='lat' dir='ltr'><strong>exercitus</strong></span> <span class='ocrx_word' id='word_1_416' title='bbox 1421 713 1522 732; x_wconf 88' lang='lat' dir='ltr'><strong>omnes</strong></span> <span class='ocrx_word' id='word_1_417' title='bbox 1538 707 1702 732; x_wconf 89' lang='lat' dir='ltr'><strong>moverunt.</strong></span> <span class='ocrx_word' id='word_1_418' title='bbox 1718 704 1771 731; x_wconf 75' lang='lat' dir='ltr'><strong>Cc-</strong></span> 
     </span>
    </p>
   </div>
   <div class='ocr_carea' id='block_1_61' title="bbox 944 748 1774 785">
    <p class='ocr_par' dir='ltr' id='par_1_61' title="bbox 944 748 1774 785">
     <span class='ocr_line' id='line_1_61' title="bbox 944 748 1774 785; baseline -0.001 -9"><span class='ocrx_word' id='word_1_419' title='bbox 944 749 1058 777; x_wconf 87' lang='lat' dir='ltr'><strong>bortem</strong></span> <span class='ocrx_word' id='word_1_420' title='bbox 1074 749 1278 777; x_wconf 83' lang='lat' dir='ltr'><strong>excubitorum</strong></span> <span class='ocrx_word' id='word_1_421' title='bbox 1293 750 1420 777; x_wconf 82' lang='lat' dir='ltr'><strong>ducebat</strong></span> <span class='ocrx_word' id='word_1_422' title='bbox 1435 749 1564 777; x_wconf 82' lang='lat' dir='ltr'><strong>Joannes</strong></span> <span class='ocrx_word' id='word_1_423' title='bbox 1575 748 1718 785; x_wconf 84' lang='lat' dir='ltr'><strong>Grapson,</strong></span> <span class='ocrx_word' id='word_1_424' title='bbox 1730 749 1774 775; x_wconf 83' lang='lat' dir='ltr'><strong>vir</strong></span> 
     </span>
    </p>
   </div>
   <div class='ocr_carea' id='block_1_62' title="bbox 945 793 1775 830">
    <p class='ocr_par' dir='ltr' id='par_1_62' title="bbox 945 793 1775 830">
     <span class='ocr_line' id='line_1_62' title="bbox 945 793 1775 830; baseline -0.001 -9"><span class='ocrx_word' id='word_1_425' title='bbox 945 793 1102 821; x_wconf 88' lang='lat' dir='ltr'><strong>bellicosus</strong></span> <span class='ocrx_word' id='word_1_426' title='bbox 1114 794 1302 830; x_wconf 56' lang='lat' dir='ltr'><strong>probatisque</strong></span> <span class='ocrx_word' id='word_1_427' title='bbox 1310 793 1412 821; x_wconf 87' lang='lat' dir='ltr'><strong>multis</strong></span> <span class='ocrx_word' id='word_1_428' title='bbox 1421 793 1531 829; x_wconf 77' lang='lat' dir='ltr'><strong>proeliis</strong></span> <span class='ocrx_word' id='word_1_429' title='bbox 1541 793 1775 827; x_wconf 82' lang='lat' dir='ltr'><strong>virtutis,cohcr-</strong></span> 
     </span>
    </p>
   </div>
   <div class='ocr_carea' id='block_1_63' title="bbox 943 837 1774 870">
    <p class='ocr_par' dir='ltr' id='par_1_63' title="bbox 943 837 1774 870">
     <span class='ocr_line' id='line_1_63' title="bbox 943 837 1774 870; baseline -0.002 -4"><span class='ocrx_word' id='word_1_430' title='bbox 943 841 1002 866; x_wconf 89' lang='lat' dir='ltr'><strong>tem</strong></span> <span class='ocrx_word' id='word_1_431' title='bbox 1014 838 1223 866; x_wconf 84' lang='lat' dir='ltr'><strong>Hicanatorum</strong></span> <span class='ocrx_word' id='word_1_432' title='bbox 1234 839 1343 866; x_wconf 84' lang='lat' dir='ltr'><strong>dictam</strong></span> <span class='ocrx_word' id='word_1_433' title='bbox 1357 838 1498 866; x_wconf 86' lang='lat' dir='ltr'><strong>Olbianus</strong></span> <span class='ocrx_word' id='word_1_434' title='bbox 1509 837 1632 870; x_wconf 80' lang='lat' dir='ltr'><strong>Merula,</strong></span> <span class='ocrx_word' id='word_1_435' title='bbox 1646 837 1689 865; x_wconf 90' lang='lat' dir='ltr'><strong>vir</strong></span> <span class='ocrx_word' id='word_1_436' title='bbox 1700 837 1774 865; x_wconf 79' lang='lat' dir='ltr'><strong>insi-</strong></span> 
     </span>
    </p>
   </div>
   <div class='ocr_carea' id='block_1_64' title="bbox 943 882 1773 919">
    <p class='ocr_par' dir='ltr' id='par_1_64' title="bbox 943 882 1773 919">
     <span class='ocr_line' id='line_1_64' title="bbox 943 882 1773 919; baseline -0.001 -9"><span class='ocrx_word' id='word_1_437' title='bbox 943 882 1010 918; x_wconf 82' lang='lat' dir='ltr'><strong>gnis</strong></span> <span class='ocrx_word' id='word_1_438' title='bbox 1022 891 1028 910; x_wconf 89' lang='lat'><strong>:</strong></span> <span class='ocrx_word' id='word_1_439' title='bbox 1040 883 1189 910; x_wconf 76' lang='lat' dir='ltr'><strong>Romanus</strong></span> <span class='ocrx_word' id='word_1_440' title='bbox 1202 885 1230 910; x_wconf 90' lang='lat' dir='ltr'><strong>et</strong></span> <span class='ocrx_word' id='word_1_441' title='bbox 1243 883 1298 911; x_wconf 86' lang='lat' dir='ltr'><strong>Leo</strong></span> <span class='ocrx_word' id='word_1_442' title='bbox 1310 883 1413 919; x_wconf 78' lang='lat' dir='ltr'><strong>Argyri</strong></span> <span class='ocrx_word' id='word_1_443' title='bbox 1430 883 1483 910; x_wconf 84' lang='lat' dir='ltr'><strong>ﬁlii</strong></span> <span class='ocrx_word' id='word_1_444' title='bbox 1494 891 1528 910; x_wconf 90' lang='lat' dir='ltr'><strong>ac</strong></span> <span class='ocrx_word' id='word_1_445' title='bbox 1540 883 1648 910; x_wconf 83' lang='lat' dir='ltr'><strong>Bardas</strong></span> <span class='ocrx_word' id='word_1_446' title='bbox 1660 882 1773 910; x_wconf 74' lang='lat' dir='ltr'><strong>Phocus</strong></span> 
     </span>
    </p>
   </div>
   <div class='ocr_carea' id='block_1_65' title="bbox 942 926 1772 962">
    <p class='ocr_par' dir='ltr' id='par_1_65' title="bbox 942 926 1772 962">
     <span class='ocr_line' id='line_1_65' title="bbox 942 926 1772 962; baseline 0 -9"><span class='ocrx_word' id='word_1_447' title='bbox 942 926 1008 954; x_wconf 84' lang='lat' dir='ltr'><strong>aliis</strong></span> <span class='ocrx_word' id='word_1_448' title='bbox 1020 930 1163 962; x_wconf 70' lang='lat' dir='ltr'><strong>praeerant</strong></span> <span class='ocrx_word' id='word_1_449' title='bbox 1178 927 1360 955; x_wconf 81' lang='lat' dir='ltr'><strong>cohortibus.</strong></span> <span class='ocrx_word' id='word_1_450' title='bbox 1373 927 1482 954; x_wconf 80' lang='lat' dir='ltr'><strong>Aderat</strong></span> <span class='ocrx_word' id='word_1_451' title='bbox 1495 927 1533 954; x_wconf 90' lang='lat' dir='ltr'><strong>iis</strong></span> <span class='ocrx_word' id='word_1_452' title='bbox 1548 929 1577 954; x_wconf 88' lang='lat' dir='ltr'><strong>et</strong></span> <span class='ocrx_word' id='word_1_453' title='bbox 1592 926 1692 954; x_wconf 77' lang='lat' dir='ltr'><strong>Melius</strong></span> <span class='ocrx_word' id='word_1_454' title='bbox 1709 935 1772 954; x_wconf 84' lang='lat' dir='ltr'><strong>mo-</strong></span> 
     </span>
    </p>
   </div>
   <div class='ocr_carea' id='block_1_66' title="bbox 940 970 1765 1007">
    <p class='ocr_par' dir='ltr' id='par_1_66' title="bbox 940 970 1765 1007">
     <span class='ocr_line' id='line_1_66' title="bbox 940 970 1765 1007; baseline 0 -9"><span class='ocrx_word' id='word_1_455' title='bbox 940 971 1031 1007; x_wconf 78' lang='lat' dir='ltr'><strong>gister</strong></span> <span class='ocrx_word' id='word_1_456' title='bbox 1039 980 1106 999; x_wconf 89' lang='lat' dir='ltr'><strong>cum</strong></span> <span class='ocrx_word' id='word_1_457' title='bbox 1117 972 1274 1006; x_wconf 83' lang='lat' dir='ltr'><strong>Armeniis,</strong></span> <span class='ocrx_word' id='word_1_458' title='bbox 1287 971 1465 1007; x_wconf 85' lang='lat' dir='ltr'><strong>plurimique</strong></span> <span class='ocrx_word' id='word_1_459' title='bbox 1477 971 1526 998; x_wconf 89' lang='lat' dir='ltr'><strong>alii</strong></span> <span class='ocrx_word' id='word_1_460' title='bbox 1543 970 1765 1007; x_wconf 84' lang='lat' dir='ltr'><strong>provincialium</strong></span> 
     </span>
    </p>
   </div>
   <div class='ocr_carea' id='block_1_67' title="bbox 939 1015 1767 1044">
    <p class='ocr_par' dir='ltr' id='par_1_67' title="bbox 939 1015 1767 1044">
     <span class='ocr_line' id='line_1_67' title="bbox 939 1015 1767 1044; baseline 0 -1"><span class='ocrx_word' id='word_1_461' title='bbox 939 1015 1039 1043; x_wconf 80' lang='lat' dir='ltr'><strong>duces.</strong></span> <span class='ocrx_word' id='word_1_462' title='bbox 1052 1016 1256 1044; x_wconf 80' lang='lat' dir='ltr'><strong>Comitabatur</strong></span> <span class='ocrx_word' id='word_1_463' title='bbox 1275 1016 1362 1044; x_wconf 83' lang='lat' dir='ltr'><strong>etiam</strong></span> <span class='ocrx_word' id='word_1_464' title='bbox 1385 1016 1594 1044; x_wconf 87' lang='lat' dir='ltr'><strong>Constantinus</strong></span> <span class='ocrx_word' id='word_1_465' title='bbox 1613 1015 1767 1043; x_wconf 78' lang='lat' dir='ltr'><strong>Africanus</strong></span> 
     </span>
    </p>
   </div>
   <div class='ocr_carea' id='block_1_68' title="bbox 939 1059 1766 1096">
    <p class='ocr_par' dir='ltr' id='par_1_68' title="bbox 939 1059 1766 1096">
     <span class='ocr_line' id='line_1_68' title="bbox 939 1059 1766 1096; baseline 0 -9"><span class='ocrx_word' id='word_1_466' title='bbox 939 1059 1188 1096; x_wconf 85' lang='lat' dir='ltr'><strong>patricius,veluti</strong></span> <span class='ocrx_word' id='word_1_467' title='bbox 1199 1059 1386 1088; x_wconf 85' lang='lat' dir='ltr'><strong>consiliarius</strong></span> <span class='ocrx_word' id='word_1_468' title='bbox 1399 1060 1503 1088; x_wconf 86' lang='lat' dir='ltr'><strong>Leonis</strong></span> <span class='ocrx_word' id='word_1_469' title='bbox 1514 1059 1667 1088; x_wconf 83' lang='lat' dir='ltr'><strong>domestici</strong></span> <span class='ocrx_word' id='word_1_470' title='bbox 1680 1060 1766 1088; x_wconf 87' lang='lat' dir='ltr'><strong>scho-</strong></span> 
     </span>
    </p>
   </div>
   <div class='ocr_carea' id='block_1_69' title="bbox 938 1104 1767 1140">
    <p class='ocr_par' dir='ltr' id='par_1_69' title="bbox 938 1104 1767 1140">
     <span class='ocr_line' id='line_1_69' title="bbox 938 1104 1767 1140; baseline -0.001 -8"><span class='ocrx_word' id='word_1_471' title='bbox 938 1104 1045 1132; x_wconf 89' lang='lat' dir='ltr'><strong>larum.</strong></span> <span class='ocrx_word' id='word_1_472' title='bbox 1058 1105 1144 1132; x_wconf 85' lang='lat' dir='ltr'><strong>Scxto</strong></span> <span class='ocrx_word' id='word_1_473' title='bbox 1159 1105 1284 1140; x_wconf 82' lang='lat' dir='ltr'><strong>Augusti</strong></span> <span class='ocrx_word' id='word_1_474' title='bbox 1299 1105 1347 1132; x_wconf 87' lang='lat' dir='ltr'><strong>die</strong></span> <span class='ocrx_word' id='word_1_475' title='bbox 1363 1105 1440 1133; x_wconf 72' lang='lat'><strong>286</strong></span> <span class='ocrx_word' id='word_1_476' title='bbox 1457 1112 1553 1140; x_wconf 85' lang='lat' dir='ltr'><strong>pugna</strong></span> <span class='ocrx_word' id='word_1_477' title='bbox 1569 1105 1646 1132; x_wconf 87' lang='lat' dir='ltr'><strong>inter</strong></span> <span class='ocrx_word' id='word_1_478' title='bbox 1661 1105 1767 1132; x_wconf 79' lang='lat' dir='ltr'><strong>Roma-</strong></span> 
     </span>
    </p>
   </div>
   <div class='ocr_carea' id='block_1_70' title="bbox 940 1148 1768 1185">
    <p class='ocr_par' dir='ltr' id='par_1_70' title="bbox 940 1148 1768 1185">
     <span class='ocr_line' id='line_1_70' title="bbox 940 1148 1768 1185; baseline 0 -9"><span class='ocrx_word' id='word_1_479' title='bbox 940 1157 993 1176; x_wconf 90' lang='lat' dir='ltr'><strong>nos</strong></span> <span class='ocrx_word' id='word_1_480' title='bbox 1009 1151 1038 1177; x_wconf 83' lang='lat' dir='ltr'><strong>et</strong></span> <span class='ocrx_word' id='word_1_481' title='bbox 1052 1149 1194 1185; x_wconf 81' lang='lat' dir='ltr'><strong>Bulgaros</strong></span> <span class='ocrx_word' id='word_1_482' title='bbox 1210 1149 1371 1177; x_wconf 84' lang='lat' dir='ltr'><strong>commissa</strong></span> <span class='ocrx_word' id='word_1_483' title='bbox 1385 1151 1428 1177; x_wconf 82' lang='lat' dir='ltr'><strong>est</strong></span> <span class='ocrx_word' id='word_1_484' title='bbox 1450 1150 1486 1177; x_wconf 82' lang='lat' dir='ltr'><strong>ad</strong></span> <span class='ocrx_word' id='word_1_485' title='bbox 1508 1148 1659 1177; x_wconf 83' lang='lat' dir='ltr'><strong>castellum</strong></span> <span class='ocrx_word' id='word_1_486' title='bbox 1673 1148 1768 1176; x_wconf 78' lang='lat' dir='ltr'><strong>Ache-</strong></span> 
     </span>
    </p>
   </div>
   <div class='ocr_carea' id='block_1_71' title="bbox 939 1193 1769 1230">
    <p class='ocr_par' dir='ltr' id='par_1_71' title="bbox 939 1193 1769 1230">
     <span class='ocr_line' id='line_1_71' title="bbox 939 1193 1769 1230; baseline 0 -10"><span class='ocrx_word' id='word_1_487' title='bbox 939 1193 1031 1228; x_wconf 88' lang='lat' dir='ltr'><strong>loum,</strong></span> <span class='ocrx_word' id='word_1_488' title='bbox 1063 1194 1200 1229; x_wconf 83' lang='lat' dir='ltr'><strong>pulsique</strong></span> <span class='ocrx_word' id='word_1_489' title='bbox 1230 1196 1258 1222; x_wconf 87' lang='lat' dir='ltr'><strong>et</strong></span> <span class='ocrx_word' id='word_1_490' title='bbox 1287 1202 1396 1229; x_wconf 79' lang='lat' dir='ltr'><strong>magna</strong></span> <span class='ocrx_word' id='word_1_491' title='bbox 1424 1195 1502 1222; x_wconf 70' lang='lat' dir='ltr'><strong>caade</strong></span> <span class='ocrx_word' id='word_1_492' title='bbox 1531 1193 1670 1230; x_wconf 82' lang='lat' dir='ltr'><strong>prostrati</strong></span> <span class='ocrx_word' id='word_1_493' title='bbox 1698 1195 1769 1221; x_wconf 88' lang='lat' dir='ltr'><strong>sunt</strong></span> 
     </span>
    </p>
   </div>
   <div class='ocr_carea' id='block_1_72' title="bbox 939 1238 1768 1274">
    <p class='ocr_par' dir='ltr' id='par_1_72' title="bbox 939 1238 1768 1274">
     <span class='ocr_line' id='line_1_72' title="bbox 939 1238 1768 1274; baseline -0.001 -9"><span class='ocrx_word' id='word_1_494' title='bbox 939 1238 1068 1274; x_wconf 83' lang='lat' dir='ltr'><strong>Bulgari.</strong></span> <span class='ocrx_word' id='word_1_495' title='bbox 1087 1239 1128 1265; x_wconf 82' lang='lat' dir='ltr'><strong>lbi</strong></span> <span class='ocrx_word' id='word_1_496' title='bbox 1151 1247 1218 1266; x_wconf 90' lang='lat' dir='ltr'><strong>cum</strong></span> <span class='ocrx_word' id='word_1_497' title='bbox 1235 1239 1416 1266; x_wconf 84' lang='lat' dir='ltr'><strong>domesticus</strong></span> <span class='ocrx_word' id='word_1_498' title='bbox 1441 1239 1568 1273; x_wconf 86' lang='lat' dir='ltr'><strong>plurimo</strong></span> <span class='ocrx_word' id='word_1_499' title='bbox 1584 1238 1691 1266; x_wconf 89' lang='lat' dir='ltr'><strong>sudore</strong></span> <span class='ocrx_word' id='word_1_500' title='bbox 1706 1246 1768 1265; x_wconf 81' lang='lat' dir='ltr'><strong>ma-</strong></span> 
     </span>
    </p>
   </div>
   <div class='ocr_carea' id='block_1_73' title="bbox 940 1283 1769 1318">
    <p class='ocr_par' dir='ltr' id='par_1_73' title="bbox 940 1283 1769 1318">
     <span class='ocr_line' id='line_1_73' title="bbox 940 1283 1769 1318; baseline 0 -8"><span class='ocrx_word' id='word_1_501' title='bbox 940 1284 1013 1310; x_wconf 87' lang='lat' dir='ltr'><strong>dens</strong></span> <span class='ocrx_word' id='word_1_502' title='bbox 1029 1283 1188 1318; x_wconf 83' lang='lat' dir='ltr'><strong>animcque</strong></span> <span class='ocrx_word' id='word_1_503' title='bbox 1212 1283 1351 1310; x_wconf 80' lang='lat' dir='ltr'><strong>deﬁciens</strong></span> <span class='ocrx_word' id='word_1_504' title='bbox 1367 1283 1404 1310; x_wconf 85' lang='lat' dir='ltr'><strong>ad</strong></span> <span class='ocrx_word' id='word_1_505' title='bbox 1421 1283 1578 1318; x_wconf 81' lang='lat' dir='ltr'><strong>quemdam</strong></span> <span class='ocrx_word' id='word_1_506' title='bbox 1602 1283 1712 1310; x_wconf 84' lang='lat' dir='ltr'><strong>fontem</strong></span> <span class='ocrx_word' id='word_1_507' title='bbox 1735 1290 1769 1309; x_wconf 85' lang='lat' dir='ltr'><strong>ex</strong></span> 
     </span>
    </p>
   </div>
   <div class='ocr_carea' id='block_1_74' title="bbox 939 1327 1770 1363">
    <p class='ocr_par' dir='ltr' id='par_1_74' title="bbox 939 1327 1770 1363">
     <span class='ocr_line' id='line_1_74' title="bbox 939 1327 1770 1363; baseline 0 -9"><span class='ocrx_word' id='word_1_508' title='bbox 939 1335 1015 1363; x_wconf 87' lang='lat' dir='ltr'><strong>equo</strong></span> <span class='ocrx_word' id='word_1_509' title='bbox 1031 1328 1242 1360; x_wconf 85' lang='lat' dir='ltr'><strong>descendisset,</strong></span> <span class='ocrx_word' id='word_1_510' title='bbox 1255 1330 1288 1354; x_wconf 92' lang='lat' dir='ltr'><strong>ut</strong></span> <span class='ocrx_word' id='word_1_511' title='bbox 1303 1327 1440 1355; x_wconf 81' lang='lat' dir='ltr'><strong>sudorem</strong></span> <span class='ocrx_word' id='word_1_512' title='bbox 1456 1327 1566 1355; x_wconf 81' lang='lat' dir='ltr'><strong>clueret</strong></span> <span class='ocrx_word' id='word_1_513' title='bbox 1581 1335 1614 1354; x_wconf 89' lang='lat' dir='ltr'><strong>ac</strong></span> <span class='ocrx_word' id='word_1_514' title='bbox 1628 1335 1660 1354; x_wconf 93' lang='lat' dir='ltr'><strong>se</strong></span> <span class='ocrx_word' id='word_1_515' title='bbox 1675 1334 1770 1354; x_wconf 88' lang='lat' dir='ltr'><strong>recre-</strong></span> 
     </span>
    </p>
   </div>
   <div class='ocr_carea' id='block_1_75' title="bbox 940 1371 1769 1407">
    <p class='ocr_par' dir='ltr' id='par_1_75' title="bbox 940 1371 1769 1407">
     <span class='ocr_line' id='line_1_75' title="bbox 940 1371 1769 1407; baseline -0.002 -8"><span class='ocrx_word' id='word_1_516' title='bbox 940 1374 1012 1405; x_wconf 86' lang='lat' dir='ltr'><strong>aret,</strong></span> <span class='ocrx_word' id='word_1_517' title='bbox 1029 1379 1124 1407; x_wconf 89' lang='lat' dir='ltr'><strong>equus</strong></span> <span class='ocrx_word' id='word_1_518' title='bbox 1139 1372 1213 1399; x_wconf 85' lang='lat' dir='ltr'><strong>forte</strong></span> <span class='ocrx_word' id='word_1_519' title='bbox 1238 1372 1364 1407; x_wconf 88' lang='lat' dir='ltr'><strong>abrupto</strong></span> <span class='ocrx_word' id='word_1_520' title='bbox 1387 1371 1502 1399; x_wconf 87' lang='lat' dir='ltr'><strong>vinculo</strong></span> <span class='ocrx_word' id='word_1_521' title='bbox 1529 1379 1560 1399; x_wconf 89' lang='lat' dir='ltr'><strong>se</strong></span> <span class='ocrx_word' id='word_1_522' title='bbox 1584 1371 1718 1407; x_wconf 85' lang='lat' dir='ltr'><strong>proripit,</strong></span> <span class='ocrx_word' id='word_1_523' title='bbox 1735 1378 1769 1398; x_wconf 83' lang='lat' dir='ltr'><strong>ac</strong></span> 
     </span>
    </p>
   </div>
   <div class='ocr_carea' id='block_1_76' title="bbox 941 1415 1770 1452">
    <p class='ocr_par' dir='ltr' id='par_1_76' title="bbox 941 1415 1770 1452">
     <span class='ocr_line' id='line_1_76' title="bbox 941 1415 1770 1452; baseline -0.002 -8"><span class='ocrx_word' id='word_1_524' title='bbox 941 1416 1064 1444; x_wconf 84' lang='lat' dir='ltr'><strong>sessoris</strong></span> <span class='ocrx_word' id='word_1_525' title='bbox 1079 1424 1187 1444; x_wconf 85' lang='lat' dir='ltr'><strong>vacuus</strong></span> <span class='ocrx_word' id='word_1_526' title='bbox 1211 1424 1263 1452; x_wconf 90' lang='lat' dir='ltr'><strong>per</strong></span> <span class='ocrx_word' id='word_1_527' title='bbox 1287 1416 1446 1444; x_wconf 86' lang='lat' dir='ltr'><strong>exercitum</strong></span> <span class='ocrx_word' id='word_1_528' title='bbox 1467 1415 1615 1443; x_wconf 89' lang='lat' dir='ltr'><strong>discurrit.</strong></span> <span class='ocrx_word' id='word_1_529' title='bbox 1627 1416 1719 1447; x_wconf 88' lang='lat' dir='ltr'><strong>Quem</strong></span> <span class='ocrx_word' id='word_1_530' title='bbox 1737 1416 1770 1442; x_wconf 90' lang='lat' dir='ltr'><strong>ut</strong></span> 
     </span>
    </p>
   </div>
   <div class='ocr_carea' id='block_1_77' title="bbox 940 1459 1768 1496">
    <p class='ocr_par' dir='ltr' id='par_1_77' title="bbox 940 1459 1768 1496">
     <span class='ocr_line' id='line_1_77' title="bbox 940 1459 1768 1496; baseline -0.004 -8"><span class='ocrx_word' id='word_1_531' title='bbox 940 1468 1083 1496; x_wconf 82' lang='lat' dir='ltr'><strong>agnovere</strong></span> <span class='ocrx_word' id='word_1_532' title='bbox 1115 1460 1235 1493; x_wconf 79' lang='lat' dir='ltr'><strong>milites,</strong></span> <span class='ocrx_word' id='word_1_533' title='bbox 1265 1460 1439 1487; x_wconf 87' lang='lat' dir='ltr'><strong>occubuisse</strong></span> <span class='ocrx_word' id='word_1_534' title='bbox 1472 1459 1667 1487; x_wconf 84' lang='lat' dir='ltr'><strong>domesticum</strong></span> <span class='ocrx_word' id='word_1_535' title='bbox 1701 1459 1768 1491; x_wconf 81' lang='lat' dir='ltr'><strong>rati,</strong></span> 
     </span>
    </p>
   </div>
   <div class='ocr_carea' id='block_1_78' title="bbox 941 1502 1768 1537">
    <p class='ocr_par' dir='ltr' id='par_1_78' title="bbox 941 1502 1768 1537">
     <span class='ocr_line' id='line_1_78' title="bbox 941 1502 1768 1537; baseline -0.004 -4"><span class='ocrx_word' id='word_1_536' title='bbox 941 1508 1020 1533; x_wconf 86' lang='lat' dir='ltr'><strong>metu</strong></span> <span class='ocrx_word' id='word_1_537' title='bbox 1036 1504 1145 1532; x_wconf 87' lang='lat' dir='ltr'><strong>animis</strong></span> <span class='ocrx_word' id='word_1_538' title='bbox 1159 1504 1366 1537; x_wconf 83' lang='lat' dir='ltr'><strong>consternatis,</strong></span> <span class='ocrx_word' id='word_1_539' title='bbox 1383 1504 1420 1531; x_wconf 85' lang='lat' dir='ltr'><strong>ab</strong></span> <span class='ocrx_word' id='word_1_540' title='bbox 1441 1504 1623 1531; x_wconf 86' lang='lat' dir='ltr'><strong>insecutione</strong></span> <span class='ocrx_word' id='word_1_541' title='bbox 1637 1502 1768 1530; x_wconf 86' lang='lat' dir='ltr'><strong>hostium</strong></span> 
     </span>
    </p>
   </div>
   <div class='ocr_carea' id='block_1_79' title="bbox 940 1549 1768 1585">
    <p class='ocr_par' dir='ltr' id='par_1_79' title="bbox 940 1549 1768 1585">
     <span class='ocr_line' id='line_1_79' title="bbox 940 1549 1768 1585; baseline -0.004 -8"><span class='ocrx_word' id='word_1_542' title='bbox 940 1550 1134 1577; x_wconf 79' lang='lat' dir='ltr'><strong>destiterunt:</strong></span> <span class='ocrx_word' id='word_1_543' title='bbox 1159 1549 1279 1585; x_wconf 89' lang='lat' dir='ltr'><strong>quidam</strong></span> <span class='ocrx_word' id='word_1_544' title='bbox 1296 1549 1384 1576; x_wconf 84' lang='lat' dir='ltr'><strong>etiam</strong></span> <span class='ocrx_word' id='word_1_545' title='bbox 1401 1551 1478 1576; x_wconf 88' lang='lat' dir='ltr'><strong>retro</strong></span> <span class='ocrx_word' id='word_1_546' title='bbox 1502 1556 1566 1576; x_wconf 87' lang='lat' dir='ltr'><strong>sese</strong></span> <span class='ocrx_word' id='word_1_547' title='bbox 1590 1549 1768 1575; x_wconf 84' lang='lat' dir='ltr'><strong>averterunt.</strong></span> 
     </span>
    </p>
   </div>
   <div class='ocr_carea' id='block_1_80' title="bbox 941 1591 1769 1628">
    <p class='ocr_par' dir='ltr' id='par_1_80' title="bbox 941 1591 1769 1628">
     <span class='ocr_line' id='line_1_80' title="bbox 941 1591 1769 1628; baseline -0.004 -7"><span class='ocrx_word' id='word_1_548' title='bbox 941 1594 1021 1627; x_wconf 88' lang='lat' dir='ltr'><strong>Quod</strong></span> <span class='ocrx_word' id='word_1_549' title='bbox 1034 1602 1068 1621; x_wconf 81' lang='lat' dir='ltr'><strong>ex</strong></span> <span class='ocrx_word' id='word_1_550' title='bbox 1078 1593 1197 1621; x_wconf 81' lang='lat' dir='ltr'><strong>sublimi</strong></span> <span class='ocrx_word' id='word_1_551' title='bbox 1209 1601 1331 1621; x_wconf 89' lang='lat' dir='ltr'><strong>cernens</strong></span> <span class='ocrx_word' id='word_1_552' title='bbox 1343 1593 1461 1621; x_wconf 89' lang='lat' dir='ltr'><strong>Simeon</strong></span> <span class='ocrx_word' id='word_1_553' title='bbox 1471 1593 1576 1628; x_wconf 88' lang='lat' dir='ltr'><strong>(neque</strong></span> <span class='ocrx_word' id='word_1_554' title='bbox 1587 1591 1666 1620; x_wconf 89' lang='lat' dir='ltr'><strong>enim</strong></span> <span class='ocrx_word' id='word_1_555' title='bbox 1677 1592 1769 1619; x_wconf 80' lang='lat' dir='ltr'><strong>eﬂ&#39;use</strong></span> 
     </span>
    </p>
   </div>
   <div class='ocr_carea' id='block_1_81' title="bbox 938 1636 1769 1673">
    <p class='ocr_par' dir='ltr' id='par_1_81' title="bbox 938 1636 1769 1673">
     <span class='ocr_line' id='line_1_81' title="bbox 938 1636 1769 1673; baseline -0.005 -7"><span class='ocrx_word' id='word_1_556' title='bbox 938 1643 967 1666; x_wconf 89' lang='lat' dir='ltr'><strong>et</strong></span> <span class='ocrx_word' id='word_1_557' title='bbox 976 1638 1129 1666; x_wconf 87' lang='lat' dir='ltr'><strong>ordinibus</strong></span> <span class='ocrx_word' id='word_1_558' title='bbox 1138 1638 1292 1672; x_wconf 78' lang='lat' dir='ltr'><strong>dissipatis</strong></span> <span class='ocrx_word' id='word_1_559' title='bbox 1301 1638 1400 1672; x_wconf 81' lang='lat' dir='ltr'><strong>fugam</strong></span> <span class='ocrx_word' id='word_1_560' title='bbox 1410 1637 1546 1673; x_wconf 78' lang='lat' dir='ltr'><strong>faciebat)</strong></span> <span class='ocrx_word' id='word_1_561' title='bbox 1552 1645 1622 1664; x_wconf 88' lang='lat' dir='ltr'><strong>suos</strong></span> <span class='ocrx_word' id='word_1_562' title='bbox 1630 1636 1769 1664; x_wconf 82' lang='lat' dir='ltr'><strong>Romanis</strong></span> 
     </span>
    </p>
   </div>
   <div class='ocr_carea' id='block_1_82' title="bbox 939 1681 1768 1717">
    <p class='ocr_par' dir='ltr' id='par_1_82' title="bbox 939 1681 1768 1717">
     <span class='ocr_line' id='line_1_82' title="bbox 939 1681 1768 1717; baseline -0.004 -7"><span class='ocrx_word' id='word_1_563' title='bbox 939 1682 1212 1710; x_wconf 78' lang='lat' dir='ltr'><strong>immisil.chani</strong></span> <span class='ocrx_word' id='word_1_564' title='bbox 1233 1683 1294 1717; x_wconf 83' lang='lat' dir='ltr'><strong>jam</strong></span> <span class='ocrx_word' id='word_1_565' title='bbox 1321 1684 1388 1710; x_wconf 86' lang='lat' dir='ltr'><strong>ante</strong></span> <span class='ocrx_word' id='word_1_566' title='bbox 1404 1682 1518 1709; x_wconf 89' lang='lat' dir='ltr'><strong>animos</strong></span> <span class='ocrx_word' id='word_1_567' title='bbox 1534 1681 1640 1716; x_wconf 87' lang='lat' dir='ltr'><strong>dejecti</strong></span> <span class='ocrx_word' id='word_1_568' title='bbox 1665 1682 1693 1708; x_wconf 87' lang='lat' dir='ltr'><strong>et</strong></span> <span class='ocrx_word' id='word_1_569' title='bbox 1717 1689 1768 1716; x_wconf 88' lang='lat' dir='ltr'><strong>pn-</strong></span> 
     </span>
    </p>
   </div>
   <div class='ocr_carea' id='block_1_83' title="bbox 939 1725 1771 1762">
    <p class='ocr_par' dir='ltr' id='par_1_83' title="bbox 939 1725 1771 1762">
     <span class='ocr_line' id='line_1_83' title="bbox 939 1725 1771 1762; baseline -0.005 -6"><span class='ocrx_word' id='word_1_570' title='bbox 939 1730 1049 1762; x_wconf 87' lang='lat' dir='ltr'><strong>ventes,</strong></span> <span class='ocrx_word' id='word_1_571' title='bbox 1058 1728 1173 1755; x_wconf 85' lang='lat' dir='ltr'><strong>hostem</strong></span> <span class='ocrx_word' id='word_1_572' title='bbox 1185 1726 1284 1754; x_wconf 88' lang='lat' dir='ltr'><strong>subito</strong></span> <span class='ocrx_word' id='word_1_573' title='bbox 1302 1727 1412 1754; x_wconf 87' lang='lat' dir='ltr'><strong>irruere</strong></span> <span class='ocrx_word' id='word_1_574' title='bbox 1422 1726 1566 1759; x_wconf 87' lang='lat' dir='ltr'><strong>videntes,</strong></span> <span class='ocrx_word' id='word_1_575' title='bbox 1576 1725 1674 1753; x_wconf 85' lang='lat' dir='ltr'><strong>statim</strong></span> <span class='ocrx_word' id='word_1_576' title='bbox 1687 1727 1771 1760; x_wconf 71' lang='lat' dir='ltr'><strong>terga</strong></span> 
     </span>
    </p>
   </div>
   <div class='ocr_carea' id='block_1_84' title="bbox 939 1770 1770 1807">
    <p class='ocr_par' dir='ltr' id='par_1_84' title="bbox 939 1770 1770 1807">
     <span class='ocr_line' id='line_1_84' title="bbox 939 1770 1770 1807; baseline -0.005 -7"><span class='ocrx_word' id='word_1_577' title='bbox 939 1773 1094 1800; x_wconf 82' lang='lat' dir='ltr'><strong>dederunt.</strong></span> <span class='ocrx_word' id='word_1_578' title='bbox 1109 1775 1190 1807; x_wconf 79' lang='lat' dir='ltr'><strong>Fuga</strong></span> <span class='ocrx_word' id='word_1_579' title='bbox 1204 1780 1238 1799; x_wconf 88' lang='lat' dir='ltr'><strong>ea</strong></span> <span class='ocrx_word' id='word_1_580' title='bbox 1255 1770 1507 1807; x_wconf 84' lang='lat' dir='ltr'><strong>periculosissima</strong></span> <span class='ocrx_word' id='word_1_581' title='bbox 1531 1770 1598 1805; x_wconf 81' lang='lat' dir='ltr'><strong>fuit,</strong></span> <span class='ocrx_word' id='word_1_582' title='bbox 1615 1770 1682 1798; x_wconf 82' lang='lat' dir='ltr'><strong>aliis</strong></span> <span class='ocrx_word' id='word_1_583' title='bbox 1706 1777 1770 1797; x_wconf 58' lang='lat' dir='ltr'><strong>sese</strong></span> 
     </span>
    </p>
   </div>
   <div class='ocr_carea' id='block_1_85' title="bbox 939 1814 1769 1850">
    <p class='ocr_par' dir='ltr' id='par_1_85' title="bbox 939 1814 1769 1850">
     <span class='ocr_line' id='line_1_85' title="bbox 939 1814 1769 1850; baseline -0.004 -6"><span class='ocrx_word' id='word_1_584' title='bbox 939 1817 1062 1844; x_wconf 90' lang='lat' dir='ltr'><strong>invicem</strong></span> <span class='ocrx_word' id='word_1_585' title='bbox 1084 1816 1337 1850; x_wconf 88' lang='lat' dir='ltr'><strong>conculcantibus,</strong></span> <span class='ocrx_word' id='word_1_586' title='bbox 1354 1815 1421 1843; x_wconf 88' lang='lat' dir='ltr'><strong>aliis</strong></span> <span class='ocrx_word' id='word_1_587' title='bbox 1443 1815 1479 1842; x_wconf 85' lang='lat' dir='ltr'><strong>ab</strong></span> <span class='ocrx_word' id='word_1_588' title='bbox 1505 1815 1586 1842; x_wconf 89' lang='lat' dir='ltr'><strong>hoste</strong></span> <span class='ocrx_word' id='word_1_589' title='bbox 1601 1814 1695 1842; x_wconf 66' lang='lat' dir='ltr'><strong>caesis.</strong></span> <span class='ocrx_word' id='word_1_590' title='bbox 1713 1814 1769 1841; x_wconf 71' lang='lat' dir='ltr'><strong>Leo</strong></span> 
     </span>
    </p>
   </div>
   <div class='ocr_carea' id='block_1_86' title="bbox 940 1858 1769 1896">
    <p class='ocr_par' dir='ltr' id='par_1_86' title="bbox 940 1858 1769 1896">
     <span class='ocr_line' id='line_1_86' title="bbox 940 1858 1769 1896; baseline -0.007 -7"><span class='ocrx_word' id='word_1_591' title='bbox 940 1861 1121 1889; x_wconf 87' lang='lat' dir='ltr'><strong>domesticus</strong></span> <span class='ocrx_word' id='word_1_592' title='bbox 1137 1860 1206 1896; x_wconf 81' lang='lat' dir='ltr'><strong>fuga</strong></span> <span class='ocrx_word' id='word_1_593' title='bbox 1221 1861 1251 1888; x_wconf 89' lang='lat' dir='ltr'><strong>in</strong></span> <span class='ocrx_word' id='word_1_594' title='bbox 1262 1860 1437 1888; x_wconf 88' lang='lat' dir='ltr'><strong>Mesembria</strong></span> <span class='ocrx_word' id='word_1_595' title='bbox 1449 1859 1550 1887; x_wconf 85' lang='lat' dir='ltr'><strong>evasit.</strong></span> <span class='ocrx_word' id='word_1_596' title='bbox 1561 1861 1625 1886; x_wconf 90' lang='lat' dir='ltr'><strong>Non</strong></span> <span class='ocrx_word' id='word_1_597' title='bbox 1639 1858 1769 1886; x_wconf 79' lang='lat' dir='ltr'><strong>multiiu-</strong></span> 
     </span>
    </p>
   </div>
   <div class='ocr_carea' id='block_1_87' title="bbox 940 1902 1769 1940">
    <p class='ocr_par' dir='ltr' id='par_1_87' title="bbox 940 1902 1769 1940">
     <span class='ocr_line' id='line_1_87' title="bbox 940 1902 1769 1940; baseline -0.005 -7"><span class='ocrx_word' id='word_1_598' title='bbox 940 1906 977 1934; x_wconf 91' lang='lat' dir='ltr'><strong>do</strong></span> <span class='ocrx_word' id='word_1_599' title='bbox 992 1908 1108 1934; x_wconf 87' lang='lat' dir='ltr'><strong>tantum</strong></span> <span class='ocrx_word' id='word_1_600' title='bbox 1125 1904 1260 1932; x_wconf 87' lang='lat' dir='ltr'><strong>militaris</strong></span> <span class='ocrx_word' id='word_1_601' title='bbox 1272 1907 1343 1932; x_wconf 91' lang='lat' dir='ltr'><strong>tunc</strong></span> <span class='ocrx_word' id='word_1_602' title='bbox 1360 1904 1458 1940; x_wconf 89' lang='lat' dir='ltr'><strong>periit,</strong></span> <span class='ocrx_word' id='word_1_603' title='bbox 1471 1904 1523 1932; x_wconf 89' lang='lat' dir='ltr'><strong>sed</strong></span> <span class='ocrx_word' id='word_1_604' title='bbox 1539 1905 1567 1931; x_wconf 87' lang='lat' dir='ltr'><strong>et</strong></span> <span class='ocrx_word' id='word_1_605' title='bbox 1579 1903 1669 1931; x_wconf 87' lang='lat' dir='ltr'><strong>duces</strong></span> <span class='ocrx_word' id='word_1_606' title='bbox 1685 1902 1769 1929; x_wconf 88' lang='lat' dir='ltr'><strong>innu-</strong></span> 
     </span>
    </p>
   </div>
   <div class='ocr_carea' id='block_1_88' title="bbox 941 1947 1768 1985">
    <p class='ocr_par' dir='ltr' id='par_1_88' title="bbox 941 1947 1768 1985">
     <span class='ocr_line' id='line_1_88' title="bbox 941 1947 1768 1985; baseline -0.005 -7"><span class='ocrx_word' id='word_1_607' title='bbox 941 1950 1014 1978; x_wconf 90' lang='lat' dir='ltr'><strong>meri</strong></span> <span class='ocrx_word' id='word_1_608' title='bbox 1036 1953 1126 1985; x_wconf 87' lang='lat' dir='ltr'><strong>atque</strong></span> <span class='ocrx_word' id='word_1_609' title='bbox 1150 1949 1286 1977; x_wconf 87' lang='lat' dir='ltr'><strong>ordinum</strong></span> <span class='ocrx_word' id='word_1_610' title='bbox 1303 1950 1449 1977; x_wconf 86' lang='lat' dir='ltr'><strong>ductores.</strong></span> <span class='ocrx_word' id='word_1_611' title='bbox 1467 1948 1586 1976; x_wconf 87' lang='lat' dir='ltr'><strong>Occisus</strong></span> <span class='ocrx_word' id='word_1_612' title='bbox 1612 1949 1656 1976; x_wconf 86' lang='lat' dir='ltr'><strong>est</strong></span> <span class='ocrx_word' id='word_1_613' title='bbox 1680 1947 1768 1975; x_wconf 86' lang='lat' dir='ltr'><strong>etiam</strong></span> 
     </span>
    </p>
   </div>
   <div class='ocr_carea' id='block_1_89' title="bbox 939 1991 1770 2027">
    <p class='ocr_par' dir='ltr' id='par_1_89' title="bbox 939 1991 1770 2027">
     <span class='ocr_line' id='line_1_89' title="bbox 939 1991 1770 2027; baseline -0.006 -4"><span class='ocrx_word' id='word_1_614' title='bbox 939 1995 1150 2023; x_wconf 84' lang='lat' dir='ltr'><strong>Constantinus</strong></span> <span class='ocrx_word' id='word_1_615' title='bbox 1167 1994 1292 2027; x_wconf 86' lang='lat' dir='ltr'><strong>Africus,</strong></span> <span class='ocrx_word' id='word_1_616' title='bbox 1305 1997 1333 2021; x_wconf 91' lang='lat' dir='ltr'><strong>et</strong></span> <span class='ocrx_word' id='word_1_617' title='bbox 1354 1993 1556 2022; x_wconf 86' lang='lat' dir='ltr'><strong>excubitorum</strong></span> <span class='ocrx_word' id='word_1_618' title='bbox 1568 1993 1628 2020; x_wconf 86' lang='lat' dir='ltr'><strong>dux</strong></span> <span class='ocrx_word' id='word_1_619' title='bbox 1641 1991 1770 2019; x_wconf 85' lang='lat' dir='ltr'><strong>Joannes</strong></span> 
     </span>
    </p>
   </div>
   <div class='ocr_carea' id='block_1_90' title="bbox 939 2036 1770 2075">
    <p class='ocr_par' dir='ltr' id='par_1_90' title="bbox 939 2036 1770 2075">
     <span class='ocr_line' id='line_1_90' title="bbox 939 2036 1770 2075; baseline -0.005 -9"><span class='ocrx_word' id='word_1_620' title='bbox 939 2041 1082 2075; x_wconf 86' lang='lat' dir='ltr'><strong>Grapsou.</strong></span> <span class='ocrx_word' id='word_1_621' title='bbox 1095 2039 1206 2066; x_wconf 83' lang='lat' dir='ltr'><strong>Missus</strong></span> <span class='ocrx_word' id='word_1_622' title='bbox 1224 2039 1317 2066; x_wconf 85' lang='lat' dir='ltr'><strong>fuerat</strong></span> <span class='ocrx_word' id='word_1_623' title='bbox 1328 2037 1478 2066; x_wconf 82' lang='lat' dir='ltr'><strong>Romanus</strong></span> <span class='ocrx_word' id='word_1_624' title='bbox 1494 2037 1664 2072; x_wconf 85' lang='lat' dir='ltr'><strong>Lacapenus</strong></span> <span class='ocrx_word' id='word_1_625' title='bbox 1681 2036 1770 2072; x_wconf 86' lang='lat' dir='ltr'><strong>patri-</strong></span> 
     </span>
    </p>
   </div>
   <div class='ocr_carea' id='block_1_91' title="bbox 941 2081 1772 2118">
    <p class='ocr_par' dir='ltr' id='par_1_91' title="bbox 941 2081 1772 2118">
     <span class='ocr_line' id='line_1_91' title="bbox 941 2081 1772 2118; baseline -0.005 -7"><span class='ocrx_word' id='word_1_626' title='bbox 941 2084 1004 2111; x_wconf 87' lang='lat' dir='ltr'><strong>cius</strong></span> <span class='ocrx_word' id='word_1_627' title='bbox 1020 2083 1061 2111; x_wconf 88' lang='lat' dir='ltr'><strong>rei</strong></span> <span class='ocrx_word' id='word_1_628' title='bbox 1078 2082 1190 2111; x_wconf 86' lang='lat' dir='ltr'><strong>navalis</strong></span> <span class='ocrx_word' id='word_1_629' title='bbox 1202 2083 1392 2118; x_wconf 86' lang='lat' dir='ltr'><strong>drungarius,</strong></span> <span class='ocrx_word' id='word_1_630' title='bbox 1405 2091 1471 2110; x_wconf 87' lang='lat' dir='ltr'><strong>cum</strong></span> <span class='ocrx_word' id='word_1_631' title='bbox 1483 2084 1542 2110; x_wconf 88' lang='lat' dir='ltr'><strong>tota</strong></span> <span class='ocrx_word' id='word_1_632' title='bbox 1553 2081 1656 2113; x_wconf 87' lang='lat' dir='ltr'><strong>classe,</strong></span> <span class='ocrx_word' id='word_1_633' title='bbox 1666 2081 1772 2116; x_wconf 84' lang='lat' dir='ltr'><strong>jussus</strong></span> 
     </span>
    </p>
   </div>
   <div class='ocr_carea' id='block_1_92' title="bbox 940 2125 1771 2164">
    <p class='ocr_par' dir='ltr' id='par_1_92' title="bbox 940 2125 1771 2164">
     <span class='ocr_line' id='line_1_92' title="bbox 940 2125 1771 2164; baseline -0.005 -8"><span class='ocrx_word' id='word_1_634' title='bbox 940 2129 1023 2156; x_wconf 88' lang='lat' dir='ltr'><strong>littus</strong></span> <span class='ocrx_word' id='word_1_635' title='bbox 1035 2127 1130 2164; x_wconf 88' lang='lat' dir='ltr'><strong>legere</strong></span> <span class='ocrx_word' id='word_1_636' title='bbox 1138 2130 1166 2155; x_wconf 88' lang='lat' dir='ltr'><strong>et</strong></span> <span class='ocrx_word' id='word_1_637' title='bbox 1179 2128 1288 2156; x_wconf 87' lang='lat' dir='ltr'><strong>auxilio</strong></span> <span class='ocrx_word' id='word_1_638' title='bbox 1299 2135 1364 2155; x_wconf 86' lang='lat' dir='ltr'><strong>esse</strong></span> <span class='ocrx_word' id='word_1_639' title='bbox 1376 2127 1464 2155; x_wconf 89' lang='lat' dir='ltr'><strong>Leoni</strong></span> <span class='ocrx_word' id='word_1_640' title='bbox 1475 2129 1504 2155; x_wconf 88' lang='lat' dir='ltr'><strong>et</strong></span> <span class='ocrx_word' id='word_1_641' title='bbox 1516 2135 1532 2154; x_wconf 86' lang='lat' dir='ltr'><strong>a</strong></span> <span class='ocrx_word' id='word_1_642' title='bbox 1540 2127 1618 2162; x_wconf 80' lang='lat' dir='ltr'><strong>Boga</strong></span> <span class='ocrx_word' id='word_1_643' title='bbox 1628 2125 1771 2153; x_wconf 84' lang='lat' dir='ltr'><strong>adductos</strong></span> 
     </span>
    </p>
   </div>
   <div class='ocr_carea' id='block_1_93' title="bbox 941 2169 1771 2208">
    <p class='ocr_par' dir='ltr' id='par_1_93' title="bbox 941 2169 1771 2208">
     <span class='ocr_line' id='line_1_93' title="bbox 941 2169 1771 2208; baseline -0.006 -7"><span class='ocrx_word' id='word_1_644' title='bbox 941 2174 976 2201; x_wconf 86' lang='lat' dir='ltr'><strong>ad</strong></span> <span class='ocrx_word' id='word_1_645' title='bbox 991 2181 1076 2208; x_wconf 89' lang='lat' dir='ltr'><strong>opem</strong></span> <span class='ocrx_word' id='word_1_646' title='bbox 1094 2173 1234 2200; x_wconf 82' lang='lat' dir='ltr'><strong>Romanis</strong></span> <span class='ocrx_word' id='word_1_647' title='bbox 1259 2172 1408 2199; x_wconf 78' lang='lat' dir='ltr'><strong>ferendam</strong></span> <span class='ocrx_word' id='word_1_648' title='bbox 1429 2171 1600 2199; x_wconf 85' lang='lat' dir='ltr'><strong>Patzinacas</strong></span> <span class='ocrx_word' id='word_1_649' title='bbox 1615 2169 1688 2198; x_wconf 68' lang='lat'><strong>287</strong></span> <span class='ocrx_word' id='word_1_650' title='bbox 1708 2172 1771 2196; x_wconf 82' lang='lat' dir='ltr'><strong>tra-</strong></span> 
     </span>
    </p>
   </div>
   <div class='ocr_carea' id='block_1_94' title="bbox 937 2213 1770 2253">
    <p class='ocr_par' dir='ltr' id='par_1_94' title="bbox 937 2213 1770 2253">
     <span class='ocr_line' id='line_1_94' title="bbox 937 2213 1770 2253; baseline -0.006 -8"><span class='ocrx_word' id='word_1_651' title='bbox 937 2218 1039 2253; x_wconf 82' lang='lat' dir='ltr'><strong>jicere.</strong></span> <span class='ocrx_word' id='word_1_652' title='bbox 1052 2217 1082 2244; x_wconf 79' lang='lat' dir='ltr'><strong>Ei</strong></span> <span class='ocrx_word' id='word_1_653' title='bbox 1099 2225 1166 2244; x_wconf 91' lang='lat' dir='ltr'><strong>cum</strong></span> <span class='ocrx_word' id='word_1_654' title='bbox 1184 2217 1262 2252; x_wconf 84' lang='lat' dir='ltr'><strong>Bcga</strong></span> <span class='ocrx_word' id='word_1_655' title='bbox 1276 2216 1379 2244; x_wconf 90' lang='lat' dir='ltr'><strong>incidit</strong></span> <span class='ocrx_word' id='word_1_656' title='bbox 1394 2215 1556 2249; x_wconf 77' lang='lat' dir='ltr'><strong>contentio;</strong></span> <span class='ocrx_word' id='word_1_657' title='bbox 1573 2223 1660 2249; x_wconf 86' lang='lat' dir='ltr'><strong>quam</strong></span> <span class='ocrx_word' id='word_1_658' title='bbox 1673 2213 1770 2241; x_wconf 79' lang='lat' dir='ltr'><strong>anim-</strong></span> 
     </span>
    </p>
   </div>
   <div class='ocr_carea' id='block_1_95' title="bbox 61 2257 895 2298">
    <p class='ocr_par' dir='ltr' id='par_1_95' title="bbox 61 2257 886 2298">
     <span class='ocr_line' id='line_1_95' title="bbox 61 2257 886 2298; baseline -0.001 -10"><span class='ocrx_word' id='word_1_659' title='bbox 61 2261 186 2297; x_wconf 69' lang='grc' dir='ltr'>μέστικος</span> <span class='ocrx_word' id='word_1_660' title='bbox 209 2259 236 2288; x_wconf 85' lang='grc' dir='ltr'>ἐν</span> <span class='ocrx_word' id='word_1_661' title='bbox 263 2257 432 2298; x_wconf 74' lang='grc' dir='ltr'>Μεσημϐρίᾳ</span> <span class='ocrx_word' id='word_1_662' title='bbox 456 2258 573 2295; x_wconf 82' lang='grc' dir='ltr'>διεσώθη</span> <span class='ocrx_word' id='word_1_663' title='bbox 599 2261 702 2298; x_wconf 83' lang='grc' dir='ltr'>φυγών.</span> <span class='ocrx_word' id='word_1_664' title='bbox 732 2263 829 2288; x_wconf 81' lang='grc' dir='ltr'>Ἑπεσε</span> <span class='ocrx_word' id='word_1_665' title='bbox 857 2259 886 2288; x_wconf 72' lang='grc' dir='ltr'><strong>δὲ</strong></span> 
     </span>
    </p>
   </div>
   <div class='ocr_carea' id='block_1_96' title="bbox 968 2257 1769 2298">
    <p class='ocr_par' dir='ltr' id='par_1_96' title="bbox 968 2258 1769 2292">
     <span class='ocr_line' id='line_1_96' title="bbox 968 2258 1769 2292; baseline -0.006 -3"><span class='ocrx_word' id='word_1_666' title='bbox 968 2262 1124 2289; x_wconf 84' lang='lat' dir='ltr'><strong>[vertentes</strong></span> <span class='ocrx_word' id='word_1_667' title='bbox 1140 2261 1298 2289; x_wconf 75' lang='lat' dir='ltr'><strong>Patzinacaa</strong></span> <span class='ocrx_word' id='word_1_668' title='bbox 1314 2261 1435 2288; x_wconf 89' lang='lat' dir='ltr'><strong>domum</strong></span> <span class='ocrx_word' id='word_1_669' title='bbox 1461 2259 1623 2292; x_wconf 87' lang='lat' dir='ltr'><strong>redierunt,</strong></span> <span class='ocrx_word' id='word_1_670' title='bbox 1639 2258 1676 2286; x_wconf 84' lang='lat' dir='ltr'><strong>ad</strong></span> <span class='ocrx_word' id='word_1_671' title='bbox 1700 2258 1769 2285; x_wconf 73' lang='lat' dir='ltr'><strong>irri-</strong></span> 
     </span>
    </p>
   </div>
   <div class='ocr_carea' id='block_1_97' title="bbox 59 2303 895 2342">
    <p class='ocr_par' dir='ltr' id='par_1_97' title="bbox 59 2303 891 2341">
     <span class='ocr_line' id='line_1_97' title="bbox 59 2303 891 2341; baseline 0.001 -9"><span class='ocrx_word' id='word_1_672' title='bbox 59 2306 122 2338; x_wconf 74' lang='grc' dir='ltr'><strong>Αιὸς</strong></span> <span class='ocrx_word' id='word_1_673' title='bbox 138 2305 171 2333; x_wconf 77' lang='grc' dir='ltr'>οὐ</span> <span class='ocrx_word' id='word_1_674' title='bbox 198 2307 254 2333; x_wconf 81' lang='grc' dir='ltr'><strong>τῶν</strong></span> <span class='ocrx_word' id='word_1_675' title='bbox 283 2307 381 2333; x_wconf 77' lang='grc' dir='ltr'>κοινῶν</span> <span class='ocrx_word' id='word_1_676' title='bbox 410 2306 594 2341; x_wconf 81' lang='grc' dir='ltr'>στρατιωτῶν,</span> <span class='ocrx_word' id='word_1_677' title='bbox 619 2303 692 2332; x_wconf 81' lang='grc' dir='ltr'><strong>ἀλλά</strong></span> <span class='ocrx_word' id='word_1_678' title='bbox 717 2306 762 2333; x_wconf 76' lang='grc' dir='ltr'>καὶ</span> <span class='ocrx_word' id='word_1_679' title='bbox 792 2316 891 2337; x_wconf 83' lang='grc' dir='ltr'>στρατ-</span> 
     </span>
    </p>
   </div>
   <div class='ocr_carea' id='block_1_98' title="bbox 968 2303 1530 2342">
    <p class='ocr_par' dir='ltr' id='par_1_98' title="bbox 968 2304 1530 2342">
     <span class='ocr_line' id='line_1_98' title="bbox 968 2304 1530 2342; baseline -0.005 -8"><span class='ocrx_word' id='word_1_680' title='bbox 968 2314 1068 2342; x_wconf 81' lang='lat' dir='ltr'><strong>imque</strong></span> <span class='ocrx_word' id='word_1_681' title='bbox 1081 2314 1182 2333; x_wconf 87' lang='lat' dir='ltr'><strong>eorum</strong></span> <span class='ocrx_word' id='word_1_682' title='bbox 1199 2305 1365 2333; x_wconf 86' lang='lat' dir='ltr'><strong>reciderunt</strong></span> <span class='ocrx_word' id='word_1_683' title='bbox 1380 2304 1530 2340; x_wconf 67' lang='lat' dir='ltr'><strong>suppetias.</strong></span> 
     </span>
    </p>
   </div>
   <div class='ocr_carea' id='block_1_99' title="bbox 59 2343 1769 2390">
    <p class='ocr_par' dir='ltr' id='par_1_99' title="bbox 59 2343 1769 2390">
     <span class='ocr_line' id='line_1_99' title="bbox 59 2343 1769 2390; baseline -0.002 -13"><span class='ocrx_word' id='word_1_684' title='bbox 59 2351 121 2387; x_wconf 68' lang='grc' dir='ltr'>ῃγοὶ</span> <span class='ocrx_word' id='word_1_685' title='bbox 153 2349 199 2377; x_wconf 83' lang='grc' dir='ltr'><strong>καὶ</strong></span> <span class='ocrx_word' id='word_1_686' title='bbox 227 2349 421 2388; x_wconf 82' lang='grc' dir='ltr'>ταγματάρχαι</span> <span class='ocrx_word' id='word_1_687' title='bbox 451 2350 569 2387; x_wconf 81' lang='grc' dir='ltr'>ἀριθμοῦ</span> <span class='ocrx_word' id='word_1_688' title='bbox 604 2349 753 2387; x_wconf 80' lang='grc' dir='ltr'>κρείττους.</span> <span class='ocrx_word' id='word_1_689' title='bbox 789 2350 910 2390; x_wconf 72' lang='grc' dir='ltr'>Ἐσφάγη</span> <span class='ocrx_word' id='word_1_690' title='bbox 940 2350 970 2377; x_wconf 70' lang='grc' dir='ltr'><strong>δὲ</strong></span> <span class='ocrx_word' id='word_1_691' title='bbox 998 2349 1042 2377; x_wconf 86' lang='grc' dir='ltr'><strong>καὶ</strong></span> <span class='ocrx_word' id='word_1_692' title='bbox 1071 2351 1272 2380; x_wconf 85' lang='grc' dir='ltr'>Κωνσταντῖνος</span> <span class='ocrx_word' id='word_1_693' title='bbox 1302 2350 1316 2377; x_wconf 85' lang='grc' dir='ltr'><strong>ὁ</strong></span> <span class='ocrx_word' id='word_1_694' title='bbox 1342 2348 1398 2385; x_wconf 79' lang='grc' dir='ltr'>Λὶψ</span> <span class='ocrx_word' id='word_1_695' title='bbox 1430 2348 1475 2375; x_wconf 82' lang='grc' dir='ltr'><strong>καὶ</strong></span> <span class='ocrx_word' id='word_1_696' title='bbox 1493 2348 1576 2375; x_wconf 82' lang='grc' dir='ltr'>ὁτῶν</span> <span class='ocrx_word' id='word_1_697' title='bbox 1607 2343 1769 2384; x_wconf 71' lang='grc' dir='ltr'>ἐξκουϐίτων</span> 
     </span>
    </p>
   </div>
   <div class='ocr_carea' id='block_1_100' title="bbox 60 2391 1773 2432">
    <p class='ocr_par' dir='ltr' id='par_1_100' title="bbox 60 2391 1773 2432">
     <span class='ocr_line' id='line_1_100' title="bbox 60 2391 1773 2432; baseline -0.002 -12"><span class='ocrx_word' id='word_1_698' title='bbox 60 2392 175 2432; x_wconf 76' lang='grc' dir='ltr'>ἶξαρχος</span> <span class='ocrx_word' id='word_1_699' title='bbox 219 2395 347 2429; x_wconf 70' lang='grc' dir='ltr'>Ἰωάννης</span> <span class='ocrx_word' id='word_1_700' title='bbox 387 2396 535 2432; x_wconf 79' lang='grc' dir='ltr'>μάγιοτρος</span> <span class='ocrx_word' id='word_1_701' title='bbox 574 2394 588 2420; x_wconf 82' lang='grc' dir='ltr'><strong>ὸ</strong></span> <span class='ocrx_word' id='word_1_702' title='bbox 624 2395 749 2431; x_wconf 76' lang='grc' dir='ltr'>Γράψων.</span> <span class='ocrx_word' id='word_1_703' title='bbox 788 2395 838 2422; x_wconf 82' lang='grc' dir='ltr'>Ἦν</span> <span class='ocrx_word' id='word_1_704' title='bbox 874 2394 903 2422; x_wconf 72' lang='grc' dir='ltr'><strong>δὲ</strong></span> <span class='ocrx_word' id='word_1_705' title='bbox 938 2392 1105 2425; x_wconf 82' lang='grc' dir='ltr'>ἀποσταλεὶς</span> <span class='ocrx_word' id='word_1_706' title='bbox 1147 2395 1160 2421; x_wconf 92' lang='grc' dir='ltr'>ὁ</span> <span class='ocrx_word' id='word_1_707' title='bbox 1198 2393 1341 2431; x_wconf 86' lang='grc' dir='ltr'>πατρίκιος</span> <span class='ocrx_word' id='word_1_708' title='bbox 1380 2392 1519 2429; x_wconf 83' lang='grc' dir='ltr'>Ῥωμανὸς</span> <span class='ocrx_word' id='word_1_709' title='bbox 1555 2392 1569 2419; x_wconf 86' lang='grc' dir='ltr'>ὁ</span> <span class='ocrx_word' id='word_1_710' title='bbox 1608 2391 1773 2425; x_wconf 84' lang='grc' dir='ltr'>Λακαπηνὸς</span> 
     </span>
    </p>
   </div>
   <div class='ocr_carea' id='block_1_101' title="bbox 63 2435 1770 2476">
    <p class='ocr_par' dir='ltr' id='par_1_101' title="bbox 63 2435 1770 2476">
     <span class='ocr_line' id='line_1_101' title="bbox 63 2435 1770 2476; baseline -0.002 -10"><span class='ocrx_word' id='word_1_711' title='bbox 63 2437 244 2476; x_wconf 76' lang='grc' dir='ltr'>δρουγγάριος</span> <span class='ocrx_word' id='word_1_712' title='bbox 271 2441 419 2474; x_wconf 73' lang='grc' dir='ltr'>τηνικαῦτα</span> <span class='ocrx_word' id='word_1_713' title='bbox 445 2440 499 2466; x_wconf 80' lang='grc' dir='ltr'><strong>τῶν</strong></span> <span class='ocrx_word' id='word_1_714' title='bbox 526 2437 662 2476; x_wconf 77' lang='grc' dir='ltr'>πλωΐμῶν</span> <span class='ocrx_word' id='word_1_715' title='bbox 693 2437 740 2473; x_wconf 79' lang='grc' dir='ltr'><strong>ὣν,</strong></span> <span class='ocrx_word' id='word_1_716' title='bbox 772 2439 840 2476; x_wconf 83' lang='grc' dir='ltr'>μετὰ</span> <span class='ocrx_word' id='word_1_717' title='bbox 867 2439 967 2470; x_wconf 85' lang='grc' dir='ltr'>παντὸς</span> <span class='ocrx_word' id='word_1_718' title='bbox 996 2441 1045 2466; x_wconf 80' lang='grc' dir='ltr'>τοῦ</span> <span class='ocrx_word' id='word_1_719' title='bbox 1073 2437 1173 2466; x_wconf 81' lang='grc' dir='ltr'>στόλου</span> <span class='ocrx_word' id='word_1_720' title='bbox 1212 2437 1364 2476; x_wconf 80' lang='grc' dir='ltr'>παραπλεῖν</span> <span class='ocrx_word' id='word_1_721' title='bbox 1393 2439 1451 2468; x_wconf 85' lang='grc' dir='ltr'>τοῖς</span> <span class='ocrx_word' id='word_1_722' title='bbox 1488 2435 1623 2474; x_wconf 80' lang='grc' dir='ltr'>αἲγιαλοῖς</span> <span class='ocrx_word' id='word_1_723' title='bbox 1652 2445 1770 2474; x_wconf 83' lang='grc' dir='ltr'>προστα-</span> 
     </span>
    </p>
   </div>
   <div class='ocr_carea' id='block_1_102' title="bbox 59 2480 1775 2522">
    <p class='ocr_par' dir='ltr' id='par_1_102' title="bbox 59 2480 1775 2522">
     <span class='ocr_line' id='line_1_102' title="bbox 59 2480 1775 2522; baseline -0.002 -12"><span class='ocrx_word' id='word_1_724' title='bbox 59 2483 135 2522; x_wconf 74' lang='grc' dir='ltr'>χθεὶς</span> <span class='ocrx_word' id='word_1_725' title='bbox 166 2483 211 2510; x_wconf 74' lang='grc' dir='ltr'>καὶ</span> <span class='ocrx_word' id='word_1_726' title='bbox 242 2482 280 2514; x_wconf 73' lang='grc' dir='ltr'>εἲς</span> <span class='ocrx_word' id='word_1_727' title='bbox 313 2484 440 2520; x_wconf 78' lang='grc' dir='ltr'>βοήθειαν</span> <span class='ocrx_word' id='word_1_728' title='bbox 468 2483 610 2521; x_wconf 76' lang='grc' dir='ltr'>τυγχάνειν</span> <span class='ocrx_word' id='word_1_729' title='bbox 640 2485 679 2519; x_wconf 85' lang='grc' dir='ltr'>τῷ</span> <span class='ocrx_word' id='word_1_730' title='bbox 709 2484 816 2518; x_wconf 69' lang='grc' dir='ltr'>Λέοντι,</span> <span class='ocrx_word' id='word_1_731' title='bbox 847 2483 1006 2521; x_wconf 77' lang='grc' dir='ltr'>διαπερᾶσαι</span> <span class='ocrx_word' id='word_1_732' title='bbox 1035 2481 1064 2510; x_wconf 72' lang='grc' dir='ltr'><strong>δὲ</strong></span> <span class='ocrx_word' id='word_1_733' title='bbox 1089 2482 1134 2510; x_wconf 87' lang='grc' dir='ltr'><strong>καὶ</strong></span> <span class='ocrx_word' id='word_1_734' title='bbox 1162 2482 1225 2514; x_wconf 80' lang='grc' dir='ltr'>τοὺς</span> <span class='ocrx_word' id='word_1_735' title='bbox 1250 2482 1324 2519; x_wconf 81' lang='grc' dir='ltr'>παρὰ</span> <span class='ocrx_word' id='word_1_736' title='bbox 1351 2484 1399 2510; x_wconf 76' lang='grc' dir='ltr'>τοῦ</span> <span class='ocrx_word' id='word_1_737' title='bbox 1425 2483 1498 2519; x_wconf 87' lang='grc' dir='ltr'><strong>Βογᾶ</strong></span> <span class='ocrx_word' id='word_1_738' title='bbox 1521 2480 1652 2519; x_wconf 69' lang='grc' dir='ltr'>ἀχθέντας</span> <span class='ocrx_word' id='word_1_739' title='bbox 1677 2482 1775 2514; x_wconf 82' lang='grc' dir='ltr'>ῙΙατζι-</span> 
     </span>
    </p>
   </div>
   <div class='ocr_carea' id='block_1_103' title="bbox 58 2523 1768 2565">
    <p class='ocr_par' dir='ltr' id='par_1_103' title="bbox 58 2523 1768 2565">
     <span class='ocr_line' id='line_1_103' title="bbox 58 2523 1768 2565; baseline -0.002 -10"><span class='ocrx_word' id='word_1_740' title='bbox 58 2529 157 2558; x_wconf 66' lang='grc' dir='ltr'>νάκους</span> <span class='ocrx_word' id='word_1_741' title='bbox 187 2527 226 2558; x_wconf 82' lang='grc' dir='ltr'>εἷς</span> <span class='ocrx_word' id='word_1_742' title='bbox 255 2528 415 2565; x_wconf 66' lang='grc' dir='ltr'>συμμαχίαν</span> <span class='ocrx_word' id='word_1_743' title='bbox 445 2527 600 2564; x_wconf 83' lang='grc' dir='ltr'>Ῥωμαίων.</span> <span class='ocrx_word' id='word_1_744' title='bbox 631 2527 771 2564; x_wconf 81' lang='grc' dir='ltr'>Διενέξεως</span> <span class='ocrx_word' id='word_1_745' title='bbox 803 2527 832 2556; x_wconf 74' lang='grc' dir='ltr'><strong>δὲ</strong></span> <span class='ocrx_word' id='word_1_746' title='bbox 859 2528 1008 2565; x_wconf 75' lang='grc' dir='ltr'>γενομένης</span> <span class='ocrx_word' id='word_1_747' title='bbox 1037 2527 1117 2564; x_wconf 71' lang='grc' dir='ltr'>μέσον</span> <span class='ocrx_word' id='word_1_748' title='bbox 1146 2529 1195 2555; x_wconf 77' lang='grc' dir='ltr'>τοῦ</span> <span class='ocrx_word' id='word_1_749' title='bbox 1224 2528 1365 2563; x_wconf 82' lang='grc' dir='ltr'>Ῥωμανοῦ</span> <span class='ocrx_word' id='word_1_750' title='bbox 1391 2526 1435 2553; x_wconf 81' lang='grc' dir='ltr'><strong>καὶ</strong></span> <span class='ocrx_word' id='word_1_751' title='bbox 1465 2527 1513 2553; x_wconf 76' lang='grc' dir='ltr'>τοῦ</span> <span class='ocrx_word' id='word_1_752' title='bbox 1541 2526 1634 2563; x_wconf 82' lang='grc' dir='ltr'><strong>Βογᾶ,</strong></span> <span class='ocrx_word' id='word_1_753' title='bbox 1664 2523 1768 2554; x_wconf 74' lang='grc' dir='ltr'>ἰδόντες</span> 
     </span>
    </p>
   </div>
   <div class='ocr_carea' id='block_1_104' title="bbox 63 2568 1774 2610">
    <p class='ocr_par' dir='ltr' id='par_1_104' title="bbox 63 2568 1774 2610">
     <span class='ocr_line' id='line_1_104' title="bbox 63 2568 1774 2610; baseline -0.002 -11"><span class='ocrx_word' id='word_1_754' title='bbox 63 2571 161 2602; x_wconf 78' lang='grc' dir='ltr'>αὐτοὺς</span> <span class='ocrx_word' id='word_1_755' title='bbox 178 2571 204 2598; x_wconf 81' lang='grc' dir='ltr'>οἱ</span> <span class='ocrx_word' id='word_1_756' title='bbox 220 2572 387 2606; x_wconf 81' lang='grc' dir='ltr'>Ηατζινάκαι</span> <span class='ocrx_word' id='word_1_757' title='bbox 403 2572 591 2606; x_wconf 84' lang='grc' dir='ltr'>στασιάζοντας</span> <span class='ocrx_word' id='word_1_758' title='bbox 606 2572 674 2609; x_wconf 80' lang='grc' dir='ltr'>πρὸς</span> <span class='ocrx_word' id='word_1_759' title='bbox 688 2571 832 2607; x_wconf 76' lang='grc' dir='ltr'>ἀλλήλους</span> <span class='ocrx_word' id='word_1_760' title='bbox 848 2572 1014 2610; x_wconf 75' lang='grc' dir='ltr'>ὑπέστρεψαν</span> <span class='ocrx_word' id='word_1_761' title='bbox 1036 2571 1074 2602; x_wconf 79' lang='grc' dir='ltr'><strong>εἷς</strong></span> <span class='ocrx_word' id='word_1_762' title='bbox 1097 2571 1131 2599; x_wconf 83' lang='grc' dir='ltr'><strong>τὰ</strong></span> <span class='ocrx_word' id='word_1_763' title='bbox 1151 2569 1220 2606; x_wconf 64' lang='grc' dir='ltr'>ἴδια,</span> <span class='ocrx_word' id='word_1_764' title='bbox 1245 2570 1290 2598; x_wconf 87' lang='grc' dir='ltr'><strong>καὶ</strong></span> <span class='ocrx_word' id='word_1_765' title='bbox 1314 2570 1423 2608; x_wconf 70' lang='grc' dir='ltr'>γέγονεν</span> <span class='ocrx_word' id='word_1_766' title='bbox 1446 2571 1463 2605; x_wconf 86' lang='grc' dir='ltr'>ὴ</span> <span class='ocrx_word' id='word_1_767' title='bbox 1489 2569 1514 2606; x_wconf 62' lang='grc' dir='ltr'><strong>ἐξ</strong></span> <span class='ocrx_word' id='word_1_768' title='bbox 1539 2569 1628 2597; x_wconf 80' lang='grc' dir='ltr'>αὐτῶν</span> <span class='ocrx_word' id='word_1_769' title='bbox 1659 2568 1774 2606; x_wconf 76' lang='grc' dir='ltr'>βοήθεια</span> 
     </span>
    </p>
   </div>
   <div class='ocr_carea' id='block_1_105' title="bbox 64 2614 422 2654">
    <p class='ocr_par' dir='ltr' id='par_1_105' title="bbox 64 2614 422 2654">
     <span class='ocr_line' id='line_1_105' title="bbox 64 2614 422 2654; baseline 0.003 -10"><span class='ocrx_word' id='word_1_770' title='bbox 64 2614 203 2654; x_wconf 69' lang='grc' dir='ltr'>ἄπρακτος</span> <span class='ocrx_word' id='word_1_771' title='bbox 220 2616 265 2644; x_wconf 86' lang='grc' dir='ltr'><strong>καὶ</strong></span> <span class='ocrx_word' id='word_1_772' title='bbox 281 2616 298 2644; x_wconf 78' lang='grc' dir='ltr'><strong>ἆ</strong></span> <span class='ocrx_word' id='word_1_773' title='bbox 304 2616 422 2652; x_wconf 69' lang='grc' dir='ltr'>ιόνητος.</span> 
     </span>
    </p>
   </div>
   <div class='ocr_carea' id='block_1_106' title="bbox 661 2682 1172 2712">
    <p class='ocr_par' dir='ltr' id='par_1_106' title="bbox 661 2682 1172 2712">
     <span class='ocr_line' id='line_1_106' title="bbox 661 2682 1172 2712; baseline -0.002 -1"><span class='ocrx_word' id='word_1_774' title='bbox 661 2683 844 2712; x_wconf 78' lang='lat' dir='ltr'><strong>XYLANDBI</strong></span> <span class='ocrx_word' id='word_1_775' title='bbox 864 2683 909 2711; x_wconf 91' lang='lat' dir='ltr'><strong>ET</strong></span> <span class='ocrx_word' id='word_1_776' title='bbox 929 2682 1037 2711; x_wconf 85' lang='lat' dir='ltr'><strong>GOARI</strong></span> <span class='ocrx_word' id='word_1_777' title='bbox 1057 2682 1172 2710; x_wconf 68' lang='grc' dir='ltr'><strong>ΝΟΤᾸΞ.</strong></span> 
     </span>
    </p>
   </div>
   <div class='ocr_carea' id='block_1_107' title="bbox 951 2736 1712 2777">
    <p class='ocr_par' dir='ltr' id='par_1_107' title="bbox 951 2736 1712 2777">
     <span class='ocr_line' id='line_1_107' title="bbox 951 2736 1712 2777; baseline -0.007 -7"><span class='ocrx_word' id='word_1_778' title='bbox 951 2741 1105 2777; x_wconf 59' lang='lat' dir='ltr'><strong>praefectus</strong></span> <span class='ocrx_word' id='word_1_779' title='bbox 1121 2743 1184 2769; x_wconf 86' lang='lat' dir='ltr'><strong>erat</strong></span> <span class='ocrx_word' id='word_1_780' title='bbox 1197 2740 1382 2777; x_wconf 83' lang='grc' dir='ltr'>πρωτοπαπᾶς</span> <span class='ocrx_word' id='word_1_781' title='bbox 1397 2740 1446 2766; x_wconf 78' lang='grc' dir='ltr'><strong>τοῦ</strong></span> <span class='ocrx_word' id='word_1_782' title='bbox 1461 2736 1712 2777; x_wconf 24' lang='grc' dir='ltr'>παλαι-τίουᾎίὲοᾼῐι.</span> 
     </span>
    </p>
   </div>
   <div class='ocr_carea' id='block_1_108' title="bbox 986 2774 1777 2813">
    <p class='ocr_par' dir='ltr' id='par_1_108' title="bbox 986 2774 1777 2813">
     <span class='ocr_line' id='line_1_108' title="bbox 986 2774 1777 2813; baseline -0.008 -8"><span class='ocrx_word' id='word_1_783' title='bbox 986 2778 1043 2813; x_wconf 84' lang='grc'><strong>(56)</strong></span> <span class='ocrx_word' id='word_1_784' title='bbox 1058 2777 1191 2813; x_wconf 84' lang='lat' dir='ltr'><strong>Agminis</strong></span> <span class='ocrx_word' id='word_1_785' title='bbox 1206 2774 1247 2804; x_wconf 80' lang='lat' dir='ltr'><strong>ita</strong></span> <span class='ocrx_word' id='word_1_786' title='bbox 1257 2776 1338 2813; x_wconf 75' lang='lat' dir='ltr'><strong>dicti.</strong></span> <span class='ocrx_word' id='word_1_787' title='bbox 1349 2777 1457 2803; x_wconf 86' lang='lat' dir='ltr'><strong>Auctor</strong></span> <span class='ocrx_word' id='word_1_788' title='bbox 1470 2775 1547 2803; x_wconf 83' lang='lat' dir='ltr'><strong>infra</strong></span> <span class='ocrx_word' id='word_1_789' title='bbox 1557 2784 1563 2803; x_wconf 93' lang='lat'>:</span> <span class='ocrx_word' id='word_1_790' title='bbox 1573 2775 1625 2801; x_wconf 83' lang='grc' dir='ltr'>Τοῦ</span> <span class='ocrx_word' id='word_1_791' title='bbox 1638 2774 1777 2810; x_wconf 81' lang='grc' dir='ltr'>τάγματος</span> 
     </span>
    </p>
   </div>
   <div class='ocr_carea' id='block_1_109' title="bbox 953 2811 1383 2851">
    <p class='ocr_par' dir='ltr' id='par_1_109' title="bbox 953 2811 1383 2851">
     <span class='ocr_line' id='line_1_109' title="bbox 953 2811 1383 2851; baseline 0 -11"><span class='ocrx_word' id='word_1_792' title='bbox 953 2811 1047 2851; x_wconf 75' lang='grc' dir='ltr'>ἅρχων</span> <span class='ocrx_word' id='word_1_793' title='bbox 1061 2811 1114 2840; x_wconf 72' lang='grc' dir='ltr'><strong>τῶν</strong></span> <span class='ocrx_word' id='word_1_794' title='bbox 1132 2812 1277 2840; x_wconf 79' lang='grc' dir='ltr'>ἱκανάτων.</span> <span class='ocrx_word' id='word_1_795' title='bbox 1293 2811 1383 2841; x_wconf 61' lang='grc' dir='ltr'><strong>(ἆοΛιὶ.</strong></span> 
     </span>
    </p>
   </div>
   <div class='ocr_carea' id='block_1_110' title="bbox 98 2741 895 2779">
    <p class='ocr_par' dir='ltr' id='par_1_110' title="bbox 98 2741 895 2779">
     <span class='ocr_line' id='line_1_110' title="bbox 98 2741 895 2779; baseline 0.001 -10"><span class='ocrx_word' id='word_1_796' title='bbox 98 2742 158 2778; x_wconf 85' lang='grc'><strong>(55)</strong></span> <span class='ocrx_word' id='word_1_797' title='bbox 169 2742 308 2779; x_wconf 74' lang='lat' dir='ltr'><strong>Habebat</strong></span> <span class='ocrx_word' id='word_1_798' title='bbox 329 2742 490 2779; x_wconf 81' lang='lat' dir='ltr'><strong>imperator</strong></span> <span class='ocrx_word' id='word_1_799' title='bbox 505 2741 616 2779; x_wconf 78' lang='lat' dir='ltr'><strong>clerum</strong></span> <span class='ocrx_word' id='word_1_800' title='bbox 633 2742 783 2778; x_wconf 88' lang='lat' dir='ltr'><strong>proprium</strong></span> <span class='ocrx_word' id='word_1_801' title='bbox 799 2742 828 2770; x_wconf 90' lang='lat' dir='ltr'><strong>in</strong></span> <span class='ocrx_word' id='word_1_802' title='bbox 844 2750 895 2779; x_wconf 80' lang='lat' dir='ltr'><strong>pa-</strong></span> 
     </span>
    </p>
   </div>
   <div class='ocr_carea' id='block_1_111' title="bbox 65 2777 897 2815">
    <p class='ocr_par' dir='ltr' id='par_1_111' title="bbox 65 2777 897 2815">
     <span class='ocr_line' id='line_1_111' title="bbox 65 2777 897 2815; baseline 0.001 -10"><span class='ocrx_word' id='word_1_803' title='bbox 65 2777 149 2815; x_wconf 77' lang='lat' dir='ltr'><strong>latio,</strong></span> <span class='ocrx_word' id='word_1_804' title='bbox 166 2778 197 2806; x_wconf 89' lang='lat' dir='ltr'><strong>in</strong></span> <span class='ocrx_word' id='word_1_805' title='bbox 214 2787 272 2814; x_wconf 89' lang='lat' dir='ltr'><strong>quo</strong></span> <span class='ocrx_word' id='word_1_806' title='bbox 286 2777 383 2806; x_wconf 31' lang='lat' dir='ltr'><strong>varisa’</strong></span> <span class='ocrx_word' id='word_1_807' title='bbox 394 2777 642 2815; x_wconf 56' lang='lat' dir='ltr'><strong>erantecclesiaa,</strong></span> <span class='ocrx_word' id='word_1_808' title='bbox 653 2777 729 2806; x_wconf 41' lang='lat' dir='ltr'><strong>ut&#39;S.</strong></span> <span class='ocrx_word' id='word_1_809' title='bbox 742 2777 897 2815; x_wconf 62' lang='lat' dir='ltr'><strong>Stephani,</strong></span> 
     </span>
    </p>
   </div>
   <div class='ocr_carea' id='block_1_112' title="bbox 67 2813 898 2848">
    <p class='ocr_par' dir='ltr' id='par_1_112' title="bbox 67 2813 898 2848">
     <span class='ocr_line' id='line_1_112' title="bbox 67 2813 898 2848; baseline 0.001 -7"><span class='ocrx_word' id='word_1_810' title='bbox 67 2813 180 2842; x_wconf 87' lang='lat' dir='ltr'><strong>ducum</strong></span> <span class='ocrx_word' id='word_1_811' title='bbox 205 2813 382 2848; x_wconf 75' lang='lat' dir='ltr'><strong>cinlestium,</strong></span> <span class='ocrx_word' id='word_1_812' title='bbox 398 2813 494 2842; x_wconf 68' lang='lat' dir='ltr'><strong>Elisai</strong></span> <span class='ocrx_word' id='word_1_813' title='bbox 518 2816 546 2842; x_wconf 88' lang='lat' dir='ltr'><strong>et</strong></span> <span class='ocrx_word' id='word_1_814' title='bbox 566 2814 689 2842; x_wconf 86' lang='lat' dir='ltr'><strong>aliorum</strong></span> <span class='ocrx_word' id='word_1_815' title='bbox 703 2826 709 2848; x_wconf 85' lang='lat'>;</span> <span class='ocrx_word' id='word_1_816' title='bbox 724 2813 804 2842; x_wconf 36' lang='lat' dir='ltr'><strong>cleri‘</strong></span> <span class='ocrx_word' id='word_1_817' title='bbox 817 2813 898 2842; x_wconf 86' lang='lat' dir='ltr'><strong>illius</strong></span> 
     </span>
    </p>
   </div>
  </div>
