1936 3048
96 136 138 166 Si
667 136 853 168 HISTORIA
859 135 943 167 HUM
964 134 1122 166 COMPEN
1128 134 1238 166 DIUM.
1764 137 1804 167 υ

96 199 166 229 ὄντα
181 200 279 229 δοῦλον
293 202 338 229 καὶ
353 202 388 229 τὰ
402 201 484 230 αὐτοῦ
499 204 650 240 φρονοῦντα
666 201 710 230 διὰ
725 202 837 237 παντὸς,
855 213 860 228 ι

1045 200 1184 237 postulet,
1200 200 1383 228 defensorem
1401 208 1408 228 :
1423 208 1492 228 eum
1517 200 1626 236 quippe
1650 203 1803 237 paternum

96 249 215 274 συνεῖναι
248 246 293 274 καὶ
333 245 522 285 διαφυλάττειν
551 247 641 283 αὑτὸν,
672 249 712 283 [Ρ.
736 248 800 283 615]
828 245 873 273 καὶ
902 245 925 272 εἶ

97 290 202 326 δεήσει,
221 292 368 329 σύμμαχον
396 289 468 329 ἔχειν
497 291 542 319 καὶ
572 292 683 330 βοηθόν.
707 290 850 328 Ἐντυχίας
879 289 924 317 οὖν

96 338 209 373 πρῶτον
225 336 287 374 περὶ
302 337 400 364 τούτου
411 337 559 374 γενομένης
586 337 600 364 ὁ
625 337 763 372 Ῥωμανὸς
780 335 923 368 ἀπείπατο,

96 381 145 408 καὶ
173 380 257 408 πάλιν
279 381 322 408 καὶ
348 380 485 412 πολλάκις
501 381 696 418 πιιρασθὲντων
712 383 765 408 τῶν
779 380 848 418 ἀμφὶ
877 380 923 407 τὸν

95 423 250 462 Θεόδωρον,
267 424 410 453 ἀπείπατο.
435 425 510 454 Ἐπεὶ
537 424 565 452 δὲ
594 425 767 463 γραμμάτιον
795 424 924 461 αὐτόχει-

94 479 145 506 ρον
168 469 289 507 χαράξας
311 470 326 497 ὸ
353 469 481 507 βασιλεὺς
510 470 553 497 καὶ
584 473 718 509 φοινικοῖς
745 468 923 505 ὑποσημάνας

92 514 256 551 γράμμασιν
273 513 429 542 ἀπέστειλεν
446 514 521 548 αὐτὸ,
539 514 590 550 εἶξε
604 525 633 542 τε
649 514 693 542 ἰπὶ
723 517 819 552 χεῖρας
842 516 922 541 τοῦτο

93 556 200 594 λαϐὼν,
229 558 275 586 καὶ
303 559 490 596 καθυπέσχετο
516 559 564 593 τήν
593 561 642 586 τοῦ
671 558 922 595 παρακοιμωμένου

92 603 297 630 Κωνιπαντίνου
323 604 367 631 καὶ
410 606 463 630 τῶν
507 606 642 641 συγγενῶν
685 603 766 631 αὐτοῦ
802 602 920 635 ὖπίθεσιν

91 650 218 675 κωΛῦσαι
234 648 301 676 κατὰ
326 649 357 675 τὸ
382 647 587 686 ἐγχωροῦν.Τὰ
617 649 663 684 μὶν
691 647 736 676 οὖν
766 647 922 682 λαληθέντα

90 693 139 719 καὶ
171 693 350 730 ποιχηθὲντα
379 692 450 720 οὕτω
476 690 591 730 προέϐη,
608 693 653 720 καὶ
678 691 723 720 διὰ
744 694 793 726 τῆς
822 693 920 730 ἀγορᾶς

89 737 139 764 καὶ
154 740 208 764 τῶν
229 737 376 776 λεωφόρων
391 738 436 764 καὶ
450 739 504 764 τῶν
534 740 677 764 στενωπῶν
702 737 919 775 ὑπεψιθυρίζετο”

90 782 105 808 ὁ
129 780 159 809 δὶ
173 782 433 819 παρηοιμὼμενος,
450 781 545 817 καίπερ
575 782 625 809 οὐκ
653 782 768 817 ἀνήκοος
797 781 833 808 ὢν
866 784 920 808 τῶν

90 829 153 853 κατ’
182 826 264 853 αὐτοῦ
292 825 499 863 μελετωμένων,
526 827 694 863 κατεφρόνει,
727 827 764 862 μὴ
797 825 825 853 ἄν
853 836 920 853 ποτε

88 870 198 905 οἰηθεὶς
213 870 352 906 τολμῆσαί
367 881 427 898 τινα
450 870 623 908 ἐπιχείρησιν
653 871 711 898 κατ’
726 870 808 898 αὐτοῦ
836 871 918 905 ποιή-

87 915 186 942 σασθαι
217 914 348 950 Ἐξελθὼν
388 914 434 942 οὖν
472 915 518 942 καὶ
550 915 600 949 τήν
638 916 739 950 συνήθη
778 914 910 950 διανομὴν

85 963 140 994 τῆς
172 959 255 997 ρόγας
280 960 466 995 ποιησάμενος
490 962 543 986 τῶν
560 959 709 996 πλωλίμων,
725 960 768 986 καὶ
783 960 829 986 τὸν
843 960 912 986 Ῥω-

88 1004 175 1040 μανὸν
215 1002 385 1032 ἐπισπεύδων
423 1005 520 1041 τάχιον
564 1003 729 1038 ὶκπλεῡσαι,
756 1004 912 1041 περιπίπτει

84 1051 126 1084 τῷ
149 1048 240 1086 λόχῳ.
258 1048 384 1085 Δουλικῷ
411 1049 461 1086 γὰρ
489 1048 515 1076 ἐν
540 1050 663 1086 σχήματι
684 1050 912 1086 προσυπαντήσας

85 1094 99 1120 ὁ
131 1093 273 1130 Ῥωμανὸς
296 1093 380 1129 αὐτῷ,
402 1094 446 1120 καὶ
475 1094 624 1130 προθύμως
654 1094 778 1129 ποιήσειν
811 1094 843 1121 τὸ
870 1104 912 1120 κε-

85 1137 199 1165 λευσθὲν
231 1137 481 1176 ἐπαγγελλόμενος,
509 1138 599 1176 ἠρέμα
633 1138 677 1165 καὶ
717 1138 784 1165 κατὰ
814 1138 909 1175 μικρὸν

83 1182 148 1220 ἦγεν
181 1183 260 1210 αὐτὸν
288 1183 327 1214 εἰς
354 1183 403 1217 τήν
434 1181 552 1220 ἐνέδραν.
571 1182 662 1218 Μηδὲν
687 1182 714 1210 δὲ
739 1183 910 1215 ἐπαισθὲσθαι

83 1229 137 1254 τῶν
164 1226 362 1264 μελετωμένων
386 1229 434 1255 τοῦ
463 1228 710 1265 παρακοιμωμὲνου
740 1226 910 1262 δυνηθέντος,

83 1270 148 1299 ἀλλ’
175 1271 282 1302 ἀκάκως
305 1272 349 1298 καὶ
378 1272 466 1309 χωρὶς
493 1272 619 1302 ὑπονοίας
645 1271 850 1309 διαλεγομένου,
866 1273 910 1299 καί

86 1315 198 1351 μᾶλλον
219 1315 327 1354 ἔγγιστα
342 1317 503 1353 προσιόντος
527 1317 618 1351 αὐτοῦ,
634 1316 678 1344 καὶ
702 1318 858 1353 πυθομένου
887 1316 911 1344 εἲ

84 1359 143 1398 ἔχει
161 1359 260 1398 ἄνδρας
287 1360 400 1392 εὐειδεῖς
427 1361 471 1388 καὶ
487 1361 624 1398 γενναίους
653 1361 696 1388 καὶ
720 1362 770 1395 τήν
801 1361 909 1399 βασιλι-

84 1406 134 1439 κὴν
161 1404 277 1439 ἐρέττειν
298 1404 469 1440 ἐπιτηδείους
496 1406 608 1442 τριήρη,
632 1408 680 1432 τοῦ
707 1404 736 1432 δε
763 1406 805 1432 καὶ
837 1404 909 1443 ἔχειν

84 1449 128 1476 καὶ
158 1449 240 1487 ἐγγὺς
265 1453 389 1487 παρεῖναι
417 1450 530 1481 τούτους
556 1449 710 1487 εἰρηκότος,
739 1450 784 1477 καὶ
808 1452 841 1487 τῇ
867 1461 910 1478 κε-

84 1493 158 1531 φαλῇ
179 1493 321 1525 νεύσαντος
347 1494 422 1528 ἥκειν
445 1494 519 1525 τινὰς
543 1493 662 1529 πλησίον
683 1497 736 1522 τῶν
765 1493 910 1522 εὐειδεστὲ-

84 1548 149 1575 ρων,
170 1539 184 1566 ὁ
209 1541 407 1570 Κωνσταντῖνος
435 1539 597 1575 θεασάμενος
622 1539 735 1569 τούτους
765 1539 808 1566 καὶ
839 1540 911 1577 τάχα

84 1581 286 1619 ἀποδεξάμενος
327 1583 449 1620 ἀπαίρειν
490 1584 628 1621 ἠπείγετο.
658 1584 686 1610 ’0
715 1582 744 1611 δὲ
769 1584 908 1620 Ῥωμανὸς

83 1626 193 1665 ἔγγιστα
207 1627 307 1655 τούτου
335 1630 501 1666 περιπατῶν,
519 1628 556 1658 ὡς
582 1627 700 1663 πλησίον
725 1628 846 1665 ἐγίνοντο
874 1631 908 1666 τῇ

83 1671 243 1709 στρατηγίδι
272 1673 391 1709 τριήρει,
431 1672 576 1710 κατασχὼν
615 1673 662 1699 τὸν
698 1675 908 1707 Κωνσταντῖνον,

82 1716 126 1743 καὶ
154 1715 240 1753 μηδὲν
265 1715 348 1743 πλέον
378 1716 460 1743 εἰπὼν
475 1715 538 1744 ἀλλ’
551 1716 569 1750 ἢ
587 1716 681 1753 μόνον.
698 1727 711 1743 ι
725 1717 823 1754 ’Ἄρατε
845 1717 909 1744 τοῦ-

81 1771 168 1795 10v,»
200 1760 280 1792 αὐτὸς
308 1761 356 1797 μὲν
377 1759 452 1796 ἔστη,
470 1761 495 1788 οἱ
520 1759 549 1788 δὲ
575 1761 643 1799 πρὸς
670 1760 702 1788 τὸ
731 1760 809 1798 ἔργον
835 1761 909 1793 ὄντες

82 1804 296 1842 ιῦτρεπισμάνοι
322 1805 465 1843 εἰσήγαγον
489 1805 527 1836 εἰς
549 1806 599 1840 τὴν
632 1804 784 1843 ναυαρχίδα
811 1806 856 1833 καὶ
880 1807 907 1834 ἐν

82 1849 217 1885 ἀσφαλείᾳ
247 1853 388 1887 κατεῖχον,
417 1848 534 1886 μηδενὸς
568 1849 702 1885 ίπαμῦναι
725 1852 820 1878 τοῦτον
842 1851 908 1878 το).-

85 1895 222 1930 μήσαντος
255 1896 308 1921 τῶν
349 1895 538 1930 συνεπομάνων
576 1895 661 1930 αὐτῷ,
690 1893 763 1921 ἀλλά
799 1894 905 1923 πάντων

80 1939 234 1976 παραυτίκα
258 1937 470 1976 διασπαρέντων.
497 1940 556 1973 Τῆς
585 1939 682 1977 φήμης
710 1937 757 1966 οὖν
786 1938 906 1976 ἰξαρθεί-

81 1993 129 2018 σης
156 1984 267 2021 ταραχὴ
297 1984 415 2021 κατέσχε
442 1986 526 2010 πᾶσαν
557 1984 606 2018 τήν
631 1983 724 2020 πόλιν,
739 1983 905 2020 τυραννίδος,

81 2027 117 2058 ὡς
146 2027 231 2063 ιίκὸς,
248 2027 365 2054 ὶπίθεσιν
392 2026 588 2065 λογισαμὲνην.
609 2029 766 2059 Φθάστιντος
787 2028 832 2056 οὖν
856 2031 905 2056 τοῦ

81 2070 166 2110 λόγου
182 2071 227 2099 καί
245 2072 326 2110 μεχρι
342 2075 392 2106 τῆς
416 2071 557 2110 βασιλίδος
582 2074 670 2107 Ζωῆς,
686 2072 724 2104 εἰς
747 2073 902 2111 ἀμηχανίαν

78 2116 122 2143 καὶ
167 2117 193 2144 οἱ
232 2116 258 2143 ἐν
301 2116 373 2144 τέλει
416 2116 567 2144 ινὲπιπτον.
597 2117 797 2155 ΙΙροσκαλεῖται
837 2121 902 2156 γοῦν

79 2161 96 2195 ἡ
114 2160 223 2198 βασιλὶς
251 2160 296 2188 τὸν
326 2161 501 2199 πατριάρχην
523 2160 661 2190 Νικόλαον
692 2161 735 2189 καὶ
762 2161 826 2194 τοὺς
852 2166 902 2197 τῆς

79 2204 233 2243 συγκλήτου
284 2203 402 2243 λογάδας
426 2215 433 2222 ν
473 2205 719 2243 κοινο)ογισαμένη
772 2205 800 2234 δὶ
844 2208 902 2243 μετ’

80 2249 166 2277 αὐτῶν
218 2249 350 2286 ἐκπέμπει
401 2250 468 2288 πρὸς
515 2251 671 2287 Ῥωμανὸν,

79 2296 126 2322 τοῦ
170 2295 314 2333 γεγονότος
358 2295 453 2331 μαθεῖν
492 2293 632 2324 ἐθέλουσα.
670 2297 727 2323 Τῶν
766 2293 794 2323 δὲ
830 2306 902 2332 πεμ-

81 2338 197 2376 φθέντων
245 2339 399 2377 γενομένων
452 2337 514 2367 ἔνθα
555 2340 739 2377 προσώρμουν
777 2341 804 2367 αἱ
841 2351 902 2378 τρι-

81 2384 166 2420 ήρεις,
182 2384 228 2412 καὶ
247 2383 404 2421 μελλόντων
422 2385 534 2419 ζήτησιν
550 2387 686 2416 ποιεῖσθαι
710 2388 760 2419 τῆς
778 2387 826 2412 τοῦ
850 2396 901 2412 τια-

83 2429 292 2465 ρακοιμωμὲνου
322 2429 523 2466 κατασχὲσιως,
553 2429 567 2456 ὁ
595 2431 648 2456 τῶν
677 2429 812 2466 πλωΐμων
842 2428 901 2457 δια-

80 2472 175 2505 ναστὰς
190 2472 341 2505 ἀκόλαστος
355 2470 443 2511 ὄχλος
459 2474 515 2510 (57)
532 2473 620 2505 λίθοις
635 2473 731 2505 αὐτοὺς
756 2473 898 2509 ἐξήλασαν.

80 2516 179 2544 Ἔωοεν
209 2517 255 2545 οὖν
284 2519 302 2552 ἡ
334 2517 443 2556 βασιλὶς
467 2516 612 2554 ἐξελθοῦσα
636 2518 698 2557 περὶ
721 2519 767 2546 τὸν
797 2521 902 2546 Βουκο-

80 2558 184 2597 λᾶοντα,
199 2562 245 2590 καὶ
266 2562 313 2590 τὸν
339 2562 398 2589 υἱὸν
430 2562 662 2599 μεταστειλαμένη
682 2563 727 2590 καὶ
751 2563 814 2595 τοὺς
839 2564 901 2602 περί

80 2603 167 2642 αὐτὸν,
185 2606 315 2646 ιπηρώτα
342 2608 401 2638 πῶς
421 2606 529 2645 γίγονεν
551 2608 570 2642 ἡ
594 2607 723 2646 ἀνταρσία
743 2607 822 2644 αὕτη.
843 2611 902 2643 Μη-

980 253 1045 274 esse
1059 245 1153 282 ipsius
1171 245 1348 277 ministrum,
1366 247 1589 280 constanterque
1609 245 1666 281 ipsi
1680 246 1804 276 benevo-

979 290 1052 318 lum.
1065 291 1195 318 Primum
1212 299 1245 318 ac
1261 290 1296 318 de
1316 299 1345 318 re
1369 289 1563 325 compellatus
1584 290 1733 319 Romanus
1758 300 1806 320 re-

980 335 1057 369 nuit;
1077 338 1105 363 et
1118 336 1222 363 iterum
1246 343 1279 363 ac
1303 335 1410 371 saepius
1425 334 1577 363 Theodoro
1592 335 1724 364 animum
1740 337 1804 372 ejus

979 382 1109 408 tentante
1124 379 1278 407 recusavit.
1289 379 1419 407 Tandem
1429 387 1496 407 cum
1513 378 1627 407 litteras
1641 387 1731 408 manu
1748 380 1803 408 im-

979 423 1121 459 peratoris
1137 423 1263 459 scriptas
1277 423 1313 451 ab
1328 423 1451 459 ipsoque
1466 423 1599 459 puniceis
1614 423 1804 460 subsignatas

978 468 1086 496 litteris
1101 469 1137 496 ad
1154 477 1185 496 se
1201 469 1306 496 missas
1329 468 1499 504 accepisset,
1517 469 1675 503 concessit;
1690 468 1803 504 pollici-

977 515 1084 549 tusque
1099 516 1145 541 est
1159 521 1202 548 se,
1214 515 1360 549 quantum
1380 513 1445 548 ejus
1463 513 1525 541 fieri
1540 515 1650 549 posset,
1661 513 1803 542 Constan-

977 557 1030 585 tini
1060 558 1233 586 cubicularii
1262 558 1385 593 ejusque
1410 560 1602 594 cognatorum
1636 558 1802 586 molitiones

976 602 1198 638 impediturum.
1213 602 1271 630 Hoc
1287 603 1374 630 modo
1385 611 1431 630 res
1441 603 1614 638 composita,
1625 611 1658 630 ac
1673 603 1708 630 de
1723 611 1756 630 ea
1772 603 1802 630 in

976 647 1038 675 foro
1054 647 1191 683 compitis
1206 655 1239 675 ac
1255 646 1414 683 angiportis
1424 647 1645 675 susnrrabatur.
1659 647 1801 674 Constan-

975 691 1056 719 tinus
1069 694 1166 719 autem
1179 690 1390 726 cubicularius,
1403 699 1572 727 quanquam
1589 691 1613 719 ei
1625 699 1689 727 quae
1700 693 1802 719 contra

974 736 1071 771 ipsum
1087 738 1272 764 struerentur
1287 744 1344 763 non
1370 738 1454 764 erant
1476 736 1619 770 inaudita,
1635 735 1686 763 illa
1700 738 1799 763 tamen

974 782 1188 815 contemnebat,
1205 781 1354 809 neminem
1380 789 1510 816 unquam
1536 782 1676 809 adversus
1697 788 1729 808 se
1743 781 1798 808 ali-

973 826 1040 861 quid
1055 834 1198 854 ausurum
1214 826 1350 862 opinans.
1367 825 1423 853 Sed
1437 833 1504 853 cum
1519 825 1555 853 ad
1575 825 1701 853 classem
1716 833 1799 861 egro-

973 871 1102 904 deretur,
1119 878 1206 906 rogas
1220 870 1256 898 de
1272 878 1352 898 more
1366 869 1593 903 distributurus,
1607 871 1797 905 Romanoque

973 915 1168 943 mandaturus
1188 917 1221 942 ut
1235 915 1455 950 quamprimum
1473 914 1633 950 navigaret,
1648 914 1751 941 incidit
1767 914 1795 942 in

968 960 1045 988 190
1066 959 1199 988 insidias.
1216 959 1330 987 Etenim
1352 958 1450 987 servili
1466 959 1560 987 forma
1583 959 1609 987 ei
1633 966 1790 987 occurrens

967 1005 1126 1040 Romanus,
1147 1007 1175 1033 et
1197 1005 1336 1033 mandata
1365 1012 1397 1032 se
1424 1005 1555 1033 studiose
1582 1007 1789 1033 exsecuturum

967 1051 1152 1086 promittens,
1180 1049 1323 1086 paulatim
1352 1049 1380 1077 in
1410 1057 1509 1078 casses
1534 1050 1689 1085 pertrahit,
1717 1049 1791 1077 nihil

967 1103 1086 1130 prorsus
1102 1103 1203 1122 eorum
1215 1103 1280 1131 quas
1295 1094 1474 1130 parabantur
1484 1094 1628 1130 conjicere
1637 1093 1791 1128 valentem,

966 1139 1016 1166 sed
1033 1139 1171 1167 similiter
1188 1141 1218 1167 et
1232 1139 1343 1174 absque
1361 1138 1421 1166 ulla
1442 1139 1610 1175 suspicione
1623 1138 1791 1174 colloqueni

965 1185 1036 1218 tem,
1054 1184 1232 1220 propiusque
1246 1184 1372 1211 subinde
1388 1183 1626 1216 accedentem,ac
1642 1186 1792 1219 rogantem

965 1229 1083 1256 virosne
1098 1229 1219 1256 haberet
1233 1228 1373 1264 pulchros
1388 1236 1422 1256 ac
1437 1228 1536 1262 fortes,
1547 1230 1631 1264 aptos
1646 1228 1682 1256 ad
1701 1227 1793 1264 impr-

966 1273 1104 1301 ratoriam
1119 1273 1269 1301 triremem
1290 1273 1443 1308 agendam.
1462 1273 1630 1308 Respondet
1643 1274 1792 1300 Romanus

966 1326 1016 1345 eos
1030 1322 1134 1353 praesto
1149 1325 1223 1351 esse,
1236 1320 1264 1345 et
1279 1317 1486 1345 formosiorum
1503 1316 1680 1352 quibusdam
1695 1317 1792 1344 innuit

965 1364 999 1389 ut
1021 1362 1171 1389 accedant.
1183 1362 1260 1394 Quos
1285 1361 1501 1398 contemplatus
1524 1365 1550 1389 et
1574 1361 1702 1397 probans
1717 1361 1790 1389 Con-

965 1407 1126 1441 stantinus,
1138 1415 1206 1434 cum
1223 1406 1295 1434 solvi
1311 1406 1533 1441 navesjuberet,
1546 1405 1696 1434 Romanus
1705 1406 1790 1441 juxta

966 1451 1171 1484 obambulans,
1182 1453 1215 1478 ut
1230 1450 1359 1487 proxime
1375 1451 1541 1486 prtetoriam
1557 1451 1655 1478 navim
1670 1452 1789 1478 ventum

965 1498 1020 1531 est,
1034 1495 1063 1523 id
1077 1495 1164 1523 modo
1179 1495 1268 1528 fatus,
1281 1506 1295 1519 «
1307 1495 1439 1530 Abripite
1449 1494 1528 1522 hunc
1540 1505 1554 1519 »
1566 1494 1710 1522 subsistit.
1721 1495 1790 1527 Qui-

967 1540 1021 1568 bus
1036 1548 1103 1568 vero
1129 1539 1279 1576 negotium
1304 1540 1406 1567 datum
1432 1541 1505 1574 erat,
1522 1539 1541 1566 ii
1566 1538 1789 1567 Constantinum

925 1573 947 1608 Cv
966 1585 1064 1613 statim
1090 1585 1120 1612 in
1146 1573 1243 1612 navim
1267 1583 1433 1620 praetoriam
1458 1583 1620 1616 abducunt,
1636 1584 1736 1619 ibique
1760 1583 1790 1611 in

965 1630 1098 1657 custodia
1109 1631 1270 1663 asservant,
1281 1629 1398 1657 nemine
1409 1628 1551 1657 comitum
1561 1636 1627 1656 eum
1636 1628 1792 1656 defendere

964 1683 1047 1709 auso,
1064 1674 1114 1701 sed
1130 1674 1269 1702 omnibus
1293 1673 1437 1708 extemplo
1453 1673 1586 1709 dilapsis.
1602 1673 1696 1708 Hujus
1720 1672 1791 1700 faci-

964 1719 1044 1746 noris
1060 1720 1138 1746 l'ama
1153 1718 1182 1746 in
1199 1719 1301 1746 urbem
1318 1718 1408 1746 allata
1422 1717 1537 1746 animos
1550 1717 1705 1745 hominum
1721 1725 1791 1745 con-

963 1763 1101 1798 turbavit,
1118 1762 1304 1799 tyrannidem
1320 1763 1356 1790 ab
1372 1762 1471 1798 aliquo
1493 1762 1590 1790 invadi
1608 1761 1788 1798 putantium,

963 1816 1090 1844 cumquo
1115 1809 1151 1835 ad
1181 1807 1256 1836 Zoen
1283 1815 1375 1842 usque
1401 1807 1593 1842 pervenisset,
1618 1806 1788 1842 proceribus

962 1860 1079 1888 quoque
1095 1860 1233 1888 magnam
1254 1851 1482 1880 sollicitudinem
1499 1851 1608 1886 injecit.
1625 1851 1679 1878 Zoe
1701 1851 1787 1878 Nico-

960 1896 1041 1924 laum
1060 1896 1255 1933 patriarcham
1279 1898 1308 1924 et
1331 1898 1481 1924 senatores
1496 1895 1623 1923 delectos
1639 1895 1675 1923 ad
1691 1903 1722 1923 se
1738 1903 1787 1923 vo-

960 1944 1017 1975 cat,
1029 1949 1118 1977 reque
1134 1949 1201 1968 cum
1222 1941 1258 1968 iis
1279 1940 1439 1968 deliberata
1453 1941 1489 1968 ad
1504 1942 1669 1968 Romanum
1684 1939 1788 1973 mittit,

961 1986 1011 2022 qui
1025 1994 1145 2013 causam
1161 1985 1230 2012 facti
1252 1985 1416 2020 exquirant.
1433 1984 1498 2018 Eos,
1515 1992 1581 2012 cum
1607 1984 1643 2012 ad
1669 1983 1786 2012 navium

960 2030 1117 2058 stationem
1130 2029 1279 2057 venissent
1293 2031 1322 2057 et
1336 2029 1372 2056 de
1387 2029 1461 2057 291
1480 2028 1693 2064 comprehenso
1708 2028 1787 2056 cubi-

959 2075 1071 2102 culario
1086 2074 1236 2109 inquirere
1260 2073 1456 2107 intenderent,
1468 2073 1615 2101 sociorum
1638 2072 1785 2100 navalium

959 2119 1094 2155 petulans
1109 2117 1269 2146 multitudo
1284 2119 1428 2146 concitata
1443 2117 1522 2146 saxis
1541 2116 1657 2152 repulit.
1673 2117 1785 2145 Postri-

959 2163 1005 2191 die
1020 2165 1074 2191 Zoe
1090 2162 1185 2198 prima
1198 2162 1263 2190 luce
1274 2163 1309 2190 ad
1322 2162 1514 2190 Bucoleonem
1528 2170 1656 2198 egressa,
1667 2163 1785 2189 evocato

957 2207 1046 2234 etiam
1063 2207 1123 2234 ﬁlio
1142 2209 1171 2234 et
1190 2206 1255 2241 ejus
1270 2205 1391 2240 familia,
1407 2206 1566 2241 interrogat
1579 2213 1713 2240 quamam
1729 2205 1783 2233 hu-

714 2251 763 2286 τὴν
815 2251 901 2279 αἰτίαν
917 2251 1002 2288 Djns
1018 2251 1171 2279 seditionis
1186 2259 1275 2279 causa
1287 2253 1374 2278 esset.
1389 2250 1432 2278 lbi
1443 2258 1511 2278 cum
1524 2258 1608 2278 nemo
1624 2250 1782 2286 responde-

958 2298 1012 2330 ret,
1035 2296 1207 2324 Theodorus
1230 2295 1417 2332 imperatoris
1441 2295 1616 2331 paedagogus
1640 2294 1706 2322 ideo
1731 2294 1780 2326 ait,

956 2341 1036 2369 hunc
1051 2345 1174 2375 motum,
1189 2341 1347 2375 exstitisse,
1358 2341 1434 2376 quod
1445 2341 1501 2368 Leo
1515 2340 1624 2368 Phocus
1639 2339 1780 2376 legiones,

956 2387 1168 2414 Constantinus
1187 2385 1381 2414 cubicularius
1406 2385 1548 2421 palatium
1572 2385 1779 2421 perdidissent.

956 2430 1097 2458 Caeterum
1112 2430 1272 2466 imperator
1286 2430 1442 2465 imperium
1459 2438 1475 2457 a
1491 2431 1583 2457 matre
1597 2429 1626 2456 in
1637 2437 1669 2457 se
1683 2431 1780 2457 trans-

955 2475 1063 2508 ferens,
1083 2475 1279 2511 patriarcham
1305 2473 1456 2502 Nicolaum
1481 2476 1509 2501 et
1530 2473 1704 2509 magistrum
1720 2474 1781 2501 Stc-

956 2518 1088 2554 phanum
1118 2520 1148 2546 in
1175 2518 1273 2546 aulam
1303 2521 1432 2551 revocat;
1461 2526 1494 2546 ac
1524 2517 1664 2554 postridie
1691 2518 1781 2545 misso

956 2564 1069 2593 Joanne
1082 2564 1199 2592 Tubace
1213 2565 1378 2600 Augustam
1395 2563 1502 2599 palatio
1514 2562 1621 2592 abduci
1631 2563 1726 2599 jubet.
1742 2563 1782 2591 Ea

956 2609 1030 2638 ﬂens
1045 2612 1134 2645 atque
1148 2608 1274 2644 ejulans,
1291 2607 1384 2636 tilium
1401 2608 1544 2644 amplexa,
1562 2607 1780 2637 miserationem

671 2693 856 2722 XYLANDRI
876 2694 922 2722 ET
941 2693 1050 2723 GOARI
1069 2694 1185 2722 NOTE.

114 2767 167 2805 (57)
182 2769 344 2806 Alluditad
359 2769 507 2806 Euripidis
522 2769 631 2804 locum,
647 2769 697 2806 qui
712 2771 756 2798 est
771 2771 800 2798 in
817 2770 931 2799 Hecuba.
946 2770 1068 2800 Joannis
1084 2770 1188 2800 Leonis
1204 2777 1356 2799 successor
1370 2771 1415 2797 est
1429 2768 1561 2803 Garidas,
1577 2769 1654 2806 quod
1670 2777 1777 2806 cogno-

81 2809 144 2831 men
159 2805 204 2833 bic
219 2805 332 2834 addidit
345 2806 434 2835 etiam
449 2805 586 2835 Zonaras.
601 2805 671 2834 Χγιζ.
