1936 3048
135 127 175 158 23

810 126 971 158 GEORGII
993 127 1164 158 CEDRENI

1814 123 1859 154 24

135 192 240 220 matris
255 191 358 227 movit;
374 193 505 228 adeoque
525 193 561 220 iis
577 192 627 228 qui
643 200 707 220 eam
723 193 870 220 ducebant
885 193 899 220 C

1120 191 1148 219 δὲ
1175 192 1402 228 ἀποκριναμένου,
1420 192 1459 227 [Ρ.
1475 191 1538 227 616]
1555 191 1568 217 6
1587 188 1774 227 παιδαγωγὸς
1804 191 1857 216 τοῦ

136 237 286 265 stantinus
302 237 453 264 mandavit
477 239 510 264 ut
532 245 614 264 suam
641 245 740 264 secum
767 237 966 272 relinquerent

137 284 274 316 matrem,
286 283 389 316 estque
404 281 481 308 illico
495 281 530 309 ab
546 281 583 308 iis
599 282 732 309 dimissa.
746 282 823 309 Idem
843 281 964 308 Leonem

136 325 277 359 Phocam,
292 329 427 354 metuens
443 333 478 353 ne
494 325 518 353 is
535 325 694 361 aliquando
710 325 864 362 imperium
882 326 964 353 inva-

135 371 228 404 deret,
244 370 305 397 loco
322 371 422 403 movit,
439 371 692 406 domesticumque
714 370 881 398 scholarum
900 370 965 398 fecit

137 415 278 442 Joannem
294 414 432 442 Garidam
447 414 632 451 magistrum.
645 415 783 442 Precibus
797 417 894 442 tamen
912 415 965 442 im-

134 458 260 495 petravit
284 459 396 487 Phocus
416 463 445 486 ut
471 459 589 487 Simeon
614 459 693 487 ﬁlius
717 467 790 487 suus
814 461 842 486 et
866 460 964 487 uxoris

135 503 227 531 frater
238 503 409 532 Theodorus
420 504 602 539 Zuphinezer
614 503 802 532 sodalitatum
815 504 964 539 principes

134 549 556 584 crearentur,juramentisque
570 549 606 576 ab
617 549 792 584 imperatore
804 549 963 576 obstrictus

132 592 254 620 domum
270 601 354 620 suam
382 593 463 621 abiit.
479 593 637 620 Confestim
664 601 748 629 porro
768 593 883 629 cognati
897 593 962 627 ejus

133 645 169 664 ex
184 637 252 664 aula
267 637 382 665 dimissi
395 639 476 665 sunt.
488 637 568 669 Quod
586 637 636 665 ubi
649 637 783 673 cognovit
799 638 865 671 Leo,
881 639 961 664 metu

134 681 211 709 292
228 681 402 717 perterritus
418 681 519 709 statim
533 690 621 717 eques
636 682 671 709 ad
687 684 851 717 Romanum
868 682 962 709 drun-

133 725 249 761 garium
267 734 298 753 se
320 726 453 759 contulit,
467 726 552 762 eique
577 726 710 762 exposuit
725 726 834 761 quibus
858 729 960 753 contu-

132 769 228 797 meliis
248 770 370 797 allectus
405 772 496 806 utque
521 770 766 805 ciocumscriptus
800 773 886 797 esset.
918 770 959 797 lbi

133 814 351 841 communicata
363 823 392 842 re
403 814 480 842 inter
491 822 540 842 eos
551 814 674 842 societas
687 814 761 842 inita
772 815 960 849 acjuramen-

131 858 170 885 tis
197 858 381 892 conﬁrmata,
398 858 509 894 nuptiis
525 867 640 895 quoque
664 859 741 886 inter
765 859 872 886 liberos
889 867 958 886 suos

130 902 301 937 contractis,
319 903 548 938 institutumque
562 902 675 930 occulte
691 903 835 931 habitum.
852 903 960 931 Secun-

132 947 203 974 dum
220 947 280 974 haec
304 947 454 974 Romanus
471 947 515 975 sui
532 947 676 983 purgandi
694 956 782 975 causa
807 947 836 974 in
861 947 959 975 aulam

133 991 234 1024 mittit,
251 992 505 1028 jurejurandoque
530 992 701 1027 interposito
723 992 877 1019 conﬁrmat
901 1001 959 1019 non

132 1034 302 1063 rebellionis
318 1038 368 1063 aut
383 1036 536 1063 seditionis
551 1036 712 1071 quidquam
728 1044 781 1064 suo
798 1036 872 1063 facto
888 1036 959 1064 sub—

131 1087 206 1112 esse,
223 1080 273 1108 sed
289 1088 320 1108 se
342 1083 526 1108 mutuentem
543 1088 578 1107 ne
593 1080 695 1108 Phocea
711 1083 833 1108 conatus
849 1080 959 1116 aliquid

131 1124 200 1152 mali
227 1124 397 1159 imperatori
420 1124 568 1158 afferrent,
585 1125 613 1151 in
631 1124 772 1160 palatium
788 1125 851 1160 ojus
867 1125 959 1160 impe-

130 1168 294 1204 ratorisque
319 1169 456 1205 praesidio
482 1169 636 1197 muniendi
660 1177 749 1197 causa
773 1169 899 1197 voluisse
913 1178 959 1197 re-

129 1213 215 1240 verti.
227 1213 395 1241 Patriarcha
409 1213 497 1241 fidem
515 1214 673 1250 derogante
689 1222 783 1249 neque
798 1214 959 1250 accipiente

130 1257 523 1293 purgationem,TlJeodorus
539 1258 703 1286 Romanum
716 1258 838 1294 instigat
850 1264 880 1286 ut
891 1267 957 1286 cum

129 1301 266 1329 universa
276 1302 371 1329 classe
383 1302 417 1329 ad
435 1302 627 1337 navale,quod
640 1302 668 1330 in
681 1302 855 1330 Bucoleonte
866 1304 957 1331 situm

131 1346 239 1381 palatio
255 1346 537 1380 imminet,accedat.
547 1346 694 1374 Romanus
705 1355 771 1374 cum
785 1347 957 1383 aliquandiu

130 1390 158 1417 id
176 1390 366 1418 detrectasset
382 1399 414 1418 ac
430 1393 584 1419 cunctatus
598 1393 687 1425 esset,
700 1392 817 1419 tandem
829 1392 958 1428 urgenti-

128 1434 185 1462 bus
201 1434 238 1462 iis
253 1442 378 1469 quorum
396 1435 538 1462 instinctu
555 1435 669 1462 occulta
685 1436 742 1463 ista
756 1435 879 1463 concilia
893 1445 958 1464 sus-

128 1480 256 1514 ceperat,
267 1478 311 1506 vel
329 1479 440 1506 invitus
455 1479 588 1506 assentit.
602 1480 677 1514 Ergo
694 1479 758 1515 ipso
773 1480 819 1506 die
834 1482 957 1507 Annuu-

128 1522 245 1550 tiationi
260 1522 334 1550 festo
350 1523 444 1550 classe
467 1523 610 1550 instructa
635 1524 780 1551 hostiliter
803 1525 838 1551 ad
865 1527 955 1552 Buco-

127 1567 254 1595 Ieontem
278 1567 399 1594 accedit.
416 1567 520 1595 Statim
546 1567 713 1603 Stephanus
728 1569 866 1604 magister
889 1569 956 1597 aula

127 1612 197 1644 exit,
221 1613 250 1639 et
274 1611 391 1640 Nicetes
416 1611 556 1648 patricius
582 1613 702 1640 Romani
727 1613 910 1641 necessarius
925 1614 954 1641 in

131 1655 276 1692 palatium
292 1657 324 1690 it,
337 1656 463 1692 indeque
480 1656 676 1692 patriarcham
687 1658 818 1685 abducit.
830 1657 956 1693 Impera-

126 1703 174 1728 tor
188 1702 286 1728 autem
313 1701 413 1728 missis
428 1701 601 1729 venerandis
616 1709 649 1729 ac
664 1701 786 1729 viviﬁcis
810 1703 905 1730 cruris
920 1702 955 1729 1i-

126 1745 204 1781 gnis,
214 1753 230 1772 a
242 1745 373 1773 Romano
384 1745 524 1773 adhibitis
535 1745 694 1773 dirissimis
706 1746 955 1775 exsecrationibus

126 1791 155 1816 et
176 1789 381 1825 jurejurandis
405 1790 600 1825 gravissimis,
614 1790 774 1825 stipulatur
790 1791 865 1819 293
882 1791 955 1818 nihil

127 1842 258 1870 unquam
274 1842 340 1862 eum
357 1834 415 1862 doli
432 1835 573 1862 adversus
591 1834 796 1870 imperatorem
811 1835 954 1871 cogitatu-

126 1886 207 1912 rum;
225 1878 371 1914 pauloque
395 1881 460 1914 post
486 1879 652 1907 facultatem
669 1880 811 1906 redeundi
827 1879 855 1906 in
873 1879 953 1915 pala-

126 1922 200 1949 tium
217 1923 370 1958 permittit.
389 1923 422 1950 Et
447 1923 617 1950 redeuntem
643 1923 790 1959 excipiens
815 1924 954 1960 precandi

125 1974 216 1994 causa
229 1967 260 1994 in
276 1967 420 2002 templum
431 1968 509 2002 quod
524 1970 569 1995 est
583 1968 611 1995 in
623 1967 718 1995 Pharo
734 1968 861 2001 deducit,
871 1969 952 1996 data-

125 2019 182 2046 que
199 2010 237 2038 ibi
253 2013 281 2039 et
292 2013 410 2046 accepta
421 2011 477 2038 ﬁde
493 2019 632 2047 magnum
648 2011 834 2040 sodalitatum
852 2013 952 2048 priete-

125 2057 205 2082 ctum
231 2057 320 2083 creat.
337 2055 442 2083 Statim
459 2058 486 2082 et
502 2057 538 2083 ad
562 2059 682 2084 Leonem
701 2056 826 2084 Phocum
851 2056 952 2084 littera:

125 2100 294 2135 mittuntur,
307 2099 417 2136 quibus
439 2100 515 2128 bono
530 2109 595 2128 esse
620 2101 718 2128 animo
734 2109 828 2136 neque
843 2101 886 2129 vel
902 2101 953 2129 ab-

120 2144 213 2180 jicere
227 2152 310 2180 spem
328 2153 423 2180 neque
437 2144 572 2180 iniquum
588 2145 749 2180 quidquam
762 2145 856 2172 moliri
869 2146 952 2180 jube-

125 2192 181 2221 lur,
198 2189 249 2216 sed
264 2188 360 2223 quiete
375 2189 454 2216 domi
475 2197 534 2216 suae
552 2190 661 2217 exitum
679 2189 839 2225 praestolari
859 2198 866 2217 :
884 2198 950 2218 nam

122 2232 218 2268 ipsius
247 2240 316 2260 mox
345 2232 478 2260 habitum
505 2233 540 2260 iri
565 2234 720 2260 rationem.
742 2234 951 2262 Constantinus

123 2284 240 2313 quoque
249 2276 450 2304 cubicularius
463 2277 500 2305 ad
512 2285 578 2305 eum
592 2278 620 2305 in
633 2278 764 2305 eamdem
775 2279 950 2306 sententiam

123 2321 252 2350 scribere
267 2321 393 2358 cogitur.
406 2321 517 2349 Phocus
530 2322 636 2350 litteris
653 2322 718 2349 istis
734 2323 859 2358 acceptis
872 2324 950 2351 domi

123 2373 194 2400 suae,
210 2374 300 2401 quam
319 2366 349 2394 in
365 2366 548 2402 Cappadocia
571 2367 708 2399 hauebat.
725 2367 821 2400 quiete
836 2375 867 2395 se
882 2376 949 2396 con-

121 2410 221 2438 tinuit.

1022 237 1156 274 βασιλὲως
1170 235 1309 274 Θεόδωρος
1326 235 1388 273 ἔφη·
1406 248 1419 262 ‹‹
1441 235 1489 262 Διὰ
1516 235 1547 262 τὸ
1575 234 1724 268 ἀπολέσαι,
1753 234 1778 261 ὦ
1810 232 1857 260 δέ·

1019 291 1124 315 σποινα,
1154 281 1253 308 Λέοντι
1285 281 1333 316 μὲν
1369 280 1414 307 τὸν
1455 282 1553 307 Φωκᾶν
1586 280 1619 306 τά
1661 277 1856 315 στρατόπεδα,

1020 328 1220 352 Κωνσταντῖνον
1237 324 1265 352 δὲ
1289 325 1332 352 τὸν
1361 325 1608 362 παρακοιμώμενον
1637 324 1669 351 τὸ
1693 323 1856 357 παλάτιον,

1017 371 1033 404 ἡ
1063 370 1174 405 τοιαύτη
1205 371 1298 407 γέγονε
1334 370 1452 404 κίνησις.
1482 381 1495 394 )›
1523 370 1552 397 ‘0
1591 367 1723 406 βασιλεὺς
1755 367 1786 395 δὲ
1815 368 1856 399 εἷς

1019 414 1109 441 ἑαυτὸν
1135 415 1185 448 τὴν
1214 414 1334 449 ἐξουσίαν
1365 414 1418 440 ἀπὸ
1445 415 1494 446 τῆς
1527 413 1630 450 μητρὸς
1658 412 1856 451 ἐφελκόμενος

1017 459 1061 485 τὸν
1078 458 1250 497 πατριάρχήν
1267 457 1401 486 Νικόλαον
1423 457 1469 485 σὺν
1485 460 1525 494 τῷ
1546 457 1686 495 μαγίστρῳ
1713 457 1857 495 Στεφάνῳ

1017 503 1146 541 ἀκήγαγεν
1177 503 1202 530 ἦν
1232 506 1272 539 τῷ
1298 503 1436 538 παλατίῳ,
1462 502 1508 530 καὶ
1535 504 1570 538 τῇ
1604 501 1737 538 ἐπαύριον
1770 501 1855 529 στέλ-

1018 547 1109 575 λουσιν
1127 548 1257 583 Ἰωάννην
1282 548 1328 575 τὸν
1355 545 1498 582 Τουόάκην
1527 547 1577 581 τὴν
1606 546 1772 584 Αὐγοῦσ-ταν
1803 548 1856 573 τοῦ

1016 591 1150 620 παλατίου
1165 590 1355 620 καταϐιϐάσαι.
1372 593 1404 620 Ἦ
1426 591 1454 619 δὲ
1482 592 1540 628 μετ’
1563 590 1700 628 ὀλολυγῆς
1727 591 1778 618 καὶ
1801 590 1853 618 δα-

1016 637 1105 675 κρύων
1134 639 1173 673 τῷ
1198 637 1294 672 ἑαυτῆς
1329 636 1533 674 προσπλακεῖσα
1560 636 1612 672 υἱῷ
1641 635 1710 672 πρὸς
1738 636 1854 672 σσμπά-

1017 687 1088 714 οειαν
1118 681 1197 709 αὐτὸν
1229 682 1365 719 μητρικὴν
1395 681 1439 708 καὶ
1465 681 1553 708 οἶκτον
1584 679 1700 715 ἇκίνησε.
1725 680 1775 707 Διὸ
1805 680 1854 707 καί

1015 737 1080 764 φησι
1109 727 1176 761 πρὸς
1199 726 1264 758 τοὺς
1288 725 1412 763 ἄγοντας·
1431 738 1444 751 ‹‹
1462 726 1572 753 Ἐάσατε
1599 725 1666 752 εἶναι
1700 725 1764 760 μετ’
1780 724 1854 761 ἐμοῦ

1013 772 1062 806 τὴν
1081 772 1185 809 μητέρα
1203 782 1265 807 μου.
1284 783 1295 796 ι
1313 771 1346 799 Οἱ
1362 769 1391 798 δὲ
1406 770 1462 806 ἅμα
1486 772 1526 806 τῷ
1548 769 1624 807 λόγῳ
1647 769 1752 804 ταύτην
1781 780 1852 796 καιτ-

1015 815 1120 844 έλιπον.
1151 813 1323 852 Προεϐάλετο
1351 813 1374 842 δ’
1399 815 1413 841 6
1442 813 1569 851 βασιλεὺς
1595 812 1760 850 δομέςτικον
1792 816 1851 840 τῶν

1015 859 1136 897 σχολῶν¹
1166 858 1355 896 διαδεξάμενος
1392 859 1437 885 τὸν
1467 860 1575 892 Φωκᾶν,
1604 858 1650 884 τὸν
1691 857 1850 895 μάγιστρον

1017 905 1144 939 Ἰωάννην
1161 905 1205 931 τὸν
1223 902 1348 941 Γαριδᾶν,
1363 904 1412 937 τὴν
1436 902 1466 930 ἐκ
1490 904 1539 929 τοῦ
1565 902 1678 932 Λέοντος
1709 900 1850 933 δεδοικὼς

1015 947 1202 975 ἐπανάστασιν.
1232 947 1272 983 Τῇ
1299 946 1405 981 αἰτήσιι
1434 956 1464 973 τι
1492 944 1590 972 τούτου
1623 941 1847 981 προεϐλήθησαν

1015 991 1128 1028 Συμεὼν
1145 992 1159 1018 6
1175 991 1232 1022 υἱὸς
1258 990 1340 1018 αὐτοῦ
1365 990 1411 1018 καὶ
1437 988 1577 1027 Θεόδωρος
1593 990 1607 1016 6
1623 987 1848 1026 γυναικάδελφος

1014 1036 1105 1070 αὐτοῦ,
1133 1037 1147 1064 6
1174 1036 1344 1072 Ζουφινέζερ,
1375 1035 1572 1072 ὲταιρειάρχαι.
1595 1035 1708 1071 ’Ὁρκοις
1737 1044 1770 1060 τε
1799 1032 1849 1060 οὖν

1014 1080 1197 1116 καταληφθεὶς
1227 1080 1277 1107 ὑπὸ
1305 1081 1354 1107 τοῦ
1383 1078 1517 1116 βασιλέως
1548 1077 1682 1111 κατῆλθιν
1723 1078 1765 1110 εἰς
1799 1079 1848 1105 τὸν

1014 1125 1087 1152 οἶκον
1117 1125 1209 1158 αὐτοῦ,
1238 1124 1283 1151 καὶ
1321 1127 1493 1161 παραχρῆμα
1522 1123 1548 1149 οἱ
1584 1124 1719 1159 συγγενεῖς
1760 1122 1848 1149 αὐτοῦ

1013 1168 1186 1203 ἀπελύθησαν
1211 1171 1264 1196 τῶν
1306 1168 1470 1206 βασιλείων⁴
1501 1166 1566 1203 ὅπερ
1606 1167 1699 1202 μαθὼν
1736 1166 1845 1197 ἐκεῖνος

1014 1213 1118 1250 ἀγωνίᾳ
1141 1213 1185 1240 καὶ
1216 1210 1294 1250 φόϐῳ
1322 1212 1440 1248 ἐλήφθη.
1457 1211 1544 1243 Εὒθὺς
1560 1210 1604 1238 οὖν
1622 1211 1844 1247 ἐξιππασάμενος

1012 1256 1119 1291 ἀπῆλθε
1146 1257 1213 1294 πρὸς
1242 1257 1288 1284 τὸν
1316 1257 1455 1292 Ῥωμανὸν
1491 1256 1536 1282 τὸν
1568 1254 1762 1293 δρουγγάριον,
1790 1256 1842 1290 τήν

1012 1299 1088 1339 ὕϐριν
1116 1303 1147 1336 ἦν
1177 1302 1277 1336 ὑπέστη
1307 1301 1412 1328 καὶτὸν
1429 1299 1659 1338 προπηλακισμὸν
1689 1298 1844 1339 διηγούμε-

1011 1356 1066 1378 νος.
1096 1347 1363 1384 Κοινοπραγήσαντες
1401 1344 1447 1372 οὗν
1484 1345 1529 1372 καὶ
1561 1344 1653 1382 ὅρκοις
1692 1343 1843 1379 ἀλλήλους

1337 1389 1382 1417 καὶ
1421 1388 1505 1424 κῆδος
1547 1389 1586 1420 εἷς
1630 1389 1694 1420 τοὺς
1732 1389 1840 1416 ἑαυτῶν

976 879 999 912 Β

1010 1390 1276 1429 κατασφαλισάμενοι
1289 1413 1297 1426 ,

1011 1436 1193 1471 ποιησάμενοι
1222 1434 1331 1468 παῖδας,
1359 1434 1384 1461 tv
1423 1436 1463 1470 τῷ
1497 1435 1609 1472 κρυπτῷ
1645 1436 1776 1471 κατεῖχον
1807 1433 1840 1461 τὸ

1011 1479 1238 1516 σπουδαζόμενον.
1256 1480 1286 1508 '0
1303 1478 1332 1506 δὶ
1354 1478 1504 1514 Ῥωμανὸς,
1521 1478 1630 1514 πέμψας
1660 1477 1698 1509 ιῖς
1725 1478 1758 1505 τὸ
1788 1488 1841 1505 πα-

1011 1523 1104 1551 λάτιον
1120 1524 1243 1561 περὶτοῦ
1257 1522 1398 1560 γεγονότος
1427 1522 1600 1559 ἀπελογεῖτο,
1627 1522 1665 1558 μὴ
1690 1522 1838 1560 ἆνταρσίαν

971 1561 992 1594 C
1012 1571 1080 1595 εἶναι
1106 1567 1176 1604 μηδὲ
1195 1568 1340 1595 ἀπόστασιν
1363 1567 1514 1603 ὀμνύμενος
1544 1567 1577 1594 τά
1600 1566 1768 1604 πραχθέντα·
1786 1567 1837 1600 τήν

1009 1615 1058 1640 τοῦ
1074 1615 1158 1640 Φωκᾶ
1173 1611 1202 1639 δὶ
1217 1611 1333 1639 ἐπίθεσιν
1358 1612 1542 1650 ὑφορώμενος,
1571 1611 1647 1649 φησὶ,
1663 1611 1708 1638 καὶ
1739 1610 1839 1643 δεδιὼς

1010 1657 1072 1694 περὶ
1099 1659 1148 1684 τοῦ
1174 1656 1308 1695 βασιλέως
1339 1657 1376 1692 μή
1401 1667 1428 1683 τι
1443 1655 1489 1682 καὶ
1505 1655 1576 1692 πάθῃ
1593 1655 1723 1694 φλαῦρον,
1739 1656 1766 1683 ἐν
1796 1658 1838 1692 τῷ

1010 1701 1136 1737 παλατίῳ
1164 1699 1310 1736 ἠϐουλήθη
1339 1700 1460 1728 ἀνελθεῖν
1490 1700 1534 1727 καὶ
1573 1699 1696 1737 φυλακήν
1732 1699 1837 1728 τούτου

1010 1747 1173 1781 ποιήσασθαι
1200 1745 1245 1773 καὶ
1272 1748 1320 1772 τοῦ
1361 1744 1504 1782 βασιλέως.
1528 1745 1572 1779 Μὴ
1602 1744 1779 1775 πιστεύοντος
1807 1743 1837 1772 δὲ

1008 1789 1056 1818 τοῖ’)
1085 1791 1257 1827 πατριάρχου
1283 1789 1352 1826 μηδὲ
1380 1789 1413 1816 τὰ
1437 1789 1571 1826 λεγόμινα
1591 1787 1755 1826 δεχομένου,
1774 1789 1835 1816 ἐπι-

1010 1835 1124 1872 σπέρχει
1162 1834 1303 1871 Θεόδωρος
1348 1835 1362 1861 6
1388 1833 1567 1871 παιδαγωγὸς
1607 1833 1652 1860 τὸν
1679 1833 1835 1870 Ῥωμανὸν,

1008 1879 1108 1916 ἄραντα
1136 1879 1223 1906 πάντα
1250 1879 1295 1906 τὸν
1320 1877 1430 1912 στόλον,
1460 1878 1600 1915 ἀφικέσθαι
1628 1878 1697 1915 πρὸς
1724 1878 1756 1905 τὸ
1786 1879 1835 1905 τοῦ

1008 1924 1143 1952 παλατίου
1168 1924 1281 1959 νεώριον
1298 1923 1323 1950 έν
1344 1925 1384 1959 τῷ
1407 1922 1601 1952 Βουκολέοντι.
1616 1921 1776 1953 Μέλλοντος
1805 1921 1835 1949 δὲ

1006 1968 1104 1996 τούτου
1133 1967 1178 1996 καί
1206 1967 1401 2004 ἀναδυομένου,
1430 1968 1457 1995 οἱ
1489 1967 1557 2003 πρὸς
1593 1967 1642 2001 τὴν
1685 1966 1835 2001 λεληθυῖαν

1007 2014 1101 2050 πρᾶξιν
1142 2014 1238 2039 τοῦτον
1281 2012 1423 2049 ἐνάγοντες
1460 2012 1599 2039 ἀνέπεισαν
1642 2010 1687 2038 καί
1730 2010 1834 2038 ἄκοντα

1007 2061 1119 2092 ποιῆσαι
1161 2057 1192 2085 τὸ
1229 2056 1420 2093 κελευόμενον,
1448 2055 1559 2092 Ἀμέλει
1587 2055 1632 2083 καὶ
1660 2056 1718 2083 κατ’
1747 2056 1832 2090 αὐτὴν

1005 2103 1055 2135 τήν
1070 2102 1175 2139 ἡμέραν
1190 2105 1240 2135 τῆς
1255 2102 1351 2138 ἱυρτῆς
1374 2103 1423 2128 τοῦ
1452 2100 1658 2139 Εὐαγγελισμοῦ
1688 2100 1833 2138 ἐξαρτύσας

1006 2147 1050 2174 τὸν
1081 2146 1178 2174 στόλον
1205 2145 1365 2182 πολεμικῶς
1393 2145 1544 2184 ἀφικνεῖται
1570 2145 1640 2182 πρὸς
1667 2144 1712 2172 τὸν
1729 2146 1832 2173 Βουκο-

1008 2190 1114 2218 λέοντα.
1133 2190 1182 2218 Καὶ
1212 2190 1347 2229 Στέφανος
1377 2190 1424 2226 μὲν
1450 2189 1528 2221 εὐθὺς
1556 2190 1570 2217 6
1589 2189 1736 2227 μάγιστρος
1765 2190 1832 2216 κάτ-

967 2238 990 2270 [)
1006 2245 1055 2262 εισι
1085 2237 1137 2262 τῶν
1170 2234 1326 2272 βασιλείων,
1344 2233 1426 2262 ἄνεισι
1441 2233 1470 2261 δὲ
1484 2235 1498 2261 6
1522 2234 1664 2272 πατρίκιος
1694 2234 1828 2268 Νικήτας,

1005 2278 1140 2314 κηδεστὴς
1154 2279 1190 2307 ὣν
1207 2281 1359 2316 Ῥωμανοῦ,
1375 2279 1419 2306 καὶ
1445 2278 1554 2316 κατάγει
1575 2279 1621 2306 τὸν
1641 2278 1828 2316 πατριάργην.

1006 2325 1036 2351 Οἱ
1053 2323 1081 2352 δὲ
1096 2324 1158 2362 περὶ
1172 2325 1219 2352 τὸν
1237 2323 1351 2361 βασιλέα
1375 2323 1409 2351 τὰ
1433 2323 1512 2360 τίμια
1540 2323 1586 2351 καὶ
1617 2323 1738 2358 ζωοποιὰ
1762 2323 1830 2358 ξύλα

1005 2370 1159 2406 πέμψαντες
1188 2369 1256 2406 πρὸς
1284 2368 1330 2396 τὸν
1360 2368 1499 2404 Ῥωμανὸν
1536 2368 1582 2396 καὶ
1621 2367 1714 2404 ὅρκοις
1746 2368 1827 2395 αὐτὸν

1004 2412 1270 2453 κατασφαλισάμενοι
1313 2409 1513 2451 φοϐερωτάτοις
1542 2413 1584 2440 καὶ
1624 2413 1701 2450 ἀραῖς
1739 2411 1828 2439 παλα-

122 2469 296 2495 μναιοταταις
327 2458 464 2496 μηδέποτε
489 2459 582 2488 δόλιον
613 2461 681 2488 κατὰ
708 2463 756 2488 τοῦ
793 2461 926 2499 βασιλέως
963 2461 1148 2498 ἔννοήσασθαιι,
1179 2464 1354 2500 συγχωροῦσι
1394 2462 1450 2498 μετ’
1490 2461 1590 2500 ὀλίγων
1627 2461 1707 2489 αὐτὸν
1748 2459 1828 2488 ἀνελ-

121 2506 175 2535 θιῖν
192 2503 218 2532 ἐν
230 2505 269 2540 τῷ
283 2502 422 2540 παλατίῳ.
440 2505 479 2540 [Ρ.
495 2506 559 2541 617]
581 2506 682 2543 “()νπερ
712 2503 856 2542 δεξάμενος
870 2506 883 2532 ὀ
902 2506 1029 2543 βπσιλεὺς
1057 2505 1204 2534 ἀνελθόντα
1233 2506 1278 2533 καὶ
1303 2507 1527 2543 προσκυνήσαντα
1555 2505 1656 2543 εἷ’σάγιι
1685 2506 1753 2533 κατὰ
1779 2505 1826 2532 τὸν

120 2547 146 2575 ἐν
185 2550 225 2584 τῷ
267 2547 350 2586 Φάρῳ
389 2549 464 2582 ναὸν,
493 2549 538 2576 καί
571 2549 674 2580 πίστεις
713 2549 786 2585 αὐτῷ
823 2548 886 2581 δοὺς
919 2550 965 2577 καὶ
1004 2548 1096 2578 λαϐὼν
1134 2551 1340 2588 προχειρίζεται
1377 2552 1473 2578 τοῦτον
1511 2550 1591 2588 μέγαν
1622 2549 1825 2587 ἓταιρειάρχην.

117 2597 271 2635 Γράμματα
311 2597 356 2624 οὖν
391 2597 469 2629 εὐθὺς
503 2597 596 2637 ἰφοίτα
633 2600 701 2637 πρὸς
739 2599 840 2626 Λέοντα
871 2599 916 2626 τὸν
959 2603 1058 2627 Φωκᾶν
1102 2601 1139 2636 μὴ
1171 2599 1339 2636 ὀλιγωρῆσαι
1368 2598 1433 2636 μηδ’
1449 2601 1605 2637 ἀπογνῶναι
1639 2598 1709 2636 μηδὲ
1734 2599 1826 2626 σκαιόν

117 2656 143 2673 τι
175 2645 381 2685 βουλεύσασθαι,
398 2645 471 2674 ἀλλὰ
502 2651 663 2686 προσμεῖναι
683 2649 777 2686 μικρὸν
807 2648 920 2686 ἡσύχως
951 2648 978 2676 ἐν
1006 2651 1045 2685 τῷ
1075 2649 1166 2685 οίκςίῳ
1195 2647 1261 2685 οἴ¹κῳ
1277 2647 1451 2687 διοριζόμενα
1467 2650 1503 2680 ὡς
1521 2648 1677 2686 μιλλοιςοης
1702 2647 1825 2686 γενέσθαι

118 2688 164 2718 διὰ
205 2691 324 2729 βραχέος
363 2692 414 2724 τῆς
451 2691 533 2720 αὐτοῦ
572 2694 712 2732 προνοίας.
741 2693 780 2721 Τὰ
818 2692 999 2731 παραπλήσια
1040 2691 1069 2721 8‘s
1097 2694 1198 2731 γράψαι
1226 2693 1294 2731 πρὸς
1321 2693 1402 2720 αὐτὸν
1430 2693 1475 2720 καὶ
1502 2694 1547 2720 τὸν
1577 2692 1824 2732 παρακοιμώμενον

116 2739 321 2778 κατηνάγκασαν
350 2742 563 2772 Κωνσταντῖνον,
596 2744 683 2781 "Amp
725 2741 869 2780 δεξάμενος
898 2743 912 2769 6
942 2744 1040 2773 Φωκὶς
1076 2742 1191 2781 ἡσυχίαν
1229 2743 1292 2780 ἧγιν
1328 2741 1354 2769 ἐν
1391 2743 1431 2778 τῷ
1459 2742 1527 2770 κατὰ
1549 2743 1600 2778 τήν
1630 2739 1820 2772 Καππαδοκίαν

118 2781 188 2821 οἱίιῳ
206 2783 299 2814 αὐτοῦ.
