1928 3047
105 126 144 155 3'7
786 128 944 162 GEORGII
965 129 1135 160 CEDRENI
1769 131 1810 160 28

107 193 204 220 castra
229 193 408 228 pervenisset
429 194 558 229 Simeon,
582 197 610 223 et
633 195 763 231 diploma
791 196 924 224 exercitui

1012 195 1124 232 τομὲνην
1141 195 1223 223 αὐτοῦ
1249 205 1382 233 πονηριαν
1412 195 1611 234 φανερώσαντα,
1637 194 1699 223 οὔτε
1725 193 1810 232 δομέ-

109 237 234 265 missum
251 238 402 266 recitatum
417 239 540 275 ejusque
556 241 672 276 cognita
687 243 764 268 esset
779 241 933 274 sententia,

108 285 260 317 coeperunt
273 291 376 312 omnes
387 293 404 311 a
414 283 507 312 Leone
520 284 555 312 ad
569 284 731 313 Romanum
749 285 934 321 imperatoris

108 329 220 362 patrem
237 327 409 356 desciscere.
429 329 485 356 Leo
509 329 653 365 principio
677 330 787 357 frustra
809 333 933 358 conatus

109 371 278 407 diplomatis
294 371 448 401 lectionem
466 374 618 410 impedire,
635 383 702 402 mox
717 374 854 410 paulatim
871 383 901 402 se
917 383 934 402 a

108 417 170 444 suis
186 417 280 445 deseri
295 418 408 451 videns,
425 418 588 453 desperatis
610 419 707 453 rebus,
726 419 792 455 fuga
806 419 932 446 salutem

109 461 252 496 quaesivit.
268 463 303 490 Et
318 463 476 490 comitatus
498 463 598 499 paucis
618 463 795 499 quibusdam
810 472 931 492 suorum

107 505 261 534 fidissimis
276 507 312 533 ad
329 506 482 535 castellum
499 508 630 543 pervenit
643 508 690 536 cui
709 516 816 536 nomen
831 509 931 537 Ateus.

109 550 179 578 Inde
194 550 330 586 repulsus
346 551 500 580 castellum
516 553 643 580 obtinuit
663 553 710 580 cui
736 561 843 581 nomen
858 555 933 581 Goe-

107 594 232 628 lcontos,
249 596 333 631 quasi
348 596 536 631 ejulationem
559 598 674 632 Leonis,
691 597 767 626 malo
791 597 931 626 nimirum

108 640 216 668 omine.
233 640 274 668 Ibi
289 649 306 668 a
321 641 462 669 Michaelo
472 642 556 669 Gravi
574 645 602 670 et
617 642 719 670 multis
733 642 800 670 aliis
816 643 932 678 agmine

107 684 182 712 facto
207 685 328 720 capitur.
348 686 503 714 Mittuntur
523 694 590 722 ergo
606 687 656 722 qui
679 696 745 715 eum
761 687 861 724 Cpolin
879 687 930 714 ab-

107 729 227 761 ducant,
242 729 370 758 Joannes
385 731 518 759 Tubaces
533 734 560 759 et
583 732 635 759 Leo
650 732 795 765 Pastelas;
812 732 891 768 iique
905 732 931 759 ei

106 773 206 801 oculos
222 777 340 807 eruunt,
353 776 413 803 sive
428 775 552 810 occulto,
566 778 597 804 ut
613 776 733 812 quidam
749 777 860 810 dicunt,
878 777 931 804 Ro-

106 818 184 845 mani
197 819 297 853 jussu,
313 819 383 854 sive,
395 820 473 855 quod
499 820 646 848 Romanus
667 821 864 855 asseverabat,
880 821 930 856 qui

989 251 1080 268 στικον
1098 241 1164 267 εἶναι
1195 239 1332 278 βουλεται,
1355 238 1412 271 οὔθ’
1428 237 1471 267 ἕνα
1490 239 1573 276 κρίνει
1597 241 1650 267 τῶν
1668 238 1810 276 ὑπηκόων,

989 283 1052 312 ἀλλ’
1067 285 1221 319 ἀποστάτην
1237 285 1281 312 καὶ
1297 284 1436 322 τύραννον,
1452 284 1495 311 καὶ
1512 284 1599 321 χωρὶς
1616 283 1685 321 ἐμῆς
1704 284 1810 322 βουλῆς

987 329 1036 363 τὴν
1057 329 1186 365 τοιαύτην
1216 328 1359 365 ἀνταρσίαν
1386 330 1564 364 συστήσαντα,
1591 327 1629 356 ⁷ίν¹
1656 329 1693 360 εἷς
1715 329 1810 356 ἑαυτὸν

987 374 1018 400 τὸ
1047 377 1096 408 τῆς
1126 373 1266 411 βασιλείας
1289 373 1471 409 ἐπισπάσηται
1504 373 1614 408 κράτος.
1643 375 1734 402 Τοῦτο
1763 373 1809 400 οὖν

988 417 1079 453 εἷ’δὼς,
1095 419 1109 445 6
1124 418 1189 455 ἐμὸς
1207 418 1280 454 λαὸς,
1305 418 1336 445 τὸ
1352 417 1410 445 δέον
1428 418 1543 445 συνιέναι
1559 418 1686 454 Θέλησον,
1702 418 1747 445 καὶ
1762 418 1810 446 τὸν

987 463 1152 500 προγονικὸν
1177 462 1302 501 ἐπιγνοὺς
1328 461 1460 498 δεσπότην
1490 466 1540 498 τῆς
1564 465 1662 497 πικρᾶς
1684 463 1811 500 τυραννί-

988 507 1033 540 δος
1049 507 1193 543 ἆπόστηθι,
1212 520 1226 534 ››
1241 510 1293 535 Τοῦ
1317 506 1346 535 δὲ
1369 507 1482 543 Συμεὼν
1510 507 1660 545 γενομένου
1675 508 1744 535 κατὰ
1756 507 1809 541 τὴν

986 550 1166 588 παρεμϐολήν
1191 553 1235 579 καὶ
1258 552 1289 579 τὸ
1317 549 1538 589 χρυσοϐούλλιον
1558 553 1680 590 φανερῶς
1705 551 1807 588 ἐκπέμ-

986 598 1085 633 ψαντος
1098 599 1138 632 τῷ
1154 596 1224 633 λαῷ,
1249 597 1286 627 ὡς
1310 598 1390 623 τοῦτο
1415 596 1568 634 ἀνάγνωσαν
1593 596 1640 624 καὶ
1659 596 1704 623 τὸν
1725 596 1811 623 αὐτοῦ

986 643 1048 668 νοῦν
1072 639 1247 676 κατενόησαν,
1271 639 1387 678 ἤρξαντο
1410 640 1507 671 πάντες
1528 641 1682 678 ἀναχωρεῖν
1705 640 1750 667 καὶ
1769 642 1809 676 τῷ

989 685 1198 723 βασιλεοπάτορι
1223 685 1402 723 προσρύεσῦαι
1429 687 1570 721 Ῥωμεινῷ.
1601 685 1630 713 Ὁ
1656 683 1685 712 δὲ
1711 686 1810 715 ψωκᾶς

985 732 1094 767 πρῶτον
1125 730 1172 766 μὶν
1197 729 1333 767 πειραθεὶς
1362 731 1412 763 τὴν
1438 729 1586 767 ἀνάγνωσιν
1611 728 1732 757 κωλῦσαι
1759 731 1810 756 τοῦ

985 772 1207 812 χρυσοῦουλλίου
1236 775 1280 802 καὶ
1311 775 1348 810 μή
1378 773 1583 809 δυνηθεὶς,εῖτα
1595 773 1640 801 καὶ
1659 773 1809 811 ὑπορρέου-

985 830 1032 847 σαν
1058 820 1126 847 κατᾶ
1156 820 1251 855 μικρὸν
1282 820 1330 853 τὴν
1360 819 1442 846 αὐτοῦ
1470 818 1579 856 βλέπων
1606 817 1731 854 δύναμιν,
1747 820 1808 848 τοῖς

104 867 133 890 et
152 862 252 899 inique
268 863 322 891 hoc
346 866 378 891 ut
402 864 517 892 nolente
541 873 572 893 se
596 865 704 893 factum
722 866 796 893 ferre
811 865 924 893 videba-

1012 875 1061 896 νοις
1076 864 1232 902 ἀπειρηκὼς
1257 866 1328 901 φυγῇ
1351 863 1399 898 τὴν
1426 862 1562 899 σωτηρίαν
1578 862 1807 900 ἐπραγματεύετο,

103 909 162 941 tur,
179 915 234 935 sua
254 911 368 944 sponte.
385 908 437 936 Hic
463 909 530 937 ﬁnis
554 910 611 937 fuit
635 909 801 938 rebellionis
827 910 927 938 Pbocze

105 952 220 980 Leonis.

985 908 1028 936 καὶ
1045 909 1111 945 μετά
1124 918 1206 935 τινων
1237 907 1337 946 ὀλίγων
1362 910 1416 934 τῶν
1438 907 1605 934 πιστοτάτων
1630 907 1661 934 τὸ
1677 906 1807 945 φρούριον

984 950 1131 980 κατέλαϐεν
1161 951 1283 983 Ἀτεούς,
1309 952 1518 990 ’Δποκρουσθεὶς
1543 950 1567 979 δ’
1582 951 1681 984 ἐκεῖθεν
1697 949 1723 978 ἔν
1737 961 1806 978 τινι-

104 995 204 1032 χωρίῳ
227 997 394 1031 κατήντησεν
424 998 438 1024 ὃ
462 997 670 1034 κατωνομάζετο
699 998 883 1034 Γοηλήοντος,
909 998 923 1025 ὃ
949 998 994 1026 καὶ
1024 1000 1142 1036 φανερῶς
1165 995 1267 1032 ἐδήλου
1296 997 1338 1031 ὡή
1367 997 1465 1024 Λέοντι
1482 1006 1489 1013 ⁸
1519 997 1627 1023 κάκεῖσε
1655 996 1728 1033 παρᾶ
1751 996 1807 1024 Μι-

105 1039 181 1077 χαὴλ
209 1043 258 1068 τοῦ
287 1042 384 1079 Βαρέος
409 1042 453 1069 καί
481 1053 560 1070 τινων
603 1041 696 1070 ἄλλων
734 1043 869 1070 πλείστων
898 1042 939 1069 ἐπ’
980 1042 1060 1070 αὐτὸν
1086 1041 1238 1069 συστάντων
1279 1038 1510 1077 συλλαμϐάνεται.
1535 1039 1682 1068 Στέλλεται
1715 1039 1807 1067 τοίνυν

105 1084 232 1119 Ἰωάννης
258 1085 271 1112 6
302 1083 442 1122 Τουϐάκης
471 1087 514 1114 καὶ
543 1087 618 1115 Λέων
647 1088 661 1114 ὁ
686 1087 831 1123 Παστηλᾶς
861 1087 1012 1124 εἰσαγαγεῖν
1041 1086 1120 1114 αὐτὸν
1150 1086 1187 1117 εἰς
1207 1087 1256 1121 τὴν
1289 1085 1493 1124 βασιλεύουσαν,
1525 1085 1556 1112 Οἱ
1582 1084 1611 1112 δὲ
1635 1087 1732 1113 τοῦτον
1744 1095 1810 1122 κρα-

103 1130 234 1163 τήσαντες
264 1130 471 1167 ἀπετύφλωσαν,
501 1131 538 1162 ὡς
569 1132 615 1168 μὶν
643 1129 710 1159 ἔνιοι
739 1131 862 1169 λέγουσιν
889 1131 1003 1166 ἐντολὴν
1028 1130 1158 1167 λαθραίαν
1193 1128 1323 1160 λαϐόντες
1351 1129 1380 1157 ἐκ
1404 1128 1558 1166 “Ρωμανοῦ,
1575 1129 1612 1160 ὡς
1642 1128 1665 1157 δ’
1690 1129 1716 1156 οἱ
1745 1129 1809 1166 περὶ

104 1174 149 1200 τὸν
176 1174 316 1210 Ῥωμανὸν
359 1174 535 1212 διενίσταντο,
579 1176 729 1214 αὐθαιρέτῳ
756 1176 853 1214 γνώμῃ
889 1187 933 1204 και
975 1175 1153 1213 προαιρέσει·

1198 1175 1241 1202 καὶ
1271 1175 1321 1213 γὰρ
1351 1173 1384 1209 δὴ
1414 1174 1459 1202 καὶ
1487 1173 1574 1202 ἐδόκει
1603 1174 1762 1211 ἀγανακτεῖν
1794 1174 1809 1201 6

103 1218 246 1255 Ῥωμανὸς
261 1219 298 1250 ὡς
311 1220 385 1258 παρὰ
397 1221 447 1256 τὴν
464 1220 546 1249 αὐτοῦ
570 1221 680 1256 θέλησιν
713 1221 858 1259 γεγονότος
887 1223 934 1248 τοῦ
959 1218 1048 1259 ἔργου.
1078 1221 1106 1248 Ἡ
1138 1220 1185 1257 μὶν
1213 1220 1259 1247 οὗν
1287 1221 1336 1247 τοῦ
1365 1219 1479 1250 Λέοντος
1504 1218 1654 1246 ἀποστασία
1681 1217 1806 1246 τοιοῦτον

103 1261 168 1300 ἔσχε
183 1263 213 1290 τὸ
228 1263 306 1294 τέλος
312 1286 318 1292 .

139 1309 213 1336 297
234 1309 303 1336 Alias
321 1318 405 1345 porro
420 1310 533 1338 insidia;
549 1311 680 1339 Romano
696 1314 765 1339 sunt
780 1313 896 1340 structa:
913 1319 930 1338 a

105 1351 296 1380 Constantino
308 1353 434 1388 quodam
445 1354 624 1390 Ctemateno,
636 1354 741 1383 Davido
753 1355 927 1390 Cumiiiano,

104 1398 132 1424 et
152 1396 293 1425 Michaelo
318 1400 452 1426 curatore
476 1407 701 1435 manganorum.
717 1400 738 1427 li
762 1399 927 1427 adolescen-

104 1440 184 1468 tibus
200 1441 377 1476 quibusdam
394 1443 515 1471 armatis
540 1443 690 1479 negotium
715 1444 858 1472 dederunt
873 1444 927 1471 Ro-

105 1485 195 1520 mani,
207 1494 274 1513 cum
290 1486 315 1514 is
329 1489 467 1514 venatum
480 1487 580 1523 exiret,
594 1487 803 1516 interficiundi.
815 1488 928 1520 Quibus

104 1530 230 1565 cognitis
255 1533 283 1558 et
307 1532 538 1567 comprehensis.
558 1533 728 1561 auctoribus
752 1533 927 1561 insidiarum

104 1574 181 1602 oculi
205 1577 275 1602 sunt
298 1576 407 1609 effossi,
422 1579 449 1604 et
465 1576 585 1605 ludibrii
610 1586 701 1605 causa
724 1586 775 1614 per
799 1578 927 1606 medium

105 1619 198 1646 forum
215 1620 420 1656 circumducti,
433 1621 567 1658 interque
580 1630 629 1650 eos
641 1623 697 1651 Leo
713 1622 825 1651 Phocas
840 1623 926 1650 multa

102 1664 246 1692 insidens.

137 1754 280 1782 Accusata
294 1756 338 1782 est
354 1755 441 1783 etiam
462 1756 516 1784 Zoe
538 1756 710 1792 imperatrix
725 1756 809 1792 quasi
825 1763 924 1784 necem

103 1798 232 1826 Romano
257 1801 334 1827 esset
357 1799 535 1835 machinata,
551 1803 580 1828 et
605 1801 712 1836 palatio
736 1802 874 1829 submota
893 1809 925 1828 ac

102 1851 168 1870 rasa
182 1842 211 1870 in
227 1844 438 1872 monasterium
449 1845 478 1873 S.
490 1845 657 1881 Euphemiaa
668 1846 794 1873 detrusa.
809 1846 926 1880 Ejectus

101 1887 189 1915 etiam
212 1890 257 1916 est
279 1888 350 1916 urbe
365 1889 601 1926 Theophylactus
616 1891 764 1926 patricius,
781 1899 814 1918 ac
829 1890 925 1918 Theo-

101 1932 191 1960 dorus
207 1932 394 1968 imperatoris
419 1935 603 1970 paedagogus,
619 1935 742 1970 ejusque
766 1942 925 1970 germanus

101 1976 230 2012 Simecn,
243 1978 320 2013 quod
335 1978 365 2005 in
382 1979 546 2006 Romanum
570 1979 681 2015 aliquid
707 1979 800 2007 moliti
815 1981 924 2013 essent,

98 2021 236 2056 jussique
260 2022 290 2049 in
314 2022 430 2058 Opsicio
457 2024 570 2059 degere.
586 2025 629 2051 Ad
654 2025 706 2052 hos
728 2024 925 2059 deportandos

101 2074 219 2102 cperam
235 2067 359 2094 contulit
372 2067 499 2095 Joannes
515 2068 643 2096 Curcuas
659 2068 836 2105 drungariue
851 2068 925 2102 vigi-

101 2109 155 2144 lite,
173 2110 223 2146 qui
242 2119 292 2138 eos
316 2111 413 2139 subito
428 2114 559 2148 arreptos
575 2113 699 2141 navibus
714 2113 744 2140 in
759 2113 923 2149 oppositam

101 2155 298 2183 continentem
313 2155 437 2191 trajecit.

137 2245 318 2280 Septembris
338 2246 449 2274 mensis
473 2246 519 2274 die
542 2246 577 2274 24
600 2246 730 2274 Romano
744 2247 865 2275 Caesaris
880 2247 924 2275 di-

100 2290 198 2324 gnitas
207 2289 302 2318 delata
312 2292 366 2324 est,
375 2295 402 2318 et
412 2299 512 2319 mense
523 2291 671 2318 Decembri
682 2291 869 2327 imperatorio
880 2293 925 2320 est

100 2335 253 2363 redimitus
261 2335 437 2370 diademate,
445 2344 461 2364 ει
470 2336 636 2372 patriarcha
644 2336 922 2373 Nicolao,permissu

984 1308 1002 1344 ἤ
1032 1310 1150 1344 Συνέστη
1173 1309 1201 1336 δὲ
1226 1308 1271 1336 καὶ
1301 1308 1377 1346 ἑτέρα
1405 1306 1539 1342 έπιϐουλή
1562 1308 1630 1335 κατὰ
1651 1309 1805 1344 Ῥωμανοῦ⁹

983 1355 1056 1392 παρά
1082 1364 1156 1385 τινος
1190 1353 1378 1384 Κωςταντίνου
1413 1354 1608 1389 Κτηματηνοῦ,
1639 1349 1722 1380 Δαϐἰδ
1757 1355 1805 1379 τοῦ

984 1398 1194 1436 Κουμουλιανοῦ
1220 1398 1263 1425 καὶ
1297 1398 1412 1436 Μιχαὴλ
1440 1398 1613 1435 κουράτωρος
1646 1399 1699 1424 τῶν
1736 1407 1804 1434 μαγ-

981 1444 1068 1481 γάνων
1084 1445 1140 1480 (62)
1158 1453 1164 1459 '
1192 1443 1266 1470 οὗτοι
1291 1443 1342 1480 γὰρ
1367 1442 1472 1473 νεανίας
1493 1442 1568 1473 τινὰς
1591 1441 1804 1472 καθοπλίσαντες

982 1488 1049 1516 κατὰ
1063 1487 1093 1515 τὸ
1123 1488 1251 1525 κυνήγιον
1273 1486 1412 1522 ἰξελθόντα
1429 1488 1483 1523 (63)
1512 1487 1558 1514 τὸν
1587 1486 1726 1522 Ῥωμανὸν
1755 1485 1803 1512 έπ-

983 1532 1125 1570 ετρέψαντο
1152 1530 1377 1570 διαχειρίσασθαι.
1403 1532 1449 1558 Ὠν
1474 1530 1659 1569 γνωσθέντων,
1675 1529 1720 1557 καὶ
1737 1528 1806 1557 συλ-

983 1576 1130 1614 ληφθέντες
1147 1577 1172 1603 οἳ
1187 1579 1237 1610 τῆς
1257 1573 1408 1610 ἐπιϐουλῆς
1433 1575 1607 1613 πρωτουργοὶ
1622 1573 1685 1606 τοῦς
1700 1573 1804 1613 ὀφθαλ-

984 1621 1052 1658 μοὺς
1068 1620 1248 1658 ἐπηρώθησαν
1273 1620 1318 1648 καὶ
1347 1619 1392 1647 διὰ
1422 1620 1506 1656 μέσης
1531 1623 1582 1655 τῆς
1610 1620 1710 1657 ἀγορᾶς
1726 1629 1806 1656 περι-

982 1667 1117 1704 ἤχθησαν.
1134 1667 1222 1698 Συνῆν
1246 1664 1275 1693 δέ
1295 1665 1378 1702 ταύτῃ
1401 1666 1435 1702 τῇ
1459 1665 1550 1701 ἀτίμῳ
1574 1666 1731 1703 περιαγωγῇ
1757 1663 1804 1691 καὶ

981 1712 1056 1738 Λὲων
1073 1711 1087 1738 ὁ
1104 1713 1213 1744 Φωκᾶς,
1228 1709 1338 1746 ἡμιόνῳ
1353 1709 1524 1748 ὶφεζόμενος.

1016 1754 1194 1793 Κατηγορήϐη
1212 1753 1241 1782 δὲ
1256 1754 1300 1782 καὶ
1317 1754 1381 1788 Σωὴ
1397 1755 1414 1789 ἡ
1438 1753 1546 1791 βασιλὶς
1561 1755 1595 1790 τῇ
1613 1755 1669 1790 ζωῇ
1686 1750 1802 1781 ἐπιϐου-

980 1800 1096 1831 λεύουσα
1111 1802 1158 1827 τοῦ
1186 1800 1335 1836 Ῥῶμεινοῦ,
1352 1798 1396 1826 καὶ
1420 1801 1468 1826 τοῦ
1493 1798 1629 1826 παλασίου
1644 1799 1801 1836 κατάγεται,

979 1844 1026 1872 κάν
1040 1847 1074 1882 τῇ
1094 1848 1144 1879 τῆς
1170 1844 1263 1881 Ἀγίας
1288 1843 1432 1882 Εὐφημίας
1449 1845 1519 1880 μονῇ
1542 1842 1724 1880 ἀποκείρεται.
1743 1843 1802 1878 Ἐε-

980 1887 1084 1924 εϐλήθη
1101 1887 1130 1916 δὲ
1143 1892 1192 1923 τῆς
1209 1887 1316 1919 πόλεως
1331 1887 1374 1916 καὶ
1391 1887 1580 1925 θεοφύλακτος
1595 1886 1746 1925 πατρίκιος,
1755 1887 1802 1914 καὶ

979 1934 1120 1970 θεὸδωρος
1133 1933 1147 1960 6
1171 1932 1345 1970 παιδαγωγὸς
1367 1934 1417 1960 τοῦ
1444 1931 1590 1970 βασιλέως,
1606 1931 1650 1959 καὶ
1666 1932 1680 1959 6
1701 1931 1801 1958 τούτου

980 1978 1105 2014 ὁμαίμων
1124 1978 1249 2014 Συμεὼν,
1267 1978 1308 2013 [Ρ.
1324 1978 1387 2013 619]
1411 1976 1456 2004 καὶ
1482 1976 1508 2004 ἐν
1528 1979 1568 2012 τῷ
1585 1976 1684 2013 δῴικίῳ
1700 1974 1801 2014 διάγειν

979 2022 1141 2060 ἐτάχθησαν,
1173 2023 1211 2053 ὡς
1239 2022 1310 2060 τάχα
1345 2021 1414 2049 κατᾶ
1449 2022 1591 2057 Ῥωμανοῦ
1623 2019 1801 2057 μελετῶντες.

979 2067 1147 2105 Ὑπούργῃσε
1170 2065 1199 2094 δὶ
1222 2067 1289 2104 πρὸς
1312 2067 1357 2094 τὸν
1380 2065 1572 2102 ἐξοτρακισμὸν
1592 2068 1646 2093 τῶν
1667 2065 1801 2092 τοιούτων

979 2112 993 2139 6
1021 2110 1199 2150 δρουγγάριος
1222 2115 1271 2146 τῆς
1306 2110 1402 2149 βίγλας
1435 2111 1562 2146 Ἰωαννης
1589 2110 1602 2137 ὁ
1631 2109 1799 2147 Κουρκούας,

979 2155 1113 2194 αιφνίδιον
1142 2157 1311 2193 συναρπάσας
1341 2155 1438 2186 αὐτοὺς
1470 2154 1515 2182 καὶ
1544 2154 1656 2185 πλοίοις
1684 2154 1722 2185 εἷς
1749 2154 1801 2188 τὴν

978 2200 1089 2238 περαίαν
1106 2198 1274 2232 διαϐιϐάσας.

1014 2247 1056 2283 Τῇ
1073 2244 1101 2272 δὲ
1115 2243 1157 2273 κδ’
1186 2247 1234 2273 νοῦ
1263 2242 1452 2283 Σεπτεμϐρίου
1479 2244 1566 2281 μηνὸς
1595 2243 1718 2281 ἀνάγεται
1738 2243 1802 2270 Ῥω-

981 2290 1063 2327 μανὸς
1080 2289 1118 2320 εἷς
1140 2289 1189 2324 τήν
1218 2291 1266 2317 τοῦ
1296 2289 1429 2326 Καίσαρος
1459 2288 1544 2324 ἀξίαν,
1568 2288 1612 2315 καὶ
1642 2285 1800 2324 Δεκεμϐρίῳ

980 2335 1046 2372 μηνῖ
1060 2337 1099 2370 τῷ
1114 2338 1164 2369 τῆς
1181 2333 1320 2372 βασιλείας
1345 2332 1493 2370 διαδήματι
1513 2333 1646 2372 στέφεται,
1663 2331 1799 2370 ἐπιτροπῇ

99 2379 295 2414 imperatoris.
313 2382 476 2408 Coronatus
491 2383 589 2408 autem
607 2381 653 2408 die
669 2372 820 2409 sacrorum
835 2381 923 2409 lumi-

1012 2382 1024 2406 ὗ
1051 2378 1185 2417 βασιλέως
1212 2378 1423 2412 Κωνσταντίνου,
1439 2379 1486 2405 τοῦ
1514 2377 1686 2415 πατριάρχου
1714 2377 1799 2405 Νικο-

98 2432 169 2450 num
187 2432 305 2452 uxorem
318 2433 435 2460 quoque
449 2433 534 2453 suam
550 2425 733 2454 Theodoram
748 2428 877 2460 coronat,
894 2428 922 2454 et

98 2476 199 2495 mense
207 2468 344 2503 Maio,die
355 2469 531 2497 Pentecoste:
538 2470 613 2498 291
626 2470 821 2504 sacro,ﬁlium
833 2470 921 2498 etiam

96 2520 184 2540 suum
213 2513 431 2549 Christiferum,
455 2514 645 2543 Constantino
675 2515 773 2552 palam
802 2514 922 2551 quidem

979 2423 1047 2451 λάου
1063 2424 1144 2451 αὐτὸν
1160 2422 1342 2458 ἀναδήσαντος
1361 2433 1367 2439 '
1395 2422 1533 2459 Ῥωμανὸς
1551 2420 1579 2449 δὶ
1593 2420 1746 2453 ταινιωθεὶς
1759 2423 1800 2457 τῷ

981 2468 1116 2507 βασιλικῷ
1145 2466 1293 2504 διαδήματι
1323 2467 1411 2506 στέφει
1436 2467 1495 2494 κατ’
1523 2466 1606 2501 αὐτὴν
1628 2467 1678 2500 τὴν
1693 2465 1800 2503 ἡμέραν

977 2516 1031 2542 τῶν
1048 2513 1129 2552 ἁγίων
1145 2513 1248 2542 Φώτιυν
1266 2512 1321 2550 (64)
1344 2511 1390 2540 καὶ
1415 2511 1465 2546 τὴν
1496 2511 1591 2539 ἑαυτοῦ
1606 2511 1721 2548 σύζυγον
1733 2513 1801 2540 θεο-

694 2591 880 2620 XYLANDRI
900 2591 946 2620 ET
966 2591 1075 2620 GOARI
1095 2590 1212 2619 NOTAE.

132 2651 186 2686 (62)
200 2651 332 2680 Curatore
345 2660 560 2687 manganorum,
581 2654 609 2682 id
634 2656 688 2688 est,
701 2654 875 2682 balistarum
890 2655 919 2682 et

96 2687 385 2731 aliorumuidgelnus
408 2691 633 2731 tormentorum,
652 2693 684 2718 ut
708 2691 789 2731 alibi.
805 2690 872 2731 Χη.
885 2705 918 2731 ξ

96 2723 132 2751 Ut
145 2723 244 2764 palatii
258 2726 286 2752 et
298 2723 596 2764 illiusgarariignram
610 2729 731 2764 gereret,
743 2727 821 2764 sicut
835 2725 918 2764 regina

1009 2653 1064 2689 (63)
1081 2652 1236 2686 Fortassis,
1247 2661 1315 2681 cum
1329 2652 1406 2689 apud
1427 2651 1584 2689 Cynegium
1597 2650 1663 2689 (loci
1679 2657 1798 2689 nomen,

974 2686 1048 2718 forte
1054 2689 1103 2717 ubi
1112 2689 1142 2717 in
1149 2686 1396 2718 urbevenationes
1403 2686 1576 2723 edebantur)
1583 2687 1720 2723 prodiret.
1728 2686 1796 2723 va.

1009 2725 1066 2761 (64)
1082 2727 1155 2754 Puto
1172 2734 1236 2754 esse
1260 2734 1346 2761 quem
1370 2724 1443 2752 alias
1467 2722 1796 2761 PnrilicatioAnisAMaria:

96 2758 248 2796 praecipuae
271 2760 466 2796 curopalates.
482 2762 562 2790 Circa
587 2758 733 2791 machinas
756 2765 785 2790 et
807 2758 920 2790 balista:
972 2758 1087 2795 vocant,
1113 2758 1276 2790 Lichtmss:
1297 2762 1368 2789 Xvn.
1388 2775 1423 2796 εκ
1446 2759 1564 2796 Ctegutit
1591 2758 1795 2796 Xylander__in

96 2798 224 2831 nugatur
238 2795 285 2824 hic
300 2795 482 2826 sclioliastes.
498 2798 588 2826 GOAR.

972 2793 1135 2831 lumine,et
1150 2806 1208 2834 quo
1223 2799 1328 2834 purget
1342 2795 1443 2825 oculos
1457 2794 1576 2832 collyrio
1590 2793 1664 2832 opus
1679 2795 1726 2824 est
1740 2793 1795 2831 illi,
