1936 3048
139 113 186 144 29

711 115 985 147 HISTORIARUM
1008 115 1208 146 GOMPENDI
1215 116 1282 146 UM.
1811 117 1852 148 30

140 176 237 216 δώραιν
253 178 332 215 Μαΐῳ
361 177 389 206 δὶ
419 180 486 215 μηνὶ
511 180 579 208 κατὰ
593 181 642 215 τήν
668 184 717 216 τῆς
742 180 817 219 ἁγίας
832 183 953 215 Πεντηκο

1028 181 1204 209 concedente
1218 183 1247 209 et
1262 181 1413 217 probante,
1430 181 1499 217 quia
1516 181 1590 209 nihil
1610 183 1712 210 contra
1730 182 1788 210 vim
1805 191 1852 218 po-

141 226 213 257 στῆς
229 223 332 259 ἡμέραν
350 223 438 262 οτέφει
455 224 499 251 καὶ
517 225 563 252 τὸν
581 226 676 253 εαυτοῦ
703 226 759 252 υἱον
783 225 970 264 Χριστοφόρον

141 265 191 294 διὰ
214 267 420 295 Κωνσταντίνου
447 270 539 306 τάχα,
575 271 643 297 κατὰ
674 270 720 307 μὲν
748 270 778 297 τὸ
808 270 970 308 φαινόμενον

140 311 288 343 ἐθέλοντος
304 312 347 339 καί
373 312 594 351 καταδεχομένου
617 314 660 342 διὰ
674 315 723 349 τὴν
742 314 812 352 βίαν,
829 314 856 341 ἐν
881 313 909 341 δὲ
932 316 971 349 τῷ

139 355 242 395 ἀφανεῖ
269 356 401 388 ἀλύοντος
431 358 474 385 καὶ
502 359 551 393 τὴν
584 359 723 397 συμφορὰν
750 357 971 395 ἀποκλαιομένου

140 400 183 432 εἰς
200 400 304 430 ἑαυτόν.
322 401 373 430 Καὶ
390 402 469 438 μόνοι
486 403 511 429 οἱ
525 401 573 430 δύο
599 404 655 440 (65)
678 404 746 431 κατὰ
767 404 817 438 τὴν
841 403 968 438 τοιαύτην

138 445 284 482 προῆλθον
299 446 470 483 προέλευσιν.
488 447 599 484 Ἰουλίῳ
614 447 643 475 δὲ
655 449 734 484 μηνὶ,
749 449 774 483 η’
790 446 970 482 ἰνδικτιῶνος,

135 491 157 525 ἡ
189 493 239 525 τῆς
264 490 428 526 Ἑκκλησίας
452 491 561 529 γέγονεν
593 489 700 529 ἕνωσις²
731 492 884 524 ἑνωθέντων
914 494 968 519 τῶν

137 533 347 574 διαφερομένων
378 536 590 574 μητροπολιτῶν
619 547 648 564 τε
676 537 720 564 καὶ
744 536 886 574 κληρικῶν
914 539 968 564 τῶν

134 579 194 606 ἀπὸ
223 578 361 607 Νικολάου
377 581 550 619 πατριάρχου
579 583 623 609 καὶ
655 581 794 618 Εὐθυμίου
810 580 968 618 διεσχισμί-

133 634 205 652 νων.
234 624 265 653 Ὁ
295 623 324 652 δὲ
352 624 480 662 βασιλεὺς
505 626 645 662 Ῥωμανὸς
676 625 788 664 ἐξορίζει
816 626 862 653 τὸν
889 626 967 661 μαγι-

135 678 220 706 στρον
246 669 380 707 Στέφανον
398 669 436 700 εἰς
451 670 500 704 τήν
527 671 686 707 Ἀντιγόνου
702 672 781 705 νῆσον
800 671 836 701 ὡς
851 673 901 705 τῆς
919 671 967 707 βα-

135 714 244 745 σιλείας
259 715 334 752 τάχα
362 714 558 753 ὀριγνώμενον,
588 715 633 744 καὶ
665 716 787 754 μοναχὸν
815 715 967 753 ἀποκείρει,

136 757 188 785 σὺν
205 758 278 795 αὐτῷ
293 757 322 786 δὲ
337 759 381 787 καὶ
398 761 536 797 Θεοφάνην
558 761 603 788 τὸν
627 761 797 798 Τειχιώτην,
822 761 865 788 καὶ
897 759 967 788 H15-

135 802 191 830 λον
206 803 251 831 τὸν
268 803 485 842 ὀρφανοτρόφον,
500 804 564 836 τοὺς
579 804 760 833 οἰκειοτάτους
776 805 862 841 αὐτῷ.
892 805 966 841 Ηρό-

1027 228 1110 259 terat,
1127 226 1239 253 occulte
1256 227 1353 253 autem
1369 234 1444 262 egre
1461 225 1570 253 ferente
1596 229 1624 253 et
1648 233 1731 253 suam
1750 226 1852 262 deplo-

1026 273 1109 298 rante
1125 279 1224 298 secum
1241 270 1449 298 calamitatem.
1467 271 1506 298 Ac
1531 269 1584 298 soli
1610 270 1667 298 duo
1697 270 1746 298 isti
1772 271 1850 298 eain

1025 324 1132 350 pompa
1140 314 1433 351 processeruntJulio
1449 309 1726 348 mense,indictione
1737 318 1850 349 octava,

1025 360 1061 387 ad
1078 360 1263 387 concordiam
1282 359 1430 388 redierunt
1446 359 1634 395 metropolitaa
1645 361 1674 387 et
1687 359 1850 393 clerici,Ni-

1025 403 1099 431 colai
1113 407 1143 431 et
1161 403 1309 440 Euthymii
1335 403 1569 439 patriarcharum
1595 411 1683 431 causa
1707 404 1851 432 hactenus

1025 448 1321 483 disjuncti.Cmterum
1336 449 1482 476 Romanus
1493 448 1652 484 imperator
1666 448 1848 484 Stephanum

1026 493 1202 528 magistrum
1218 492 1247 520 in
1263 492 1402 529 Antigoni
1428 492 1558 520 insulam
1585 492 1705 528 relegat,
1732 492 1850 528 imperii

1024 537 1150 564 all'ectati
1166 539 1348 573 suspectum,
1366 540 1394 564 et
1411 537 1588 564 monachum
1605 538 1685 571 facit,
1701 539 1729 564 et
1739 545 1806 564 cum
1817 545 1850 564 eo

1024 582 1232 617 Theophanem
1249 581 1428 609 Teichiotam
1445 584 1474 608 et
1496 581 1619 609 Paulum
1649 582 1847 617 Orphanotro-

1024 626 1193 662 phum,ejus
1207 626 1412 653 iutimos.Cum
1430 633 1591 661 procensus
1610 626 1692 653 ﬁeret
1706 626 1735 653 in
1751 626 1848 653 tribu-

1024 670 1232 706 nalio,insidiis
1243 670 1549 706 delatisimperatores
1557 670 1655 698 subito
1663 670 1692 698 in
1705 670 1847 706 palatium

1023 716 1297 743 abiverunt.Earum
1314 715 1390 750 capti
1406 717 1542 742 auctores
1556 715 1694 742 Arsenius
1708 715 1850 750 patricius

1022 763 1050 788 et
1064 759 1169 787 Paulus
1181 759 1364 795 manglabita
1380 767 1387 786 :
1404 759 1480 786 oculi
1505 759 1541 786 iis
1564 759 1663 787 ell‘ossi
1683 761 1712 786 et
1727 759 1848 795 relegati

1023 805 1185 839 sunt,bona
1199 812 1299 831 eorum
1317 803 1587 840 publicata.Eodem
1605 812 1687 831 anno.
1698 803 1849 832 Romanus

135 846 288 896 χιὲνσουβὶ
316 848 465 886 γινομένου
493 848 519 876 ἐν
548 851 588 885 τῷ
614 847 807 886 τριϐουναλίῳ,
833 847 957 888 αἰφνίδιο-

1028 849 1114 877 ﬁliam
1131 857 1214 877 suam
1239 848 1381 883 Agatbam
1413 848 1442 875 in
1472 848 1695 876 matrimonium
1725 847 1848 876 collocat

133 892 165 919 οἱ
184 891 306 930 βασιλεῖς
336 892 374 925 εἷς
401 893 432 920 τὸ
458 892 591 921 παλάτιον
621 894 833 932 ὑποστρέφουσιν
854 891 967 921 ἐπιϐου-

135 935 193 970 λῆς
225 937 391 973 μηνυθείσης
407 937 510 968 αὐτοῖς·
535 938 741 975 κατασχεθέντες
758 937 787 966 δὲ
802 939 827 965 οἱ
843 937 966 976 ἔξαρχοι,

1022 894 1110 922 Leoni
1126 893 1227 930 Argyri
1243 893 1314 927 lilio,
1328 893 1390 920 viro
1409 901 1551 928 generoso
1577 901 1610 920 ao
1635 893 1765 928 corporis
1780 893 1845 928 pul-

1023 938 1189 966 chritudine
1204 941 1232 965 et
1247 937 1403 973 prudentia
1419 937 1580 973 praestanti.

133 979 151 1008 δ
183 991 213 1008 τε
236 981 379 1019 πατρίκιος
413 982 551 1020 Ἀρσένιος
580 983 625 1010 καὶ
655 983 669 1010 ὁ
697 981 887 1020 μαγκλαῦίτης
910 983 1028 1017 Παῦλος,
1055 981 1239 1020 τυφλωθέντες
1266 982 1310 1008 καὶ
1339 980 1516 1017 δημευθὲντες
1541 980 1736 1016 ἐξωρίσθησαν.
1766 980 1848 1018 Ἠγά-

133 1035 201 1062 γετο
232 1024 260 1053 δὶ
287 1026 376 1062 τούτῳ
403 1029 443 1062 τῷ
472 1025 524 1054 ἔτει
545 1028 590 1054 καὶ
616 1025 738 1065 γαμϐρὸν
767 1027 811 1055 ἐπὶ
840 1029 874 1065 τῇ
904 1027 986 1055 αὑτοῦ
1015 1027 1124 1065 Θυγατρὶ
1156 1027 1258 1063 Ἀγάθῃ
1285 1026 1426 1062 Ῥωμανός
1455 1026 1469 1053 ὁ
1506 1024 1634 1063 βασιλεὺς
1669 1026 1770 1052 Λέοντα
1802 1025 1847 1052 τὸν

130 1071 185 1096 τοῦ
216 1069 359 1107 ’Δργυροῦ,
387 1069 470 1108 ἄνδρα
503 1074 624 1108 γενναῖον
649 1071 693 1098 καὶ
723 1070 821 1099 κάλλει
852 1072 978 1108 σώματος
1006 1072 1050 1099 καὶ
1081 1070 1139 1106 ἰδέᾳ
1169 1070 1363 1108 ὑπερφέροντα,
1394 1070 1496 1097 συνέσει
1524 1079 1553 1097 τε
1577 1069 1622 1097 καὶ
1639 1070 1768 1107 φρονήσει
1782 1079 1848 1096 κοσ-

136 1113 288 1150 μούμενον.

173 1158 300 1196 Ἐγένετο
325 1157 354 1186 δὲ
378 1159 403 1187 ἦν
419 1162 460 1196 τῷ
484 1160 559 1196 αὐτῷ
585 1160 678 1198 χρόνῳ
701 1161 744 1188 καὶ
772 1162 806 1189 τὰ
820 1162 888 1189 κατά
916 1162 961 1189 τὸν

132 1203 300 1232 Ῥεντάχιον.
326 1203 412 1235 Οὗτος
437 1203 462 1239 ἐξ
488 1203 622 1235 Ἑλλάόος
648 1204 814 1241 ὡρμημένος
829 1205 874 1232 τὸν
902 1206 962 1233 ἑαυ-

132 1249 185 1274 τνῦ
209 1249 357 1285 γεννήτορα
373 1249 548 1286 ἐπεχείρησεν
578 1249 693 1277 ἀνελεῖν.
719 1248 819 1281 Δεδιὼς
849 1249 869 1277 δ¹
893 1249 962 1277 ἀκεῖ-

132 1302 183 1323 νος
199 1293 249 1327 τὴν
264 1291 312 1319 τοῦ
327 1293 387 1320 υἱοῦ
409 1293 529 1328 ἀταξίαν,
544 1293 645 1321 πλοίου
672 1292 767 1325 ἐπιϐὰς
795 1293 872 1321 ἔπλει
894 1295 962 1332 πρὸς

131 1337 166 1363 τὸ
196 1338 341 1371 Βυζάντιον
371 1338 408 1368 ὡς
434 1338 507 1375 τάχα
547 1340 597 1365 τοῦ
628 1337 766 1374 βασιλέως
796 1336 960 1375 δεησόμενος

133 1380 276 1415 ἀνακοπὴν
290 1382 411 1418 γενέσθαι
426 1385 476 1416 τῆς
490 1384 539 1409 τοῦ
567 1382 627 1409 υἱοῦ
649 1381 833 1414 ἀπαιδευσίας.
864 1383 960 1411 Ἀνιὼν

132 1423 165 1451 δὲ
178 1426 329 1462 κατεσχέθη
345 1426 419 1463 παρὰ
440 1428 494 1453 τῶν
510 1429 670 1464 Σαρακηνῶν
686 1427 739 1454 τῶν
757 1427 783 1454 ἐν
799 1429 832 1464 τῇ
858 1428 959 1465 Κρήτῃ.

131 1469 165 1498 Ὁ
202 1468 230 1497 δὲ
257 1469 356 1497 τούτου
385 1471 443 1502 υἱὸς
468 1471 627 1508 ὑποχείριον
656 1468 728 1509 ἔχων
758 1472 804 1499 τὸν
832 1474 958 1508 πατρῷον

132 1513 268 1548 πλοῦτον,
297 1514 414 1542 ἀνελθὼν
448 1516 506 1552 μετ’
534 1516 617 1543 αὑτοῦ
640 1515 678 1547 εἷς
689 1516 739 1550 τὴν
758 1515 958 1553 μεγαλόπολιν,

130 1558 173 1594 τῷ
191 1559 256 1594 θείῳ
270 1558 375 1595 τεμένει
405 1561 454 1593 τῆς
483 1562 531 1587 τοῦ
546 1562 613 1587 Θεοῦ
643 1560 746 1599 Σοφίας
774 1559 957 1598 προσέδραμε.

130 1603 183 1629 κάν
197 1602 288 1638 τούτῳ
311 1604 535 1640 προσκαθήμενος
564 1605 614 1638 τὴν
643 1605 776 1642 πατρικὴν
805 1605 959 1637 κατεσπάθα

132 1647 240 1675 οὐσίαν,
270 1647 328 1675 Οὐκ
353 1647 433 1680 ἔλαθε
445 1647 527 1676 τοῦτο
541 1649 587 1676 τὸν
603 1649 753 1685 Ῥωμανὸν,
781 1648 854 1677 ἀλλά
877 1649 956 1687 γνοὺς

131 1689 317 1718 ἰϐουλεύσατο
360 1691 496 1730 ἐξαγαγεῖν
534 1695 629 1721 τοῦτον
666 1697 716 1727 τῆς
744 1692 890 1729 ἐκκλησίας
912 1693 955 1721 καὶ

1054 1162 1114 1190 Sub
1123 1162 1199 1189 idem
1207 1163 1325 1197 tempus
1331 1160 1489 1188 Rentacius
1497 1159 1840 1193 nationeGraacus.suum

1018 1211 1129 1242 patrem
1145 1206 1309 1233 interﬁcere
1331 1214 1398 1233 cum
1427 1207 1591 1238 conaretur,
1619 1208 1701 1240 pater
1724 1204 1776 1231 ﬁlii
1792 1203 1840 1231 in-

1016 1251 1188 1287 temperiem
1204 1253 1339 1278 metuens
1354 1258 1514 1278 conscenso
1534 1249 1650 1285 navigio
1665 1248 1839 1285 Bysantium

1016 1304 1118 1323 versus
1131 1295 1328 1331 navigavit,eb
1344 1295 1517 1330 imperatore
1531 1294 1679 1330 petiturus
1695 1297 1727 1321 ut
1743 1293 1794 1320 lilii
1805 1293 1840 1320 li-

1015 1340 1146 1367 bidinem
1160 1340 1236 1368 298
1253 1341 1449 1374 compesceret
1464 1347 1472 1373 ;
1487 1341 1589 1373 estque
1613 1346 1630 1365 θ.
1653 1337 1842 1365 Cretensibus

1015 1385 1167 1412 Saracenis
1177 1386 1292 1419 captus.
1309 1383 1400 1411 Filius
1413 1385 1602 1418 paternarum
1616 1390 1706 1417 opum
1721 1389 1842 1418 compos

1015 1429 1108 1457 factus
1126 1437 1193 1456 cum
1208 1428 1245 1456 iis
1261 1436 1292 1456 se
1307 1427 1408 1463 Cpolin
1425 1427 1551 1455 contulit
1566 1428 1601 1454 ad
1619 1427 1734 1462 Sophim
1765 1428 1839 1454 tem-

1015 1474 1095 1509 plum
1109 1481 1115 1500 :
1133 1473 1232 1508 ibique
1247 1473 1385 1500 desidens
1402 1474 1522 1507 paterna
1531 1471 1608 1499 bona
1623 1471 1767 1507 prodegit.
1784 1471 1840 1498 Bo-

1014 1525 1121 1545 manus
1137 1526 1167 1545 re
1183 1520 1332 1552 comperta
1347 1517 1456 1552 templo
1477 1524 1544 1544 eum
1560 1516 1682 1543 educere
1706 1518 1734 1542 et
1749 1514 1839 1543 casti-

1014 1570 1082 1598 gare
1102 1562 1237 1590 intendit.
1259 1562 1339 1594 Quod
1366 1561 1522 1588 Rentacius
1552 1568 1618 1588 cum
1648 1560 1840 1587 subodorare-

1015 1610 1071 1640 lur,
1088 1606 1193 1634 litteris
1208 1607 1244 1634 ab
1265 1606 1438 1641 imperatore
1464 1605 1499 1633 ad
1525 1605 1691 1632 Simeonem
1705 1603 1838 1632 conﬁctis

1011 1651 1046 1678 ad
1078 1651 1218 1686 Bulgaros
1248 1651 1432 1686 transfugere
1460 1649 1600 1682 instituit,
1627 1648 1838 1684 convictusque

1011 1694 1143 1723 criminis
1158 1695 1251 1722 oculis
1265 1698 1310 1722 est
1328 1697 1355 1722 ct
1370 1695 1454 1722 bonis
1469 1694 1622 1729 spoliatus.

130 1734 288 1762 παιδεῦσαι·
315 1736 342 1762 Ὁ
372 1735 400 1763 δὲ
435 1735 626 1775 πληροφορίαν
659 1738 745 1776 σγὼν,
778 1737 907 1775 βασιλικὰ
934 1737 1108 1775 πλασάμενος
1135 1739 1283 1776 γράμματα
1309 1739 1345 1769 ὡς
1375 1736 1453 1772 δῆθεν
1479 1736 1666 1776 ἐκπεμφθέντα
1693 1737 1762 1774 πρὸς
1787 1736 1832 1764 τὸν

128 1780 259 1816 Συμεὼν,
287 1779 487 1816 αὐτομολήσειν
513 1778 692 1810 ἐϐουλεύσατο
720 1782 788 1819 πρὸς
814 1782 879 1814 τοὺς
895 1781 1075 1820 βουλγάρους.
1089 1783 1139 1810 Καὶ
1155 1783 1297 1821 ἐλεγχθεὶς
1311 1784 1360 1817 τῆς
1379 1793 1409 1810 τε
1424 1782 1515 1813 οὐσίας
1530 1782 1575 1809 καὶ
1601 1784 1654 1809 τῶν
1684 1780 1834 1820 ὀφθαλμῶν

126 1826 263 1860 στερεῖται
268 1845 274 1852 .

163 1870 206 1905 [Ρ.
222 1869 285 1905 620]
307 1867 490 1906 ’Λδραλὲστου
506 1869 535 1897 δὶ
548 1872 597 1898 τοῦ
624 1869 785 1907 δομεστίκου
807 1874 860 1898 τῶν
886 1881 954 1910 σχο-

124 1911 185 1940 λῶν
216 1913 423 1950 ἀποθανόντος,
456 1912 617 1952 προεϐλήθη
649 1916 736 1947 Πόθος
765 1916 779 1943 ὁ
807 1915 952 1954 Ἀργυρός.

125 1959 179 1986 Καὶ
199 1961 253 1986 τῶν
282 1958 448 1997 Βουλγάρων
478 1959 545 1997 ἄγρι
573 1962 626 1988 τῶν
657 1963 835 1997 Κατασυρτῶν
862 1961 952 1997 ἐξελα-

124 2004 233 2031 σάντων
263 2002 344 2038 ἔξεισι
371 2005 415 2031 καὶ
443 2004 523 2036 αὐτὸς
555 2005 622 2041 μετὰ
650 2008 704 2032 τῶν
717 2007 877 2043 ταγμάτων,
905 2007 950 2034 καὶ

122 2050 293 2082 κατασκηνοῖ
313 2049 383 2076 κατὰ
402 2049 452 2083 τὴν
478 2048 630 2087 λεγομένην
653 2050 838 2087 Θερμόπολιν.
862 2053 950 2080 Ἐκεῖ-

123 2092 167 2120 θεν
200 2091 229 2119 δὲ
262 2092 379 2130 Μιχαὴλ
416 2095 615 2132 ταγματάρχην
654 2095 700 2123 τὸν
730 2097 778 2123 τοῦ
805 2095 951 2133 πατρικίου

125 2135 328 2173 Μωρολέοντος
345 2137 402 2164 υἱὸν
432 2138 476 2166 ἐπὶ
504 2140 678 2174 κατασκοπὴν
704 2142 758 2167 τῶν
790 2140 951 2178 Βουλγάρων

123 2179 271 2217 ἐκπέμπει.
300 2181 331 2210 Ὁ
359 2180 388 2209 δὶ
417 2182 579 2220 ἀπροόπτως
607 2187 667 2215 ταῖς
697 2181 876 2221 βαρϐαρικαῖς
901 2184 950 2221 ἰμ-

122 2225 213 2252 πεσὼν
234 2224 363 2263 ἐνέδραις,
389 2225 498 2264 ἐπείπερ
526 2227 630 2266 ἄφυκτα
654 2229 699 2263 ἦν,
728 2228 853 2266 τρέπεται
881 2230 950 2266 πρὸς

123 2269 224 2304 ἀλκὴν,
251 2270 296 2297 καὶ
327 2269 451 2302 πολλοὺς
484 2274 538 2299 τῶν
575 2272 742 2310 Βουλγάρων
770 2272 874 2301 ἀνελὼν
903 2274 948 2301 καὶ

122 2314 305 2351 τρεψάμενος,
334 2315 439 2352 καιρίαν
469 2314 498 2344 δὲ
525 2317 618 2348 rural:
633 2318 677 2345 καὶ
699 2317 788 2352 αὐτὸς,
818 2318 948 2352 ὶπανῆκεν

122 2357 160 2390 εἷς
176 2359 226 2393 τὴν
257 2358 383 2396 βασιλίδα
405 2360 450 2388 καὶ
474 2362 542 2397 μετὰ
559 2362 655 2399 μικρὸν
684 2361 854 2397 ἐνελεύτησε.
883 2364 954 2391 Τότε

124 2402 153 2430 δε
167 2403 212 2431 καὶ
238 2406 278 2440 τῷ
308 2405 416 2442 βασιλεῖ
437 2406 570 2442 Ῥωμανῴ
598 2404 733 2442 ἐπιϐουλή
753 2406 883 2443 μηνύεται
897 2400 954 2435 κοιτ⁷

122 2447 219 2481 αὐτοῦ,
233 2449 389 2485 προστάτην
406 2448 509 2487 ἔχουσα
522 2451 569 2478 τὸν
583 2450 764 2489 σακελλάριον
781 2452 839 2488 (66)
874 2454 956 2479 Ἀνα-

1046 1873 1159 1901 Mortuo
1175 1872 1328 1901 Adralesto
1353 1872 1519 1900 scholarum
1543 1871 1705 1900 domestico
1721 1871 1834 1899 Pothus

1008 1920 1139 1954 Argyrus
1154 1917 1353 1951 sufﬁcitusz,
1364 1916 1496 1952 Bulgaria
1512 1916 1675 1951 grassando
1692 1924 1785 1952 usque
1797 1916 1831 1943 ad

1008 1963 1158 1999 Catasyrta
1182 1962 1354 1998 progressis,
1389 1961 1489 1997 copias
1510 1962 1613 1988 contra
1636 1968 1686 1988 eos
1711 1960 1829 1993 educit;

1007 2007 1171 2043 castrisque
1178 2007 1213 2035 ad
1220 2005 1425 2042 Thermopolin
1434 2005 1537 2041 positis
1545 2004 1724 2032 Michaelum
1731 2004 1833 2032 cohor-

1006 2051 1044 2079 tis
1064 2052 1245 2088 praal'ectum,
1262 2051 1378 2087 patricii
1394 2050 1572 2078 Moroleonis
1593 2049 1699 2082 filium,
1725 2057 1831 2084 specu-

1004 2095 1097 2124 latum
1113 2096 1311 2130 cmittit.‘Qni,
1335 2095 1493 2131 improviso
1522 2094 1552 2122 in
1580 2093 1750 2122 barbaricas
1780 2094 1830 2121 de-

1003 2140 1106 2176 lapsus
1130 2141 1265 2174 insidias,
1290 2148 1357 2167 cum
1384 2140 1458 2175 fuge
1484 2139 1566 2167 locus
1591 2147 1650 2166 non
1665 2140 1753 2172 esset,
1769 2137 1829 2165 vim

1005 2188 1108 2221 parat;
1125 2185 1287 2221 multisque
1309 2184 1442 2220 Bulgaris
1466 2183 1587 2219 dejectis
1603 2191 1636 2210 ac
1662 2182 1764 2218 pulsis,
1780 2190 1830 2210 ac-

1004 2232 1088 2265 cepto
1106 2229 1208 2257 lethali
1233 2228 1362 2262 vulnere,
1379 2228 1479 2264 Cpolin
1505 2228 1582 2255 redit
1603 2227 1748 2263 pauloque
1764 2229 1832 2262 post

1005 2274 1140 2302 moritur.
1157 2274 1240 2302 Tuno
1269 2275 1297 2302 et
1326 2274 1459 2301 Romano
1476 2273 1594 2300 detectae
1623 2275 1692 2299 sunt
1717 2271 1831 2299 insidias

964 2304 988 2337 Β
1003 2327 1076 2354 quas
1087 2318 1143 2353 ipsi
1159 2318 1330 2346 sacellarius
1342 2317 1517 2346 Anastasius
1528 2316 1830 2349 struxerat,nimirum

1008 2371 1061 2400 pro
1076 2363 1268 2391 Constantino
1281 2371 1480 2399 propugnans.
1507 2361 1617 2388 Harum
1641 2361 1776 2388 auctores
1798 2368 1832 2389 ac

1010 2408 1143 2436 conscios
1158 2416 1211 2435 suo
1231 2415 1379 2443 quemque
1395 2406 1539 2434 arbitratu
1560 2407 1709 2432 Romanus
1724 2403 1832 2439 puniit,

1009 2452 1164 2481 Anastasio
1182 2451 1325 2480 monacho
1341 2452 1425 2479 facto.
1437 2449 1720 2484 Constantinumque
1729 2447 1832 2476 exinde

723 2548 908 2578 XYLANDRI
930 2549 974 2578 ET
995 2549 1103 2578 GOARI
1124 2549 1238 2578 NOT/E.

123 2629 182 2671 ubi
205 2632 420 2671 Purilicationis
446 2632 524 2671 diem
553 2633 770 2669 interpretatur,
800 2635 866 2669 qui,
896 2643 948 2663 ceu

125 2668 570 2707 notissimus,Theophaniorum
582 2668 646 2698 esse
656 2668 848 2707 dignoscitur.
856 2668 947 2699 GOAR.

139 2736 144 2741 ι
160 2703 215 2739 (65)
230 2704 380 2732 Obscurus
394 2703 486 2732 locus.
504 2705 587 2734 Forte
602 2703 790 2735 Constantino
806 2707 884 2734 domi
900 2716 947 2735 re-

124 2735 194 2778 licto
207 2735 238 2766 δι
252 2743 350 2776 spreto
366 2742 516 2769 Romanus
531 2750 597 2769 cum
614 2742 685 2776 ﬁlio,
703 2745 803 2778 utpote
817 2743 947 2778 impera-

124 2772 212 2810 tores,
242 2772 355 2804 sa'cram
384 2784 522 2813 pompam
550 2772 706 2807 duxerunt.
736 2772 775 2807 De
803 2772 947 2814 proéensu

1004 2635 1084 2664 alibi.
1101 2635 1306 2664 Tribunalium
1321 2634 1403 2662 locus
1419 2633 1575 2662 tribunalis
1587 2632 1712 2660 videtur.
1728 2632 1798 2659 XYL.

1039 2672 1096 2706 (66)
1111 2672 1202 2703 Quem
1224 2670 1355 2699 thesauri
1377 2666 1826 2707 praefectumetcustqdem'sub

1002 2702 1156 2743 loéothetaa
1167 2707 1360 2743 dispositione
1377 2702 1666 2743 positumiexi‘stimo.
1683 2702 1828 2731 Pancirol-

1002 2741 1049 2771 lus
1066 2745 1093 2770 in
1110 2744 1198 2771 Notit.
1216 2741 1323 2778 imper.
1340 2741 1387 2776 Or',
1405 2742 1487 2778 c147.
1505 2741 1627 2778 Lexicon
1643 2746 1824 2778 an_onymum

1001 2780 1185 2809 bibliotheca:
1200 2775 1294 2816 Regia:
1310 2787 1316 2808 :
1334 2777 1484 2806 Σακὲλλιον
1503 2776 1658 2815 βαλάντιον.
1671 2775 1761 2804 (ΞοΑιι.
