1928 3047
66 100 102 128 δι
745 102 903 134 GEORGII
925 101 1097 132 CEDRENI
1730 101 1770 131 32

66 167 217 195 detrusum
233 169 362 196 secundo
377 169 486 203 loco,se
502 170 599 206 priore
615 172 821 206 imperatorem
832 169 889 197 dici
904 171 932 204 Α
946 168 1053 195 στάσιον
1072 189 1078 202 ,

63 212 351 247 jussit,praatendens
367 213 443 241 hanc
453 223 540 241 unam
555 215 631 242 299
643 214 890 242 esseinsidiarum

67 258 291 284 evertendarum
308 258 464 285 rationem.
483 260 525 286 Ita
542 260 578 286 ob
594 267 640 286 res
656 260 748 286 ﬂuxas
778 262 806 286 et
834 259 891 285 im—

68 299 181 334 perium
199 302 343 329 caducum
361 302 510 330 Romanus
524 303 644 339 perjurii
665 312 696 331 se
711 303 850 339 obligavit
864 306 892 330 et

67 353 84 370 a
103 345 157 372 Deo
174 345 358 374 abalienavit.
378 347 427 374 Hic
444 350 506 375 erat
521 356 618 376 rerum
638 348 818 375 urbanarum
835 350 892 374 sta-

66 390 126 417 tus.

1110 168 1176 204 ὑπὶρ
1200 169 1249 195 τοῦ
1279 167 1412 205 βασιλέως
1441 166 1519 202 δῆθεν
1545 167 1769 204 ἀγωνιζόμενον·

946 213 991 239 καὶ
1013 215 1066 239 τῶν
1083 211 1176 239 αἶτίων
1206 213 1393 249 συσχεθέντων
1409 210 1521 243 ἕκαστος
1548 212 1616 239 κατὰ
1634 212 1666 239 τὸ
1693 210 1771 246 δόξαν

946 257 1106 294 ἐτιμωρήθη
1136 259 1175 292 τῷ
1201 255 1309 294 βασιλεῖ
1338 255 1471 292 Ῥωμανῷ
1509 259 1557 283 τοῦ
1595 255 1771 284 Ἀναοτασίου

946 301 1128 337 ἀποκαρέντος
1145 303 1280 338 μοναχοῦ.
1298 301 1341 336 Ἐξ
1357 301 1391 335 ἧς
1407 301 1494 332 αἰτίας
1519 301 1564 328 καὶ
1588 301 1602 327 ὁ
1628 302 1772 328 Κωνσταν-

945 349 1020 377 τῖνος
1037 343 1239 380 ὑποϐιϐάζιται,
1266 346 1311 373 καὶ
1339 345 1463 383 δεύτερος
1488 345 1666 383 ἀνηγορεύετο
1693 346 1772 383 βασι-

947 390 1021 425 λεὺς,
1037 393 1145 428 πρῶτος
1161 389 1189 418 δὲ
1204 391 1218 417 6
1237 390 1385 427 Ῥωμανὸς,
1414 384 1653 427 προῴασισοὶμενος
1683 390 1771 420 οὕτως

74 434 164 469 μόνως
192 433 303 462 δυνατὸν
332 435 396 462 εἶναι
421 437 630 471 innovatae-avet
658 437 706 467 τὰς
733 433 892 471 ἐπιϐουλὰς,
923 434 967 462 διά
994 446 1023 462 τε
1055 435 1203 472 πράγματα
1232 435 1382 472 πρόσκαιρα
1409 435 1454 462 καὶ
1483 433 1623 472 βασιλείαν
1649 435 1771 474 φθαρτὴν

67 479 113 506 καὶ
141 478 270 516 ἐπίκηρον
298 479 423 516 ἐπιορκίᾳ
450 481 602 518 περιπεσὼν
628 480 672 508 καὶ
701 483 747 508 τοῦ
773 482 839 508 Θεοῦ
867 479 1014 517 γενόμενος
1047 481 1179 516 μῆκοθεν.
1210 479 1260 512 Καὶ
1288 479 1322 507 τὰ
1346 479 1394 516 μὶν
1419 480 1487 507 κατὰ
1500 480 1550 513 τήν
1565 478 1646 506 πόλιν
1662 478 1771 518 ἰφέρετο

66 522 143 561 τῇδε.

102 570 138 596 At
161 568 278 596 Simeon
303 569 409 597 iterum
443 578 583 606 magnum
609 573 712 599 contra
744 573 892 599 Romanos

69 612 178 640 emittit
193 613 364 648 exercitum,
382 615 455 642 duce
466 615 675 651 Ghagano,uno
691 624 812 643 suorum
829 623 892 650 pro-

68 665 181 691 cerum,
198 660 225 685 et
239 658 343 685 Minico
360 659 534 694 equisonum
552 661 697 696 principe;
714 660 893 695 mandatque

69 705 101 729 ut
116 707 193 729 recla
208 703 243 730 ad
260 703 360 730 urbem
377 705 729 736 contendantﬁomanus,
742 705 778 731 de
792 711 892 731 eorum

67 746 192 774 adventu
207 747 315 774 certior
330 743 636 785 factus,metuensque
652 758 687 777 ne
703 750 722 776 ii
739 748 895 785 pulcherri-

68 799 116 818 ma
132 791 197 818 urbi
213 792 444 827 propinquorum
461 793 591 821 locorum
607 794 715 829 palatis.
730 797 758 821 et
773 793 895 820 aediﬁcia

981 569 1012 597 Ὁ
1036 567 1065 596 δὶ
1090 569 1202 604 Συμεὼν
1238 567 1320 595 πάλιν
1353 567 1467 605 δύναμιν
1499 568 1607 606 βαρεῖαν
1638 567 1772 604 ὶκπέμπει

946 613 1013 640 κατὰ
1028 613 1182 649 Ῥωμαίων,
1205 611 1318 650 ἔξαρχον
1343 611 1459 651 ἔχουσαν
1483 613 1614 651 Χαγάνον,
1644 611 1691 639 ἕνα
1715 614 1770 639 τῶν

947 658 1009 695 παρ’
1025 657 1098 693 αὐτῷ
1114 657 1182 695 μέγα
1198 655 1365 692 δυναμένων,
1386 657 1431 684 καὶ
1460 657 1577 685 Μινικὸν
1605 659 1659 684 τῶν
1689 657 1773 683 ἱππο-

947 703 1040 738 κόμων
1069 703 1113 729 τὸν
1144 704 1263 739 πρῶτον,
1294 703 1335 733 οἷς
1361 701 1510 738 ἐπέσκηψεν
1536 701 1595 729 κατ’
1618 702 1705 735 αὐτῆς
1734 701 1772 731 ὡς

947 747 1063 784 τάχιστα
1090 749 1140 781 τῆς
1162 746 1270 776 πόλεως
1295 745 1493 784 ἐκστρατεῦσαι.
1517 747 1564 773 Ὧν
1593 747 1643 780 τήν
1673 743 1770 784 ἔφοδον

949 792 1094 827 ἁναμαθὼν
1111 792 1124 817 ὁ
1143 790 1270 827 βασιλεὺς
1286 791 1437 827 Ῥωμανὸς,
1458 791 1503 818 καὶ
1523 790 1705 828 λογισάμενος
1731 791 1768 826 μή

67 836 204 863 incendio
219 839 378 868 vastarent,
392 837 534 865 Joannem
560 841 702 866 rectorem
718 846 784 865 cum
803 838 893 864 Leone

983 847 1003 867 ις
1019 835 1177 867 ἐπελθόντες
1192 835 1225 862 τὰ
1247 834 1381 863 κάλλιστα
1408 837 1462 862 τῶν
1492 834 1702 870 πλησιαζόντων
1732 836 1769 871 τῇ

68 884 95 908 et
110 880 200 907 Potho
213 881 333 916 Argyris
348 881 462 909 obviam
479 890 520 909 ire
535 882 632 918 jubet,
663 882 821 910 exercitum
838 882 890 908 du-

70 928 168 952 centes
196 924 325 952 validum
351 933 384 952 ex
400 925 598 960 imperatoriis
627 926 836 954 sodalitatibus
865 928 893 953 et

70 969 241 997 cohortibus
283 969 349 997 aliis
378 973 569 998 contractum.
599 971 702 999 Adfuit
737 972 773 999 iis
803 971 891 998 etiam

69 1013 188 1041 Alexius
205 1013 346 1049 patricius
362 1017 390 1042 et
406 1015 584 1051 drungarius
601 1016 640 1044 rei
658 1015 781 1050 navalis,
797 1019 825 1043 et
836 1015 893 1042 Mo-

73 1057 149 1085 seles
167 1066 234 1085 cum
265 1058 338 1086 suis.
368 1058 475 1091 Quinta
500 1060 685 1095 Jejuniorum
719 1059 893 1096 septimana,

72 1102 201 1129 exercitu
210 1103 238 1130 in
251 1102 372 1138 planitie
383 1103 524 1139 Pegarum
534 1105 677 1133 instructo
686 1104 894 1132 substiterunt.

74 1147 115 1174 Ibi
132 1146 266 1182 Bulgaria
281 1155 313 1175 se
328 1148 425 1175 subito
438 1148 628 1183 prodentibus
645 1152 673 1176 et
687 1149 813 1176 obscura
827 1156 893 1176 cum

71 1191 282 1219 vociferatione
297 1201 329 1219 ac
346 1200 453 1228 magno
469 1194 581 1229 impetu
607 1193 788 1221 irruentibus
802 1194 896 1220 rector

69 1235 200 1264 Joannes
217 1237 317 1272 fugam
334 1236 421 1270 facit;
436 1244 468 1265 ac
479 1238 620 1273 patricius
630 1238 773 1265 Photinus
783 1237 894 1273 Latipe-

69 1279 114 1307 dis
131 1279 209 1307 filius
227 1288 277 1315 pro
294 1289 327 1308 eo
344 1289 480 1317 pugnans
506 1282 616 1318 aliique
638 1282 715 1309 haud
741 1282 826 1317 pauci
841 1281 895 1309 ob-

69 1327 257 1352 truncantur.
274 1327 378 1353 Rector
391 1333 466 1361 aegre
482 1329 616 1354 servatus
631 1327 661 1354 in
685 1326 810 1354 celocem
826 1334 895 1354 eva-

70 1367 119 1396 sit.
136 1369 215 1395 Idem
239 1368 332 1396 facere
354 1369 454 1397 volens
478 1370 596 1398 Alexius
621 1371 811 1406 drungarius,
827 1378 893 1397 cum

71 1413 228 1440 ascendere
244 1413 387 1448 nequiret,
406 1415 442 1441 de
458 1414 544 1442 scalis
561 1414 666 1442 uelocis
694 1415 723 1442 in
740 1422 820 1442 mare
844 1414 895 1441 de-

75 1457 149 1485 oidit
165 1457 243 1485 300
258 1465 325 1485 cum
340 1466 394 1486 suo
410 1459 676 1494 protomandatore,
695 1461 723 1486 et
737 1459 897 1486 suffocatus

71 1504 125 1530 est.
143 1502 198 1529 Leo
214 1504 242 1529 et
258 1502 368 1530 Pothus
383 1503 485 1539 Argyri
501 1503 530 1531 in
546 1503 699 1531 castellum
721 1504 790 1537 fuga
804 1511 834 1531 se
850 1511 894 1530 re-

69 1549 218 1581 ceperunt.
236 1546 358 1582 Reliqua
374 1547 531 1575 multitudo
556 1548 662 1583 partim
687 1547 816 1575 hostium
833 1556 891 1575 ma-

69 1599 124 1618 nus
140 1591 210 1618 dum
227 1591 354 1627 effugere
371 1591 482 1627 volunt,
517 1592 546 1619 in
577 1593 650 1620 mari
679 1595 813 1628 pereunt,
842 1592 892 1619 alii

946 880 1026 908 πόλει
1054 879 1193 907 παλατίων
1228 880 1272 906 καὶ
1302 880 1460 916 οἰκημάτων
1490 879 1692 917 πυρπολήσωσι
1721 879 1768 906 τὸν

948 925 1085 962 ῥαίκτωρα
1122 925 1244 960 Ἰωάννην
1282 925 1339 961 ἅμα
1381 924 1475 952 Λέοντι
1512 925 1556 951 καὶ
1596 924 1674 960 Πόθῳ
1710 926 1770 954 τοῖς

947 970 1092 1007 Ἀργυροῖς
1107 969 1238 1005 ἐκπέμπει
1257 969 1323 1005 μετὰ
1355 968 1481 1004 πλήθους
1509 969 1604 996 ἰκανοῦ
1619 967 1648 996 ἔκ
1675 979 1704 996 τε
1718 972 1770 1003 τῆς

949 1013 1094 1052 βασιλικῆς
1111 1013 1240 1050 ἑταιρείας
1265 1013 1309 1040 καὶ
1337 1015 1392 1040 τῶν
1418 1015 1593 1051 ταγματικῶν
1623 1014 1692 1049 (67),
1726 1014 1769 1044 οἷς

948 1061 1029 1090 συνῆν
1054 1059 1098 1085 καὶ
1128 1059 1141 1085 6
1167 1058 1310 1095 πατρίκιος
1347 1057 1469 1092 Ἀλέξιος
1505 1058 1550 1085 καὶ
1590 1056 1771 1095 δρουγγάριος

946 1105 1000 1130 τῶν
1031 1101 1167 1138 πλωίμῶν
1198 1102 1211 1128 ὁ
1240 1102 1360 1136 ΜωσηΛὶ
1377 1103 1444 1138 μετᾶ
1457 1104 1510 1129 τῶν
1528 1102 1571 1129 ὑπ’
1585 1102 1676 1130 αὐτόν.
1694 1101 1770 1129 Κατὰ

949 1146 977 1174 ’δὲ
1005 1147 1054 1182 τήν
1083 1147 1101 1173 ε’
1125 1144 1264 1182 ἑϐδομάδα
1290 1149 1343 1173 τῶν
1371 1148 1509 1181 Νηστειῶν
1533 1145 1703 1181 διατάξαντες
1725 1146 1773 1173 τὸν

949 1191 1013 1219 λαὸν
1031 1191 1055 1218 ἐν
1071 1193 1129 1222 τοῖς
1144 1189 1265 1222 πεδινοῖς
1280 1193 1334 1218 τῶν
1352 1193 1451 1228 Πηγῶν
1475 1191 1571 1222 τόποις
1591 1191 1770 1228 προσέμενον.

949 1237 1066 1267 Ἐκεῖθεν
1095 1234 1124 1263 δὲ
1149 1238 1202 1262 τῶν
1233 1235 1396 1273 Βουλγάρων
1427 1232 1613 1274 ἁναφανίντών
1642 1235 1687 1262 καὶ
1717 1235 1770 1272 βοῇ

948 1280 1130 1318 χρησαμένων
1151 1280 1250 1316 ἀσήμῳ
1274 1280 1320 1306 καὶ
1343 1278 1468 1318 σφοδρῶς
1496 1279 1684 1307 ὶπελασάντων
1711 1279 1770 1306 κατ’

949 1325 1047 1358 αὐτῶν,
1078 1324 1170 1363 φεύγει
1201 1324 1247 1360 μὲν
1279 1324 1292 1350 6
1323 1323 1440 1361 ῥαίκτωρ
1470 1323 1606 1359 Ἰωάννης,
1624 1324 1768 1363 σφάττεται

949 1369 978 1397 δὶ
1007 1370 1072 1407 ὑπὲρ
1102 1369 1185 1396 αὐτοῦ
1212 1368 1412 1406 ἀγωνιζόμενος
1442 1367 1578 1399 Φωτεινός
1598 1368 1740 1404 πατρίκιος
1757 1368 1771 1395 ὁ

947 1416 996 1442 τοῦ
1012 1412 1188 1444 Πλατύποδος
1203 1413 1260 1444 υἱὸς
1275 1413 1318 1440 καὶ
1335 1412 1416 1440 ἄλλοι
1437 1412 1486 1440 οὐκ
1500 1412 1603 1450 ὀλίγοι.
1620 1411 1707 1443 Μόλις
1724 1411 1770 1439 οὖν

949 1460 962 1486 6
993 1458 1111 1496 ῥαίκτωρ
1141 1457 1282 1489 διασωθείς
1318 1457 1442 1492 εἰσῆλθεν
1478 1457 1517 1488 εἰς
1545 1458 1590 1484 τὸν
1617 1456 1770 1495 δρόμωνα.

950 1505 1037 1531 Τοῦτο
1061 1503 1106 1530 καὶ
1130 1502 1250 1537 Ἀλέξιος
1279 1503 1292 1529 6
1317 1500 1500 1539 δρουγγάριος
1526 1505 1638 1536 ποιῆσαι
1666 1500 1771 1539 βουλη-

949 1547 1014 1582 θεὶς,
1030 1547 1075 1574 καὶ
1105 1547 1143 1583 μή
1168 1545 1293 1582 δυνηθιὶς
1316 1545 1450 1580 ἀνελθεῖν,
1475 1545 1500 1573 ἐν
1516 1547 1550 1583 τῇ
1565 1548 1613 1573 τοῦ
1630 1544 1774 1583 δρόμωνος

948 1589 1087 1628 ὑποϐάθρᾳ
1104 1591 1193 1618 πεσὼν
1207 1590 1233 1618 ἐν
1247 1592 1280 1627 τῇ
1309 1590 1429 1627 θαλάσσῃ
1455 1589 1501 1617 σὺν
1528 1592 1568 1625 τῷ
1585 1591 1668 1618 αὐτοῦ
1696 1601 1773 1628 πρω-

68 1635 143 1662 ferro
160 1637 311 1671 necantur,
324 1636 444 1671 quidam
461 1637 764 1673 capiuntur.Bulgari,
775 1637 892 1664 nemine

983 1634 1136 1673 μανδάτωρι
1152 1635 1302 1672 ἀπεπνίγη.
1329 1634 1401 1662 Λέων
1430 1633 1459 1662 δὶ
1474 1634 1517 1662 καὶ
1535 1634 1620 1665 Πόθος
1648 1635 1674 1662 οῖ
1703 1635 1772 1672 Ἀρ-

68 1679 253 1715 prohibente,
269 1682 396 1716 Pegeuse
417 1680 559 1717 palatium
584 1683 740 1718 totumque
769 1681 891 1709 Stenum

983 1680 1024 1717 ροὶ
1053 1680 1078 1707 ἐν
1103 1679 1142 1716 τῷ
1166 1678 1321 1715 καστελλίῳ
1345 1677 1522 1716 διαφυγόντες
1548 1679 1697 1714 ἐσώθησαν,
1717 1679 1774 1707 Τοῦ

69 1724 204 1752 incendio
219 1727 347 1752 vastant.

947 1724 975 1752 δὶ
991 1723 1094 1752 λοιποῦ
1112 1723 1236 1759 πλήθους
1253 1724 1279 1751 οἱ
1295 1725 1342 1761 μὶν
1362 1724 1409 1755 τὰς
1432 1723 1486 1751 τῶν
1512 1723 1653 1760 πολεμίων
1678 1726 1774 1761 χεῖρας

69 1767 215 1805 φεύγοντες
230 1767 424 1806 ἀπεπνίγησαν,
439 1769 465 1796 οἱ
481 1767 509 1796 δὲ
524 1768 638 1808 σιδήρου
653 1769 780 1807 γεγόνασι
797 1769 998 1807 παρανάλωμα,
1014 1770 1040 1796 oi.
1057 1768 1085 1796 δὲ
1100 1769 1178 1806 χερσὶ
1209 1766 1387 1806 βαρϐαρικαῖς
1413 1768 1627 1807 συνελήφθησαν.
1650 1769 1692 1805 [Ρ.
1708 1770 1774 1804 621]

67 1813 102 1840 υἱ
119 1811 148 1839 δὲ
163 1812 317 1850 Βούλγαροι
332 1813 400 1841 κατὰ
415 1813 524 1849 πολλὴν
540 1817 587 1842 τοῦ
602 1813 775 1845 κωλύσοντος
792 1813 905 1852 ἐρημίαν
922 1813 954 1841 τά
968 1824 997 1841 τε
1011 1816 1064 1841 τῶν
1081 1815 1181 1851 Πηγῶν
1199 1812 1347 1850 ἐνέπρησαν
1364 1811 1484 1840 παλάτια
1497 1813 1541 1840 καὶ
1555 1813 1621 1840 ἅπαν
1633 1813 1664 1840 τὸ
1676 1812 1775 1840 Στενὸν

69 1855 273 1894 ἐπυρπόλησαν.

105 1903 249 1931 Vicesima
262 1903 411 1931 Februarii
429 1904 486 1938 die,
509 1904 668 1932 indictione
682 1904 804 1938 decima,
821 1912 895 1932 uxor

69 1947 194 1975 Romani
209 1947 357 1975 Theodora
373 1948 497 1976 moritur
509 1951 537 1976 et
548 1949 577 1976 in
590 1949 723 1985 Myrelwo
740 1948 893 1984 sepelitur.

68 1993 208 2027 Augustas
223 2000 327 2019 nomen
345 1992 451 2020 deinde
466 1993 558 2028 gessit
575 2002 646 2021 uxor
661 1993 824 2020 Christil‘eri
841 1993 894 2021 So-

69 2036 146 2072 phia.
164 2036 246 2063 Tunc
262 2036 349 2064 etiam
366 2044 400 2064 ex
415 2037 509 2065 lberia
525 2037 603 2065 venit
619 2038 685 2065 Iber
698 2038 895 2074 curopalates,

68 2079 280 2116 splendideque
295 2082 416 2109 ornatus
433 2090 485 2118 per
506 2082 635 2110 medium
654 2078 748 2110 forum
765 2082 894 2117 transiit,

69 2133 103 2153 ac
119 2132 226 2160 magna
241 2133 308 2152 cum
323 2125 416 2160 gloria
431 2128 459 2154 et
475 2127 583 2154 honore
597 2129 735 2162 exceptus
749 2129 803 2154 est.
820 2127 894 2154 Eum
910 2118 933 2150 Ῑ)

70 2169 231 2206 imperator
245 2169 275 2197 in
291 2170 382 2197 aedem
402 2171 515 2206 Sophias
538 2171 628 2205 misit,
652 2173 685 2199 ut
707 2171 772 2206 ejus
789 2171 895 2199 molem

71 2222 104 2242 ao
121 2213 369 2250 pulchritudinem
391 2215 510 2243 videret.
529 2217 597 2248 Quae
622 2216 648 2243 is
676 2215 894 2252 contemplatus

71 2267 178 2294 magna
194 2266 263 2286 cum
278 2259 622 2295 admiratione,fatusque
637 2260 713 2288 hanc
728 2260 818 2288 eadem
829 2268 894 2288 vere

72 2311 136 2331 esse
161 2303 212 2331 Dei
237 2303 467 2339 receptaculum,
496 2305 617 2332 domum
643 2305 740 2332 rediit.
766 2305 893 2332 Rursum

71 2347 176 2375 deinde
194 2347 311 2382 Bulgari
330 2347 525 2383 impressione
548 2349 626 2376 facta
648 2356 741 2385 usque
765 2349 801 2377 ad
816 2349 894 2385 pala-

72 2392 148 2419 tium
160 2391 314 2419 Theodorzs
320 2393 457 2427 Augustae
464 2395 670 2428 pervenerunt,
679 2393 766 2429 idque
779 2393 896 2422 nemine

72 2436 246 2464 defendente
262 2440 473 2465 cremaverunt.
493 2440 642 2466 Romanus
658 2439 789 2466 convivio
812 2447 895 2466 sum—

71 2483 176 2516 ptuose
192 2480 337 2508 instructo
352 2482 387 2509 ad
403 2482 431 2509 id
449 2482 537 2510 duces
554 2483 727 2510 militarium
758 2484 895 2511 ordinum

75 2525 194 2556 vocavit,
211 2524 345 2560 interque
361 2526 414 2553 hos
430 2527 588 2554 Sacticium
606 2527 735 2555 cohortis
752 2528 898 2555 excubito-

70 2576 137 2596 rum
152 2568 332 2604 prmfectum.
349 2571 525 2599 Procedente
541 2572 615 2599 301
647 2571 779 2599 convivio
797 2572 897 2600 illatus

69 2615 113 2642 est
128 2613 163 2640 de
178 2611 312 2648 Bulgaria
325 2622 440 2650 sermo;
462 2617 490 2644 et
505 2616 682 2652 imperatore
695 2617 789 2645 multa
801 2617 836 2645 ad
848 2625 897 2646 ca-

985 1903 1103 1940 Εἷκοστῇ
1134 1901 1162 1930 δὲ
1192 1899 1379 1940 Φεϐρουαρίου
1411 1901 1519 1939 μηνὸς,
1550 1900 1721 1932 ίνδικτιῶνος
1747 1902 1775 1937 ι’,

950 1948 1062 1984 θνήσκει
1085 1946 1212 1985 Θεοδώρα
1235 1948 1251 1981 ἡ
1278 1944 1394 1983 σύμϐιος
1420 1947 1582 1982 Ῥωμανοῦ,
1606 1945 1652 1973 καὶ
1681 1945 1778 1973 ϐάπτε-

948 2003 992 2020 ται
1023 1992 1048 2020 ἐν
1075 1994 1116 2028 τῷ
1143 1990 1302 2030 Μυρελαῑψ
1332 1990 1502 2029 ἀνηγορεύθη
1531 1989 1561 2017 δὲ
1586 1990 1729 2028 Αὐγοῦστα
1756 1991 1775 2024 ἡ

950 2039 998 2064 τοῦ
1025 2036 1160 2074 βασιλέως
1189 2035 1378 2074 Χριστοφόρου
1407 2035 1474 2073 γυνή
1491 2036 1508 2069 ἡ
1531 2034 1628 2072 Σοφίᾳ.
1658 2035 1777 2071 Παρεγέ-

951 2091 1010 2108 vero
1037 2080 1065 2108 se
1089 2081 1133 2108 καὶ
1163 2080 1188 2116 ἐξ
1214 2077 1334 2116 Ἰϐηρίας
1360 2080 1375 2106 6
1403 2078 1613 2116 κουροπαλάτης
1642 2079 1656 2106 6
1683 2076 1777 2115 Ἵϐηρ,

949 2125 993 2153 καὶ
1021 2124 1066 2153 διὰ
1095 2126 1179 2161 μέσης
1199 2126 1248 2156 τῆς
1279 2124 1377 2162 ἀγορᾶς
1412 2121 1528 2150 διελθὼν
1561 2121 1775 2158 κεκοσμημένης

951 2170 1087 2207 λαμπρῶς
1118 2170 1185 2206 μετὰ
1210 2167 1291 2204 δόξης
1315 2167 1424 2203 πολλῆς
1448 2167 1493 2194 καὶ
1506 2171 1592 2204 τιμῆς
1624 2165 1775 2204 ὑπεδέχθη·

949 2214 978 2242 6'v
1008 2214 1052 2242 καὶ
1081 2214 1107 2241 ἐν
1135 2216 1168 2250 τῇ
1198 2212 1276 2251 Ἃγίᾳ
1298 2214 1347 2240 τοῦ
1375 2214 1441 2240 Θεοῦ
1471 2211 1560 2250 Σοφίᾳ
1589 2210 1743 2239 ἀπέστειλεν
1762 2212 1776 2238 6

952 2257 1088 2296 βασιλεὺς,
1113 2258 1144 2285 τὸ
1165 2256 1267 2288 κάλλος
1293 2257 1378 2292 αὐτῆς
1405 2257 1547 2289 θεάσασθαι
1574 2257 1618 2283 καὶ
1647 2256 1678 2283 τὸ
1696 2256 1776 2293 μέγε-

949 2303 1005 2334 θος.
1033 2301 1174 2334 Ἀπελθὼν
1202 2302 1248 2329 οὗν
1277 2301 1321 2328 καὶ
1346 2303 1395 2328 τοῦ
1412 2303 1476 2328 ναοῦ
1490 2301 1540 2335 τὴν
1563 2299 1702 2334 καλλονὴν
1727 2311 1777 2327 κα-

949 2346 1098 2384 ταπλαγεὶς
1123 2346 1169 2374 καὶ
1187 2347 1233 2374 τὸν
1254 2344 1396 2379 πολυτελῆ
1423 2345 1527 2381 κόσμον
1557 2343 1775 2382 ὑπερθαύμάσας,

950 2391 996 2419 καῖ
1010 2391 1123 2426 ἀληθῶς
1138 2393 1204 2418 Θεοῦ
1218 2390 1388 2428 καταγώγιον
1401 2389 1447 2417 τὸν
1465 2389 1536 2426 ἱερὸν
1549 2388 1657 2416 τουτονὶ
1682 2391 1775 2425 χῶρον

951 2437 1045 2470 εἰπὼν,
1065 2436 1226 2472 ὑπέστρεψεν
1244 2435 1282 2466 εἷς
1297 2434 1331 2462 τὰ.
1343 2433 1408 2462 ἴδια.
1425 2435 1486 2462 Τῶν
1504 2432 1532 2460 δὲ
1547 2432 1713 2470 Βουλγάρων
1729 2432 1779 2460 πά-

951 2480 995 2509 λιν
1011 2478 1141 2515 εἱσϐολὴν
1157 2479 1351 2516 ποιησαμένων
1366 2478 1435 2506 κατὰ
1449 2481 1498 2512 τῆς
1517 2478 1661 2513 Ῥωμαίων
1673 2477 1779 2514 χώρας,

951 2525 995 2554 καὶ
1011 2527 1069 2556 τοῖς
1080 2524 1225 2556 παλατίοις
1234 2527 1284 2559 τῆς
1299 2521 1440 2561 βασιλίδος
1458 2522 1622 2559 ἓγγισάντων
1639 2520 1781 2557 Θεοδώρας

953 2571 990 2602 ὡς
1001 2569 1076 2597 οὐδὲν
1098 2570 1131 2605 ἦν
1151 2570 1182 2597 τὸ
1198 2568 1423 2608 προσιστάμενον,
1439 2566 1505 2604 πυρὶ
1520 2569 1604 2594 ταῦτα
1618 2564 1780 2603 παρέδοσαν.

952 2616 982 2644 Ὀ
1005 2614 1033 2642 δὲ
1063 2614 1190 2653 βασιλεὺς
1219 2613 1360 2651 Ῥωμανὸς
1386 2611 1493 2651 ἄριστον
1519 2611 1702 2648 ποιησάμενος
1731 2621 1782 2638 πο-

672 2694 856 2723 XYLANDRI
876 2694 919 2723 ET
939 2693 1047 2722 GOARI
1066 2692 1182 2721 NOT/E.

108 2760 164 2798 (67)
179 2761 221 2788 Ea:
235 2763 482 2798 canfwderatarum
495 2769 520 2794 et
533 2764 705 2794 subditorum
720 2765 875 2794 ordinibus.
891 2765 983 2794 Goaa.
