1928 3047
106 94 148 124 33
682 94 957 125 BISTORIARUM
978 94 1238 128 GOMPENDIUM
1244 120 1252 128 .
1782 102 1822 132 34

108 159 225 191 λυτελὶς
250 158 315 190 τοὺς
349 161 403 187 τῶν
431 160 577 197 ταγμάτων
605 157 739 197 ἄρχοντας
759 158 918 186 συνεκάλεσε

1035 161 1170 190 ‘aciendos
1199 162 1314 191 animos
1343 164 1439 200 adque
1464 165 1600 193 virtutem
1629 167 1817 195 concitandos

109 208 193 238 συνῆν
223 202 252 231 δὲ
279 203 388 236 τούτοις
415 203 460 231 καὶ
476 204 490 230 ὁ
514 204 565 238 τὴν
594 202 750 240 ἐπωνυμίαν
782 203 935 237 Σακτίκιος,

108 251 155 276 τοῦ
183 249 323 285 τάγματος
346 247 440 286 ἅρχων
465 251 519 276 τῶν
545 245 719 283 έξκουϐίτων.
743 247 878 275 Ἐπίδοσιν
909 247 938 275 δὲ

106 290 304 329 λαμϐανούσης
329 296 378 327 τῆς
403 292 522 330 εὐωχίας
549 292 630 330 λόγος
657 292 767 327 ἐκινήθη
797 292 858 329 περὶ
882 294 936 319 τῶν

106 337 287 375 Βουλγάρων.
306 337 358 364 Καὶ
373 339 421 364 τοῦ
439 336 572 374 βασιλέως
599 336 728 375 ἐπαγωγὰ
749 336 843 364 πολλὰ
862 336 939 374 εἰρη-

105 382 197 417 κότος,
213 382 283 418 πρὸς
308 382 398 418 ὁρμὴν
415 381 599 409 έπανιστῶντα
623 380 790 416 ἐνθουσιώδη
814 381 859 408 καὶ
885 391 937 408 πα-

107 427 283 464 ρακαλοῦντα
311 426 439 463 εὐψύχως
469 425 585 461 ἐξελθεῖν
615 426 684 453 κατὰ
719 428 773 453 τῶν
813 425 936 453 ἐναντίων

106 470 151 497 καὶ
183 474 235 505 τῆς
265 472 338 509 σφῶν
379 470 628 508 ὑπεραγωνίσασθαι
669 468 809 507 πατρίδος,
839 470 938 500 πάντες

108 515 252 544 συνέθεντο
282 514 400 551 ἑτοίμως
428 513 543 549 ἐξελθεῖν
582 514 626 541 καὶ
668 516 722 541 τῶν
768 515 936 551 Χριστιανῶν

108 559 379 597 ὑπεραγωνίσασοαι.
408 559 510 590 "Eme"
543 557 588 585 οὗν
621 558 814 590 καθοπλισθεὶς
842 558 856 585 ὁ
885 561 937 585 Σα-

106 604 227 638 κτίκιος,
247 602 356 635 ὄπισθεν
384 605 438 630 τῶν
469 602 634 640 Βουλγάρων
661 602 806 640 γινόμενος
830 601 875 629 καὶ
900 601 938 632 εἷς

109 650 141 676 τὸ
173 646 356 686 στρατόπεδον
379 647 465 674 αὐτῶν
496 646 638 682 εἰσελθὼν,
654 649 706 674 τῶν
737 646 872 674 πλειόνων
894 645 936 673 έπὶ

110 692 266 731 διαρπαγὴν
296 692 403 720 σκύλων
433 690 631 719 σκεδασθέντων
660 692 728 718 κατά
754 692 804 726 τήν
833 691 936 728 χώραν,

106 738 212 770 πάντας
226 737 292 768 τοὺς
305 736 331 764 έν
347 739 381 773 τῇ
405 734 569 774 πδρεμϐολῇ
595 736 750 774 εὐριθὲντας
778 736 935 774 κατέσφαξε.

108 783 200 809 Metde
218 781 264 808 οὖν
278 782 309 808 τὸ
325 780 430 815 πλῆθος
445 783 498 808 τῶν
517 780 680 818 Βουλγάρων
713 780 763 807 ὑπὸ
791 781 846 807 τῶν
876 778 936 806 δια-

108 825 231 864 δράντων
258 827 288 853 τὸ
317 825 428 863 γεγονὸς
464 824 677 863 ὑποστρέφουσιν
702 823 727 851 ἐν
756 826 795 859 τῷ
824 833 935 861 στρατο-

107 870 194 907 πέδῳ.
241 870 290 898 Καὶ
335 869 499 906 συμπλοκῆς
548 868 706 906 γενομένης,
750 869 868 904 ἀκμῆτες
912 868 936 894 οἱ

107 915 263 953 Βοόλγαροι
286 915 354 952 πρὸς
379 913 553 950 κεκμηκότας
583 913 737 950 μαχόμενοι
767 913 811 940 καὶ
842 913 936 950 ἀκραι-

109 964 185 999 φνεῖς
201 961 270 998 πρὸς
286 959 340 994 ἤδη
353 962 394 995 τῷ
416 958 641 997 προηγησαμένῳ
670 958 788 994 πολέμῳ
817 968 935 985 κεκακω-

108 1006 211 1042 μένους
244 1003 342 1042 ἄνδρας
370 1003 499 1041 τρέπουσι
523 1002 570 1030 τὸν
596 1002 802 1030 Σακτίκιονσὺν
832 1001 936 1040 ὀλίγοις

107 1051 158 1084 τήν
188 1047 349 1087 προσϐολὴν
373 1051 426 1075 τῶν
457 1047 584 1075 ἐναντίων
627 1046 782 1083 δεξάμενον.
811 1047 936 1077 Γενναίως

109 1094 157 1121 οὖν
177 1095 380 1132 ἀγωνισάμενος
396 1093 441 1120 καὶ
457 1091 580 1122 πολλοὺς
597 1091 701 1119 ἀνελὼν
715 1093 769 1118 τῶν
785 1091 937 1127 πολεμίων,

108 1138 204 1172 ἐπειδή
220 1137 394 1175 κατισχύετο,
409 1137 517 1173 μεθίησι
529 1139 578 1164 τοῦ
590 1136 678 1163 ἵππου
692 1137 738 1163 τὸν
754 1136 880 1173 χαλινὸν,
892 1136 936 1163 καὶ

108 1186 182 1211 νῶτα
199 1182 262 1213 δοὺς
277 1181 384 1220 ἔφυγεν.
400 1183 446 1209 Ἕν
461 1192 515 1209 τινι
532 1180 560 1208 δὲ
582 1183 702 1216 ποταμῷ
726 1180 872 1218 γενόμενος
893 1180 938 1208 καὶ

107 1230 207 1255 τοῦτον
223 1226 371 1264 διαπερῶν,
383 1226 427 1253 καὶ
442 1228 476 1262 τῇ
493 1225 551 1253 ίλύϊ
576 1227 625 1252 τοῦ
650 1223 737 1252 ’ίππου
759 1224 938 1261 ἐμπαγέντος,

991 204 1097 232 idonea
1112 205 1220 237 locuto.
1237 207 1447 243 cohortatoque
1462 216 1512 236 eos
1528 210 1560 236 ut
1575 209 1686 237 fortiter
1703 210 1732 237 in
1749 211 1817 238 hos-

992 252 1050 276 tem
1068 250 1144 278 irent
1158 259 1191 278 ac
1207 260 1259 287 pro
1275 260 1329 279 sua
1344 256 1565 288 propugnarent
1580 254 1818 289 patria,universi

993 294 1117 322 alacrem
1133 303 1218 323 suam
1247 304 1365 331 operam
1383 297 1412 324 in
1437 298 1629 326 defendendis
1644 299 1820 327 Christianis

992 340 1202 373 promiserunt.
1221 340 1362 368 Postridie
1388 341 1483 377 prima
1499 341 1563 370 luce
1578 346 1709 371 armatus
1725 344 1819 372 Sacti-

993 382 1055 410 cius
1071 383 1212 420 Bulgsros
1227 393 1243 412 a
1255 387 1335 421 tergo
1349 386 1527 413 subsecutus
1536 389 1580 414 est
1591 396 1598 421 ;
1609 387 1819 424 ingressusque

992 434 1094 455 eorum
1108 429 1366 465 castra,plerisque
1376 431 1537 465 pradatum
1548 439 1599 466 per
1614 440 1700 467 agros
1715 441 1820 468 vagan-

993 471 1187 505 tibus,omnes
1203 474 1253 508 qui
1270 474 1298 501 in
1314 475 1420 502 castris
1433 478 1518 502 erant
1532 476 1649 503 occidit.
1662 477 1700 504 Ex
1716 477 1752 504 iis
1768 478 1818 513 qui

993 516 1156 552 eii‘ugerant
1179 517 1297 554 Bulgari
1324 526 1354 546 re
1369 520 1487 554 cognita
1512 519 1542 547 in
1559 522 1657 548 castra
1671 521 1794 549 redeunt
1811 531 1818 550 :

992 561 1210 597 commissaque
1226 570 1324 598 pugna
1339 563 1396 598 ipsi
1412 563 1519 600 integri
1543 565 1656 592 viribus
1672 565 1816 602 defatiga-

992 607 1037 632 tos
1063 608 1231 640 antegressa
1248 606 1348 642 proelio
1364 609 1511 635 Romanos
1538 609 1675 645 fundunt,
1691 610 1817 638 Sacticio

992 657 1059 677 cum
1076 651 1178 685 paucis
1194 651 1260 678 aliis
1281 659 1380 679 eorum
1406 653 1548 687 impetum
1575 653 1689 681 fortiter
1703 655 1817 683 subsis-

991 695 1228 730 tentibus.Atque
1243 695 1268 722 is
1284 703 1350 722 cum
1361 696 1533 731 aliquandiu
1545 698 1681 732 praeclare
1692 706 1820 734 pugnas-

992 741 1037 766 set
1052 739 1220 775 multosque
1233 739 1362 767 hostium
1379 740 1612 775 dejecisset,cum
1626 746 1819 777 premeretur,

992 791 1067 818 equo
1083 783 1212 812 habenas
1237 784 1315 811 laxat
1339 793 1372 812 ac
1388 786 1459 820 fuga:
1482 794 1513 813 se
1533 786 1594 813 dat.
1611 787 1643 814 In
1663 789 1818 822 cujusdam

993 831 1090 856 autem
1106 829 1202 856 amnis
1228 831 1355 856 transitu
1371 838 1466 865 equus
1489 830 1517 857 in
1535 839 1616 859 coeno
1632 840 1698 860 cum
1715 833 1817 860 haesis-

992 871 1171 907 set,Bu‘lgari
1189 880 1255 899 eum
1272 876 1483 908 assequuntur.
1500 873 1667 910 vulnusque
1682 876 1711 902 in
1728 885 1817 904 anum

992 919 1020 943 et
1036 916 1130 942 femur
1155 916 1339 944 mortiferum
1356 917 1471 952 accipit.
1490 918 1570 953 Equo
1592 922 1691 948 tamen
1707 928 1722 948 e
1738 929 1819 948 coeno

992 959 1091 988 evulso
1106 960 1252 988 industria
1267 961 1550 998 famulorum,atque
1563 963 1598 991 iis
1611 964 1696 992 modo
1708 965 1820 1001 fugien-

992 1005 1072 1032 tibus
1087 1005 1173 1032 modo
1189 1005 1224 1032 ad
1242 1005 1440 1038 ingruentium
1457 1007 1648 1043 Bulgarorum
1669 1009 1818 1045 depulsio-

994 1055 1059 1076 nem
1077 1056 1108 1076 se
1122 1049 1312 1080 vertentibus.
1330 1058 1424 1085 usque
1439 1050 1474 1077 ad
1502 1051 1679 1079 Blachernas
1702 1054 1818 1086 evadit;

993 1093 1165 1128 positusque
1180 1093 1209 1120 in
1227 1094 1305 1122 302
1322 1093 1430 1129 templo
1446 1095 1544 1122 Sancti
1568 1096 1698 1131 Sepulcri
1724 1099 1820 1134 proxi-

993 1145 1041 1164 ma
1058 1140 1140 1164 nocte
1155 1137 1243 1164 vitam
1260 1146 1326 1165 cum
1345 1141 1437 1166 morte
1452 1142 1624 1174 commutat,
1637 1149 1743 1177 magno
1758 1142 1819 1170 luc-

992 1184 1023 1209 tu
1041 1190 1098 1208 non
1112 1182 1281 1217 imperatori
1298 1182 1394 1216 modo,
1411 1183 1462 1211 sed
1479 1186 1507 1211 et
1523 1186 1659 1213 universo
1676 1186 1818 1214 exercitui

993 1234 1026 1254 ac
1043 1225 1150 1261 populo
1167 1226 1298 1254 Romano
1313 1227 1428 1254 relicto.

108 1269 348 1308 καταλαμϐάνεται
377 1270 449 1305 παρὰ
471 1272 524 1297 τῶν
556 1269 718 1307 Βουλγάρων
742 1269 787 1296 καὶ
817 1268 926 1306 δέχεται
953 1269 1064 1307 πληγὴν
1092 1269 1198 1306 καιρίαν
1226 1270 1294 1296 κατὰ
1320 1273 1370 1304 τῆς
1391 1269 1469 1306 ἔδρας
1496 1271 1540 1298 καὶ
1569 1274 1618 1299 τοῦ
1649 1276 1750 1310 μηροῦ.
1767 1275 1818 1302 Καὶ

107 1319 157 1343 τοῦ
185 1315 274 1343 ’ἱππου
302 1315 331 1342 δὲ
359 1315 573 1342 ἀνασπασθέντος
604 1313 634 1341 ἐκ
654 1317 703 1348 τῆς
734 1313 812 1344 ἰλύος
841 1312 946 1351 σπουδῇ
973 1314 1017 1341 καὶ
1047 1314 1174 1351 συνεργίᾳ
1199 1316 1252 1341 τῶν
1283 1314 1365 1342 αὐτοῦ
1395 1315 1577 1353 θεραπόντων,
1603 1319 1647 1344 νῦν
1682 1318 1729 1354 μὲν
1755 1319 1819 1357 φεύ-

109 1371 181 1398 γων,
211 1362 258 1387 νῦν
284 1359 306 1387 δ’
338 1359 512 1397 ὑποστρέφων
540 1358 607 1395 μετά
634 1360 688 1385 τῶν
711 1358 754 1385 ὑπ’
782 1358 862 1385 αὐτὸν
888 1358 934 1385 καὶ
971 1358 1035 1389 τοὺς
1069 1357 1191 1389 ἐπιόντας
1230 1358 1388 1386 ἀνακόπτων
1425 1359 1612 1398 Βουλγάρους,
1655 1360 1818 1396 διασώζεται

112 1405 198 1442 μέχρι
226 1407 282 1432 τῶν
312 1403 489 1441 Βλαχερνῶν,
505 1403 549 1430 καὶ
575 1402 601 1430 ὲν
614 1405 654 1439 τῷ
683 1405 738 1437 ναῷ
765 1406 813 1436 τῆς
829 1402 919 1440 Ἀγίας
949 1405 1040 1440 Σοροῦ
1066 1402 1222 1438 (68ὶτεθεῖς
1250 1404 1284 1439 τῇ
1306 1403 1418 1440 έπιούσῃ
1447 1405 1522 1431 νυκτὶ
1550 1404 1719 1441 ἐτελεύτησε,
1752 1406 1820 1444 μέγα

109 1449 210 1480 πένθος
226 1449 257 1476 οὐ
272 1451 313 1485 τῷ
330 1448 438 1486 βασιλεῖ
454 1448 547 1485 μόνον,
563 1447 636 1475 ἀλλά
647 1447 692 1474 καὶ
719 1449 758 1482 τῷ
773 1449 879 1484 στρατῷ
894 1447 938 1474 καὶ
953 1447 1033 1474 παντὶ
1047 1449 1087 1482 τῷ
1101 1446 1201 1481 πλήθει
1218 1447 1359 1483 Ῥωμαίων
1376 1448 1531 1478 ἀπολιπών,

148 1495 190 1530 [Ρ.
202 1495 267 1530 622]
282 1494 402 1531 Ἐγένετο
417 1492 446 1520 ὃὶ
460 1493 504 1520 καὶ
530 1493 606 1530 ἑτέρα
633 1504 675 1524 τις
696 1492 844 1520 ἀποστασία
870 1493 928 1520 κατέ

1035 1493 1094 1521 Alia
1122 1494 1227 1521 deinde
1256 1495 1291 1522 ab
1322 1495 1497 1530 imperatore
1534 1494 1611 1522 facta
1639 1495 1762 1524 defectio
1791 1496 1820 1523 in

111 1540 161 1565 103
192 1537 328 1575 βασιλέως
355 1537 382 1565 έν
409 1535 516 1572 Χαλδίᾳ
539 1538 605 1573 (69),
624 1537 749 1574 ὑποθήκῃ
770 1539 818 1563 τοῦ
845 1547 939 1573 στρατ-

111 1584 249 1620 ηγοῦντος
280 1581 365 1614 αὐτῆς
380 1581 471 1619 Βάρὸα
496 1581 640 1618 πατρικίου
661 1583 710 1608 τοῦ
736 1580 829 1609 Βοΐλα.
847 1581 940 1617 Ἐξῆρ-

111 1637 164 1664 χον
184 1626 214 1654 δὲ
232 1628 283 1654 τοῦ
298 1627 483 1663 νεωτερισμοῦ
496 1625 639 1663 Ἀδριανός
661 1636 702 1657 τις
732 1624 868 1656 Χαλδαῖος
896 1625 940 1652 καὶ

110 1671 254 1706 Τατζάτης
294 1671 308 1697 ό
339 1669 502 1708 Ἀρμένιος,
533 1669 660 1697 πλούσιοι
701 1669 823 1708 σφόδρα.
853 1673 941 1697 Κατα-

112 1715 229 1754 σχόντις
259 1715 305 1742 οὗν
334 1715 409 1742 οὗτοι
439 1714 568 1752 φρούριον
583 1715 614 1742 τὸ
639 1714 786 1752 λεγόμενον
809 1713 942 1750 Παίπερτε

110 1760 182 1788 κατὰ
210 1762 260 1788 τοῦ
291 1759 426 1797 βασιλέως
450 1758 616 1794 ὡπλίζοντο.
647 1758 725 1787 Ἀλλ’
751 1758 812 1794 ὀξὺς
846 1758 943 1798 ἐπιφα-

111 1805 170 1836 νεὶς
185 1804 276 1842 (ἔτυχε
299 1804 352 1842 γὰρ
380 1803 505 1840 ἐνδημῶν
536 1803 561 1831 ἰν
590 1804 744 1840 Καισαρείᾳ)
760 1804 774 1831 ὁ
793 1804 846 1830 τῶν
874 1813 941 1840 σχο-

113 1848 173 1876 λῶν
189 1848 372 1886 ἐξηγούμενος
388 1848 515 1882 Ἰωάννης
532 1848 544 1874 ὁ
562 1847 715 1885 Κουρκούας
739 1848 788 1882 τήν
819 1847 943 1874 σύστασιν

113 1892 282 1928 διεσκέδασε,
309 1892 374 1924 τοὺς
400 1892 614 1932 έμφανεστέρους
644 1895 698 1919 τῶν
726 1893 944 1929 κατασχεθέντων

113 1936 318 1975 ἀποτυφλώσας
347 1937 393 1964 καὶ
422 1937 470 1967 τὰς
501 1936 593 1967 οὐσίας
609 1937 697 1964 αὐτῶν
715 1935 865 1972 δημεύσας,
881 1936 944 1967 τοὺς

114 1981 146 2010 δὲ
172 1982 324 2019 πενιχροὺς
349 1982 393 2009 καὶ
425 1982 550 2017 ἀσήμους
583 1981 689 2013 ἀθώους
721 1980 850 2011 κελεύσας
888 1980 941 2015 ὅπη

115 2026 268 2065 βούλονται
295 2027 412 2054 ἀπιέναι.
440 2026 529 2057 Μόνος
559 2025 588 2053 δὲ
616 2026 785 2060 ὁΤατζάτης
813 2025 942 2063 φρούριον

111 2071 160 2099 ἐπί
178 2081 254 2102 τινος
280 2070 389 2107 ὑψηλοῦ
418 2070 505 2109 λόφου
535 2070 781 2106 κατεσκευασμένον
806 2079 944 2107 κατεσχη-

110 2117 180 2150 κὼς,
193 2115 238 2143 καί
260 2115 345 2152 λόγον
358 2117 406 2142 τοῦ
424 2116 461 2151 μή
477 2126 503 2142 τι
519 2115 600 2142 κακὸν
617 2116 710 2142 παθεῖν
731 2113 874 2151 δεξάμενος
891 2115 944 2142 ἀπὸ

995 1537 1116 1565 Chaldia
1129 1539 1271 1566 instinctu
1289 1539 1403 1574 patricii
1421 1540 1528 1574 Bardm,
1545 1545 1737 1575 cognomento
1753 1540 1821 1568 Boi-

995 1582 1039 1617 ιω,
1057 1583 1105 1616 qui
1121 1583 1146 1610 ei
1171 1583 1356 1618 prasidebat.
1383 1583 1535 1618 Principes
1560 1592 1701 1612 novarum
1723 1593 1821 1612 rerum

996 1625 1210 1654 moliendarum
1225 1628 1343 1654 fuerunt
1363 1627 1510 1654 Adrianus
1525 1628 1645 1662 quidam
1671 1628 1823 1657 Chaldwus

997 1673 1026 1699 et
1052 1671 1184 1699 Tatzatel
1222 1671 1390 1705 Armenius,
1421 1671 1555 1699 homines
1594 1673 1772 1707 praedivites.
1802 1674 1823 1701 Ii

995 1719 1136 1751 occupato
1165 1716 1284 1744 castello
1312 1716 1454 1752 Paipertis
1483 1719 1586 1744 contra
1617 1717 1824 1752 imperatorem

996 1768 1079 1788 arma
1093 1761 1262 1788 sumebant.
1279 1761 1333 1788 Sed
1350 1760 1480 1788 Joannes
1495 1762 1637 1795 Curcuas,
1655 1761 1824 1790 scholarum

997 1805 1188 1837 domesticus,
1206 1805 1256 1840 qui
1272 1808 1335 1832 tum
1351 1806 1424 1832 forte
1451 1807 1587 1833 Casareaa
1603 1808 1678 1840 erat,
1694 1806 1827 1834 celeriter

997 1849 1166 1884 supervenit
1178 1852 1207 1877 et
1222 1849 1377 1877 coitionem
1394 1858 1457 1877 eam
1479 1849 1641 1885 dissipavit.
1660 1851 1826 1886 Deprehen-

998 1902 1159 1929 sorumque
1185 1894 1334 1929 primariis
1350 1893 1450 1921 oculos
1465 1894 1554 1926 eruit,
1571 1897 1600 1922 et
1624 1895 1701 1923 bona
1723 1904 1826 1923 eorum

999 1938 1168 1974 publicavit,
1183 1938 1324 1965 obseuros
1337 1946 1370 1965 ac
1386 1946 1528 1973 pauperes
1543 1938 1664 1974 impune
1680 1947 1736 1975 quo
1752 1940 1827 1967 libe-

999 1985 1043 2010 ret
1057 1982 1208 2009 discedere
1220 1982 1321 2016 jussit.
1339 1981 1419 2009 Unus
1444 1982 1588 2015 Tatzates.
1605 1983 1727 2011 castello
1752 1992 1825 2020 quo-

1000 2027 1067 2054 dam
1084 2028 1235 2062 occupato,
1253 2026 1330 2062 quod
1349 2027 1377 2054 in
1393 2026 1516 2054 sublimi
1537 2029 1601 2055 erat
1625 2028 1716 2056 situm
1741 2028 1824 2062 colle,

999 2071 1056 2098 ﬂde
1072 2070 1259 2106 impunitatis
1274 2079 1291 2098 a
1315 2071 1476 2098 domestico
1501 2071 1672 2100 scholarum
1697 2076 1826 2108 accepta,

987 2115 1098 2147 .Cpolin
1117 2115 1207 2149 venit,
1223 2115 1324 2150 ibique
1339 2115 1528 2150 manglabitzn
1555 2116 1663 2144 honore
1688 2117 1828 2152 praeditus

108 2161 162 2189 τοῦ
177 2160 342 2196 δομεστίκου
357 2162 411 2187 τῶν
436 2159 547 2198 σχολῶν
574 2160 619 2187 καὶ
650 2157 754 2194 Λαϐὼν,
770 2159 894 2194 εἲσῆλθεν
919 2158 928 2186 ἐ

1059 2160 1146 2187 domo
1174 2167 1389 2194 manganorum
1418 2161 1583 2188 custoditus
1611 2163 1675 2195 est;
1701 2169 1828 2197 cumque

109 2184 161 2242 ἐξ(
178 2184 408 2243 ῥζιζῖᾇῐὲῖξχᾲῖ
425 2184 544 2241 {Et
575 2184 928 2242 ’ῥιζγχλᾷἐῇἆξξάὸῖάεὶ

1062 2184 1143 2187 -,.--
1174 2184 1389 2194 “___o_,_____
1421 2184 1582 2188 ___.__.-_-
1613 2184 1675 2195 ,_.,
1703 2184 1768 2188 η.--
1794 2184 1826 2188 __

1035 2211 1098 2240 gam
1125 2203 1287 2239 moliretur,
1303 2203 1486 2239 deprehenso
1516 2204 1591 2231 oculi
1623 2207 1693 2232 sunt
1717 2184 1826 2233 effossi.

693 2271 894 2301 XYLANDRI
916 2271 966 2301 ET
989 2270 1107 2301 GOARI
1130 2270 1257 2300 NUT/E.

151 2330 210 2365 (68)
226 2329 333 2357 Dubito
349 2329 384 2357 de
399 2329 453 2356 hoc
468 2328 540 2357 loco.
558 2328 644 2365 Σορός
665 2328 814 2365 tumulum
831 2328 946 2365 signiﬁ-

113 2369 165 2394 cat
180 2364 209 2394 et
233 2365 413 2401 sepulcrum.
430 2365 512 2392 Forte
528 2364 584 2392 fuit
606 2365 684 2401 aedes
707 2365 744 2401 in
764 2364 947 2401 Blachernis,

113 2402 246 2438 sepulcri
263 2399 293 2428 in
309 2409 366 2436 quo
381 2400 516 2438 Christus
537 2400 689 2438 depositus
706 2400 761 2427 fuit
775 2399 946 2438 similitudi-

114 2435 185 2466 ne'm
215 2435 364 2472 τοτοῖ-θήῃ
381 2435 467 2472 quale
496 2436 585 2472 Spiris
615 2436 769 2472 Nemetum
799 2436 944 2472 suburba-

114 2482 201 2506 num,
217 2475 245 2501 et
261 2473 319 2500 alia
341 2471 409 2500 alibi
432 2472 578 2505 visuntur,
594 2480 657 2499 eum
673 2471 800 2506 heiligen
817 2471 901 2505 Grab,
919 2474 948 2499 et

115 2510 151 2537 ﬁt
168 2509 280 2536 mentio
305 2507 391 2544 paulo
407 2511 482 2543 post.
496 2508 567 2535 XYL.
585 2523 619 2527 --
633 2507 786 2544 Templum
801 2509 847 2544 est
862 2507 946 2541 illud,

114 2546 147 2573 in
165 2545 252 2580 cujus
267 2543 427 2580 sacratiore
441 2543 537 2580 loculo
548 2543 742 2571 sanctissimae
758 2543 887 2578 Deiparaa
904 2552 946 2571 ve-

114 2582 173 2609 stis
190 2579 218 2608 et
233 2589 310 2607 zona
325 2580 354 2607 in
368 2579 537 2607 Blachernis
553 2580 788 2607 asservabnntur.
803 2580 893 2606 GOAR.

154 2617 211 2651 (69)
227 2615 351 2644 Chaldia
375 2615 452 2651 regio
478 2617 532 2648 est,
557 2617 589 2642 ut
612 2617 743 2651 apparot,
770 2615 867 2650 Syriae,
895 2615 947 2641 hoc

138 2650 237 2680 uidem
263 2652 345 2685 loco;
363 2650 431 2679 nam
455 2651 484 2678 in
512 2650 668 2686 Nicephori
694 2651 796 2678 Phocze
823 2651 946 2686 imperio

138 2659 237 2680 niuem
263 2659 345 2685 loco;
363 2659 431 2679 nam
455 2659 484 2678 1n
512 2659 583 2679 mce
607 2659 668 2678 lJOI‘l
694 2659 796 2678 rnocze
823 2659 944 2686 imperio

115 2660 228 2716 giscrte
252 2687 391 2716 Calabria
407 2687 572 2714 ascribitur.
586 2659 628 2714 ἓξ(
653 2686 760 2714 Basilio
776 2687 898 2714 Romani
917 2687 944 2713 Ρ.

116 2724 168 2751 ubi
185 2724 286 2751 Phocis
302 2726 406 2750 contra
423 2722 532 2749 Durum
550 2731 596 2750 res
612 2725 700 2758 gesta:
727 2722 945 2756 describuntur,

115 2759 218 2787 Iberia
231 2760 358 2786 vicinam
376 2759 465 2786 fuisse
479 2758 632 2786 Chaldiam
646 2758 738 2785 videri
754 2760 860 2793 potest.
877 2758 944 2786 XYL.

1035 2327 1091 2363 (70)
1108 2327 1195 2365 Quod
1204 2327 1243 2365 sit
1259 2326 1456 2365 manglabitaa,
1471 2327 1562 2365 velut
1574 2336 1665 2365 supra
1683 2329 1826 2365 scriptum

1001 2362 1058 2397 est,
1075 2362 1256 2391 manclabitae
1283 2362 1425 2398 ofﬁCium,
1452 2364 1560 2391 nescio.
1585 2362 1666 2392 Talia
1692 2362 1827 2393 videntur

1002 2399 1089 2427 etiam
1118 2399 1260 2438 mysticus
1283 2402 1311 2427 et
1333 2400 1479 2438 stypeiota
1500 2402 1537 2438 ‘et
1562 2407 1649 2438 quem
1674 2400 1828 2438 aliosrﬁai-

1001 2444 1102 2472 κτωρα,
1120 2432 1222 2472 paulo
1238 2437 1304 2470 post
1332 2432 1396 2472 ipse
1423 2432 1688 2472 παραδυναᾱτεύοντα
1715 2432 1828 2464 videtur

1001 2470 1109 2504 dicere,
1140 2470 1224 2532 qxuasi
1253 2471 1393 2498 vicarium
1420 2470 1616 2506 imperatoris.
1643 2473 1711 2500 XYL.
1728 2489 1763 2492 —
1786 2474 1824 2509 Τῇ

1001 2508 1048 2532 τοῦ
1078 2515 1150 2532 mw
1173 2502 1267 2532 αϐίτου
1296 2505 1356 2532 ἀξία
1382 2506 1520 2532 τιμηθείς.
1539 2509 1582 2532 An
1613 2516 1669 2532 nnn
1702 2507 1824 2532 ιιαννλά-

999 2516 1048 2569 ἓῗέ
1069 2505 1826 2579 ηθζέἷέἒέῗέὶ⁰⁹ὦῗὲαὲέέέξὲξὲίἓῗςιῗῗῗαῖἒιαγέἒῗὲ

1001 2579 1165 2616 Ccdrenum
1194 2575 1480 2616 tpajﬂla'LGantAt-
1503 2575 1635 2616 nescivit,
1665 2580 1770 2616 inquit.
1800 2581 1828 2608 ls

1000 2615 1100 2652 itaque
1124 2613 1337 2652 cornicularius
1352 2617 1381 2642 et
1402 2615 1608 2652 clavicularius
1623 2613 1731 2643 dicitur
1750 2616 1826 2652 apud

1001 2650 1197 2678 Paucirollum
1225 2650 1254 2677 in
1273 2650 1337 2679 Not.
1355 2651 1428 2685 Imp.
1445 2659 1470 2678 ο.
1487 2651 1533 2685 ii,
1550 2656 1578 2679 et
1602 2654 1647 2679 est
1671 2650 1825 2680 uniusrco-

1001 2686 1094 2713 hortis
1111 2686 1273 2721 principem
1300 2685 1436 2723 stipantis
1462 2687 1644 2722 pra‘positus,
1661 2690 1689 2714 et
1713 2688 1747 2715 ad
1764 2688 1828 2723 ejus

1001 2725 1118 2754 nutum,
1140 2730 1192 2749 ceu
1216 2722 1374 2749 sententiis
1399 2730 1514 2750 reorum
1536 2723 1728 2758 exsequendis
1752 2732 1824 2758 praa-

1002 2758 1106 2791 fectus,
1121 2759 1221 2785 sontes
1250 2765 1383 2793 quosque
1412 2758 1448 2785 ab
1476 2766 1510 2786 eo
1539 2759 1702 2792 damnatos,
1723 2759 1825 2786 eodem
