1936 3048
71 111 107 140 37
635 101 907 134 HISTORIABUM
929 101 1206 134 COMPENDIUM.
1737 105 1779 135 38

68 172 228 210 διαϐληθεὶς
241 173 309 210 πρὸς
333 173 379 199 τὸν
413 170 541 209 βασιλέα,
562 168 698 198 κατελθὼν
727 170 776 196 τοῦ
801 178 832 196 πε

1010 168 1023 203 ῑ,
1039 168 1081 196 ita
1095 176 1144 197 eos
1160 168 1305 205 Bulgarus
1320 169 1434 197 dimisit
1459 172 1491 197 ut
1506 171 1672 198 ostenderet
1687 179 1718 199 se
1734 172 1774 207 ip-

67 219 137 253 τίοι),
168 218 194 245 ἐν
220 218 254 254 τῇ
283 216 365 243 αὐτοῦ
392 217 462 252 μονῇ
491 216 540 249 τὴν
567 214 701 250 κοσμικὴν
730 212 894 249 ἀπεκιίρατο

67 264 161 301 τρίχα.
192 260 389 299 Ἀφικομένους
419 260 464 287 οὗν
494 259 591 290 αὐτοὺς
615 258 682 295 πρὸς
702 258 748 285 τὸν
777 257 893 294 Συμεὼν

69 308 114 336 καὶ
132 306 285 344 μέλλοντας
309 308 392 333 κινεῖν
415 304 513 342 λόγους
543 304 604 340 περὶ
636 303 756 339 εἰρήνης,
780 302 894 332 τούτους

73 354 120 389 μὲν
148 352 339 387 ἆπεπίμψατο,
369 349 449 377 αὐτὸν
475 347 503 376 δὶ
529 348 574 375 τὸν
607 347 718 385 βασιλέα
756 347 894 383 Ῥωμανὸν

71 397 193 432 ἐπεζήτει
211 395 353 427 θεάσασθαι
370 403 377 410 '
402 393 637 432 πεπληροφόρητο
662 392 713 429 γὰρ
733 390 817 428 ἄνδρα
833 401 896 418 συν-

71 442 129 469 ετὸν
146 441 225 468 αὐτὸν
243 440 308 467 ιῖναι
331 439 376 466 καὶ
401 437 504 473 ἀληθῆ,
530 436 683 467 Ἀσπασίως
708 435 736 463 δὲ
758 436 771 462 ὁ
794 439 896 471 Ῥωμα-

69 488 115 518 νὸς
132 485 238 521 ἐδέξατο
262 486 353 511 τοῦτο.
383 481 563 512 Ἀποστείλας
588 480 634 509 οὖν
659 480 684 508 ἐν
710 483 748 516 τῷ
770 482 818 507 τοῦ
843 483 897 507 Κο-

69 530 180 568 σμιδίου
195 528 314 567 αἰγιαλῷ
337 527 529 555 κατεσκεύασεν
554 526 580 553 ἐν
594 527 628 562 τῇ
646 525 769 562 θαλάσσῇ
786 525 897 562 ὀχυρω-

69 577 153 611 τάτην
175 572 320 607 ἀπόϐασιν,
351 572 420 600 ὥστε
445 573 496 606 τὴν
527 570 671 609 βασιλικὴν
696 571 797 607 τριήρη
823 568 898 596 διικ-

70 620 208 648 πλὲουοαν
252 618 278 646 ἒν
322 617 391 654 αὐτῇ
438 615 691 653 προσορμίζεσθαι,
735 614 898 652 περιφράξας

71 665 156 699 αὐτὴν
185 663 316 694 πάντοθεν
352 660 566 699 διατιιχίσμασι,
602 658 689 687 Μέσον
723 657 752 686 δὲ
777 658 897 695 θριγκίον

70 709 192 746 γενέσθαι
221 706 393 744 προσέταξεν,
423 702 484 732 ἔνθα
521 703 658 739 ἀλλήλοις
691 701 809 739 ἔμελλον
837 703 898 739 ὁμι-

71 753 141 781 λεῖν.
169 753 201 780 Ὁ
231 750 260 778 δὶ
285 750 398 786 Συμεὼν
433 748 596 778 ἀποστείλας
624 747 753 785 ἐνέπρησε
776 747 821 774 τὸν
851 750 899 781 τῆς

73 796 221 834 ὑπιραγίας
237 795 370 823 Θεοτόκου
397 794 462 821 ναὸν
489 793 534 820 τὸν
561 792 587 820 ἐν
613 795 648 825 τῆ
663 794 755 830 Πηγῇ,
772 792 801 819 δν
818 792 832 818 ὁ
850 791 898 829 βα-

951 212 1013 240 sius
1029 213 1215 248 imperatoris
1240 222 1428 249 congressum
1445 216 1590 250 expetere,
1607 223 1693 251 quem
1710 225 1778 251 pre-

951 257 1161 286 certobabsbat
1172 258 1266 286 virum
1278 267 1343 286 esse
1356 259 1528 294 prudentem
1539 261 1627 295 atque
1633 268 1776 288 veracem.

950 303 1122 338 Pergratum
1144 303 1172 330 id
1197 303 1252 331 fuit
1276 304 1419 338 Romano,
1433 304 1571 340 misitque
1586 304 1664 332 illico
1681 306 1731 340 qui
1747 306 1776 333 in

951 347 1047 375 littore
1058 347 1196 375 Cosmidii
1206 348 1234 375 in
1247 348 1321 376 mari
1333 348 1517 376 tutissimum
1529 351 1660 385 egressui
1673 358 1687 378 e
1704 359 1778 378 nave

951 391 1046 419 locum
1064 397 1211 428 pararent,
1228 395 1259 420 ut
1272 401 1305 420 eo
1320 393 1508 428 imperatoria
1530 394 1659 422 triremis
1674 396 1776 431 appel-

951 435 1010 463 lere
1026 439 1134 471 posset.
1152 437 1225 464 Eum
1243 437 1374 473 undique
1386 438 1599 466 munitionibus
1615 439 1778 467 circumde-

952 480 1013 514 dit;
1031 489 1064 508 ac
1078 481 1107 508 in
1125 481 1220 509 medio
1241 482 1333 517 jussit
1356 481 1519 510 tabulatum
1545 483 1651 518 attolli,
1666 484 1694 511 in
1722 493 1779 520 quo

953 527 1035 553 erant
1050 525 1232 553 collocuturi.
1248 526 1366 554 Interim
1378 527 1493 554 Simeon
1512 527 1612 555 missis
1628 529 1689 556 suis
1704 531 1779 556 tem-

953 569 1036 605 plum
1043 570 1174 605 Deiparaa
1181 570 1340 598 adFontem
1348 571 1527 603 incendit,ab
1537 571 1705 600 Justiniano
1712 581 1780 600 con-

954 615 1059 641 ditum.
1075 614 1130 641 Sed
1147 616 1175 642 et
1189 614 1285 642 vicina
1300 615 1410 642 circum
1423 617 1522 643 omnia
1538 615 1604 650 igne
1624 617 1776 652 vastabat;

954 658 1085 694 satisque
1100 659 1260 695 apparebat
1285 667 1384 695 pacem
1401 659 1426 687 ei
1446 659 1526 686 cordi
1552 668 1609 687 non
1634 668 1709 688 esse.
1724 663 1779 689 Ro-

955 711 1062 731 manus
1087 711 1154 731 cum
1184 703 1350 739 patriarcha
1380 704 1479 731 fanum
1513 704 1723 733 Blacbernense
1752 708 1781 733 et

954 750 1075 776 Sacrum
1091 747 1263 783 Sepulcrum
1279 748 1442 783 ingressus,
1461 748 1550 775 Deum
1566 752 1783 785 comprecatus,

956 795 1072 828 accepto
1101 793 1192 820 beata:
1222 792 1352 828 Virginis
1382 793 1456 821 305
1488 793 1643 828 humerali,
1673 795 1782 830 templo

70 841 164 872 σιλεὺς
194 839 384 870 Ἰουστινιανὸς
409 837 573 874 ἰδομήσατο,
602 836 776 873 ἐπυρπόλησι
805 835 833 863 δὲ

1019 839 1036 864 t.
1049 837 1182 873 Cumque
1198 839 1227 864 et
1241 846 1272 864 se
1287 837 1444 873 diligenter
1460 840 1605 865 armasset
1619 841 1647 866 et
1662 839 1783 866 comita-

73 887 108 913 τὰ
136 884 232 920 κύκλῳ
259 883 412 920 σύμπαντα,
441 882 485 909 καὶ
515 880 601 914 δῆλος
630 881 663 916 ἦν
694 880 723 908 ἑκ
745 879 841 908 τούτου
865 880 901 916 μὴ

83 930 195 967 εἰρήνην
215 930 313 963 ζητῶν.
338 928 369 955 Ὁ
397 925 426 954 δὶ
451 925 577 963 βασιλεὺς
600 924 627 952 ἐν
648 927 687 960 τῷ
708 927 765 960 ναῷ
789 925 905 962 γενόμε-

82 985 129 1006 νος
143 975 196 1001 τῶν
221 972 384 1009 Βλαχερνῶν
409 971 467 1007 ἅμα
493 972 533 1006 τῷ
561 970 728 1007 πατριάρχῃ,
743 969 787 996 καὶ
817 968 842 996 ἐν
870 970 904 1005 τῇ

80 1018 160 1056 Ἀγίᾳ
176 1019 255 1055 Σορῷ
271 1015 398 1044 εἰσελθὼν
415 1015 459 1042 καὶ
482 1013 618 1050 ἱκετηρίας
638 1012 710 1050 ᾠδὰς
733 1012 851 1056 ἀποδοὺς
867 1015 906 1048 τῷ

81 1065 151 1099 θεῷ,
180 1062 210 1089 τὸ
240 1060 397 1099 ὠμοφόριον
414 1060 471 1096 (72)
496 1061 545 1091 τῆς
568 1058 702 1086 Θιὸτόκου
725 1055 816 1085 λαϐὼν
835 1058 904 1095 ἐξῄει

79 1110 130 1135 τοῦ
154 1108 230 1142 ναοῦ,
265 1104 364 1135 ὅπλοις
404 1103 536 1142 ἀσφαλᾶσι
574 1103 752 1141 φραξάμενος.
779 1103 829 1130 Τὸν
858 1102 903 1129 σὺν

81 1153 157 1188 αὑτῷ
185 1152 229 1178 οὖν
260 1149 358 1177 στόλον
387 1149 528 1185 κοσμήσας
554 1148 709 1184 ἁριπριπῶς
721 1148 767 1175 τὸν
785 1147 905 1184 ὡρισμὶ-

81 1207 126 1224 νον
150 1195 299 1234 κατείληφε
312 1194 407 1228 τόπον,
431 1192 544 1228 Ἐννάτη
569 1194 617 1220 τοῦ
641 1189 798 1230 Νοεμϐρίου
821 1192 907 1228 μηνὸς

82 1242 116 1276 ἦν
131 1241 176 1268 ὅτε
188 1242 271 1267 ταῦτα
299 1239 414 1276 ἐγίνετο.
431 1238 593 1276 Παριγὲνετο
623 1235 652 1264 δὲ
677 1237 721 1264 καὶ
746 1237 760 1264 ὁ
781 1236 906 1272 Συμεὼν,

82 1286 192 1320 πλῆθος
207 1284 373 1322 ἐπαγόμενος
403 1283 441 1313 sic
471 1281 578 1314 πολλὰς
606 1280 768 1319 διῃρημένον
792 1281 839 1313 τὰς
854 1292 906 1308 πα-

85 1329 207 1367 ρατάξεις
221 1329 265 1356 καὶ
280 1329 326 1359 τὰς
344 1327 437 1358 ἰδέας·
460 1327 485 1354 οἱ
513 1327 561 1362 μὲν
585 1326 634 1363 γὰρ
666 1327 732 1360 ἦσαν
758 1326 908 1363 χρυσάσπι-

85 1373 129 1405 δες
144 1374 187 1401 καὶ
211 1375 301 1411 χουσᾶ
324 1371 424 1409 δόρατα
452 1370 572 1408 ἔχοντες,
589 1371 615 1398 oi.
645 1369 673 1397 δὲ
702 1369 906 1408 ἀργυράσπιδες,

85 1420 112 1447 οἱ
129 1418 158 1446 δὲ
173 1416 371 1455 χαλκάσπιδες,
388 1417 413 1444 οἱ
438 1415 466 1442 δὲ
492 1414 563 1452 ἄλλῃ
589 1417 672 1452 χροιᾷ
697 1415 734 1445 ὥς
750 1426 787 1450 πη
805 1414 908 1450 ἰκάστῳ

85 1462 186 1497 ἰδόκει,
205 1461 398 1497 ἐκεκόσμηντο.
424 1459 528 1490 Ο’ίτινκ
554 1461 638 1496 μὲσον
661 1459 739 1487 αὐτὸν
765 1459 908 1498 εἰληφότες

83 1508 132 1535 τὸν
151 1507 263 1543 Συμεὼν
280 1506 317 1536 ὡς
333 1504 445 1542 βασιλέα
461 1505 599 1544 εὐφήμουν
615 1505 756 1540 Ῥωμαῖκῇ
768 1506 801 1540 τῇ
818 1506 906 1542 φωνῇ.

85 1553 188 1582 Πάντις
200 1550 229 1578 δὲ
244 1551 270 1578 oi.
278 1551 304 1578 ἐν
318 1550 388 1578 τέλει
401 1549 445 1577 καὶ
458 1550 472 1577 ὁ
482 1549 589 1580 ἀστικὸς
601 1547 690 1585 δῆμος
699 1548 729 1576 ἐκ
743 1547 796 1576 τῶν
807 1551 908 1586 τειχῶν

84 1597 202 1629 ἐθιῶντο
217 1596 251 1623 τὰ
261 1594 397 1632 δρώμενα.
415 1596 526 1630 Πρῶτος
551 1593 596 1621 οὖν
622 1592 637 1620 ὅ
661 1592 788 1631 βασιλεὺς
802 1594 908 1629 Ῥωμα-

84 1642 131 1672 νὸς
155 1641 204 1675 τήν
234 1639 382 1677 εἰρημένην
410 1635 566 1676 ἀποϐάθραν
594 1635 756 1665 καταλαϐὼν
782 1637 826 1664 τὸν
858 1641 909 1664 Συ-

86 1685 161 1723 μεὼν
179 1684 327 1722 ἐξεδέχετο.
343 1685 457 1721 Ὅμηρα
480 1681 508 1710 Si
533 1681 623 1713 δόντες
639 1681 788 1717 ἀλλήλοις,
804 1682 847 1709 καὶ
860 1683 909 1717 τήν

87 1728 247 1767 ἀποϐάθραν
276 1728 301 1756 οἱ
343 1727 493 1766 Βούλγαροι
534 1726 749 1763 διερευνήσαντις
779 1725 910 1764 ἀκριϐῶς⁷

87 1776 128 1812 μή
146 1775 199 1802 πού
215 1785 256 1805 τις
281 1772 362 1804 δόλος
383 1773 400 1808 ἢ
425 1771 518 1808 ἐνέδρα
541 1771 704 1808 κρύπτηται,
728 1771 789 1799 τότε
815 1771 911 1800 κατελ-

84 1821 144 1848 θεῖν
159 1819 204 1846 τὸν
220 1818 333 1855 Συμεὼν
357 1819 405 1844 τοῦ
426 1816 513 1844 ’ίππου
536 1816 735 1853 προιειρὲψαντο
757 1817 800 1843 καί
827 1815 912 1844 εἰσελ-

85 1865 144 1891 θιῖν
160 1863 227 1900 πρὸς
252 1863 298 1890 τὸν
329 1861 452 1899 βασιλέα.
477 1861 644 1888 Ἠστιάσαντο
667 1862 731 1897 γοῦν
757 1859 911 1896 ἀλλήλους,

86 1908 133 1936 καὶ
163 1907 224 1944 πιρὶ
258 1907 370 1942 εἰρήνης
405 1905 521 1943 ἤρξαντο
560 1904 743 1942 διαλέγεσθαι.
777 1906 819 1934 [Ρ.
849 1907 912 1942 624]

87 1952 162 1980 Φασὶ
178 1951 201 1979 ’δ’
216 1950 261 1978 οὖν
280 1951 363 1978 εἰπεῖν
377 1951 423 1978 τὸν
449 1951 587 1986 Ῥωμανὸν
612 1950 681 1988 πρὸς
705 1949 750 1977 τὸν
776 1951 888 1986 Συμεών
904 1959 911 1965 ·

89 2009 105 2023 (ι
132 1995 253 2031 Ἀκήκοά
282 2005 311 2022 σε
344 1994 504 2032 Χριστιανὸν
541 1992 681 2032 ἄνθρωπον
717 1993 761 2020 καὶ
788 1992 912 2029 θεοσεϐῆ,

90 2040 189 2079 βλέπω
219 2039 248 2067 δὲ
273 2040 307 2067 τὰ
331 2036 396 2077 ἔργα
427 2038 573 2075 μηδαμῶς⁸
589 2040 646 2069 τοῖς
677 2037 769 2076 λόγοις
797 2036 913 2074 συμϐαί-

85 2095 180 2113 νοντα.
210 2083 243 2112 Εἴ
274 2085 320 2121 μὶν
346 2084 398 2121 γὰρ
436 2082 548 2118 ἀληθῶς
581 2083 740 2120 Χριστιανὸς
772 2083 912 2121 ὑπάρχεις,

86 2132 190 2163 στῆσον
206 2139 272 2156 ποτε
286 2129 333 2159 τὰς
362 2127 471 2159 ἀδίκους
499 2128 601 2166 σφαγὰς
630 2128 733 2158 καὶτὰς
750 2127 843 2164 χύσεις
858 2130 912 2155 τῶν

85 2174 206 2202 ἀνοσίων
223 2172 354 2210 αἱμάτων,
371 2173 415 2200 καὶ
443 2175 549 2200 σπεῖσαι
579 2172 638 2208 μεθ’
666 2173 746 2209 ἡμῶν
774 2171 828 2199 τῶν
851 2173 914 2209 Χρι-

957 884 1020 910 tum
1032 890 1119 909 suum
1133 882 1268 910 decenter
1279 885 1422 916 ornasset,
1430 883 1465 910 ad
1478 883 1631 910 deﬁnitum
1645 884 1740 911 locum
1753 892 1784 912 se

959 926 1091 954 contulit.
1107 927 1178 954 Acta
1207 926 1266 954 hinc
1296 935 1374 954 nona
1401 926 1448 954 die
1480 928 1655 955 Decembris.
1676 928 1783 956 Eodem

958 971 1036 998 venit
1051 974 1080 998 et
1095 971 1451 1003 Simeon,multitudinem
1467 972 1617 999 adducens
1633 972 1722 1000 variis
1737 981 1784 1000 or-

960 1015 1080 1042 dinibus
1104 1024 1137 1043 ac
1153 1015 1255 1042 formis
1280 1016 1451 1043 distinctam
1470 1025 1476 1043 :
1495 1016 1543 1043 alii
1560 1024 1687 1052 namque
1702 1020 1786 1045 erant

960 1060 1057 1087 aureis
1073 1060 1165 1087 scutis
1190 1060 1283 1087 ornati
1310 1062 1339 1087 et
1362 1060 1459 1087 aureis
1485 1060 1590 1094 hastis,
1607 1061 1657 1088 alii
1682 1070 1785 1097 argen-

960 1105 1015 1132 teis
1031 1104 1151 1140 clypeis,
1161 1103 1210 1132 alii
1226 1105 1320 1138 cereis,
1337 1104 1386 1131 alii
1403 1104 1527 1132 aliorum
1541 1105 1682 1141 colorum,
1700 1109 1786 1142 prout

960 1149 1066 1184 cuique
1082 1149 1176 1176 visum
1193 1149 1297 1176 fuerat.
1315 1150 1337 1176 Ii
1352 1150 1381 1176 in
1398 1149 1527 1177 medium
1553 1150 1598 1177 sui
1615 1151 1784 1178 Simeonem

960 1194 1188 1230 recipiebant,ac
1205 1193 1336 1221 Romana
1347 1202 1416 1221 voce
1432 1202 1529 1230 regem
1547 1196 1782 1223 consalutabant.

961 1239 1069 1266 Omnes
1084 1246 1219 1273 proceres
1234 1240 1264 1265 et
1275 1237 1383 1265 civium
1400 1238 1638 1274 multitudoque:
1653 1248 1786 1275 gereren-

961 1287 1018 1316 tur,
1035 1283 1071 1310 de
1093 1282 1187 1310 muris
1210 1282 1393 1318 spectabant.
1415 1283 1495 1310 Prior
1519 1285 1668 1311 Romanus
1688 1284 1784 1312 locum

961 1326 1160 1354 exseensionis
1185 1326 1297 1353 dictum
1321 1327 1484 1361 occupavit,
1500 1329 1528 1354 et
1553 1328 1718 1356 Simeonem
1734 1337 1786 1356 ex-

961 1371 1109 1406 spectavit.
1130 1371 1209 1398 Datis
1225 1371 1302 1398 ultro
1325 1370 1459 1406 citroque
1482 1371 1647 1404 obsidibus,
1664 1372 1783 1408 Bulgari

961 1424 1028 1444 cum
1044 1415 1139 1443 locum
1153 1415 1307 1451 diligenter
1317 1416 1613 1451 pervestigaesent,ne
1623 1417 1689 1452 quis
1700 1417 1787 1445 dolus

961 1463 1012 1488 aut
1026 1459 1140 1488 insidias
1162 1460 1295 1493 laterent,
1317 1460 1484 1488 Simeonem
1509 1469 1584 1496 equo
1608 1461 1786 1491 descendere

961 1505 1115 1540 jusserunt
1140 1507 1169 1532 et
1184 1505 1218 1531 ad
1245 1505 1449 1540 imperatorem
1474 1505 1592 1533 intrare.
1611 1506 1652 1533 Ibi
1670 1515 1737 1534 cum
1754 1516 1787 1535 se

965 1552 1067 1577 mutuo
1082 1549 1328 1583 consalutassent,
1345 1549 1381 1576 de
1397 1557 1466 1584 pace
1486 1549 1610 1584 colloqui
1626 1555 1787 1586 coeperunt.

964 1595 1001 1621 Ac
1016 1593 1114 1621 ferunt
1136 1593 1301 1621 Romanum
1323 1593 1384 1621 haao
1407 1594 1494 1622 verba
1509 1595 1545 1622 ad
1570 1595 1728 1631 Bulgarum
1746 1597 1785 1624 fe-

964 1639 1062 1666 cisse:
1079 1649 1092 1663 «
1109 1638 1264 1666 Hominem
1287 1640 1316 1665 te
1338 1646 1402 1666 esse
1425 1638 1625 1667 Christianum
1650 1643 1679 1668 et
1705 1641 1786 1677 pium

965 1682 1072 1716 audivi,
1090 1683 1140 1710 sed
1157 1682 1234 1710 facta
1247 1684 1298 1710 tua
1314 1682 1398 1710 famas
1415 1683 1534 1711 minime
1554 1685 1742 1720 respondent.
1758 1686 1788 1713 Si

965 1727 1044 1755 enim
1056 1735 1086 1754 re
1100 1735 1167 1754 vera
1182 1735 1213 1754 es
1227 1726 1423 1760 Christianus,
1437 1727 1525 1755 tinem
1541 1729 1659 1757 tandem
1674 1729 1720 1758 fac
1735 1739 1789 1758 cm-

966 1773 1047 1800 dium
1058 1774 1087 1799 et
1097 1771 1237 1799 fundendi
1247 1771 1401 1807 sanguinis
1411 1772 1709 1810 insontis,pacemque
1720 1783 1788 1802 cum

967 1816 1052 1845 nobis
1079 1816 1254 1844 Christianis
1279 1815 1464 1843 Christianus
1489 1818 1518 1843 et
1542 1817 1604 1852 ipse
1634 1826 1788 1854 compone,

967 1870 1062 1897 neque
1076 1861 1120 1888 fac
1135 1863 1167 1888 ut
1179 1861 1284 1888 dextras
1303 1859 1533 1888 Christianorum
1560 1861 1710 1897 polluatur
1724 1872 1790 1891 san-

968 1906 1056 1942 guine
1071 1905 1207 1932 eumdem
1223 1904 1372 1933 Christum
1389 1905 1558 1933 colentium.
1575 1906 1666 1934 Homo
1683 1909 1712 1935 et
1726 1908 1790 1943 ipse

968 1953 1137 1983 es,mortem
1153 1949 1307 1985 opperiens
1315 1951 1344 1976 et
1354 1949 1595 1978 resurrectionem
1608 1953 1637 1978 et
1645 1951 1789 1986 judicium

969 2003 1001 2022 ac
1016 1994 1135 2029 dignam
1159 1993 1220 2021 vita
1235 1996 1299 2021 acta
1321 1994 1398 2021 306
1412 1995 1587 2023 mercedem.
1601 1995 1690 2024 Hodie
1707 1996 1790 2033 vivis,

968 2042 997 2067 et
1012 2047 1077 2066 cras
1092 2039 1122 2066 in
1140 2038 1287 2074 pulverem
1303 2038 1485 2067 dissolveris.
1503 2039 1532 2067 Si
1557 2039 1725 2068 divitiarum
1740 2050 1791 2069 cu-

969 2083 1076 2120 piditas
1087 2086 1115 2110 te
1125 2083 1161 2110 ad
1173 2083 1234 2110 haec
1246 2083 1358 2119 agenda
1371 2083 1505 2118 impellit,
1515 2092 1566 2119 ego
1578 2085 1612 2112 ad
1625 2086 1790 2114 satietatem

968 2136 1061 2164 usque
1078 2129 1105 2155 te
1120 2127 1156 2154 iis
1167 2127 1290 2163 opplebo
1303 2136 1309 2155 :
1322 2129 1436 2155 tantum
1462 2136 1562 2164 pacem
1576 2129 1750 2165 amplectere
1765 2133 1794 2159 et

969 2172 1154 2200 concordiam
1171 2171 1267 2207 dilige,
1285 2174 1316 2199 ut
1331 2172 1394 2207 ipse
1410 2180 1525 2208 quoque
1547 2173 1635 2201 vitam
1661 2177 1792 2210 pacatam

86 2221 220 2254 στιανῶν,
238 2217 400 2256 Χριστιανὸς
416 2217 459 2244 καὶ
484 2217 563 2248 αὐτὸς
587 2215 624 2244 ὤν
640 2216 684 2244 καὶ
702 2217 850 2253 ὀνομαζόμε

1029 2225 1060 2244 as
1074 2225 1108 2244 ac
1118 2216 1344 2249 incruentam,et
1355 2217 1472 2244 tandem
1485 2217 1645 2246 Christiani
1657 2219 1793 2247 desinant

83 2264 136 2292 καὶ
156 2263 195 2299 μὴ
221 2262 283 2294 θέλε
310 2261 474 2298 μολύνεσθαι
496 2263 660 2298 Χριστιανῶν
690 2258 777 2296 δεξιὰς
804 2261 914 2298 αἴμασιν

86 2308 253 2345 ὁμοπίστων
281 2308 457 2344 Χριστιανῶν.
495 2306 654 2342 ’Ἄνθρωπος
688 2306 714 2332 εἴ
749 2306 794 2333 καὶ
822 2306 914 2341 αὐτὸς,

86 2352 207 2386 θάνατον
236 2349 396 2389 προσδοκῶν
426 2349 470 2378 καὶ
495 2350 648 2383 ἀναστασιν,
673 2349 718 2377 καὶ
746 2349 846 2387 κρίσιν,
870 2351 915 2378 καὶ

85 2394 276 2425 ἀνταπόδοσιν
302 2397 356 2423 τῶν
394 2391 579 2432 βεϐιωμένων.
618 2395 743 2432 Σήμερον
773 2394 915 2432 ὑπάρχεις,

83 2441 138 2470 καὶ
159 2439 252 2478 αὔριον
277 2439 317 2470 είς
343 2438 417 2466 κόνιν
446 2437 607 2475 διαλυθήσῃ.
637 2439 670 2467 El
697 2437 819 2466 πλούτου
849 2438 917 2476 ἐρῶν

81 2485 177 2514 ταῦτα
204 2487 302 2517 ποιεῖς,
330 2483 385 2521 ἐγώ
411 2494 440 2511 σι
468 2482 567 2511 τούτου
595 2482 731 2519 ἐμπλήσω
757 2483 794 2514 εἰς
823 2483 915 2521 κόρον.

85 2531 184 2560 Μόνον
201 2528 316 2557 ἅσπασαι
331 2529 381 2564 τήν
406 2528 516 2564 εἰρήνην
545 2527 590 2555 καὶ
620 2528 761 2565 ἀγάπησον
785 2528 834 2562 τὴν
852 2528 918 2564 ὁμό-

84 2573 237 2608 νοιαν,’ίνα
251 2574 294 2602 καὶ
317 2573 397 2604 αὑτὸς
423 2573 482 2610 βίον
513 2573 597 2610 ζήσῃς
619 2571 753 2610 εἰρηνικὸν
778 2573 823 2600 καὶ
839 2572 916 2600 ἀναί-

90 2630 210 2657 μακτον,
240 2618 284 2646 καὶ
323 2618 350 2646 οἱ
379 2617 538 2655 Χριστιανοὶ
579 2616 734 2644 παύσωνται
764 2627 830 2644 ποτε
859 2618 916 2644 κατ’

970 2263 1070 2289 contra
1082 2269 1113 2288 se
1124 2261 1248 2288 invicem
1273 2269 1356 2288 arma
1367 2261 1452 2289 ferre.
1470 2273 1484 2287 »
1502 2262 1550 2289 His
1567 2263 1666 2291 verbis
1681 2263 1794 2300 hacque

970 2305 1168 2333 submissione
1194 2305 1380 2340 imperatoris
1405 2306 1440 2333 ad
1457 2307 1662 2335 verecundiam
1688 2308 1795 2336 ductus

970 2350 1085 2378 Simeon
1110 2349 1245 2386 promisit
1270 2358 1301 2377 se
1322 2358 1421 2386 pacem
1446 2351 1610 2386 facturum;
1626 2354 1654 2380 et
1678 2356 1796 2388 peracta

971 2394 1146 2422 salutatione
1157 2394 1322 2422 discessum
1335 2397 1460 2428 est,cum
1473 2396 1592 2431 quidem
1606 2398 1798 2433 magniﬁcen-

971 2439 1086 2467 tissima
1100 2439 1176 2466 dona
1191 2438 1320 2467 Simeoni
1335 2439 1494 2475 imperator
1513 2441 1651 2469 dedisset.
1672 2442 1796 2478 Dignum

971 2486 1015 2512 est
1030 2483 1122 2512 relatu
1139 2483 1305 2519 prodigium
1322 2485 1399 2519 quod
1411 2486 1482 2512 tunc
1493 2485 1684 2513 accidit.Nam
1701 2487 1798 2515 ferunt

972 2528 1207 2564 colloquentibus
1222 2527 1406 2564 principibus
1422 2529 1496 2557 duas
1512 2530 1626 2565 aquilas
1641 2539 1731 2566 supra
1747 2539 1797 2559 eos

970 2573 1118 2608 volitasse,
1136 2576 1164 2601 et
1179 2581 1245 2601 cum
1261 2572 1398 2609 clangore
1411 2582 1442 2602 se
1458 2575 1656 2610 conjunxisse,
1673 2584 1798 2612 moxque

972 2618 1102 2648 divulsas
1119 2618 1220 2652 fuisse,
1239 2618 1278 2645 ita
1295 2620 1326 2645 ut
1351 2618 1442 2647 altera
1466 2620 1501 2646 ad
1531 2620 1634 2647 urbem
1661 2620 1753 2648 altera
1769 2620 1798 2647 in

666 2707 866 2739 XYLANDRI
889 2709 940 2739 ET
960 2709 1078 2740 GOARI
1101 2708 1229 2738 NOTAE.

132 2777 188 2813 (72)
205 2775 383 2813 Ὠμοφορίου,
399 2776 509 2804 vestem
527 2775 557 2803 Β.
576 2773 700 2810 Virginis
715 2773 755 2802 ibi
771 2773 896 2810 reposita

281 2775 383 2813 ρορίου,
399 2776 509 2804 vestem
527 2775 557 2803 Β.
576 2773 700 2810 Virginis
715 2773 755 2802 ibi
771 2773 941 2810 repositam.
958 2774 1045 2803 Goaa.
