  <div class='ocr_page' id='page_1' title='image "/cluster/home/n/w/nwhite01/storage/ocr_20150623/122/njp.32101077773016/035.png"; bbox 0 0 1928 3047; ppageno 0'>
   <div class='ocr_carea' id='block_1_1' title="bbox 139 115 1855 149">
    <p class='ocr_par' dir='ltr' id='par_1_1' title="bbox 139 115 1855 149">
     <span class='ocr_line' id='line_1_1' title="bbox 139 115 1855 149; baseline -0.003 0"><span class='ocrx_word' id='word_1_1' title='bbox 139 119 178 149; x_wconf 75' lang='lat'><strong>47</strong></span> <span class='ocrx_word' id='word_1_2' title='bbox 818 116 978 147; x_wconf 74' lang='lat' dir='ltr'>GEORGII</span> <span class='ocrx_word' id='word_1_3' title='bbox 1001 116 1172 147; x_wconf 80' lang='lat' dir='ltr'>CEDRENI</span> <span class='ocrx_word' id='word_1_4' title='bbox 1815 115 1855 144; x_wconf 77' lang='grc'>48</span> 
     </span>
    </p>
   </div>
   <div class='ocr_carea' id='block_1_2' title="bbox 138 180 960 220">
    <p class='ocr_par' dir='ltr' id='par_1_2' title="bbox 138 181 956 220">
     <span class='ocr_line' id='line_1_2' title="bbox 138 181 956 220; baseline -0.001 -9"><span class='ocrx_word' id='word_1_5' title='bbox 138 185 230 219; x_wconf 63' lang='lat' dir='ltr'>retur,</span> <span class='ocrx_word' id='word_1_6' title='bbox 238 183 424 220; x_wconf 82' lang='lat' dir='ltr'>Tryphonem</span> <span class='ocrx_word' id='word_1_7' title='bbox 438 185 504 210; x_wconf 85' lang='lat' dir='ltr'>astu</span> <span class='ocrx_word' id='word_1_8' title='bbox 521 181 814 210; x_wconf 86' lang='lat' dir='ltr'>circumveniendum</span> <span class='ocrx_word' id='word_1_9' title='bbox 828 184 922 216; x_wconf 86' lang='lat' dir='ltr'>ratus,</span> <span class='ocrx_word' id='word_1_10' title='bbox 932 182 956 210; x_wconf 82' lang='lat' dir='ltr'>si</span> 
     </span>
    </p>
   </div>
   <div class='ocr_carea' id='block_1_3' title="bbox 1051 180 1851 220">
    <p class='ocr_par' dir='ltr' id='par_1_3' title="bbox 1051 180 1851 219">
     <span class='ocr_line' id='line_1_3' title="bbox 1051 180 1851 219; baseline -0.001 -10"><span class='ocrx_word' id='word_1_11' title='bbox 1051 180 1167 214; x_wconf 75' lang='grc' dir='ltr'>ασιλὲως</span> <span class='ocrx_word' id='word_1_12' title='bbox 1202 182 1251 216; x_wconf 82' lang='grc' dir='ltr'>τήν</span> <span class='ocrx_word' id='word_1_13' title='bbox 1289 181 1446 219; x_wconf 83' lang='grc' dir='ltr'>ὑπόσχεσιν,</span> <span class='ocrx_word' id='word_1_14' title='bbox 1477 182 1564 218; x_wconf 80' lang='grc' dir='ltr'>ἀπάτῃ</span> <span class='ocrx_word' id='word_1_15' title='bbox 1600 180 1774 219; x_wconf 76' lang='grc' dir='ltr'>περιέρχεται</span> <span class='ocrx_word' id='word_1_16' title='bbox 1804 181 1851 208; x_wconf 86' lang='grc' dir='ltr'>τὸν</span> 
     </span>
    </p>
   </div>
   <div class='ocr_carea' id='block_1_4' title="bbox 138 227 970 265">
    <p class='ocr_par' dir='ltr' id='par_1_4' title="bbox 138 227 970 265">
     <span class='ocr_line' id='line_1_4' title="bbox 138 227 970 265; baseline -0.002 -9"><span class='ocrx_word' id='word_1_17' title='bbox 138 227 293 265; x_wconf 79' lang='lat' dir='ltr'>compellat</span> <span class='ocrx_word' id='word_1_18' title='bbox 311 237 317 255; x_wconf 94' lang='lat'>:</span> <span class='ocrx_word' id='word_1_19' title='bbox 338 238 351 254; x_wconf 72' lang='grc' dir='ltr'>α</span> <span class='ocrx_word' id='word_1_20' title='bbox 364 227 465 262; x_wconf 86' lang='lat' dir='ltr'>Multe,</span> <span class='ocrx_word' id='word_1_21' title='bbox 484 227 611 260; x_wconf 85' lang='lat' dir='ltr'>domine,</span> <span class='ocrx_word' id='word_1_22' title='bbox 635 227 791 254; x_wconf 83' lang='lat' dir='ltr'>adversum</span> <span class='ocrx_word' id='word_1_23' title='bbox 807 229 834 254; x_wconf 88' lang='lat' dir='ltr'>te</span> <span class='ocrx_word' id='word_1_24' title='bbox 851 227 970 254; x_wconf 75' lang='lat' dir='ltr'>molitur</span> 
     </span>
    </p>
   </div>
   <div class='ocr_carea' id='block_1_5' title="bbox 139 271 968 310">
    <p class='ocr_par' dir='ltr' id='par_1_5' title="bbox 139 271 968 310">
     <span class='ocr_line' id='line_1_5' title="bbox 139 271 968 310; baseline -0.002 -9"><span class='ocrx_word' id='word_1_25' title='bbox 139 274 310 310; x_wconf 74' lang='lat' dir='ltr'>imperator,</span> <span class='ocrx_word' id='word_1_26' title='bbox 327 274 354 300; x_wconf 89' lang='lat' dir='ltr'>et</span> <span class='ocrx_word' id='word_1_27' title='bbox 381 272 504 300; x_wconf 86' lang='lat' dir='ltr'>crimina</span> <span class='ocrx_word' id='word_1_28' title='bbox 528 271 676 307; x_wconf 82' lang='lat' dir='ltr'>conquirit</span> <span class='ocrx_word' id='word_1_29' title='bbox 696 271 732 299; x_wconf 91' lang='lat' dir='ltr'>ob</span> <span class='ocrx_word' id='word_1_30' title='bbox 755 279 818 307; x_wconf 74' lang='lat' dir='ltr'>quae</span> <span class='ocrx_word' id='word_1_31' title='bbox 843 273 870 299; x_wconf 87' lang='lat' dir='ltr'>te</span> <span class='ocrx_word' id='word_1_32' title='bbox 897 271 968 300; x_wconf 83' lang='lat' dir='ltr'>solio</span> 
     </span>
    </p>
   </div>
   <div class='ocr_carea' id='block_1_6' title="bbox 139 315 968 353">
    <p class='ocr_par' dir='ltr' id='par_1_6' title="bbox 139 315 968 353">
     <span class='ocr_line' id='line_1_6' title="bbox 139 315 968 353; baseline 0 -10"><span class='ocrx_word' id='word_1_33' title='bbox 139 318 265 353; x_wconf 80' lang='lat' dir='ltr'>dejicere</span> <span class='ocrx_word' id='word_1_34' title='bbox 281 317 385 353; x_wconf 86' lang='lat' dir='ltr'>possit.</span> <span class='ocrx_word' id='word_1_35' title='bbox 408 316 602 348; x_wconf 81' lang='lat' dir='ltr'>Quantumvis</span> <span class='ocrx_word' id='word_1_36' title='bbox 627 318 726 343; x_wconf 85' lang='lat' dir='ltr'>autem</span> <span class='ocrx_word' id='word_1_37' title='bbox 743 324 848 351; x_wconf 77' lang='lat' dir='ltr'>magno</span> <span class='ocrx_word' id='word_1_38' title='bbox 870 315 968 343; x_wconf 86' lang='lat' dir='ltr'>labore</span> 
     </span>
    </p>
   </div>
   <div class='ocr_carea' id='block_1_7' title="bbox 140 361 968 397">
    <p class='ocr_par' dir='ltr' id='par_1_7' title="bbox 140 361 968 397">
     <span class='ocr_line' id='line_1_7' title="bbox 140 361 968 397; baseline -0.004 -7"><span class='ocrx_word' id='word_1_39' title='bbox 140 362 214 390; x_wconf 80' lang='lat' dir='ltr'>nihil</span> <span class='ocrx_word' id='word_1_40' title='bbox 228 361 418 397; x_wconf 83' lang='lat' dir='ltr'>consequitur</span> <span class='ocrx_word' id='word_1_41' title='bbox 435 361 531 389; x_wconf 79' lang='lat' dir='ltr'>:3I4</span> <span class='ocrx_word' id='word_1_42' title='bbox 547 361 597 396; x_wconf 90' lang='lat' dir='ltr'>qui</span> <span class='ocrx_word' id='word_1_43' title='bbox 614 361 692 388; x_wconf 89' lang='lat' dir='ltr'>enim</span> <span class='ocrx_word' id='word_1_44' title='bbox 707 361 853 388; x_wconf 87' lang='lat' dir='ltr'>insontem</span> <span class='ocrx_word' id='word_1_45' title='bbox 870 361 968 388; x_wconf 87' lang='lat' dir='ltr'>crimi-</span> 
     </span>
    </p>
   </div>
   <div class='ocr_carea' id='block_1_8' title="bbox 141 404 967 442">
    <p class='ocr_par' dir='ltr' id='par_1_8' title="bbox 141 404 967 442">
     <span class='ocr_line' id='line_1_8' title="bbox 141 404 967 442; baseline -0.004 -7"><span class='ocrx_word' id='word_1_46' title='bbox 141 407 250 435; x_wconf 82' lang='lat' dir='ltr'>netur?</span> <span class='ocrx_word' id='word_1_47' title='bbox 261 414 354 434; x_wconf 92' lang='lat' dir='ltr'>unum</span> <span class='ocrx_word' id='word_1_48' title='bbox 370 405 524 442; x_wconf 87' lang='lat' dir='ltr'>proferunt</span> <span class='ocrx_word' id='word_1_49' title='bbox 539 405 588 441; x_wconf 90' lang='lat' dir='ltr'>qui</span> <span class='ocrx_word' id='word_1_50' title='bbox 606 406 634 432; x_wconf 91' lang='lat' dir='ltr'>te</span> <span class='ocrx_word' id='word_1_51' title='bbox 649 404 816 440; x_wconf 82' lang='lat' dir='ltr'>depositum</span> <span class='ocrx_word' id='word_1_52' title='bbox 833 405 967 440; x_wconf 89' lang='lat' dir='ltr'>cupiunt,</span> 
     </span>
    </p>
   </div>
   <div class='ocr_carea' id='block_1_9' title="bbox 140 449 967 487">
    <p class='ocr_par' dir='ltr' id='par_1_9' title="bbox 140 449 967 487">
     <span class='ocr_line' id='line_1_9' title="bbox 140 449 967 487; baseline -0.004 -8"><span class='ocrx_word' id='word_1_53' title='bbox 140 459 261 487; x_wconf 79' lang='lat' dir='ltr'>prorsus</span> <span class='ocrx_word' id='word_1_54' title='bbox 276 453 304 479; x_wconf 90' lang='lat' dir='ltr'>te</span> <span class='ocrx_word' id='word_1_55' title='bbox 319 459 384 478; x_wconf 83' lang='lat' dir='ltr'>esse</span> <span class='ocrx_word' id='word_1_56' title='bbox 400 449 568 477; x_wconf 85' lang='lat' dir='ltr'>litterarum</span> <span class='ocrx_word' id='word_1_57' title='bbox 593 449 730 477; x_wconf 89' lang='lat' dir='ltr'>inscium.</span> <span class='ocrx_word' id='word_1_58' title='bbox 756 450 784 476; x_wconf 91' lang='lat' dir='ltr'>Id</span> <span class='ocrx_word' id='word_1_59' title='bbox 809 449 918 476; x_wconf 84' lang='lat' dir='ltr'>crimen</span> <span class='ocrx_word' id='word_1_60' title='bbox 943 450 967 477; x_wconf 94' lang='lat' dir='ltr'>si</span> 
     </span>
    </p>
   </div>
   <div class='ocr_carea' id='block_1_10' title="bbox 139 493 969 531">
    <p class='ocr_par' dir='ltr' id='par_1_10' title="bbox 139 493 969 531">
     <span class='ocr_line' id='line_1_10' title="bbox 139 493 969 531; baseline -0.001 -8"><span class='ocrx_word' id='word_1_61' title='bbox 139 495 254 524; x_wconf 83' lang='lat' dir='ltr'>amoliri</span> <span class='ocrx_word' id='word_1_62' title='bbox 284 503 438 531; x_wconf 80' lang='lat' dir='ltr'>queamus,</span> <span class='ocrx_word' id='word_1_63' title='bbox 467 494 566 529; x_wconf 77' lang='lat' dir='ltr'><strong>utique</strong></span> <span class='ocrx_word' id='word_1_64' title='bbox 605 493 667 529; x_wconf 87' lang='lat' dir='ltr'>lupi</span> <span class='ocrx_word' id='word_1_65' title='bbox 707 493 822 521; x_wconf 81' lang='lat' dir='ltr'>hiantes</span> <span class='ocrx_word' id='word_1_66' title='bbox 861 494 969 522; x_wconf 80' lang='lat' dir='ltr'>fuerint</span> 
     </span>
    </p>
   </div>
   <div class='ocr_carea' id='block_1_11' title="bbox 139 538 967 576">
    <p class='ocr_par' dir='ltr' id='par_1_11' title="bbox 139 538 967 576">
     <span class='ocr_line' id='line_1_11' title="bbox 139 538 967 576; baseline -0.004 -8"><span class='ocrx_word' id='word_1_67' title='bbox 139 548 241 568; x_wconf 86' lang='lat' dir='ltr'>omnes</span> <span class='ocrx_word' id='word_1_68' title='bbox 270 539 320 576; x_wconf 89' lang='lat' dir='ltr'>qui</span> <span class='ocrx_word' id='word_1_69' title='bbox 350 539 402 567; x_wconf 93' lang='lat' dir='ltr'>tibi</span> <span class='ocrx_word' id='word_1_70' title='bbox 437 539 626 566; x_wconf 76' lang='lat' dir='ltr'>insidiantur.</span> <span class='ocrx_word' id='word_1_71' title='bbox 664 539 738 574; x_wconf 85' lang='lat' dir='ltr'>Ergo</span> <span class='ocrx_word' id='word_1_72' title='bbox 774 538 798 565; x_wconf 94' lang='lat' dir='ltr'>si</span> <span class='ocrx_word' id='word_1_73' title='bbox 836 547 882 566; x_wconf 89' lang='lat' dir='ltr'>me</span> <span class='ocrx_word' id='word_1_74' title='bbox 916 547 967 566; x_wconf 85' lang='lat' dir='ltr'>au-</span> 
     </span>
    </p>
   </div>
   <div class='ocr_carea' id='block_1_12' title="bbox 139 582 966 618">
    <p class='ocr_par' dir='ltr' id='par_1_12' title="bbox 139 582 966 618">
     <span class='ocr_line' id='line_1_12' title="bbox 139 582 966 618; baseline -0.002 -6"><span class='ocrx_word' id='word_1_75' title='bbox 139 585 194 618; x_wconf 82' lang='lat' dir='ltr'>dis,</span> <span class='ocrx_word' id='word_1_76' title='bbox 210 593 307 613; x_wconf 87' lang='lat' dir='ltr'>coram</span> <span class='ocrx_word' id='word_1_77' title='bbox 323 586 383 612; x_wconf 87' lang='lat' dir='ltr'>toto</span> <span class='ocrx_word' id='word_1_78' title='bbox 399 583 522 611; x_wconf 89' lang='lat' dir='ltr'>concilio</span> <span class='ocrx_word' id='word_1_79' title='bbox 549 583 577 610; x_wconf 91' lang='lat' dir='ltr'>in</span> <span class='ocrx_word' id='word_1_80' title='bbox 603 583 714 610; x_wconf 89' lang='lat' dir='ltr'>munda</span> <span class='ocrx_word' id='word_1_81' title='bbox 736 582 838 610; x_wconf 78' lang='lat' dir='ltr'>charta</span> <span class='ocrx_word' id='word_1_82' title='bbox 861 591 966 611; x_wconf 84' lang='lat' dir='ltr'>nomen</span> 
     </span>
    </p>
   </div>
   <div class='ocr_carea' id='block_1_13' title="bbox 139 627 968 665">
    <p class='ocr_par' dir='ltr' id='par_1_13' title="bbox 139 627 968 665">
     <span class='ocr_line' id='line_1_13' title="bbox 139 627 968 665; baseline -0.002 -9"><span class='ocrx_word' id='word_1_83' title='bbox 139 631 221 656; x_wconf 88' lang='lat' dir='ltr'>tuum</span> <span class='ocrx_word' id='word_1_84' title='bbox 249 630 278 656; x_wconf 85' lang='lat' dir='ltr'>et</span> <span class='ocrx_word' id='word_1_85' title='bbox 298 628 486 665; x_wconf 90' lang='lat' dir='ltr'>pontiﬁcatus</span> <span class='ocrx_word' id='word_1_86' title='bbox 513 627 688 663; x_wconf 80' lang='lat' dir='ltr'>dignitatem</span> <span class='ocrx_word' id='word_1_87' title='bbox 720 627 823 660; x_wconf 84' lang='lat' dir='ltr'>scribe,</span> <span class='ocrx_word' id='word_1_88' title='bbox 844 636 968 663; x_wconf 81' lang='lat' dir='ltr'>eamque</span> 
     </span>
    </p>
   </div>
   <div class='ocr_carea' id='block_1_14' title="bbox 139 671 968 709">
    <p class='ocr_par' dir='ltr' id='par_1_14' title="bbox 139 671 968 709">
     <span class='ocr_line' id='line_1_14' title="bbox 139 671 968 709; baseline -0.002 -8"><span class='ocrx_word' id='word_1_89' title='bbox 139 673 308 709; x_wconf 77' lang='lat' dir='ltr'>imperatori</span> <span class='ocrx_word' id='word_1_90' title='bbox 325 673 418 708; x_wconf 88' lang='lat' dir='ltr'>mitte,</span> <span class='ocrx_word' id='word_1_91' title='bbox 435 674 467 699; x_wconf 88' lang='lat' dir='ltr'>ut</span> <span class='ocrx_word' id='word_1_92' title='bbox 485 674 562 699; x_wconf 87' lang='lat' dir='ltr'>certo</span> <span class='ocrx_word' id='word_1_93' title='bbox 583 680 762 708; x_wconf 84' lang='lat' dir='ltr'>cognoscens</span> <span class='ocrx_word' id='word_1_94' title='bbox 780 680 860 707; x_wconf 86' lang='lat' dir='ltr'>spem</span> <span class='ocrx_word' id='word_1_95' title='bbox 883 671 968 700; x_wconf 88' lang='lat' dir='ltr'>istius</span> 
     </span>
    </p>
   </div>
   <div class='ocr_carea' id='block_1_15' title="bbox 140 716 967 749">
    <p class='ocr_par' dir='ltr' id='par_1_15' title="bbox 140 716 967 749">
     <span class='ocr_line' id='line_1_15' title="bbox 140 716 967 749; baseline -0.004 -4"><span class='ocrx_word' id='word_1_96' title='bbox 140 717 271 745; x_wconf 83' lang='lat' dir='ltr'>criminis</span> <span class='ocrx_word' id='word_1_97' title='bbox 286 717 399 744; x_wconf 89' lang='lat' dir='ltr'>irritam</span> <span class='ocrx_word' id='word_1_98' title='bbox 415 725 488 749; x_wconf 83' lang='lat' dir='ltr'>esse,</span> <span class='ocrx_word' id='word_1_99' title='bbox 498 716 612 743; x_wconf 81' lang='lat' dir='ltr'>desinat</span> <span class='ocrx_word' id='word_1_100' title='bbox 623 716 680 743; x_wconf 86' lang='lat' dir='ltr'>ista</span> <span class='ocrx_word' id='word_1_101' title='bbox 690 718 792 744; x_wconf 89' lang='lat' dir='ltr'>contra</span> <span class='ocrx_word' id='word_1_102' title='bbox 801 718 829 743; x_wconf 83' lang='lat' dir='ltr'>te</span> <span class='ocrx_word' id='word_1_103' title='bbox 841 716 967 743; x_wconf 89' lang='lat' dir='ltr'>moliri.»</span> 
     </span>
    </p>
   </div>
   <div class='ocr_carea' id='block_1_16' title="bbox 141 760 967 796">
    <p class='ocr_par' dir='ltr' id='par_1_16' title="bbox 141 760 967 796">
     <span class='ocr_line' id='line_1_16' title="bbox 141 760 967 796; baseline -0.004 -6"><span class='ocrx_word' id='word_1_104' title='bbox 141 762 171 790; x_wconf 88' lang='lat' dir='ltr'>Id</span> <span class='ocrx_word' id='word_1_105' title='bbox 187 761 343 790; x_wconf 86' lang='lat' dir='ltr'>consilium</span> <span class='ocrx_word' id='word_1_106' title='bbox 360 761 431 788; x_wconf 86' lang='lat' dir='ltr'>utile</span> <span class='ocrx_word' id='word_1_107' title='bbox 446 760 666 788; x_wconf 87' lang='lat' dir='ltr'>visum.Statim</span> <span class='ocrx_word' id='word_1_108' title='bbox 682 768 750 796; x_wconf 86' lang='lat' dir='ltr'>ergo</span> <span class='ocrx_word' id='word_1_109' title='bbox 767 761 882 796; x_wconf 84' lang='lat' dir='ltr'>cogitur</span> <span class='ocrx_word' id='word_1_110' title='bbox 897 768 967 788; x_wconf 91' lang='lat' dir='ltr'>con-</span> 
     </span>
    </p>
   </div>
   <div class='ocr_carea' id='block_1_17' title="bbox 141 805 967 842">
    <p class='ocr_par' dir='ltr' id='par_1_17' title="bbox 141 805 967 842">
     <span class='ocr_line' id='line_1_17' title="bbox 141 805 967 842; baseline -0.001 -8"><span class='ocrx_word' id='word_1_111' title='bbox 141 807 252 841; x_wconf 86' lang='lat' dir='ltr'>cilium,</span> <span class='ocrx_word' id='word_1_112' title='bbox 270 808 298 834; x_wconf 87' lang='lat' dir='ltr'>et</span> <span class='ocrx_word' id='word_1_113' title='bbox 314 805 478 842; x_wconf 78' lang='lat' dir='ltr'>patriarcha</span> <span class='ocrx_word' id='word_1_114' title='bbox 503 808 565 833; x_wconf 90' lang='lat' dir='ltr'>tum</span> <span class='ocrx_word' id='word_1_115' title='bbox 591 805 634 832; x_wconf 88' lang='lat' dir='ltr'>sic</span> <span class='ocrx_word' id='word_1_116' title='bbox 652 805 799 840; x_wconf 86' lang='lat' dir='ltr'>loquitur:</span> <span class='ocrx_word' id='word_1_117' title='bbox 822 815 832 830; x_wconf 80' lang='grc'><strong>«</strong></span> <span class='ocrx_word' id='word_1_118' title='bbox 851 805 904 839; x_wconf 86' lang='lat' dir='ltr'>Qui</span> <span class='ocrx_word' id='word_1_119' title='bbox 921 814 967 833; x_wconf 88' lang='lat' dir='ltr'>me</span> 
     </span>
    </p>
   </div>
   <div class='ocr_carea' id='block_1_18' title="bbox 140 849 1007 904">
    <p class='ocr_par' dir='ltr' id='par_1_18' title="bbox 140 849 1007 904">
     <span class='ocr_line' id='line_1_18' title="bbox 140 849 1007 904; baseline -0.003 -25"><span class='ocrx_word' id='word_1_120' title='bbox 140 852 250 886; x_wconf 86' lang='lat' dir='ltr'>injuste</span> <span class='ocrx_word' id='word_1_121' title='bbox 260 850 430 887; x_wconf 87' lang='lat' dir='ltr'>pontiﬁcatu</span> <span class='ocrx_word' id='word_1_122' title='bbox 442 850 566 885; x_wconf 78' lang='lat' dir='ltr'>dejicere</span> <span class='ocrx_word' id='word_1_123' title='bbox 575 849 724 882; x_wconf 83' lang='lat' dir='ltr'>student,o</span> <span class='ocrx_word' id='word_1_124' title='bbox 736 849 826 876; x_wconf 91' lang='lat' dir='ltr'>divini</span> <span class='ocrx_word' id='word_1_125' title='bbox 838 849 965 886; x_wconf 69' lang='lat' dir='ltr'>collegaz,</span> <span class='ocrx_word' id='word_1_126' title='bbox 984 872 1007 904; x_wconf 82' lang='lat' dir='ltr'><strong>B</strong></span> 
     </span>
    </p>
   </div>
   <div class='ocr_carea' id='block_1_19' title="bbox 142 893 968 930">
    <p class='ocr_par' dir='ltr' id='par_1_19' title="bbox 142 893 968 930">
     <span class='ocr_line' id='line_1_19' title="bbox 142 893 968 930; baseline -0.001 -7"><span class='ocrx_word' id='word_1_127' title='bbox 142 896 234 924; x_wconf 85' lang='lat' dir='ltr'>multa</span> <span class='ocrx_word' id='word_1_128' title='bbox 262 895 371 922; x_wconf 77' lang='lat' dir='ltr'>frustra</span> <span class='ocrx_word' id='word_1_129' title='bbox 399 894 489 922; x_wconf 88' lang='lat' dir='ltr'>moliti</span> <span class='ocrx_word' id='word_1_130' title='bbox 517 897 550 921; x_wconf 89' lang='lat' dir='ltr'>ut</span> <span class='ocrx_word' id='word_1_131' title='bbox 565 893 745 930; x_wconf 78' lang='lat' dir='ltr'>probabilem</span> <span class='ocrx_word' id='word_1_132' title='bbox 772 893 898 929; x_wconf 83' lang='lat' dir='ltr'>aliquam</span> <span class='ocrx_word' id='word_1_133' title='bbox 911 894 968 922; x_wconf 89' lang='lat' dir='ltr'>mei</span> 
     </span>
    </p>
   </div>
   <div class='ocr_carea' id='block_1_20' title="bbox 141 938 966 976">
    <p class='ocr_par' dir='ltr' id='par_1_20' title="bbox 141 938 966 976">
     <span class='ocr_line' id='line_1_20' title="bbox 141 938 966 976; baseline -0.004 -8"><span class='ocrx_word' id='word_1_134' title='bbox 141 939 265 976; x_wconf 83' lang='lat' dir='ltr'>pellendi</span> <span class='ocrx_word' id='word_1_135' title='bbox 281 947 401 968; x_wconf 85' lang='lat' dir='ltr'>causam</span> <span class='ocrx_word' id='word_1_136' title='bbox 424 939 597 972; x_wconf 77' lang='lat' dir='ltr'>invenirent,</span> <span class='ocrx_word' id='word_1_137' title='bbox 617 941 777 966; x_wconf 78' lang='lat' dir='ltr'>extremam</span> <span class='ocrx_word' id='word_1_138' title='bbox 794 938 868 966; x_wconf 90' lang='lat' dir='ltr'>hanc</span> <span class='ocrx_word' id='word_1_139' title='bbox 883 946 966 966; x_wconf 86' lang='lat' dir='ltr'>exco-</span> 
     </span>
    </p>
   </div>
   <div class='ocr_carea' id='block_1_21' title="bbox 138 982 968 1021">
    <p class='ocr_par' dir='ltr' id='par_1_21' title="bbox 138 982 968 1021">
     <span class='ocr_line' id='line_1_21' title="bbox 138 982 968 1021; baseline -0.004 -8"><span class='ocrx_word' id='word_1_140' title='bbox 138 986 270 1021; x_wconf 83' lang='lat' dir='ltr'>gitarunt</span> <span class='ocrx_word' id='word_1_141' title='bbox 284 984 462 1012; x_wconf 80' lang='lat' dir='ltr'>calumniam</span> <span class='ocrx_word' id='word_1_142' title='bbox 476 983 553 1020; x_wconf 91' lang='lat' dir='ltr'>quod</span> <span class='ocrx_word' id='word_1_143' title='bbox 570 991 616 1011; x_wconf 90' lang='lat' dir='ltr'>me</span> <span class='ocrx_word' id='word_1_144' title='bbox 632 983 736 1010; x_wconf 85' lang='lat' dir='ltr'>rudem</span> <span class='ocrx_word' id='word_1_145' title='bbox 752 982 913 1010; x_wconf 83' lang='lat' dir='ltr'>litterarum</span> <span class='ocrx_word' id='word_1_146' title='bbox 927 983 968 1010; x_wconf 88' lang='lat' dir='ltr'>di-</span> 
     </span>
    </p>
   </div>
   <div class='ocr_carea' id='block_1_22' title="bbox 138 1027 966 1064">
    <p class='ocr_par' dir='ltr' id='par_1_22' title="bbox 138 1027 966 1064">
     <span class='ocr_line' id='line_1_22' title="bbox 138 1027 966 1064; baseline -0.004 -7"><span class='ocrx_word' id='word_1_147' title='bbox 138 1032 217 1057; x_wconf 90' lang='lat' dir='ltr'>cunt.</span> <span class='ocrx_word' id='word_1_148' title='bbox 241 1029 366 1057; x_wconf 85' lang='lat' dir='ltr'>Proinde</span> <span class='ocrx_word' id='word_1_149' title='bbox 378 1029 442 1064; x_wconf 85' lang='lat' dir='ltr'>jam</span> <span class='ocrx_word' id='word_1_150' title='bbox 458 1028 487 1056; x_wconf 91' lang='lat' dir='ltr'>in</span> <span class='ocrx_word' id='word_1_151' title='bbox 513 1029 671 1063; x_wconf 86' lang='lat' dir='ltr'>conspectu</span> <span class='ocrx_word' id='word_1_152' title='bbox 687 1027 819 1055; x_wconf 87' lang='lat' dir='ltr'>omnium</span> <span class='ocrx_word' id='word_1_153' title='bbox 836 1029 966 1055; x_wconf 87' lang='lat' dir='ltr'>vestrum</span> 
     </span>
    </p>
   </div>
   <div class='ocr_carea' id='block_1_23' title="bbox 140 1071 966 1108">
    <p class='ocr_par' dir='ltr' id='par_1_23' title="bbox 140 1071 966 1108">
     <span class='ocr_line' id='line_1_23' title="bbox 140 1071 966 1108; baseline -0.002 -7"><span class='ocrx_word' id='word_1_154' title='bbox 140 1075 191 1102; x_wconf 85' lang='lat' dir='ltr'>has</span> <span class='ocrx_word' id='word_1_155' title='bbox 207 1082 292 1102; x_wconf 83' lang='lat' dir='ltr'>exaro</span> <span class='ocrx_word' id='word_1_156' title='bbox 309 1073 433 1106; x_wconf 84' lang='lat' dir='ltr'>litteras,</span> <span class='ocrx_word' id='word_1_157' title='bbox 450 1075 482 1100; x_wconf 94' lang='lat' dir='ltr'>ut</span> <span class='ocrx_word' id='word_1_158' title='bbox 496 1072 628 1100; x_wconf 84' lang='lat' dir='ltr'>videntes</span> <span class='ocrx_word' id='word_1_159' title='bbox 652 1071 848 1108; x_wconf 86' lang='lat' dir='ltr'>sycophantes</span> <span class='ocrx_word' id='word_1_160' title='bbox 875 1074 966 1100; x_wconf 86' lang='lat' dir='ltr'>certo-</span> 
     </span>
    </p>
   </div>
   <div class='ocr_carea' id='block_1_24' title="bbox 138 1116 964 1154">
    <p class='ocr_par' dir='ltr' id='par_1_24' title="bbox 138 1116 964 1154">
     <span class='ocr_line' id='line_1_24' title="bbox 138 1116 964 1154; baseline -0.004 -8"><span class='ocrx_word' id='word_1_161' title='bbox 138 1126 193 1154; x_wconf 90' lang='lat' dir='ltr'>que</span> <span class='ocrx_word' id='word_1_162' title='bbox 209 1118 333 1146; x_wconf 87' lang='lat' dir='ltr'>convicti</span> <span class='ocrx_word' id='word_1_163' title='bbox 358 1120 451 1145; x_wconf 84' lang='lat' dir='ltr'>cesset</span> <span class='ocrx_word' id='word_1_164' title='bbox 468 1117 540 1145; x_wconf 89' lang='lat' dir='ltr'>mihi</span> <span class='ocrx_word' id='word_1_165' title='bbox 556 1116 635 1144; x_wconf 91' lang='lat' dir='ltr'>nullo</span> <span class='ocrx_word' id='word_1_166' title='bbox 656 1117 723 1152; x_wconf 86' lang='lat' dir='ltr'>jura</span> <span class='ocrx_word' id='word_1_167' title='bbox 747 1117 897 1152; x_wconf 81' lang='lat' dir='ltr'>negotium</span> <span class='ocrx_word' id='word_1_168' title='bbox 924 1116 964 1143; x_wconf 80' lang='lat' dir='ltr'>fa-</span> 
     </span>
    </p>
   </div>
   <div class='ocr_carea' id='block_1_25' title="bbox 137 1161 966 1197">
    <p class='ocr_par' dir='ltr' id='par_1_25' title="bbox 137 1161 966 1197">
     <span class='ocr_line' id='line_1_25' title="bbox 137 1161 966 1197; baseline -0.002 -7"><span class='ocrx_word' id='word_1_169' title='bbox 137 1171 260 1191; x_wconf 87' lang='lat' dir='ltr'>cessere.</span> <span class='ocrx_word' id='word_1_170' title='bbox 279 1174 293 1187; x_wconf 87' lang='lat'>»</span> <span class='ocrx_word' id='word_1_171' title='bbox 310 1162 374 1190; x_wconf 68' lang='lat' dir='ltr'>Hinc</span> <span class='ocrx_word' id='word_1_172' title='bbox 389 1162 505 1190; x_wconf 88' lang='lat' dir='ltr'>locutus</span> <span class='ocrx_word' id='word_1_173' title='bbox 521 1162 652 1189; x_wconf 79' lang='lat' dir='ltr'>chartam</span> <span class='ocrx_word' id='word_1_174' title='bbox 675 1170 778 1197; x_wconf 90' lang='lat' dir='ltr'>puram</span> <span class='ocrx_word' id='word_1_175' title='bbox 803 1161 922 1197; x_wconf 88' lang='lat' dir='ltr'>accepit,</span> <span class='ocrx_word' id='word_1_176' title='bbox 938 1164 966 1189; x_wconf 90' lang='lat' dir='ltr'>et</span> 
     </span>
    </p>
   </div>
   <div class='ocr_carea' id='block_1_26' title="bbox 139 1206 965 1242">
    <p class='ocr_par' dir='ltr' id='par_1_26' title="bbox 139 1206 965 1242">
     <span class='ocr_line' id='line_1_26' title="bbox 139 1206 965 1242; baseline -0.002 -7"><span class='ocrx_word' id='word_1_177' title='bbox 139 1207 277 1235; x_wconf 86' lang='lat' dir='ltr'>omnibus</span> <span class='ocrx_word' id='word_1_178' title='bbox 301 1207 489 1235; x_wconf 85' lang='lat' dir='ltr'>cernentibus</span> <span class='ocrx_word' id='word_1_179' title='bbox 513 1206 572 1234; x_wconf 78' lang='lat' dir='ltr'>haec</span> <span class='ocrx_word' id='word_1_180' title='bbox 594 1206 714 1242; x_wconf 86' lang='lat' dir='ltr'>scripsit</span> <span class='ocrx_word' id='word_1_181' title='bbox 731 1215 736 1232; x_wconf 96' lang='lat'>:</span> <span class='ocrx_word' id='word_1_182' title='bbox 755 1217 768 1231; x_wconf 85' lang='lat'><strong>«</strong></span> <span class='ocrx_word' id='word_1_183' title='bbox 784 1206 900 1241; x_wconf 90' lang='lat' dir='ltr'>Trypho</span> <span class='ocrx_word' id='word_1_184' title='bbox 918 1206 965 1233; x_wconf 87' lang='lat' dir='ltr'>Dei</span> 
     </span>
    </p>
   </div>
   <div class='ocr_carea' id='block_1_27' title="bbox 139 1249 966 1286">
    <p class='ocr_par' dir='ltr' id='par_1_27' title="bbox 139 1249 966 1286">
     <span class='ocr_line' id='line_1_27' title="bbox 139 1249 966 1286; baseline -0.001 -7"><span class='ocrx_word' id='word_1_185' title='bbox 139 1251 326 1279; x_wconf 80' lang='lat' dir='ltr'>miseratione</span> <span class='ocrx_word' id='word_1_186' title='bbox 341 1251 578 1286; x_wconf 84' lang='lat' dir='ltr'>archiepiscopus</span> <span class='ocrx_word' id='word_1_187' title='bbox 593 1249 701 1286; x_wconf 87' lang='lat' dir='ltr'>Cpolis,</span> <span class='ocrx_word' id='word_1_188' title='bbox 720 1259 799 1278; x_wconf 74' lang='lat' dir='ltr'>novae</span> <span class='ocrx_word' id='word_1_189' title='bbox 814 1250 922 1283; x_wconf 71' lang='lat' dir='ltr'>Romae.</span> <span class='ocrx_word' id='word_1_190' title='bbox 938 1254 966 1278; x_wconf 90' lang='lat' dir='ltr'>et</span> 
     </span>
    </p>
   </div>
   <div class='ocr_carea' id='block_1_28' title="bbox 140 1294 963 1332">
    <p class='ocr_par' dir='ltr' id='par_1_28' title="bbox 140 1294 963 1332">
     <span class='ocr_line' id='line_1_28' title="bbox 140 1294 963 1332; baseline -0.001 -9"><span class='ocrx_word' id='word_1_191' title='bbox 140 1296 306 1332; x_wconf 79' lang='lat' dir='ltr'>patriarcha</span> <span class='ocrx_word' id='word_1_192' title='bbox 321 1295 531 1324; x_wconf 85' lang='lat' dir='ltr'>cecumenicus.</span> <span class='ocrx_word' id='word_1_193' title='bbox 546 1305 559 1319; x_wconf 74' lang='grc' dir='ltr'>η</span> <span class='ocrx_word' id='word_1_194' title='bbox 569 1295 600 1322; x_wconf 86' lang='lat' dir='ltr'>Et</span> <span class='ocrx_word' id='word_1_195' title='bbox 614 1295 756 1330; x_wconf 81' lang='lat' dir='ltr'>scriptum</span> <span class='ocrx_word' id='word_1_196' title='bbox 766 1295 821 1322; x_wconf 92' lang='lat' dir='ltr'>hoc</span> <span class='ocrx_word' id='word_1_197' title='bbox 836 1294 963 1330; x_wconf 69' lang='lat' dir='ltr'>prmsidi,</span> 
     </span>
    </p>
   </div>
   <div class='ocr_carea' id='block_1_29' title="bbox 139 1339 964 1377">
    <p class='ocr_par' dir='ltr' id='par_1_29' title="bbox 139 1339 964 1377">
     <span class='ocr_line' id='line_1_29' title="bbox 139 1339 964 1377; baseline -0.004 -8"><span class='ocrx_word' id='word_1_198' title='bbox 139 1350 226 1377; x_wconf 88' lang='lat' dir='ltr'>quem</span> <span class='ocrx_word' id='word_1_199' title='bbox 236 1341 292 1377; x_wconf 87' lang='lat' dir='ltr'>ipsi</span> <span class='ocrx_word' id='word_1_200' title='bbox 305 1339 531 1376; x_wconf 88' lang='lat' dir='ltr'>protothronum</span> <span class='ocrx_word' id='word_1_201' title='bbox 542 1340 695 1372; x_wconf 77' lang='lat' dir='ltr'>vocant,ad</span> <span class='ocrx_word' id='word_1_202' title='bbox 706 1339 912 1375; x_wconf 87' lang='lat' dir='ltr'>imperatorem</span> <span class='ocrx_word' id='word_1_203' title='bbox 926 1339 964 1367; x_wconf 92' lang='lat' dir='ltr'>fe-</span> 
     </span>
    </p>
   </div>
   <div class='ocr_carea' id='block_1_30' title="bbox 139 1384 964 1420">
    <p class='ocr_par' dir='ltr' id='par_1_30' title="bbox 139 1384 964 1420">
     <span class='ocr_line' id='line_1_30' title="bbox 139 1384 964 1420; baseline -0.002 -7"><span class='ocrx_word' id='word_1_204' title='bbox 139 1386 263 1414; x_wconf 87' lang='lat' dir='ltr'>rendum</span> <span class='ocrx_word' id='word_1_205' title='bbox 273 1385 363 1412; x_wconf 87' lang='lat' dir='ltr'>dedit.</span> <span class='ocrx_word' id='word_1_206' title='bbox 375 1385 457 1417; x_wconf 87' lang='lat' dir='ltr'>Quod</span> <span class='ocrx_word' id='word_1_207' title='bbox 468 1384 493 1412; x_wconf 90' lang='lat' dir='ltr'>is</span> <span class='ocrx_word' id='word_1_208' title='bbox 506 1384 554 1412; x_wconf 91' lang='lat' dir='ltr'>ubi</span> <span class='ocrx_word' id='word_1_209' title='bbox 571 1384 822 1420; x_wconf 86' lang='lat' dir='ltr'>accepit,superne</span> <span class='ocrx_word' id='word_1_210' title='bbox 833 1384 964 1411; x_wconf 82' lang='lat' dir='ltr'>chartam</span> 
     </span>
    </p>
   </div>
   <div class='ocr_carea' id='block_1_31' title="bbox 138 1428 965 1466">
    <p class='ocr_par' dir='ltr' id='par_1_31' title="bbox 138 1428 965 1466">
     <span class='ocr_line' id='line_1_31' title="bbox 138 1428 965 1466; baseline -0.002 -9"><span class='ocrx_word' id='word_1_211' title='bbox 138 1430 226 1458; x_wconf 89' lang='lat' dir='ltr'>aliam</span> <span class='ocrx_word' id='word_1_212' title='bbox 237 1438 341 1466; x_wconf 87' lang='lat' dir='ltr'>puram</span> <span class='ocrx_word' id='word_1_213' title='bbox 352 1429 498 1462; x_wconf 88' lang='lat' dir='ltr'>attexit,in</span> <span class='ocrx_word' id='word_1_214' title='bbox 507 1437 599 1464; x_wconf 86' lang='lat' dir='ltr'>eaque</span> <span class='ocrx_word' id='word_1_215' title='bbox 607 1428 835 1464; x_wconf 82' lang='lat' dir='ltr'>resignationem</span> <span class='ocrx_word' id='word_1_216' title='bbox 844 1429 965 1464; x_wconf 84' lang='lat' dir='ltr'>perscri—</span> 
     </span>
    </p>
   </div>
   <div class='ocr_carea' id='block_1_32' title="bbox 137 1472 964 1510">
    <p class='ocr_par' dir='ltr' id='par_1_32' title="bbox 137 1472 964 1510">
     <span class='ocr_line' id='line_1_32' title="bbox 137 1472 964 1510; baseline -0.002 -8"><span class='ocrx_word' id='word_1_217' title='bbox 137 1475 188 1509; x_wconf 89' lang='lat' dir='ltr'>bit,</span> <span class='ocrx_word' id='word_1_218' title='bbox 204 1483 262 1510; x_wconf 86' lang='lat' dir='ltr'>qua</span> <span class='ocrx_word' id='word_1_219' title='bbox 276 1474 393 1510; x_wconf 83' lang='lat' dir='ltr'>Trypho</span> <span class='ocrx_word' id='word_1_220' title='bbox 409 1481 440 1501; x_wconf 89' lang='lat' dir='ltr'>se</span> <span class='ocrx_word' id='word_1_221' title='bbox 456 1475 535 1501; x_wconf 86' lang='lat' dir='ltr'>tanto</span> <span class='ocrx_word' id='word_1_222' title='bbox 561 1481 681 1500; x_wconf 85' lang='lat' dir='ltr'>munere</span> <span class='ocrx_word' id='word_1_223' title='bbox 696 1472 849 1507; x_wconf 83' lang='lat' dir='ltr'>indignum</span> <span class='ocrx_word' id='word_1_224' title='bbox 863 1473 964 1500; x_wconf 86' lang='lat' dir='ltr'>cedere</span> 
     </span>
    </p>
   </div>
   <div class='ocr_carea' id='block_1_33' title="bbox 136 1517 963 1554">
    <p class='ocr_par' dir='ltr' id='par_1_33' title="bbox 136 1517 963 1554">
     <span class='ocr_line' id='line_1_33' title="bbox 136 1517 963 1554; baseline -0.004 -7"><span class='ocrx_word' id='word_1_225' title='bbox 136 1518 242 1547; x_wconf 85' lang='lat' dir='ltr'>solium</span> <span class='ocrx_word' id='word_1_226' title='bbox 254 1518 279 1546; x_wconf 88' lang='lat' dir='ltr'>ei</span> <span class='ocrx_word' id='word_1_227' title='bbox 291 1518 340 1554; x_wconf 90' lang='lat' dir='ltr'>qui</span> <span class='ocrx_word' id='word_1_228' title='bbox 364 1517 450 1546; x_wconf 88' lang='lat' dir='ltr'>vellet</span> <span class='ocrx_word' id='word_1_229' title='bbox 469 1517 668 1553; x_wconf 83' lang='lat' dir='ltr'>proﬁtebatur.</span> <span class='ocrx_word' id='word_1_230' title='bbox 678 1517 718 1544; x_wconf 84' lang='lat' dir='ltr'>Ea</span> <span class='ocrx_word' id='word_1_231' title='bbox 729 1517 923 1552; x_wconf 85' lang='lat' dir='ltr'>resignatione</span> <span class='ocrx_word' id='word_1_232' title='bbox 935 1517 963 1544; x_wconf 93' lang='lat' dir='ltr'>in</span> 
     </span>
    </p>
   </div>
   <div class='ocr_carea' id='block_1_34' title="bbox 135 1553 999 1599">
    <p class='ocr_par' dir='ltr' id='par_1_34' title="bbox 135 1553 999 1599">
     <span class='ocr_line' id='line_1_34' title="bbox 135 1553 999 1599; baseline -0.005 -8"><span class='ocrx_word' id='word_1_233' title='bbox 135 1563 259 1591; x_wconf 87' lang='lat' dir='ltr'>concilio</span> <span class='ocrx_word' id='word_1_234' title='bbox 275 1553 387 1599; x_wconf 87' lang='lat' dir='ltr'>prolata</span> <span class='ocrx_word' id='word_1_235' title='bbox 395 1562 512 1598; x_wconf 82' lang='lat' dir='ltr'>Trypho</span> <span class='ocrx_word' id='word_1_236' title='bbox 528 1561 652 1589; x_wconf 89' lang='lat' dir='ltr'>ecclesia</span> <span class='ocrx_word' id='word_1_237' title='bbox 661 1561 736 1589; x_wconf 74' lang='lat'>315</span> <span class='ocrx_word' id='word_1_238' title='bbox 751 1561 896 1588; x_wconf 87' lang='lat' dir='ltr'>abductus</span> <span class='ocrx_word' id='word_1_239' title='bbox 908 1563 961 1595; x_wconf 80' lang='lat' dir='ltr'>est,</span> <span class='ocrx_word' id='word_1_240' title='bbox 979 1553 999 1586; x_wconf 69' lang='grc' dir='ltr'>ί]</span> 
     </span>
    </p>
   </div>
   <div class='ocr_carea' id='block_1_35' title="bbox 135 1605 959 1642">
    <p class='ocr_par' dir='ltr' id='par_1_35' title="bbox 135 1605 959 1642">
     <span class='ocr_line' id='line_1_35' title="bbox 135 1605 959 1642; baseline -0.002 -7"><span class='ocrx_word' id='word_1_241' title='bbox 135 1607 238 1635; x_wconf 89' lang='lat' dir='ltr'>multis</span> <span class='ocrx_word' id='word_1_242' title='bbox 259 1607 404 1636; x_wconf 82' lang='lat' dir='ltr'>fallaciam</span> <span class='ocrx_word' id='word_1_243' title='bbox 426 1605 583 1642; x_wconf 84' lang='lat' dir='ltr'>deplorans</span> <span class='ocrx_word' id='word_1_244' title='bbox 606 1608 634 1633; x_wconf 89' lang='lat' dir='ltr'>et</span> <span class='ocrx_word' id='word_1_245' title='bbox 658 1605 810 1641; x_wconf 70' lang='lat' dir='ltr'>praesidem</span> <span class='ocrx_word' id='word_1_246' title='bbox 827 1605 959 1642; x_wconf 86' lang='lat' dir='ltr'>culparis.</span> 
     </span>
    </p>
   </div>
   <div class='ocr_carea' id='block_1_36' title="bbox 135 1650 961 1687">
    <p class='ocr_par' dir='ltr' id='par_1_36' title="bbox 135 1650 961 1687">
     <span class='ocr_line' id='line_1_36' title="bbox 135 1650 961 1687; baseline -0.004 -7"><span class='ocrx_word' id='word_1_247' title='bbox 135 1653 203 1680; x_wconf 87' lang='lat' dir='ltr'>Post</span> <span class='ocrx_word' id='word_1_248' title='bbox 217 1660 328 1680; x_wconf 89' lang='lat' dir='ltr'>annum</span> <span class='ocrx_word' id='word_1_249' title='bbox 345 1653 373 1679; x_wconf 87' lang='lat' dir='ltr'>et</span> <span class='ocrx_word' id='word_1_250' title='bbox 385 1659 501 1679; x_wconf 87' lang='lat' dir='ltr'>menses</span> <span class='ocrx_word' id='word_1_251' title='bbox 513 1650 643 1687; x_wconf 84' lang='lat' dir='ltr'>quinque</span> <span class='ocrx_word' id='word_1_252' title='bbox 654 1650 961 1687; x_wconf 86' lang='lat' dir='ltr'>Theophylactus(hoc</span> 
     </span>
    </p>
   </div>
   <div class='ocr_carea' id='block_1_37' title="bbox 135 1695 959 1733">
    <p class='ocr_par' dir='ltr' id='par_1_37' title="bbox 135 1695 959 1733">
     <span class='ocr_line' id='line_1_37' title="bbox 135 1695 959 1733; baseline -0.004 -8"><span class='ocrx_word' id='word_1_253' title='bbox 135 1697 212 1725; x_wconf 86' lang='lat' dir='ltr'>enim</span> <span class='ocrx_word' id='word_1_254' title='bbox 231 1697 370 1733; x_wconf 86' lang='lat' dir='ltr'>temporis</span> <span class='ocrx_word' id='word_1_255' title='bbox 394 1696 420 1724; x_wconf 88' lang='lat' dir='ltr'>ei</span> <span class='ocrx_word' id='word_1_256' title='bbox 445 1696 540 1724; x_wconf 89' lang='lat' dir='ltr'>adhuc</span> <span class='ocrx_word' id='word_1_257' title='bbox 565 1696 602 1723; x_wconf 90' lang='lat' dir='ltr'>ad</span> <span class='ocrx_word' id='word_1_258' title='bbox 627 1695 788 1732; x_wconf 82' lang='lat' dir='ltr'>legitimam</span> <span class='ocrx_word' id='word_1_259' title='bbox 818 1703 959 1722; x_wconf 83' lang='lat' dir='ltr'>manuum</span> 
     </span>
    </p>
   </div>
   <div class='ocr_carea' id='block_1_38' title="bbox 136 1739 960 1778">
    <p class='ocr_par' dir='ltr' id='par_1_38' title="bbox 136 1739 960 1778">
     <span class='ocr_line' id='line_1_38' title="bbox 136 1739 960 1778; baseline -0.004 -9"><span class='ocrx_word' id='word_1_260' title='bbox 136 1741 354 1778; x_wconf 88' lang='lat' dir='ltr'>impositionem</span> <span class='ocrx_word' id='word_1_261' title='bbox 383 1741 523 1776; x_wconf 77' lang='lat' dir='ltr'>defuerat)</span> <span class='ocrx_word' id='word_1_262' title='bbox 547 1748 647 1768; x_wconf 87' lang='lat' dir='ltr'>mense</span> <span class='ocrx_word' id='word_1_263' title='bbox 671 1739 838 1774; x_wconf 87' lang='lat' dir='ltr'>Februario,</span> <span class='ocrx_word' id='word_1_264' title='bbox 864 1739 960 1767; x_wconf 92' lang='lat' dir='ltr'>indic-</span> 
     </span>
    </p>
   </div>
   <div class='ocr_carea' id='block_1_39' title="bbox 135 1785 576 1822">
    <p class='ocr_par' dir='ltr' id='par_1_39' title="bbox 135 1785 576 1822">
     <span class='ocr_line' id='line_1_39' title="bbox 135 1785 576 1822; baseline -0.007 -7"><span class='ocrx_word' id='word_1_265' title='bbox 135 1787 213 1815; x_wconf 88' lang='lat' dir='ltr'>tione</span> <span class='ocrx_word' id='word_1_266' title='bbox 228 1787 255 1822; x_wconf 87' lang='grc'>2,</span> <span class='ocrx_word' id='word_1_267' title='bbox 269 1785 436 1822; x_wconf 84' lang='lat' dir='ltr'>partiarcha</span> <span class='ocrx_word' id='word_1_268' title='bbox 451 1788 576 1814; x_wconf 84' lang='lat' dir='ltr'>creatur.</span> 
     </span>
    </p>
   </div>
   <div class='ocr_carea' id='block_1_40' title="bbox 1024 222 1849 265">
    <p class='ocr_par' dir='ltr' id='par_1_40' title="bbox 1024 222 1849 265">
     <span class='ocr_line' id='line_1_40' title="bbox 1024 222 1849 265; baseline 0 -13"><span class='ocrx_word' id='word_1_269' title='bbox 1024 226 1208 263; x_wconf 78' lang='grc' dir='ltr'>πατριάρχην,</span> <span class='ocrx_word' id='word_1_270' title='bbox 1226 227 1270 253; x_wconf 82' lang='grc' dir='ltr'>καὶ</span> <span class='ocrx_word' id='word_1_271' title='bbox 1285 226 1444 263; x_wconf 78' lang='grc' dir='ltr'>προσελθὼν</span> <span class='ocrx_word' id='word_1_272' title='bbox 1461 222 1511 265; x_wconf 72' lang='grc' dir='ltr'>ἔφη</span> <span class='ocrx_word' id='word_1_273' title='bbox 1528 225 1595 263; x_wconf 79' lang='grc' dir='ltr'>πρὸς</span> <span class='ocrx_word' id='word_1_274' title='bbox 1610 225 1700 253; x_wconf 78' lang='grc' dir='ltr'>αὐτόν·</span> <span class='ocrx_word' id='word_1_275' title='bbox 1719 236 1734 251; x_wconf 90' lang='grc'>‹‹</span> <span class='ocrx_word' id='word_1_276' title='bbox 1752 223 1849 259; x_wconf 85' lang='grc' dir='ltr'>Πολλή</span> 
     </span>
    </p>
   </div>
   <div class='ocr_carea' id='block_1_41' title="bbox 1026 269 1852 308">
    <p class='ocr_par' dir='ltr' id='par_1_41' title="bbox 1026 269 1852 308">
     <span class='ocr_line' id='line_1_41' title="bbox 1026 269 1852 308; baseline -0.001 -11"><span class='ocrx_word' id='word_1_277' title='bbox 1026 270 1084 306; x_wconf 73' lang='grc' dir='ltr'>μὲν,</span> <span class='ocrx_word' id='word_1_278' title='bbox 1101 271 1123 297; x_wconf 80' lang='grc' dir='ltr'>ὦ</span> <span class='ocrx_word' id='word_1_279' title='bbox 1139 269 1267 307; x_wconf 71' lang='grc' dir='ltr'>δέσποτα,</span> <span class='ocrx_word' id='word_1_280' title='bbox 1283 272 1300 306; x_wconf 81' lang='grc' dir='ltr'>ἡ</span> <span class='ocrx_word' id='word_1_281' title='bbox 1316 271 1384 298; x_wconf 81' lang='grc' dir='ltr'>κατᾶ</span> <span class='ocrx_word' id='word_1_282' title='bbox 1409 272 1456 298; x_wconf 74' lang='grc' dir='ltr'>σοῦ</span> <span class='ocrx_word' id='word_1_283' title='bbox 1480 273 1530 305; x_wconf 80' lang='grc' dir='ltr'>τῆς</span> <span class='ocrx_word' id='word_1_284' title='bbox 1563 269 1700 308; x_wconf 77' lang='grc' dir='ltr'>βασιλείας</span> <span class='ocrx_word' id='word_1_285' title='bbox 1732 269 1852 302; x_wconf 77' lang='grc' dir='ltr'>ἐπίθεσις</span> 
     </span>
    </p>
   </div>
   <div class='ocr_carea' id='block_1_42' title="bbox 1024 314 1850 352">
    <p class='ocr_par' dir='ltr' id='par_1_42' title="bbox 1024 314 1850 352">
     <span class='ocr_line' id='line_1_42' title="bbox 1024 314 1850 352; baseline -0.001 -11"><span class='ocrx_word' id='word_1_286' title='bbox 1024 314 1067 341; x_wconf 86' lang='grc' dir='ltr'>καὶ</span> <span class='ocrx_word' id='word_1_287' title='bbox 1095 315 1224 346; x_wconf 76' lang='grc' dir='ltr'>αἱτιάσεις</span> <span class='ocrx_word' id='word_1_288' title='bbox 1255 318 1331 351; x_wconf 85' lang='grc' dir='ltr'>ζητεῖ</span> <span class='ocrx_word' id='word_1_289' title='bbox 1359 314 1508 352; x_wconf 75' lang='grc' dir='ltr'>δυναμένας</span> <span class='ocrx_word' id='word_1_290' title='bbox 1541 325 1570 342; x_wconf 87' lang='grc' dir='ltr'>σε</span> <span class='ocrx_word' id='word_1_291' title='bbox 1606 317 1773 342; x_wconf 79' lang='grc' dir='ltr'>κατασπᾶσαι</span> <span class='ocrx_word' id='word_1_292' title='bbox 1800 316 1850 341; x_wconf 75' lang='grc' dir='ltr'>τοῦ</span> 
     </span>
    </p>
   </div>
   <div class='ocr_carea' id='block_1_43' title="bbox 1025 358 1850 397">
    <p class='ocr_par' dir='ltr' id='par_1_43' title="bbox 1025 358 1850 397">
     <span class='ocr_line' id='line_1_43' title="bbox 1025 358 1850 397; baseline 0.001 -12"><span class='ocrx_word' id='word_1_293' title='bbox 1025 359 1131 396; x_wconf 74' lang='grc' dir='ltr'>θρόνου,</span> <span class='ocrx_word' id='word_1_294' title='bbox 1145 359 1238 387; x_wconf 82' lang='grc' dir='ltr'>πολλᾶ</span> <span class='ocrx_word' id='word_1_295' title='bbox 1272 359 1300 387; x_wconf 71' lang='grc' dir='ltr'>δὲ</span> <span class='ocrx_word' id='word_1_296' title='bbox 1330 361 1441 397; x_wconf 76' lang='grc' dir='ltr'>μοχθῶν</span> <span class='ocrx_word' id='word_1_297' title='bbox 1467 359 1520 397; x_wconf 81' lang='grc' dir='ltr'>οὐχ</span> <span class='ocrx_word' id='word_1_298' title='bbox 1546 358 1678 397; x_wconf 76' lang='grc' dir='ltr'>εὑρίσκει·</span> <span class='ocrx_word' id='word_1_299' title='bbox 1709 362 1766 390; x_wconf 81' lang='grc' dir='ltr'>πῶς</span> <span class='ocrx_word' id='word_1_300' title='bbox 1797 359 1850 397; x_wconf 81' lang='grc' dir='ltr'>γὰρ</span> 
     </span>
    </p>
   </div>
   <div class='ocr_carea' id='block_1_44' title="bbox 1024 402 1849 441">
    <p class='ocr_par' dir='ltr' id='par_1_44' title="bbox 1024 402 1849 441">
     <span class='ocr_line' id='line_1_44' title="bbox 1024 402 1849 441; baseline 0 -11"><span class='ocrx_word' id='word_1_301' title='bbox 1024 402 1053 430; x_wconf 75' lang='grc' dir='ltr'>ἂν</span> <span class='ocrx_word' id='word_1_302' title='bbox 1069 406 1117 431; x_wconf 76' lang='grc' dir='ltr'>τοῦ</span> <span class='ocrx_word' id='word_1_303' title='bbox 1134 404 1257 432; x_wconf 73' lang='grc' dir='ltr'>ὰναιτίου</span> <span class='ocrx_word' id='word_1_304' title='bbox 1274 404 1390 435; x_wconf 78' lang='grc' dir='ltr'>αἰτίασις</span> <span class='ocrx_word' id='word_1_305' title='bbox 1407 405 1523 441; x_wconf 51' lang='lat' dir='ltr'>animum;</span> <span class='ocrx_word' id='word_1_306' title='bbox 1539 404 1586 432; x_wconf 80' lang='grc' dir='ltr'>Ἑν</span> <span class='ocrx_word' id='word_1_307' title='bbox 1612 402 1640 431; x_wconf 71' lang='grc' dir='ltr'>δὲ</span> <span class='ocrx_word' id='word_1_308' title='bbox 1665 403 1849 441; x_wconf 68' lang='grc' dir='ltr'>προφέρουσιν</span> 
     </span>
    </p>
   </div>
   <div class='ocr_carea' id='block_1_45' title="bbox 1023 446 1850 487">
    <p class='ocr_par' dir='ltr' id='par_1_45' title="bbox 1023 446 1850 487">
     <span class='ocr_line' id='line_1_45' title="bbox 1023 446 1850 487; baseline 0 -12"><span class='ocrx_word' id='word_1_309' title='bbox 1023 446 1108 475; x_wconf 61' lang='grc' dir='ltr'>αἶίειον</span> <span class='ocrx_word' id='word_1_310' title='bbox 1138 449 1164 476; x_wconf 74' lang='grc' dir='ltr'>οἱ</span> <span class='ocrx_word' id='word_1_311' title='bbox 1198 447 1363 476; x_wconf 83' lang='grc' dir='ltr'>σπουδασταὶ</span> <span class='ocrx_word' id='word_1_312' title='bbox 1398 452 1448 483; x_wconf 79' lang='grc' dir='ltr'>τῆς</span> <span class='ocrx_word' id='word_1_313' title='bbox 1485 450 1533 483; x_wconf 76' lang='grc' dir='ltr'>σῆς</span> <span class='ocrx_word' id='word_1_314' title='bbox 1576 449 1768 486; x_wconf 71' lang='grc' dir='ltr'>καθαιρέσεως,</span> <span class='ocrx_word' id='word_1_315' title='bbox 1795 449 1850 487; x_wconf 78' lang='grc' dir='ltr'>φά-</span> 
     </span>
    </p>
   </div>
   <div class='ocr_carea' id='block_1_46' title="bbox 1024 492 1848 531">
    <p class='ocr_par' dir='ltr' id='par_1_46' title="bbox 1024 492 1848 531">
     <span class='ocr_line' id='line_1_46' title="bbox 1024 492 1848 531; baseline 0.001 -12"><span class='ocrx_word' id='word_1_316' title='bbox 1024 503 1132 524; x_wconf 88' lang='grc' dir='ltr'>σκοντες</span> <span class='ocrx_word' id='word_1_317' title='bbox 1173 494 1210 529; x_wconf 82' lang='grc' dir='ltr'>μή</span> <span class='ocrx_word' id='word_1_318' title='bbox 1255 493 1329 525; x_wconf 74' lang='grc' dir='ltr'>ὅλως</span> <span class='ocrx_word' id='word_1_319' title='bbox 1357 492 1455 521; x_wconf 81' lang='grc' dir='ltr'>είδέναι</span> <span class='ocrx_word' id='word_1_320' title='bbox 1481 504 1510 520; x_wconf 86' lang='grc' dir='ltr'>σε</span> <span class='ocrx_word' id='word_1_321' title='bbox 1548 494 1705 531; x_wconf 85' lang='grc' dir='ltr'>γράμματα.</span> <span class='ocrx_word' id='word_1_322' title='bbox 1736 493 1769 520; x_wconf 71' lang='grc' dir='ltr'>Εἴ</span> <span class='ocrx_word' id='word_1_323' title='bbox 1801 492 1848 521; x_wconf 77' lang='grc' dir='ltr'>οὖν</span> 
     </span>
    </p>
   </div>
   <div class='ocr_carea' id='block_1_47' title="bbox 1023 537 1849 576">
    <p class='ocr_par' dir='ltr' id='par_1_47' title="bbox 1023 537 1849 576">
     <span class='ocr_line' id='line_1_47' title="bbox 1023 537 1849 576; baseline 0.002 -13"><span class='ocrx_word' id='word_1_324' title='bbox 1023 539 1103 564; x_wconf 77' lang='grc' dir='ltr'>τοῦτο</span> <span class='ocrx_word' id='word_1_325' title='bbox 1138 537 1338 576; x_wconf 67' lang='grc' dir='ltr'>ἀποτρέψασθαι</span> <span class='ocrx_word' id='word_1_326' title='bbox 1385 537 1584 574; x_wconf 77' lang='grc' dir='ltr'>δυνηθείημεν,</span> <span class='ocrx_word' id='word_1_327' title='bbox 1614 537 1697 570; x_wconf 82' lang='grc' dir='ltr'>λύκος</span> <span class='ocrx_word' id='word_1_328' title='bbox 1738 539 1849 569; x_wconf 80' lang='grc' dir='ltr'>πάντως</span> 
     </span>
    </p>
   </div>
   <div class='ocr_carea' id='block_1_48' title="bbox 1024 582 1848 621">
    <p class='ocr_par' dir='ltr' id='par_1_48' title="bbox 1024 582 1848 621">
     <span class='ocr_line' id='line_1_48' title="bbox 1024 582 1848 621; baseline 0 -13"><span class='ocrx_word' id='word_1_329' title='bbox 1024 582 1113 619; x_wconf 82' lang='grc' dir='ltr'>χανὼν</span> <span class='ocrx_word' id='word_1_330' title='bbox 1141 583 1303 621; x_wconf 78' lang='grc' dir='ltr'>φανήσονται</span> <span class='ocrx_word' id='word_1_331' title='bbox 1333 584 1359 610; x_wconf 74' lang='grc' dir='ltr'>οἱ</span> <span class='ocrx_word' id='word_1_332' title='bbox 1386 582 1454 610; x_wconf 70' lang='grc' dir='ltr'>κατὰ</span> <span class='ocrx_word' id='word_1_333' title='bbox 1482 584 1530 610; x_wconf 81' lang='grc' dir='ltr'>σοῦ</span> <span class='ocrx_word' id='word_1_334' title='bbox 1561 582 1737 619; x_wconf 78' lang='grc' dir='ltr'>μελετῶντες.</span> <span class='ocrx_word' id='word_1_335' title='bbox 1761 582 1798 610; x_wconf 66' lang='lat' dir='ltr'>Ei’</span> <span class='ocrx_word' id='word_1_336' title='bbox 1822 593 1848 610; x_wconf 79' lang='grc' dir='ltr'>τι</span> 
     </span>
    </p>
   </div>
   <div class='ocr_carea' id='block_1_49' title="bbox 1025 625 1849 665">
    <p class='ocr_par' dir='ltr' id='par_1_49' title="bbox 1025 625 1849 665">
     <span class='ocr_line' id='line_1_49' title="bbox 1025 625 1849 665; baseline 0 -11"><span class='ocrx_word' id='word_1_337' title='bbox 1025 625 1070 654; x_wconf 73' lang='grc' dir='ltr'>οὖν</span> <span class='ocrx_word' id='word_1_338' title='bbox 1104 637 1150 663; x_wconf 85' lang='grc' dir='ltr'>μοι</span> <span class='ocrx_word' id='word_1_339' title='bbox 1179 627 1269 664; x_wconf 72' lang='grc' dir='ltr'>πείθῃ,</span> <span class='ocrx_word' id='word_1_340' title='bbox 1299 627 1342 654; x_wconf 79' lang='grc' dir='ltr'>ἐπὶ</span> <span class='ocrx_word' id='word_1_341' title='bbox 1371 627 1505 665; x_wconf 81' lang='grc' dir='ltr'>παρουσίᾳ</span> <span class='ocrx_word' id='word_1_342' title='bbox 1532 627 1620 662; x_wconf 78' lang='grc' dir='ltr'>πάσης</span> <span class='ocrx_word' id='word_1_343' title='bbox 1645 630 1696 662; x_wconf 83' lang='grc' dir='ltr'>τῆς</span> <span class='ocrx_word' id='word_1_344' title='bbox 1732 625 1849 654; x_wconf 75' lang='grc' dir='ltr'>συνόδου</span> 
     </span>
    </p>
   </div>
   <div class='ocr_carea' id='block_1_50' title="bbox 1023 670 1850 710">
    <p class='ocr_par' dir='ltr' id='par_1_50' title="bbox 1023 670 1850 710">
     <span class='ocr_line' id='line_1_50' title="bbox 1023 670 1850 710; baseline 0.001 -12"><span class='ocrx_word' id='word_1_345' title='bbox 1023 671 1128 708; x_wconf 70' lang='grc' dir='ltr'>γράψας</span> <span class='ocrx_word' id='word_1_346' title='bbox 1145 671 1171 699; x_wconf 82' lang='grc' dir='ltr'>ἐν</span> <span class='ocrx_word' id='word_1_347' title='bbox 1185 671 1299 710; x_wconf 75' lang='grc' dir='ltr'>ἀγράφῳ</span> <span class='ocrx_word' id='word_1_348' title='bbox 1315 671 1422 710; x_wconf 84' lang='grc' dir='ltr'>χαρτίῳ</span> <span class='ocrx_word' id='word_1_349' title='bbox 1437 672 1467 699; x_wconf 84' lang='grc' dir='ltr'>τὸ</span> <span class='ocrx_word' id='word_1_350' title='bbox 1490 672 1535 699; x_wconf 86' lang='grc' dir='ltr'>σὸν</span> <span class='ocrx_word' id='word_1_351' title='bbox 1561 670 1646 708; x_wconf 75' lang='grc' dir='ltr'>ὄνομα</span> <span class='ocrx_word' id='word_1_352' title='bbox 1667 672 1710 699; x_wconf 85' lang='grc' dir='ltr'>καὶ</span> <span class='ocrx_word' id='word_1_353' title='bbox 1739 673 1770 699; x_wconf 88' lang='grc' dir='ltr'>τὸ</span> <span class='ocrx_word' id='word_1_354' title='bbox 1796 675 1850 706; x_wconf 82' lang='grc' dir='ltr'>τῆς</span> 
     </span>
    </p>
   </div>
   <div class='ocr_carea' id='block_1_51' title="bbox 1023 715 1849 754">
    <p class='ocr_par' dir='ltr' id='par_1_51' title="bbox 1023 715 1849 754">
     <span class='ocr_line' id='line_1_51' title="bbox 1023 715 1849 754; baseline 0.002 -12"><span class='ocrx_word' id='word_1_355' title='bbox 1023 716 1172 754; x_wconf 72' lang='grc' dir='ltr'>ἱερωσύνης</span> <span class='ocrx_word' id='word_1_356' title='bbox 1186 716 1292 752; x_wconf 79' lang='grc' dir='ltr'>ἀξίωμα</span> <span class='ocrx_word' id='word_1_357' title='bbox 1309 716 1416 753; x_wconf 65' lang='grc' dir='ltr'>πέμψον</span> <span class='ocrx_word' id='word_1_358' title='bbox 1432 718 1471 752; x_wconf 76' lang='grc' dir='ltr'>τῷ</span> <span class='ocrx_word' id='word_1_359' title='bbox 1488 715 1604 754; x_wconf 82' lang='grc' dir='ltr'>βασιλεῖ,</span> <span class='ocrx_word' id='word_1_360' title='bbox 1622 717 1658 747; x_wconf 82' lang='grc' dir='ltr'>ὡς</span> <span class='ocrx_word' id='word_1_361' title='bbox 1682 715 1712 744; x_wconf 80' lang='grc' dir='ltr'>ἂν</span> <span class='ocrx_word' id='word_1_362' title='bbox 1739 715 1849 754; x_wconf 86' lang='grc' dir='ltr'>πληρο-</span> 
     </span>
    </p>
   </div>
   <div class='ocr_carea' id='block_1_52' title="bbox 1023 759 1850 798">
    <p class='ocr_par' dir='ltr' id='par_1_52' title="bbox 1023 759 1850 798">
     <span class='ocr_line' id='line_1_52' title="bbox 1023 759 1850 798; baseline 0.001 -11"><span class='ocrx_word' id='word_1_363' title='bbox 1023 761 1130 798; x_wconf 72' lang='grc' dir='ltr'>φορηθῇ</span> <span class='ocrx_word' id='word_1_364' title='bbox 1144 762 1187 788; x_wconf 87' lang='grc' dir='ltr'>καὶ</span> <span class='ocrx_word' id='word_1_365' title='bbox 1205 765 1254 795; x_wconf 83' lang='grc' dir='ltr'>τῆς</span> <span class='ocrx_word' id='word_1_366' title='bbox 1269 762 1395 795; x_wconf 68' lang='grc' dir='ltr'>τοιαύτης</span> <span class='ocrx_word' id='word_1_367' title='bbox 1412 759 1522 791; x_wconf 75' lang='grc' dir='ltr'>ἐλπίδος</span> <span class='ocrx_word' id='word_1_368' title='bbox 1544 760 1662 788; x_wconf 82' lang='grc' dir='ltr'>ἐκπεσὼν</span> <span class='ocrx_word' id='word_1_369' title='bbox 1689 760 1850 798; x_wconf 80' lang='grc' dir='ltr'>ἀπόσχηται</span> 
     </span>
    </p>
   </div>
   <div class='ocr_carea' id='block_1_53' title="bbox 1021 804 1849 843">
    <p class='ocr_par' dir='ltr' id='par_1_53' title="bbox 1021 804 1849 843">
     <span class='ocr_line' id='line_1_53' title="bbox 1021 804 1849 843; baseline 0.001 -12"><span class='ocrx_word' id='word_1_370' title='bbox 1021 806 1069 831; x_wconf 73' lang='grc' dir='ltr'>τοῦ</span> <span class='ocrx_word' id='word_1_371' title='bbox 1093 805 1160 832; x_wconf 69' lang='grc' dir='ltr'>κατὰ</span> <span class='ocrx_word' id='word_1_372' title='bbox 1186 807 1233 832; x_wconf 73' lang='grc' dir='ltr'>σοῦ</span> <span class='ocrx_word' id='word_1_373' title='bbox 1260 804 1384 842; x_wconf 82' lang='grc' dir='ltr'>μελετᾷν.</span> <span class='ocrx_word' id='word_1_374' title='bbox 1411 818 1421 831; x_wconf 79' lang='grc'><strong>1</strong></span> <span class='ocrx_word' id='word_1_375' title='bbox 1448 804 1542 840; x_wconf 75' lang='grc' dir='ltr'>Ἔδοξε</span> <span class='ocrx_word' id='word_1_376' title='bbox 1565 805 1710 839; x_wconf 79' lang='grc' dir='ltr'>Λυσιτελής</span> <span class='ocrx_word' id='word_1_377' title='bbox 1732 807 1749 840; x_wconf 79' lang='grc' dir='ltr'>ἡ</span> <span class='ocrx_word' id='word_1_378' title='bbox 1775 816 1849 843; x_wconf 87' lang='grc' dir='ltr'>παρ-</span> 
     </span>
    </p>
   </div>
   <div class='ocr_carea' id='block_1_54' title="bbox 1024 848 1850 887">
    <p class='ocr_par' dir='ltr' id='par_1_54' title="bbox 1024 848 1850 887">
     <span class='ocr_line' id='line_1_54' title="bbox 1024 848 1850 887; baseline 0 -11"><span class='ocrx_word' id='word_1_379' title='bbox 1024 849 1131 880; x_wconf 84' lang='grc' dir='ltr'>αίνεσις.</span> <span class='ocrx_word' id='word_1_380' title='bbox 1159 849 1243 881; x_wconf 70' lang='grc' dir='ltr'>Εὐθὺς</span> <span class='ocrx_word' id='word_1_381' title='bbox 1268 850 1314 877; x_wconf 77' lang='grc' dir='ltr'>οὖν</span> <span class='ocrx_word' id='word_1_382' title='bbox 1347 850 1539 887; x_wconf 80' lang='grc' dir='ltr'>συνηθροίζετο</span> <span class='ocrx_word' id='word_1_383' title='bbox 1567 848 1688 884; x_wconf 78' lang='grc' dir='ltr'>σύνοδος,</span> <span class='ocrx_word' id='word_1_384' title='bbox 1710 851 1753 877; x_wconf 80' lang='grc' dir='ltr'>καὶ</span> <span class='ocrx_word' id='word_1_385' title='bbox 1785 861 1850 878; x_wconf 84' lang='grc' dir='ltr'>συν-</span> 
     </span>
    </p>
   </div>
   <div class='ocr_carea' id='block_1_55' title="bbox 1022 894 1851 933">
    <p class='ocr_par' dir='ltr' id='par_1_55' title="bbox 1022 894 1851 933">
     <span class='ocr_line' id='line_1_55' title="bbox 1022 894 1851 933; baseline 0.002 -13"><span class='ocrx_word' id='word_1_386' title='bbox 1022 894 1222 932; x_wconf 84' lang='grc' dir='ltr'>αθροισθείσης,</span> <span class='ocrx_word' id='word_1_387' title='bbox 1237 894 1304 933; x_wconf 79' lang='grc' dir='ltr'>φησὶ</span> <span class='ocrx_word' id='word_1_388' title='bbox 1333 895 1401 932; x_wconf 85' lang='grc' dir='ltr'>πρὸς</span> <span class='ocrx_word' id='word_1_389' title='bbox 1426 895 1509 929; x_wconf 75' lang='grc' dir='ltr'>αὐτὴν</span> <span class='ocrx_word' id='word_1_390' title='bbox 1537 895 1551 922; x_wconf 86' lang='grc' dir='ltr'>ὁ</span> <span class='ocrx_word' id='word_1_391' title='bbox 1580 896 1764 933; x_wconf 76' lang='grc' dir='ltr'>πατριάρχης’</span> <span class='ocrx_word' id='word_1_392' title='bbox 1782 907 1795 920; x_wconf 78' lang='grc' dir='ltr'>α</span> <span class='ocrx_word' id='word_1_393' title='bbox 1817 895 1851 922; x_wconf 75' lang='grc' dir='ltr'>ΟἸ</span> 
     </span>
    </p>
   </div>
   <div class='ocr_carea' id='block_1_56' title="bbox 1021 937 1849 976">
    <p class='ocr_par' dir='ltr' id='par_1_56' title="bbox 1021 937 1849 976">
     <span class='ocr_line' id='line_1_56' title="bbox 1021 937 1849 976; baseline 0.002 -12"><span class='ocrx_word' id='word_1_394' title='bbox 1021 940 1069 965; x_wconf 75' lang='grc' dir='ltr'>τοῦ</span> <span class='ocrx_word' id='word_1_395' title='bbox 1097 939 1192 975; x_wconf 84' lang='grc' dir='ltr'>θρόνου</span> <span class='ocrx_word' id='word_1_396' title='bbox 1223 949 1256 975; x_wconf 87' lang='grc' dir='ltr'>με</span> <span class='ocrx_word' id='word_1_397' title='bbox 1284 942 1442 976; x_wconf 79' lang='grc' dir='ltr'>καταγαγεῖν</span> <span class='ocrx_word' id='word_1_398' title='bbox 1481 938 1645 976; x_wconf 82' lang='grc' dir='ltr'>βουλόμενοι</span> <span class='ocrx_word' id='word_1_399' title='bbox 1681 937 1792 974; x_wconf 80' lang='grc' dir='ltr'>ἀδίκως,</span> <span class='ocrx_word' id='word_1_400' title='bbox 1825 939 1849 965; x_wconf 84' lang='grc' dir='ltr'>ὦ</span> 
     </span>
    </p>
   </div>
   <div class='ocr_carea' id='block_1_57' title="bbox 1023 982 1849 1021">
    <p class='ocr_par' dir='ltr' id='par_1_57' title="bbox 1023 982 1849 1021">
     <span class='ocr_line' id='line_1_57' title="bbox 1023 982 1849 1021; baseline 0.001 -12"><span class='ocrx_word' id='word_1_401' title='bbox 1023 985 1090 1014; x_wconf 77' lang='grc' dir='ltr'>θεῖοι</span> <span class='ocrx_word' id='word_1_402' title='bbox 1116 982 1334 1021; x_wconf 82' lang='grc' dir='ltr'>συλλειτουργοὶ,</span> <span class='ocrx_word' id='word_1_403' title='bbox 1359 983 1465 1014; x_wconf 69' lang='grc' dir='ltr'>πολλὰς</span> <span class='ocrx_word' id='word_1_404' title='bbox 1505 983 1634 1021; x_wconf 71' lang='grc' dir='ltr'>μηχανὰς</span> <span class='ocrx_word' id='word_1_405' title='bbox 1670 983 1849 1018; x_wconf 82' lang='grc' dir='ltr'>κεκινηκότες</span> 
     </span>
    </p>
   </div>
   <div class='ocr_carea' id='block_1_58' title="bbox 1022 1026 1849 1065">
    <p class='ocr_par' dir='ltr' id='par_1_58' title="bbox 1022 1026 1849 1065">
     <span class='ocr_line' id='line_1_58' title="bbox 1022 1026 1849 1065; baseline 0.001 -11"><span class='ocrx_word' id='word_1_406' title='bbox 1022 1026 1091 1054; x_wconf 80' lang='grc' dir='ltr'>ὥστε</span> <span class='ocrx_word' id='word_1_407' title='bbox 1115 1026 1230 1064; x_wconf 56' lang='grc' dir='ltr'>εὔλογον</span> <span class='ocrx_word' id='word_1_408' title='bbox 1256 1027 1341 1054; x_wconf 72' lang='grc' dir='ltr'>αἰτίαν</span> <span class='ocrx_word' id='word_1_409' title='bbox 1374 1028 1461 1065; x_wconf 78' lang='grc' dir='ltr'>εὑρεῖν</span> <span class='ocrx_word' id='word_1_410' title='bbox 1487 1028 1532 1055; x_wconf 82' lang='grc' dir='ltr'>καὶ</span> <span class='ocrx_word' id='word_1_411' title='bbox 1562 1026 1596 1055; x_wconf 81' lang='grc' dir='ltr'>δι’</span> <span class='ocrx_word' id='word_1_412' title='bbox 1623 1027 1707 1062; x_wconf 78' lang='grc' dir='ltr'>αὐτῆς</span> <span class='ocrx_word' id='word_1_413' title='bbox 1737 1038 1770 1064; x_wconf 77' lang='grc' dir='ltr'>με</span> <span class='ocrx_word' id='word_1_414' title='bbox 1804 1027 1849 1063; x_wconf 76' lang='grc' dir='ltr'>ἐξ·</span> 
     </span>
    </p>
   </div>
   <div class='ocr_carea' id='block_1_59' title="bbox 1022 1071 1850 1111">
    <p class='ocr_par' dir='ltr' id='par_1_59' title="bbox 1022 1071 1850 1111">
     <span class='ocr_line' id='line_1_59' title="bbox 1022 1071 1850 1111; baseline 0.002 -13"><span class='ocrx_word' id='word_1_415' title='bbox 1022 1072 1187 1108; x_wconf 82' lang='grc' dir='ltr'>οστρακίσαι,</span> <span class='ocrx_word' id='word_1_416' title='bbox 1217 1072 1271 1110; x_wconf 84' lang='grc' dir='ltr'>οὐχ</span> <span class='ocrx_word' id='word_1_417' title='bbox 1299 1073 1385 1110; x_wconf 72' lang='grc' dir='ltr'>εὖρον.</span> <span class='ocrx_word' id='word_1_418' title='bbox 1416 1071 1574 1100; x_wconf 85' lang='grc' dir='ltr'>Τελευταίαν</span> <span class='ocrx_word' id='word_1_419' title='bbox 1604 1071 1650 1099; x_wconf 75' lang='grc' dir='ltr'>οὖν</span> <span class='ocrx_word' id='word_1_420' title='bbox 1690 1083 1735 1109; x_wconf 86' lang='grc' dir='ltr'>μοι</span> <span class='ocrx_word' id='word_1_421' title='bbox 1763 1083 1850 1111; x_wconf 89' lang='grc' dir='ltr'>προσ-</span> 
     </span>
    </p>
   </div>
   <div class='ocr_carea' id='block_1_60' title="bbox 1020 1115 1848 1155">
    <p class='ocr_par' dir='ltr' id='par_1_60' title="bbox 1020 1115 1848 1155">
     <span class='ocr_line' id='line_1_60' title="bbox 1020 1115 1848 1155; baseline 0.004 -14"><span class='ocrx_word' id='word_1_422' title='bbox 1020 1115 1149 1142; x_wconf 79' lang='grc' dir='ltr'>άπτουσιν</span> <span class='ocrx_word' id='word_1_423' title='bbox 1180 1115 1265 1143; x_wconf 72' lang='grc' dir='ltr'>αἰτίαν</span> <span class='ocrx_word' id='word_1_424' title='bbox 1295 1116 1406 1151; x_wconf 77' lang='grc' dir='ltr'>ταύτην·</span> <span class='ocrx_word' id='word_1_425' title='bbox 1425 1117 1487 1155; x_wconf 76' lang='grc' dir='ltr'>φασί</span> <span class='ocrx_word' id='word_1_426' title='bbox 1513 1127 1545 1153; x_wconf 88' lang='grc' dir='ltr'>με</span> <span class='ocrx_word' id='word_1_427' title='bbox 1574 1116 1751 1154; x_wconf 82' lang='grc' dir='ltr'>ἀγράμματον</span> <span class='ocrx_word' id='word_1_428' title='bbox 1766 1117 1848 1144; x_wconf 77' lang='grc' dir='ltr'>εἶναι’</span> 
     </span>
    </p>
   </div>
   <div class='ocr_carea' id='block_1_61' title="bbox 1021 1159 1850 1199">
    <p class='ocr_par' dir='ltr' id='par_1_61' title="bbox 1021 1159 1850 1199">
     <span class='ocr_line' id='line_1_61' title="bbox 1021 1159 1850 1199; baseline 0.004 -13"><span class='ocrx_word' id='word_1_429' title='bbox 1021 1162 1073 1186; x_wconf 82' lang='grc' dir='ltr'>Νῦν</span> <span class='ocrx_word' id='word_1_430' title='bbox 1103 1159 1148 1187; x_wconf 74' lang='grc' dir='ltr'>οὖν</span> <span class='ocrx_word' id='word_1_431' title='bbox 1179 1160 1220 1187; x_wconf 76' lang='grc' dir='ltr'>ἐπ’</span> <span class='ocrx_word' id='word_1_432' title='bbox 1244 1159 1303 1197; x_wconf 73' lang='grc' dir='ltr'>ὄψει</span> <span class='ocrx_word' id='word_1_433' title='bbox 1333 1161 1439 1188; x_wconf 86' lang='grc' dir='ltr'>πάντων</span> <span class='ocrx_word' id='word_1_434' title='bbox 1471 1161 1546 1198; x_wconf 81' lang='grc' dir='ltr'>ὑμῶν</span> <span class='ocrx_word' id='word_1_435' title='bbox 1563 1160 1627 1188; x_wconf 75' lang='grc' dir='ltr'>τάδε</span> <span class='ocrx_word' id='word_1_436' title='bbox 1653 1162 1783 1199; x_wconf 82' lang='grc' dir='ltr'>χαράσσω</span> <span class='ocrx_word' id='word_1_437' title='bbox 1812 1162 1850 1189; x_wconf 72' lang='grc' dir='ltr'>τὰ</span> 
     </span>
    </p>
   </div>
   <div class='ocr_carea' id='block_1_62' title="bbox 1020 1203 1848 1244">
    <p class='ocr_par' dir='ltr' id='par_1_62' title="bbox 1020 1203 1848 1244">
     <span class='ocr_line' id='line_1_62' title="bbox 1020 1203 1848 1244; baseline 0.002 -12"><span class='ocrx_word' id='word_1_438' title='bbox 1020 1203 1179 1242; x_wconf 72' lang='grc' dir='ltr'>γριῖμματα,</span> <span class='ocrx_word' id='word_1_439' title='bbox 1199 1204 1236 1232; x_wconf 58' lang='grc' dir='ltr'>θίν’</span> <span class='ocrx_word' id='word_1_440' title='bbox 1262 1204 1363 1237; x_wconf 80' lang='grc' dir='ltr'>ἰδόντες</span> <span class='ocrx_word' id='word_1_441' title='bbox 1386 1207 1431 1233; x_wconf 84' lang='grc' dir='ltr'>καί</span> <span class='ocrx_word' id='word_1_442' title='bbox 1456 1205 1713 1244; x_wconf 78' lang='grc' dir='ltr'>πληροφορηθέντες</span> <span class='ocrx_word' id='word_1_443' title='bbox 1742 1207 1770 1233; x_wconf 78' lang='grc' dir='ltr'>οἱ</span> <span class='ocrx_word' id='word_1_444' title='bbox 1797 1217 1848 1234; x_wconf 88' lang='grc' dir='ltr'>συ-</span> 
     </span>
    </p>
   </div>
   <div class='ocr_carea' id='block_1_63' title="bbox 1019 1249 1848 1288">
    <p class='ocr_par' dir='ltr' id='par_1_63' title="bbox 1019 1249 1848 1288">
     <span class='ocr_line' id='line_1_63' title="bbox 1019 1249 1848 1288; baseline 0.001 -12"><span class='ocrx_word' id='word_1_445' title='bbox 1019 1250 1150 1288; x_wconf 75' lang='grc' dir='ltr'>κοφάνταε</span> <span class='ocrx_word' id='word_1_446' title='bbox 1179 1249 1353 1287; x_wconf 80' lang='grc' dir='ltr'>ἀπόσχωνται</span> <span class='ocrx_word' id='word_1_447' title='bbox 1383 1250 1430 1277; x_wconf 71' lang='grc' dir='ltr'>τοῦ</span> <span class='ocrx_word' id='word_1_448' title='bbox 1460 1249 1561 1281; x_wconf 82' lang='grc' dir='ltr'>ἀδίκως</span> <span class='ocrx_word' id='word_1_449' title='bbox 1591 1260 1637 1286; x_wconf 86' lang='grc' dir='ltr'>μοι</span> <span class='ocrx_word' id='word_1_450' title='bbox 1664 1249 1800 1288; x_wconf 85' lang='grc' dir='ltr'>ἐνοχλεῖν.</span> <span class='ocrx_word' id='word_1_451' title='bbox 1833 1263 1848 1277; x_wconf 80' lang='grc'><strong>››</strong></span> 
     </span>
    </p>
   </div>
   <div class='ocr_carea' id='block_1_64' title="bbox 1022 1292 1846 1333">
    <p class='ocr_par' dir='ltr' id='par_1_64' title="bbox 1022 1292 1846 1333">
     <span class='ocr_line' id='line_1_64' title="bbox 1022 1292 1846 1333; baseline 0.002 -13"><span class='ocrx_word' id='word_1_452' title='bbox 1022 1293 1095 1327; x_wconf 64' lang='lat' dir='ltr'>Eine,</span> <span class='ocrx_word' id='word_1_453' title='bbox 1112 1294 1155 1320; x_wconf 83' lang='grc' dir='ltr'>καὶ</span> <span class='ocrx_word' id='word_1_454' title='bbox 1173 1294 1278 1331; x_wconf 80' lang='grc' dir='ltr'>χάρτην</span> <span class='ocrx_word' id='word_1_455' title='bbox 1294 1293 1412 1333; x_wconf 74' lang='grc' dir='ltr'>ἄγραφον</span> <span class='ocrx_word' id='word_1_456' title='bbox 1438 1293 1560 1333; x_wconf 76' lang='grc' dir='ltr'>εἰληφὼς</span> <span class='ocrx_word' id='word_1_457' title='bbox 1584 1294 1625 1321; x_wconf 77' lang='grc' dir='ltr'>ἐπ’</span> <span class='ocrx_word' id='word_1_458' title='bbox 1648 1292 1707 1331; x_wconf 69' lang='grc' dir='ltr'>ὄψει</span> <span class='ocrx_word' id='word_1_459' title='bbox 1732 1295 1846 1322; x_wconf 80' lang='grc' dir='ltr'>πάντων</span> 
     </span>
    </p>
   </div>
   <div class='ocr_carea' id='block_1_65' title="bbox 1022 1338 1847 1378">
    <p class='ocr_par' dir='ltr' id='par_1_65' title="bbox 1022 1338 1847 1378">
     <span class='ocr_line' id='line_1_65' title="bbox 1022 1338 1847 1378; baseline 0.002 -13"><span class='ocrx_word' id='word_1_460' title='bbox 1022 1338 1172 1375; x_wconf 79' lang='grc' dir='ltr'>ὑπέγραψεν</span> <span class='ocrx_word' id='word_1_461' title='bbox 1201 1338 1296 1370; x_wconf 66' lang='grc' dir='ltr'>οὕτως.</span> <span class='ocrx_word' id='word_1_462' title='bbox 1323 1340 1364 1374; x_wconf 91' lang='grc' dir='ltr'>[Ρ.</span> <span class='ocrx_word' id='word_1_463' title='bbox 1390 1340 1453 1376; x_wconf 69' lang='grc'>620]</span> <span class='ocrx_word' id='word_1_464' title='bbox 1479 1351 1491 1364; x_wconf 76' lang='lat' dir='ltr'>n</span> <span class='ocrx_word' id='word_1_465' title='bbox 1526 1338 1642 1378; x_wconf 76' lang='grc' dir='ltr'>Τρύφων</span> <span class='ocrx_word' id='word_1_466' title='bbox 1675 1338 1746 1376; x_wconf 70' lang='grc' dir='ltr'>ἐλέῳ</span> <span class='ocrx_word' id='word_1_467' title='bbox 1775 1343 1847 1367; x_wconf 60' lang='lat' dir='ltr'>Geo?)</span> 
     </span>
    </p>
   </div>
   <div class='ocr_carea' id='block_1_66' title="bbox 1020 1382 1845 1420">
    <p class='ocr_par' dir='ltr' id='par_1_66' title="bbox 1020 1382 1845 1420">
     <span class='ocr_line' id='line_1_66' title="bbox 1020 1382 1845 1420; baseline 0.002 -11"><span class='ocrx_word' id='word_1_468' title='bbox 1020 1383 1237 1420; x_wconf 75' lang='grc' dir='ltr'>ἀρχιεπίσκοπος</span> <span class='ocrx_word' id='word_1_469' title='bbox 1278 1382 1605 1419; x_wconf 81' lang='grc' dir='ltr'>Κωνσταντινουπόλεως,</span> <span class='ocrx_word' id='word_1_470' title='bbox 1631 1384 1692 1414; x_wconf 72' lang='grc' dir='ltr'>νέας</span> <span class='ocrx_word' id='word_1_471' title='bbox 1719 1384 1845 1420; x_wconf 78' lang='grc' dir='ltr'>Ῥώμης,</span> 
     </span>
    </p>
   </div>
   <div class='ocr_carea' id='block_1_67' title="bbox 1019 1427 1847 1466">
    <p class='ocr_par' dir='ltr' id='par_1_67' title="bbox 1019 1427 1847 1466">
     <span class='ocr_line' id='line_1_67' title="bbox 1019 1427 1847 1466; baseline 0.002 -12"><span class='ocrx_word' id='word_1_472' title='bbox 1019 1428 1062 1455; x_wconf 77' lang='grc' dir='ltr'>καὶ</span> <span class='ocrx_word' id='word_1_473' title='bbox 1081 1427 1270 1464; x_wconf 65' lang='grc' dir='ltr'>οῗκουμενικὸς</span> <span class='ocrx_word' id='word_1_474' title='bbox 1285 1429 1469 1466; x_wconf 83' lang='grc' dir='ltr'>πατριάρχης,</span> <span class='ocrx_word' id='word_1_475' title='bbox 1489 1440 1502 1453; x_wconf 84' lang='grc'><strong>››</strong></span> <span class='ocrx_word' id='word_1_476' title='bbox 1519 1428 1569 1456; x_wconf 86' lang='grc' dir='ltr'>Καὶ</span> <span class='ocrx_word' id='word_1_477' title='bbox 1584 1429 1690 1466; x_wconf 79' lang='grc' dir='ltr'>γράψας</span> <span class='ocrx_word' id='word_1_478' title='bbox 1708 1429 1847 1465; x_wconf 71' lang='grc' dir='ltr'>ἐκπέμπει</span> 
     </span>
    </p>
   </div>
   <div class='ocr_carea' id='block_1_68' title="bbox 1020 1469 1849 1510">
    <p class='ocr_par' dir='ltr' id='par_1_68' title="bbox 1020 1469 1849 1510">
     <span class='ocr_line' id='line_1_68' title="bbox 1020 1469 1849 1510; baseline 0.002 -12"><span class='ocrx_word' id='word_1_479' title='bbox 1020 1469 1065 1498; x_wconf 80' lang='grc' dir='ltr'>διὰ</span> <span class='ocrx_word' id='word_1_480' title='bbox 1079 1474 1127 1498; x_wconf 75' lang='grc' dir='ltr'>τοῖ’)</span> <span class='ocrx_word' id='word_1_481' title='bbox 1149 1471 1345 1510; x_wconf 82' lang='grc' dir='ltr'>πρωτοθρόνου</span> <span class='ocrx_word' id='word_1_482' title='bbox 1366 1475 1405 1509; x_wconf 82' lang='grc' dir='ltr'>τῷ</span> <span class='ocrx_word' id='word_1_483' title='bbox 1432 1471 1548 1510; x_wconf 80' lang='grc' dir='ltr'>βασιλεῖ.</span> <span class='ocrx_word' id='word_1_484' title='bbox 1565 1474 1650 1510; x_wconf 82' lang='grc' dir='ltr'>Ὅπερ</span> <span class='ocrx_word' id='word_1_485' title='bbox 1679 1472 1771 1500; x_wconf 60' lang='grc' dir='ltr'>λαϐὼν</span> <span class='ocrx_word' id='word_1_486' title='bbox 1801 1473 1849 1500; x_wconf 80' lang='grc' dir='ltr'>ἐπὶ</span> 
     </span>
    </p>
   </div>
   <div class='ocr_carea' id='block_1_69' title="bbox 1020 1515 1848 1556">
    <p class='ocr_par' dir='ltr' id='par_1_69' title="bbox 1020 1515 1848 1556">
     <span class='ocr_line' id='line_1_69' title="bbox 1020 1515 1848 1556; baseline 0.002 -13"><span class='ocrx_word' id='word_1_487' title='bbox 1020 1519 1114 1554; x_wconf 85' lang='grc' dir='ltr'>χεῖρας</span> <span class='ocrx_word' id='word_1_488' title='bbox 1145 1517 1234 1552; x_wconf 79' lang='grc' dir='ltr'>οὗτος,</span> <span class='ocrx_word' id='word_1_489' title='bbox 1257 1517 1300 1544; x_wconf 85' lang='grc' dir='ltr'>καὶ</span> <span class='ocrx_word' id='word_1_490' title='bbox 1331 1516 1450 1556; x_wconf 79' lang='grc' dir='ltr'>ἄγραφον</span> <span class='ocrx_word' id='word_1_491' title='bbox 1477 1515 1567 1556; x_wconf 70' lang='grc' dir='ltr'>ἕτερον</span> <span class='ocrx_word' id='word_1_492' title='bbox 1597 1517 1701 1555; x_wconf 86' lang='grc' dir='ltr'>χάρτην</span> <span class='ocrx_word' id='word_1_493' title='bbox 1742 1517 1848 1550; x_wconf 77' lang='grc' dir='ltr'>ἄνωθεν</span> 
     </span>
    </p>
   </div>
   <div class='ocr_carea' id='block_1_70' title="bbox 1020 1561 1847 1600">
    <p class='ocr_par' dir='ltr' id='par_1_70' title="bbox 1020 1561 1847 1600">
     <span class='ocr_line' id='line_1_70' title="bbox 1020 1561 1847 1600; baseline 0.004 -13"><span class='ocrx_word' id='word_1_494' title='bbox 1020 1561 1234 1600; x_wconf 74' lang='grc' dir='ltr'>προσανυφάνας,</span> <span class='ocrx_word' id='word_1_495' title='bbox 1258 1561 1421 1598; x_wconf 78' lang='grc' dir='ltr'>παραίτησιν</span> <span class='ocrx_word' id='word_1_496' title='bbox 1451 1561 1575 1600; x_wconf 73' lang='grc' dir='ltr'>ἔγραψεν,</span> <span class='ocrx_word' id='word_1_497' title='bbox 1604 1563 1640 1593; x_wconf 85' lang='grc' dir='ltr'>ὡς</span> <span class='ocrx_word' id='word_1_498' title='bbox 1671 1562 1777 1598; x_wconf 81' lang='grc' dir='ltr'>ἀνάξιος</span> <span class='ocrx_word' id='word_1_499' title='bbox 1807 1563 1847 1590; x_wconf 82' lang='grc' dir='ltr'>ὦν</span> 
     </span>
    </p>
   </div>
   <div class='ocr_carea' id='block_1_71' title="bbox 1019 1604 1848 1644">
    <p class='ocr_par' dir='ltr' id='par_1_71' title="bbox 1019 1604 1848 1644">
     <span class='ocr_line' id='line_1_71' title="bbox 1019 1604 1848 1644; baseline 0.004 -13"><span class='ocrx_word' id='word_1_500' title='bbox 1019 1604 1149 1640; x_wconf 75' lang='grc' dir='ltr'>ἐξίσταται</span> <span class='ocrx_word' id='word_1_501' title='bbox 1162 1607 1201 1642; x_wconf 80' lang='grc' dir='ltr'>τῷ</span> <span class='ocrx_word' id='word_1_502' title='bbox 1218 1604 1379 1643; x_wconf 65' lang='grc' dir='ltr'>βουλομένῳ</span> <span class='ocrx_word' id='word_1_503' title='bbox 1391 1608 1438 1634; x_wconf 80' lang='grc' dir='ltr'>τοῦ</span> <span class='ocrx_word' id='word_1_504' title='bbox 1454 1607 1563 1644; x_wconf 85' lang='grc' dir='ltr'>θρόνου.</span> <span class='ocrx_word' id='word_1_505' title='bbox 1583 1608 1636 1639; x_wconf 88' lang='grc' dir='ltr'>Τῆς</span> <span class='ocrx_word' id='word_1_506' title='bbox 1661 1605 1690 1634; x_wconf 70' lang='grc' dir='ltr'>δὲ</span> <span class='ocrx_word' id='word_1_507' title='bbox 1712 1607 1848 1642; x_wconf 76' lang='grc' dir='ltr'>τοιαύτης</span> 
     </span>
    </p>
   </div>
   <div class='ocr_carea' id='block_1_72' title="bbox 1018 1650 1845 1690">
    <p class='ocr_par' dir='ltr' id='par_1_72' title="bbox 1018 1650 1845 1690">
     <span class='ocr_line' id='line_1_72' title="bbox 1018 1650 1845 1690; baseline 0.004 -14"><span class='ocrx_word' id='word_1_508' title='bbox 1018 1651 1208 1688; x_wconf 71' lang='grc' dir='ltr'>παραιτήσεως</span> <span class='ocrx_word' id='word_1_509' title='bbox 1233 1652 1466 1688; x_wconf 85' lang='grc' dir='ltr'>προκομισθείσης</span> <span class='ocrx_word' id='word_1_510' title='bbox 1491 1651 1534 1678; x_wconf 82' lang='grc' dir='ltr'>ἐπὶ</span> <span class='ocrx_word' id='word_1_511' title='bbox 1560 1650 1674 1678; x_wconf 80' lang='grc' dir='ltr'>συνόδου</span> <span class='ocrx_word' id='word_1_512' title='bbox 1697 1652 1845 1690; x_wconf 74' lang='grc' dir='ltr'>κατάγεται</span> 
     </span>
    </p>
   </div>
   <div class='ocr_carea' id='block_1_73' title="bbox 1016 1694 1847 1734">
    <p class='ocr_par' dir='ltr' id='par_1_73' title="bbox 1016 1694 1847 1734">
     <span class='ocr_line' id='line_1_73' title="bbox 1016 1694 1847 1734; baseline 0.002 -13"><span class='ocrx_word' id='word_1_513' title='bbox 1016 1698 1066 1729; x_wconf 78' lang='grc' dir='ltr'>τῆς</span> <span class='ocrx_word' id='word_1_514' title='bbox 1090 1694 1254 1730; x_wconf 82' lang='grc' dir='ltr'>Ἑκκλησίας</span> <span class='ocrx_word' id='word_1_515' title='bbox 1283 1695 1296 1722; x_wconf 83' lang='grc' dir='ltr'><strong>ὁ</strong></span> <span class='ocrx_word' id='word_1_516' title='bbox 1323 1695 1448 1734; x_wconf 61' lang='grc' dir='ltr'>Τρύφων,</span> <span class='ocrx_word' id='word_1_517' title='bbox 1465 1695 1558 1723; x_wconf 77' lang='grc' dir='ltr'>πόλλα</span> <span class='ocrx_word' id='word_1_518' title='bbox 1574 1696 1622 1730; x_wconf 78' lang='grc' dir='ltr'>τήν</span> <span class='ocrx_word' id='word_1_519' title='bbox 1649 1695 1749 1729; x_wconf 82' lang='grc' dir='ltr'>ἀπάτην</span> <span class='ocrx_word' id='word_1_520' title='bbox 1778 1696 1847 1724; x_wconf 85' lang='grc' dir='ltr'>ὀλο-</span> 
     </span>
    </p>
   </div>
   <div class='ocr_carea' id='block_1_74' title="bbox 1017 1739 1844 1779">
    <p class='ocr_par' dir='ltr' id='par_1_74' title="bbox 1017 1739 1844 1779">
     <span class='ocr_line' id='line_1_74' title="bbox 1017 1739 1844 1779; baseline 0.002 -13"><span class='ocrx_word' id='word_1_521' title='bbox 1017 1739 1171 1777; x_wconf 77' lang='grc' dir='ltr'>φυρόμενος</span> <span class='ocrx_word' id='word_1_522' title='bbox 1199 1739 1243 1766; x_wconf 87' lang='grc' dir='ltr'>καὶ</span> <span class='ocrx_word' id='word_1_523' title='bbox 1267 1742 1305 1775; x_wconf 82' lang='grc' dir='ltr'>τῷ</span> <span class='ocrx_word' id='word_1_524' title='bbox 1329 1740 1511 1777; x_wconf 80' lang='grc' dir='ltr'>πρωτοθρόνῳ</span> <span class='ocrx_word' id='word_1_525' title='bbox 1535 1739 1769 1779; x_wconf 81' lang='grc' dir='ltr'>ἐπιμεμφόμενος.</span> <span class='ocrx_word' id='word_1_526' title='bbox 1789 1742 1844 1770; x_wconf 81' lang='grc' dir='ltr'>Καὶ</span> 
     </span>
    </p>
   </div>
   <div class='ocr_carea' id='block_1_75' title="bbox 1018 1782 1843 1823">
    <p class='ocr_par' dir='ltr' id='par_1_75' title="bbox 1018 1782 1843 1823">
     <span class='ocr_line' id='line_1_75' title="bbox 1018 1782 1843 1823; baseline 0.004 -13"><span class='ocrx_word' id='word_1_527' title='bbox 1018 1783 1085 1820; x_wconf 81' lang='grc' dir='ltr'>μετὰ</span> <span class='ocrx_word' id='word_1_528' title='bbox 1107 1783 1207 1821; x_wconf 78' lang='grc' dir='ltr'>χρόνον</span> <span class='ocrx_word' id='word_1_529' title='bbox 1232 1782 1279 1811; x_wconf 76' lang='grc' dir='ltr'>ἕνα</span> <span class='ocrx_word' id='word_1_530' title='bbox 1301 1784 1345 1811; x_wconf 83' lang='grc' dir='ltr'>καὶ</span> <span class='ocrx_word' id='word_1_531' title='bbox 1370 1788 1456 1820; x_wconf 82' lang='grc' dir='ltr'>μῆνας</span> <span class='ocrx_word' id='word_1_532' title='bbox 1477 1785 1556 1812; x_wconf 72' lang='grc' dir='ltr'>πέντε</span> <span class='ocrx_word' id='word_1_533' title='bbox 1580 1785 1718 1821; x_wconf 81' lang='grc' dir='ltr'>(τοσοῦτον</span> <span class='ocrx_word' id='word_1_534' title='bbox 1748 1786 1799 1823; x_wconf 74' lang='grc' dir='ltr'>γὰρ</span> <span class='ocrx_word' id='word_1_535' title='bbox 1828 1787 1843 1814; x_wconf 84' lang='grc' dir='ltr'>ὁ</span> 
     </span>
    </p>
   </div>
   <div class='ocr_carea' id='block_1_76' title="bbox 134 1826 1842 1868">
    <p class='ocr_par' dir='ltr' id='par_1_76' title="bbox 134 1826 1842 1868">
     <span class='ocr_line' id='line_1_76' title="bbox 134 1826 1842 1868; baseline -0.001 -9"><span class='ocrx_word' id='word_1_536' title='bbox 134 1834 183 1866; x_wconf 82' lang='grc' dir='ltr'>τῆς</span> <span class='ocrx_word' id='word_1_537' title='bbox 212 1829 324 1866; x_wconf 75' lang='grc' dir='ltr'>ἡλικίας</span> <span class='ocrx_word' id='word_1_538' title='bbox 349 1832 397 1857; x_wconf 77' lang='grc' dir='ltr'>τοῦ</span> <span class='ocrx_word' id='word_1_539' title='bbox 422 1828 610 1868; x_wconf 78' lang='grc' dir='ltr'>Θεοφυλάκτου</span> <span class='ocrx_word' id='word_1_540' title='bbox 640 1827 720 1855; x_wconf 71' lang='grc' dir='ltr'>ἐνέδει</span> <span class='ocrx_word' id='word_1_541' title='bbox 750 1827 850 1865; x_wconf 84' lang='grc' dir='ltr'>χρόνος</span> <span class='ocrx_word' id='word_1_542' title='bbox 878 1827 946 1865; x_wconf 81' lang='grc' dir='ltr'>πρὸς</span> <span class='ocrx_word' id='word_1_543' title='bbox 971 1827 1130 1863; x_wconf 78' lang='grc' dir='ltr'>τελειότητα</span> <span class='ocrx_word' id='word_1_544' title='bbox 1151 1828 1195 1855; x_wconf 77' lang='grc' dir='ltr'>καὶ</span> <span class='ocrx_word' id='word_1_545' title='bbox 1225 1828 1392 1866; x_wconf 76' lang='grc' dir='ltr'>χειροθεσίαν</span> <span class='ocrx_word' id='word_1_546' title='bbox 1409 1828 1624 1867; x_wconf 73' lang='grc' dir='ltr'>ἀρχιερωσύνης)</span> <span class='ocrx_word' id='word_1_547' title='bbox 1648 1826 1842 1868; x_wconf 77' lang='grc' dir='ltr'>Φεϐρουαρίῳ,</span> 
     </span>
    </p>
   </div>
   <div class='ocr_carea' id='block_1_77' title="bbox 134 1871 1288 1912">
    <p class='ocr_par' dir='ltr' id='par_1_77' title="bbox 134 1871 1288 1912">
     <span class='ocr_line' id='line_1_77' title="bbox 134 1871 1288 1912; baseline -0.002 -9"><span class='ocrx_word' id='word_1_548' title='bbox 134 1874 302 1906; x_wconf 77' lang='grc' dir='ltr'>ίνδικτιῶνος</span> <span class='ocrx_word' id='word_1_549' title='bbox 320 1875 352 1912; x_wconf 86' lang='grc' dir='ltr'>β’,</span> <span class='ocrx_word' id='word_1_550' title='bbox 369 1876 566 1912; x_wconf 85' lang='grc' dir='ltr'>χειροτονεῖται</span> <span class='ocrx_word' id='word_1_551' title='bbox 582 1873 755 1911; x_wconf 72' lang='grc' dir='ltr'>πατριάρχης</span> <span class='ocrx_word' id='word_1_552' title='bbox 771 1871 958 1911; x_wconf 77' lang='grc' dir='ltr'>Θεοφύλακτος</span> <span class='ocrx_word' id='word_1_553' title='bbox 975 1873 988 1900; x_wconf 82' lang='grc' dir='ltr'>ὁ</span> <span class='ocrx_word' id='word_1_554' title='bbox 1003 1874 1051 1900; x_wconf 80' lang='grc' dir='ltr'>τοῦ</span> <span class='ocrx_word' id='word_1_555' title='bbox 1069 1872 1202 1909; x_wconf 66' lang='grc' dir='ltr'>βασιλέως</span> <span class='ocrx_word' id='word_1_556' title='bbox 1219 1873 1288 1904; x_wconf 69' lang='grc' dir='ltr'>υἱός.</span> 
     </span>
    </p>
   </div>
   <div class='ocr_carea' id='block_1_78' title="bbox 166 1937 960 1974">
    <p class='ocr_par' dir='ltr' id='par_1_78' title="bbox 166 1937 960 1974">
     <span class='ocr_line' id='line_1_78' title="bbox 166 1937 960 1974; baseline -0.006 -6"><span class='ocrx_word' id='word_1_557' title='bbox 166 1939 227 1968; x_wconf 89' lang='lat' dir='ltr'>Sub</span> <span class='ocrx_word' id='word_1_558' title='bbox 254 1939 332 1967; x_wconf 84' lang='lat' dir='ltr'>idem</span> <span class='ocrx_word' id='word_1_559' title='bbox 360 1941 478 1974; x_wconf 88' lang='lat' dir='ltr'>tempus</span> <span class='ocrx_word' id='word_1_560' title='bbox 506 1937 633 1966; x_wconf 87' lang='lat' dir='ltr'>Basilius</span> <span class='ocrx_word' id='word_1_561' title='bbox 659 1937 778 1973; x_wconf 86' lang='lat' dir='ltr'>quidam</span> <span class='ocrx_word' id='word_1_562' title='bbox 795 1937 912 1964; x_wconf 70' lang='lat' dir='ltr'>‘Jacedo</span> <span class='ocrx_word' id='word_1_563' title='bbox 929 1945 960 1964; x_wconf 88' lang='lat' dir='ltr'>se</span> 
     </span>
    </p>
   </div>
   <div class='ocr_carea' id='block_1_79' title="bbox 129 1981 958 2017">
    <p class='ocr_par' dir='ltr' id='par_1_79' title="bbox 129 1981 958 2017">
     <span class='ocr_line' id='line_1_79' title="bbox 129 1981 958 2017; baseline -0.005 -5"><span class='ocrx_word' id='word_1_564' title='bbox 129 1983 355 2012; x_wconf 83' lang='lat' dir='ltr'>Constantinum</span> <span class='ocrx_word' id='word_1_565' title='bbox 368 1985 452 2011; x_wconf 79' lang='lat' dir='ltr'>Ducas</span> <span class='ocrx_word' id='word_1_566' title='bbox 468 1982 561 2010; x_wconf 89' lang='lat' dir='ltr'>ﬁlium</span> <span class='ocrx_word' id='word_1_567' title='bbox 577 1990 641 2010; x_wconf 87' lang='lat' dir='ltr'>esse</span> <span class='ocrx_word' id='word_1_568' title='bbox 653 1983 771 2017; x_wconf 79' lang='lat' dir='ltr'>jactans</span> <span class='ocrx_word' id='word_1_569' title='bbox 786 1981 897 2009; x_wconf 89' lang='lat' dir='ltr'>multos</span> <span class='ocrx_word' id='word_1_570' title='bbox 909 1981 958 2009; x_wconf 90' lang='lat' dir='ltr'>de-</span> 
     </span>
    </p>
   </div>
   <div class='ocr_carea' id='block_1_80' title="bbox 128 2026 957 2063">
    <p class='ocr_par' dir='ltr' id='par_1_80' title="bbox 128 2026 957 2063">
     <span class='ocr_line' id='line_1_80' title="bbox 128 2026 957 2063; baseline -0.005 -6"><span class='ocrx_word' id='word_1_571' title='bbox 128 2030 226 2063; x_wconf 84' lang='lat' dir='ltr'>ceptos</span> <span class='ocrx_word' id='word_1_572' title='bbox 242 2027 299 2056; x_wconf 88' lang='lat' dir='ltr'>sibi</span> <span class='ocrx_word' id='word_1_573' title='bbox 315 2027 442 2062; x_wconf 87' lang='lat' dir='ltr'>asciscit,</span> <span class='ocrx_word' id='word_1_574' title='bbox 458 2029 486 2054; x_wconf 89' lang='lat' dir='ltr'>et</span> <span class='ocrx_word' id='word_1_575' title='bbox 501 2026 569 2054; x_wconf 86' lang='lat' dir='ltr'>hinc</span> <span class='ocrx_word' id='word_1_576' title='bbox 586 2026 653 2053; x_wconf 89' lang='lat' dir='ltr'>inde</span> <span class='ocrx_word' id='word_1_577' title='bbox 670 2034 780 2061; x_wconf 82' lang='lat' dir='ltr'>vagans</span> <span class='ocrx_word' id='word_1_578' title='bbox 806 2034 855 2062; x_wconf 88' lang='lat' dir='ltr'>per</span> <span class='ocrx_word' id='word_1_579' title='bbox 871 2026 957 2054; x_wconf 88' lang='lat' dir='ltr'>urbes</span> 
     </span>
    </p>
   </div>
   <div class='ocr_carea' id='block_1_81' title="bbox 130 2070 955 2101">
    <p class='ocr_par' dir='ltr' id='par_1_81' title="bbox 130 2070 955 2101">
     <span class='ocr_line' id='line_1_81' title="bbox 130 2070 955 2101; baseline -0.004 0"><span class='ocrx_word' id='word_1_580' title='bbox 130 2072 276 2101; x_wconf 84' lang='lat' dir='ltr'>tumultus</span> <span class='ocrx_word' id='word_1_581' title='bbox 293 2071 418 2100; x_wconf 82' lang='lat' dir='ltr'>concitat</span> <span class='ocrx_word' id='word_1_582' title='bbox 434 2073 461 2099; x_wconf 90' lang='lat' dir='ltr'>et</span> <span class='ocrx_word' id='word_1_583' title='bbox 476 2071 511 2098; x_wconf 89' lang='lat' dir='ltr'>ad</span> <span class='ocrx_word' id='word_1_584' title='bbox 528 2071 721 2098; x_wconf 85' lang='lat' dir='ltr'>defectionem</span> <span class='ocrx_word' id='word_1_585' title='bbox 747 2073 853 2098; x_wconf 86' lang='lat' dir='ltr'>movet.</span> <span class='ocrx_word' id='word_1_586' title='bbox 871 2070 955 2098; x_wconf 87' lang='lat' dir='ltr'>Com-</span> 
     </span>
    </p>
   </div>
   <div class='ocr_carea' id='block_1_82' title="bbox 130 2115 954 2153">
    <p class='ocr_par' dir='ltr' id='par_1_82' title="bbox 130 2115 954 2153">
     <span class='ocr_line' id='line_1_82' title="bbox 130 2115 954 2153; baseline -0.002 -9"><span class='ocrx_word' id='word_1_587' title='bbox 130 2117 308 2153; x_wconf 86' lang='lat' dir='ltr'>prehensuin</span> <span class='ocrx_word' id='word_1_588' title='bbox 323 2116 402 2144; x_wconf 89' lang='lat' dir='ltr'>hunc</span> <span class='ocrx_word' id='word_1_589' title='bbox 413 2116 534 2151; x_wconf 87' lang='lat' dir='ltr'>quidam</span> <span class='ocrx_word' id='word_1_590' title='bbox 545 2115 756 2151; x_wconf 84' lang='lat' dir='ltr'>Elephantinus</span> <span class='ocrx_word' id='word_1_591' title='bbox 769 2117 872 2142; x_wconf 63' lang='lat' dir='ltr'>turmae</span> <span class='ocrx_word' id='word_1_592' title='bbox 882 2123 954 2150; x_wconf 65' lang='lat' dir='ltr'>pria-</span> 
     </span>
    </p>
   </div>
   <div class='ocr_carea' id='block_1_83' title="bbox 129 2159 954 2196">
    <p class='ocr_par' dir='ltr' id='par_1_83' title="bbox 129 2159 954 2196">
     <span class='ocr_line' id='line_1_83' title="bbox 129 2159 954 2196; baseline -0.004 -7"><span class='ocrx_word' id='word_1_593' title='bbox 129 2162 222 2190; x_wconf 86' lang='lat' dir='ltr'>fectus</span> <span class='ocrx_word' id='word_1_594' title='bbox 251 2161 286 2188; x_wconf 90' lang='lat' dir='ltr'>ad</span> <span class='ocrx_word' id='word_1_595' title='bbox 316 2160 521 2196; x_wconf 82' lang='lat' dir='ltr'>imperatorem</span> <span class='ocrx_word' id='word_1_596' title='bbox 548 2159 681 2195; x_wconf 85' lang='lat' dir='ltr'>perducit</span> <span class='ocrx_word' id='word_1_597' title='bbox 706 2167 712 2187; x_wconf 85' lang='lat'><strong>:</strong></span> <span class='ocrx_word' id='word_1_598' title='bbox 737 2159 762 2187; x_wconf 89' lang='lat' dir='ltr'>is</span> <span class='ocrx_word' id='word_1_599' title='bbox 782 2167 847 2187; x_wconf 91' lang='lat' dir='ltr'>eum</span> <span class='ocrx_word' id='word_1_600' title='bbox 863 2159 954 2187; x_wconf 80' lang='lat' dir='ltr'>altera</span> 
     </span>
    </p>
   </div>
   <div class='ocr_carea' id='block_1_84' title="bbox 129 2204 953 2234">
    <p class='ocr_par' dir='ltr' id='par_1_84' title="bbox 129 2204 953 2234">
     <span class='ocr_line' id='line_1_84' title="bbox 129 2204 953 2234; baseline -0.004 0"><span class='ocrx_word' id='word_1_601' title='bbox 129 2208 299 2234; x_wconf 81' lang='lat' dir='ltr'>truncatum</span> <span class='ocrx_word' id='word_1_602' title='bbox 315 2213 403 2232; x_wconf 83' lang='lat' dir='ltr'>manu</span> <span class='ocrx_word' id='word_1_603' title='bbox 415 2204 548 2231; x_wconf 88' lang='lat' dir='ltr'>dimittit.</span> <span class='ocrx_word' id='word_1_604' title='bbox 563 2204 706 2231; x_wconf 87' lang='lat' dir='ltr'>Dimissus</span> <span class='ocrx_word' id='word_1_605' title='bbox 715 2212 818 2231; x_wconf 71' lang='lat' dir='ltr'>aaream</span> <span class='ocrx_word' id='word_1_606' title='bbox 832 2212 953 2231; x_wconf 87' lang='lat' dir='ltr'>manum</span> 
     </span>
    </p>
   </div>
   <div class='ocr_carea' id='block_1_85' title="bbox 127 2249 951 2284">
    <p class='ocr_par' dir='ltr' id='par_1_85' title="bbox 127 2249 951 2284">
     <span class='ocr_line' id='line_1_85' title="bbox 127 2249 951 2284; baseline -0.004 -5"><span class='ocrx_word' id='word_1_607' title='bbox 127 2250 282 2279; x_wconf 86' lang='lat' dir='ltr'>substituit</span> <span class='ocrx_word' id='word_1_608' title='bbox 293 2249 442 2281; x_wconf 67' lang='lat' dir='ltr'>abscisam,</span> <span class='ocrx_word' id='word_1_609' title='bbox 458 2249 668 2284; x_wconf 85' lang='lat' dir='ltr'>ingentemque</span> <span class='ocrx_word' id='word_1_610' title='bbox 685 2249 834 2276; x_wconf 85' lang='lat' dir='ltr'>accinctus</span> <span class='ocrx_word' id='word_1_611' title='bbox 851 2257 951 2276; x_wconf 87' lang='lat' dir='ltr'>ensem</span> 
     </span>
    </p>
   </div>
   <div class='ocr_carea' id='block_1_86' title="bbox 126 2292 952 2331">
    <p class='ocr_par' dir='ltr' id='par_1_86' title="bbox 126 2292 952 2331">
     <span class='ocr_line' id='line_1_86' title="bbox 126 2292 952 2331; baseline -0.001 -8"><span class='ocrx_word' id='word_1_612' title='bbox 126 2295 277 2331; x_wconf 88' lang='lat' dir='ltr'>Opsicium</span> <span class='ocrx_word' id='word_1_613' title='bbox 302 2295 448 2330; x_wconf 83' lang='lat' dir='ltr'>peragrat,</span> <span class='ocrx_word' id='word_1_614' title='bbox 461 2292 692 2329; x_wconf 86' lang='lat' dir='ltr'>simplicioribus</span> <span class='ocrx_word' id='word_1_615' title='bbox 712 2293 893 2329; x_wconf 85' lang='lat' dir='ltr'>persuadens</span> <span class='ocrx_word' id='word_1_616' title='bbox 921 2301 952 2322; x_wconf 87' lang='lat' dir='ltr'>se</span> 
     </span>
    </p>
   </div>
   <div class='ocr_carea' id='block_1_87' title="bbox 125 2337 952 2373">
    <p class='ocr_par' dir='ltr' id='par_1_87' title="bbox 125 2337 952 2373">
     <span class='ocr_line' id='line_1_87' title="bbox 125 2337 952 2373; baseline -0.002 -6"><span class='ocrx_word' id='word_1_617' title='bbox 125 2348 189 2368; x_wconf 83' lang='lat' dir='ltr'>esse</span> <span class='ocrx_word' id='word_1_618' title='bbox 204 2339 429 2368; x_wconf 82' lang='lat' dir='ltr'>Constantinum</span> <span class='ocrx_word' id='word_1_619' title='bbox 449 2339 566 2366; x_wconf 89' lang='lat' dir='ltr'>Ducam.</span> <span class='ocrx_word' id='word_1_620' title='bbox 598 2337 639 2365; x_wconf 82' lang='lat' dir='ltr'>Ita</span> <span class='ocrx_word' id='word_1_621' title='bbox 655 2345 761 2373; x_wconf 82' lang='lat' dir='ltr'>magna</span> <span class='ocrx_word' id='word_1_622' title='bbox 778 2346 864 2365; x_wconf 86' lang='lat' dir='ltr'>manu</span> <span class='ocrx_word' id='word_1_623' title='bbox 882 2346 952 2366; x_wconf 89' lang='lat' dir='ltr'>con-</span> 
     </span>
    </p>
   </div>
   <div class='ocr_carea' id='block_1_88' title="bbox 126 2381 952 2418">
    <p class='ocr_par' dir='ltr' id='par_1_88' title="bbox 126 2381 952 2418">
     <span class='ocr_line' id='line_1_88' title="bbox 126 2381 952 2418; baseline -0.001 -7"><span class='ocrx_word' id='word_1_624' title='bbox 126 2386 218 2412; x_wconf 84' lang='lat' dir='ltr'>tracta</span> <span class='ocrx_word' id='word_1_625' title='bbox 233 2383 425 2411; x_wconf 82' lang='lat' dir='ltr'>defectionem</span> <span class='ocrx_word' id='word_1_626' title='bbox 442 2383 528 2417; x_wconf 84' lang='lat' dir='ltr'>facit;</span> <span class='ocrx_word' id='word_1_627' title='bbox 553 2383 582 2410; x_wconf 88' lang='lat' dir='ltr'>et</span> <span class='ocrx_word' id='word_1_628' title='bbox 605 2384 746 2418; x_wconf 85' lang='lat' dir='ltr'>occupato</span> <span class='ocrx_word' id='word_1_629' title='bbox 771 2381 890 2409; x_wconf 86' lang='lat' dir='ltr'>castello</span> <span class='ocrx_word' id='word_1_630' title='bbox 906 2382 952 2410; x_wconf 86' lang='lat' dir='ltr'>cui</span> 
     </span>
    </p>
   </div>
   <div class='ocr_carea' id='block_1_89' title="bbox 124 2427 952 2462">
    <p class='ocr_par' dir='ltr' id='par_1_89' title="bbox 124 2427 952 2462">
     <span class='ocr_line' id='line_1_89' title="bbox 124 2427 952 2462; baseline -0.004 -5"><span class='ocrx_word' id='word_1_631' title='bbox 124 2429 216 2457; x_wconf 85' lang='lat' dir='ltr'>latum</span> <span class='ocrx_word' id='word_1_632' title='bbox 241 2436 343 2456; x_wconf 81' lang='lat' dir='ltr'>saxum</span> <span class='ocrx_word' id='word_1_633' title='bbox 369 2430 396 2454; x_wconf 87' lang='lat' dir='ltr'>et</span> <span class='ocrx_word' id='word_1_634' title='bbox 419 2436 536 2461; x_wconf 86' lang='lat' dir='ltr'>nomen,</span> <span class='ocrx_word' id='word_1_635' title='bbox 552 2435 584 2455; x_wconf 91' lang='lat' dir='ltr'>eo</span> <span class='ocrx_word' id='word_1_636' title='bbox 601 2427 698 2454; x_wconf 90' lang='lat' dir='ltr'>omnis</span> <span class='ocrx_word' id='word_1_637' title='bbox 713 2427 827 2462; x_wconf 83' lang='lat' dir='ltr'>generis</span> <span class='ocrx_word' id='word_1_638' title='bbox 849 2434 894 2455; x_wconf 86' lang='lat' dir='ltr'>res</span> <span class='ocrx_word' id='word_1_639' title='bbox 911 2436 952 2454; x_wconf 87' lang='lat' dir='ltr'>re-</span> 
     </span>
    </p>
   </div>
   <div class='ocr_carea' id='block_1_90' title="bbox 126 2472 950 2510">
    <p class='ocr_par' dir='ltr' id='par_1_90' title="bbox 126 2472 950 2510">
     <span class='ocr_line' id='line_1_90' title="bbox 126 2472 950 2510; baseline -0.004 -9"><span class='ocrx_word' id='word_1_640' title='bbox 126 2473 218 2510; x_wconf 87' lang='lat' dir='ltr'>ponit,</span> <span class='ocrx_word' id='word_1_641' title='bbox 235 2480 326 2508; x_wconf 85' lang='lat' dir='ltr'>eaque</span> <span class='ocrx_word' id='word_1_642' title='bbox 348 2480 419 2500; x_wconf 85' lang='lat' dir='ltr'>usus</span> <span class='ocrx_word' id='word_1_643' title='bbox 444 2480 508 2500; x_wconf 87' lang='lat' dir='ltr'>arce</span> <span class='ocrx_word' id='word_1_644' title='bbox 532 2472 664 2508; x_wconf 83' lang='lat' dir='ltr'>proxima</span> <span class='ocrx_word' id='word_1_645' title='bbox 693 2479 815 2507; x_wconf 79' lang='lat' dir='ltr'>quaeque</span> <span class='ocrx_word' id='word_1_646' title='bbox 839 2472 950 2508; x_wconf 68' lang='lat' dir='ltr'>deprae-</span> 
     </span>
    </p>
   </div>
   <div class='ocr_carea' id='block_1_91' title="bbox 125 2516 949 2552">
    <p class='ocr_par' dir='ltr' id='par_1_91' title="bbox 125 2516 949 2552">
     <span class='ocr_line' id='line_1_91' title="bbox 125 2516 949 2552; baseline -0.001 -7"><span class='ocrx_word' id='word_1_647' title='bbox 125 2518 220 2546; x_wconf 83' lang='lat' dir='ltr'>datur.</span> <span class='ocrx_word' id='word_1_648' title='bbox 243 2518 405 2552; x_wconf 88' lang='lat' dir='ltr'>Imperator</span> <span class='ocrx_word' id='word_1_649' title='bbox 429 2517 519 2544; x_wconf 85' lang='lat' dir='ltr'>misso</span> <span class='ocrx_word' id='word_1_650' title='bbox 544 2516 670 2544; x_wconf 83' lang='lat' dir='ltr'>exercitu</span> <span class='ocrx_word' id='word_1_651' title='bbox 696 2516 773 2543; x_wconf 90' lang='lat' dir='ltr'>hunc</span> <span class='ocrx_word' id='word_1_652' title='bbox 796 2525 863 2544; x_wconf 89' lang='lat' dir='ltr'>cum</span> <span class='ocrx_word' id='word_1_653' title='bbox 887 2517 949 2544; x_wconf 85' lang='lat' dir='ltr'>suis</span> 
     </span>
    </p>
   </div>
   <div class='ocr_carea' id='block_1_92' title="bbox 125 2560 948 2597">
    <p class='ocr_par' dir='ltr' id='par_1_92' title="bbox 125 2560 948 2597">
     <span class='ocr_line' id='line_1_92' title="bbox 125 2560 948 2597; baseline 0 -8"><span class='ocrx_word' id='word_1_654' title='bbox 125 2562 220 2596; x_wconf 84' lang='lat' dir='ltr'>capit;</span> <span class='ocrx_word' id='word_1_655' title='bbox 237 2569 364 2596; x_wconf 88' lang='lat' dir='ltr'>cumque</span> <span class='ocrx_word' id='word_1_656' title='bbox 379 2560 603 2595; x_wconf 75' lang='lat' dir='ltr'>diligentissime</span> <span class='ocrx_word' id='word_1_657' title='bbox 613 2561 788 2596; x_wconf 89' lang='lat' dir='ltr'>inquirendo</span> <span class='ocrx_word' id='word_1_658' title='bbox 800 2569 835 2588; x_wconf 87' lang='lat' dir='ltr'>an</span> <span class='ocrx_word' id='word_1_659' title='bbox 849 2570 948 2597; x_wconf 81' lang='lat' dir='ltr'>proce-</span> 
     </span>
    </p>
   </div>
   <div class='ocr_carea' id='block_1_93' title="bbox 125 2605 947 2640">
    <p class='ocr_par' dir='ltr' id='par_1_93' title="bbox 125 2605 947 2640">
     <span class='ocr_line' id='line_1_93' title="bbox 125 2605 947 2640; baseline 0 -7"><span class='ocrx_word' id='word_1_660' title='bbox 125 2614 189 2633; x_wconf 91' lang='lat' dir='ltr'>rum</span> <span class='ocrx_word' id='word_1_661' title='bbox 205 2605 317 2640; x_wconf 87' lang='lat' dir='ltr'>aliquos</span> <span class='ocrx_word' id='word_1_662' title='bbox 333 2605 470 2632; x_wconf 82' lang='lat' dir='ltr'>facinoris</span> <span class='ocrx_word' id='word_1_663' title='bbox 486 2605 637 2633; x_wconf 86' lang='lat' dir='ltr'>habuisset</span> <span class='ocrx_word' id='word_1_664' title='bbox 656 2605 789 2633; x_wconf 86' lang='lat' dir='ltr'>conscios</span> <span class='ocrx_word' id='word_1_665' title='bbox 813 2605 884 2633; x_wconf 89' lang='lat' dir='ltr'>nihil</span> <span class='ocrx_word' id='word_1_666' title='bbox 899 2606 947 2633; x_wconf 87' lang='lat' dir='ltr'>de-</span> 
     </span>
    </p>
   </div>
   <div class='ocr_carea' id='block_1_94' title="bbox 123 2649 947 2686">
    <p class='ocr_par' dir='ltr' id='par_1_94' title="bbox 123 2649 947 2686">
     <span class='ocr_line' id='line_1_94' title="bbox 123 2649 947 2686; baseline 0.001 -9"><span class='ocrx_word' id='word_1_667' title='bbox 123 2649 337 2686; x_wconf 87' lang='lat' dir='ltr'>prehendisset,</span> <span class='ocrx_word' id='word_1_668' title='bbox 354 2649 383 2676; x_wconf 90' lang='lat' dir='ltr'>in</span> <span class='ocrx_word' id='word_1_669' title='bbox 400 2650 584 2678; x_wconf 80' lang='lat' dir='ltr'>Amastriano</span> <span class='ocrx_word' id='word_1_670' title='bbox 609 2658 677 2677; x_wconf 87' lang='lat' dir='ltr'>eum</span> <span class='ocrx_word' id='word_1_671' title='bbox 702 2654 820 2684; x_wconf 83' lang='lat' dir='ltr'>cremat,</span> <span class='ocrx_word' id='word_1_672' title='bbox 844 2653 947 2678; x_wconf 78' lang='lat' dir='ltr'>Roma-</span> 
     </span>
    </p>
   </div>
   <div class='ocr_carea' id='block_1_95' title="bbox 125 2693 947 2730">
    <p class='ocr_par' dir='ltr' id='par_1_95' title="bbox 125 2693 947 2730">
     <span class='ocr_line' id='line_1_95' title="bbox 125 2693 947 2730; baseline 0.001 -9"><span class='ocrx_word' id='word_1_673' title='bbox 125 2703 179 2722; x_wconf 87' lang='lat' dir='ltr'>nus</span> <span class='ocrx_word' id='word_1_674' title='bbox 209 2702 293 2729; x_wconf 85' lang='lat' dir='ltr'>porro</span> <span class='ocrx_word' id='word_1_675' title='bbox 323 2693 382 2722; x_wconf 84' lang='lat' dir='ltr'>filio</span> <span class='ocrx_word' id='word_1_676' title='bbox 411 2702 464 2722; x_wconf 86' lang='lat' dir='ltr'>suo</span> <span class='ocrx_word' id='word_1_677' title='bbox 493 2694 640 2730; x_wconf 89' lang='lat' dir='ltr'>Stephano</span> <span class='ocrx_word' id='word_1_678' title='bbox 678 2703 796 2722; x_wconf 85' lang='lat' dir='ltr'>uxorem</span> <span class='ocrx_word' id='word_1_679' title='bbox 826 2695 947 2723; x_wconf 89' lang='lat' dir='ltr'>collocat</span> 
     </span>
    </p>
   </div>
   <div class='ocr_carea' id='block_1_96' title="bbox 123 2738 944 2776">
    <p class='ocr_par' dir='ltr' id='par_1_96' title="bbox 123 2738 944 2776">
     <span class='ocr_line' id='line_1_96' title="bbox 123 2738 944 2776; baseline 0.001 -11"><span class='ocrx_word' id='word_1_680' title='bbox 123 2741 236 2766; x_wconf 85' lang='lat' dir='ltr'>Annam</span> <span class='ocrx_word' id='word_1_681' title='bbox 251 2738 365 2766; x_wconf 71' lang='lat' dir='ltr'>Gabalus</span> <span class='ocrx_word' id='word_1_682' title='bbox 381 2738 481 2771; x_wconf 85' lang='lat' dir='ltr'>ﬁliam,</span> <span class='ocrx_word' id='word_1_683' title='bbox 491 2739 638 2774; x_wconf 87' lang='lat' dir='ltr'>simulque</span> <span class='ocrx_word' id='word_1_684' title='bbox 654 2748 720 2767; x_wconf 86' lang='lat' dir='ltr'>eum</span> <span class='ocrx_word' id='word_1_685' title='bbox 732 2742 809 2768; x_wconf 88' lang='lat' dir='ltr'>serto</span> <span class='ocrx_word' id='word_1_686' title='bbox 822 2739 944 2776; x_wconf 86' lang='lat' dir='ltr'>nuptiali</span> 
     </span>
    </p>
   </div>
   <div class='ocr_carea' id='block_1_97' title="bbox 123 2782 606 2818">
    <p class='ocr_par' dir='ltr' id='par_1_97' title="bbox 123 2782 606 2818">
     <span class='ocr_line' id='line_1_97' title="bbox 123 2782 606 2818; baseline 0.002 -9"><span class='ocrx_word' id='word_1_687' title='bbox 123 2783 258 2816; x_wconf 76' lang='lat' dir='ltr'>Augustae</span> <span class='ocrx_word' id='word_1_688' title='bbox 277 2789 414 2810; x_wconf 85' lang='lat' dir='ltr'>coronam</span> <span class='ocrx_word' id='word_1_689' title='bbox 431 2782 456 2810; x_wconf 88' lang='lat' dir='ltr'>ei</span> <span class='ocrx_word' id='word_1_690' title='bbox 473 2782 606 2818; x_wconf 87' lang='lat' dir='ltr'>imponit.</span> 
     </span>
    </p>
   </div>
   <div class='ocr_carea' id='block_1_98' title="bbox 1051 1933 1844 1970">
    <p class='ocr_par' dir='ltr' id='par_1_98' title="bbox 1051 1933 1844 1970">
     <span class='ocr_line' id='line_1_98' title="bbox 1051 1933 1844 1970; baseline 0.003 -7"><span class='ocrx_word' id='word_1_691' title='bbox 1051 1933 1193 1967; x_wconf 83' lang='grc' dir='ltr'>Βασίλειος</span> <span class='ocrx_word' id='word_1_692' title='bbox 1213 1933 1241 1962; x_wconf 78' lang='grc' dir='ltr'>δέ</span> <span class='ocrx_word' id='word_1_693' title='bbox 1264 1945 1306 1966; x_wconf 84' lang='grc' dir='ltr'>τις</span> <span class='ocrx_word' id='word_1_694' title='bbox 1331 1934 1474 1970; x_wconf 76' lang='grc' dir='ltr'>Μακεδὼν,</span> <span class='ocrx_word' id='word_1_695' title='bbox 1492 1938 1694 1963; x_wconf 86' lang='grc' dir='ltr'>Κωνσταντῖνον</span> <span class='ocrx_word' id='word_1_696' title='bbox 1717 1937 1763 1964; x_wconf 79' lang='grc' dir='ltr'>τὸν</span> <span class='ocrx_word' id='word_1_697' title='bbox 1791 1940 1844 1965; x_wconf 77' lang='grc' dir='ltr'>τοῦ</span> 
     </span>
    </p>
   </div>
   <div class='ocr_carea' id='block_1_99' title="bbox 1015 1979 1842 2019">
    <p class='ocr_par' dir='ltr' id='par_1_99' title="bbox 1015 1979 1842 2019">
     <span class='ocr_line' id='line_1_99' title="bbox 1015 1979 1842 2019; baseline 0.005 -13"><span class='ocrx_word' id='word_1_698' title='bbox 1015 1979 1102 2006; x_wconf 70' lang='grc' dir='ltr'>Δούκα</span> <span class='ocrx_word' id='word_1_699' title='bbox 1145 1980 1237 2007; x_wconf 52' lang='lat' dir='ltr'>sane;</span> <span class='ocrx_word' id='word_1_700' title='bbox 1282 1979 1461 2019; x_wconf 80' lang='grc' dir='ltr'>ἐπιφημίσας,</span> <span class='ocrx_word' id='word_1_701' title='bbox 1501 1979 1624 2012; x_wconf 74' lang='grc' dir='ltr'>πολλοὺς</span> <span class='ocrx_word' id='word_1_702' title='bbox 1670 1981 1842 2017; x_wconf 78' lang='grc' dir='ltr'>ἐξαπατήσας</span> 
     </span>
    </p>
   </div>
   <div class='ocr_carea' id='block_1_100' title="bbox 1012 2023 1842 2063">
    <p class='ocr_par' dir='ltr' id='par_1_100' title="bbox 1012 2023 1842 2063">
     <span class='ocr_line' id='line_1_100' title="bbox 1012 2023 1842 2063; baseline 0.004 -12"><span class='ocrx_word' id='word_1_703' title='bbox 1012 2024 1079 2061; x_wconf 86' lang='grc' dir='ltr'>πρὸς</span> <span class='ocrx_word' id='word_1_704' title='bbox 1105 2023 1198 2052; x_wconf 71' lang='grc' dir='ltr'>ἑαυτὸν</span> <span class='ocrx_word' id='word_1_705' title='bbox 1227 2025 1404 2060; x_wconf 78' lang='grc' dir='ltr'>ἐπεσπάσατο,</span> <span class='ocrx_word' id='word_1_706' title='bbox 1425 2025 1468 2052; x_wconf 87' lang='grc' dir='ltr'>καὶ</span> <span class='ocrx_word' id='word_1_707' title='bbox 1499 2027 1653 2063; x_wconf 74' lang='grc' dir='ltr'>περιπατῶν</span> <span class='ocrx_word' id='word_1_708' title='bbox 1682 2025 1764 2054; x_wconf 80' lang='grc' dir='ltr'>ὲκύκα</span> <span class='ocrx_word' id='word_1_709' title='bbox 1793 2027 1842 2054; x_wconf 83' lang='grc' dir='ltr'>καὶ</span> 
     </span>
    </p>
   </div>
   <div class='ocr_carea' id='block_1_101' title="bbox 1012 2068 1839 2108">
    <p class='ocr_par' dir='ltr' id='par_1_101' title="bbox 1012 2068 1839 2108">
     <span class='ocr_line' id='line_1_101' title="bbox 1012 2068 1839 2108; baseline 0.004 -12"><span class='ocrx_word' id='word_1_710' title='bbox 1012 2068 1185 2107; x_wconf 75' lang='grc' dir='ltr'>συνετάραττε</span> <span class='ocrx_word' id='word_1_711' title='bbox 1200 2069 1246 2100; x_wconf 82' lang='grc' dir='ltr'>τὰς</span> <span class='ocrx_word' id='word_1_712' title='bbox 1262 2069 1356 2100; x_wconf 84' lang='grc' dir='ltr'>πόλεις</span> <span class='ocrx_word' id='word_1_713' title='bbox 1382 2069 1425 2097; x_wconf 78' lang='grc' dir='ltr'>καὶ</span> <span class='ocrx_word' id='word_1_714' title='bbox 1453 2070 1521 2108; x_wconf 80' lang='grc' dir='ltr'>πρὸς</span> <span class='ocrx_word' id='word_1_715' title='bbox 1548 2070 1712 2098; x_wconf 80' lang='grc' dir='ltr'>ἀποστασίαν</span> <span class='ocrx_word' id='word_1_716' title='bbox 1742 2070 1839 2099; x_wconf 75' lang='grc' dir='ltr'>ἐκίνει-</span> 
     </span>
    </p>
   </div>
   <div class='ocr_carea' id='block_1_102' title="bbox 1012 2113 1840 2154">
    <p class='ocr_par' dir='ltr' id='par_1_102' title="bbox 1012 2113 1840 2154">
     <span class='ocr_line' id='line_1_102' title="bbox 1012 2113 1840 2154; baseline 0.002 -13"><span class='ocrx_word' id='word_1_717' title='bbox 1012 2113 1152 2151; x_wconf 77' lang='grc' dir='ltr'>συσχεοείς</span> <span class='ocrx_word' id='word_1_718' title='bbox 1182 2113 1211 2142; x_wconf 77' lang='grc' dir='ltr'>δὲ</span> <span class='ocrx_word' id='word_1_719' title='bbox 1239 2115 1311 2151; x_wconf 87' lang='grc' dir='ltr'>παρά</span> <span class='ocrx_word' id='word_1_720' title='bbox 1335 2125 1408 2146; x_wconf 81' lang='grc' dir='ltr'>τινος</span> <span class='ocrx_word' id='word_1_721' title='bbox 1435 2115 1614 2153; x_wconf 80' lang='grc' dir='ltr'>τουρμάρχου</span> <span class='ocrx_word' id='word_1_722' title='bbox 1645 2115 1840 2154; x_wconf 77' lang='grc' dir='ltr'>Ἐλεφαντίνου</span> 
     </span>
    </p>
   </div>
   <div class='ocr_carea' id='block_1_103' title="bbox 1009 2158 1842 2198">
    <p class='ocr_par' dir='ltr' id='par_1_103' title="bbox 1009 2158 1842 2198">
     <span class='ocr_line' id='line_1_103' title="bbox 1009 2158 1842 2198; baseline 0.004 -12"><span class='ocrx_word' id='word_1_723' title='bbox 1009 2159 1058 2193; x_wconf 76' lang='grc' dir='ltr'>τὴν</span> <span class='ocrx_word' id='word_1_724' title='bbox 1087 2159 1283 2198; x_wconf 78' lang='grc' dir='ltr'>προσηγορίαν,</span> <span class='ocrx_word' id='word_1_725' title='bbox 1299 2160 1344 2187; x_wconf 83' lang='grc' dir='ltr'><strong>καί</strong></span> <span class='ocrx_word' id='word_1_726' title='bbox 1372 2160 1409 2191; x_wconf 86' lang='grc' dir='ltr'>ὡς</span> <span class='ocrx_word' id='word_1_727' title='bbox 1442 2158 1555 2198; x_wconf 76' lang='grc' dir='ltr'>βασιλέα</span> <span class='ocrx_word' id='word_1_728' title='bbox 1570 2160 1664 2198; x_wconf 77' lang='grc' dir='ltr'>ἀχθεὶς</span> <span class='ocrx_word' id='word_1_729' title='bbox 1693 2164 1743 2196; x_wconf 86' lang='grc' dir='ltr'>τῆς</span> <span class='ocrx_word' id='word_1_730' title='bbox 1773 2164 1842 2197; x_wconf 80' lang='grc' dir='ltr'>μιᾶς</span> 
     </span>
    </p>
   </div>
   <div class='ocr_carea' id='block_1_104' title="bbox 1009 2203 1841 2244">
    <p class='ocr_par' dir='ltr' id='par_1_104' title="bbox 1009 2203 1841 2244">
     <span class='ocr_line' id='line_1_104' title="bbox 1009 2203 1841 2244; baseline 0.004 -14"><span class='ocrx_word' id='word_1_731' title='bbox 1009 2203 1203 2241; x_wconf 73' lang='grc' dir='ltr'>ἀλλοτριοῦται</span> <span class='ocrx_word' id='word_1_732' title='bbox 1228 2205 1332 2242; x_wconf 80' lang='grc' dir='ltr'>χειρός.</span> <span class='ocrx_word' id='word_1_733' title='bbox 1350 2205 1414 2232; x_wconf 75' lang='grc' dir='ltr'>Εἶτα</span> <span class='ocrx_word' id='word_1_734' title='bbox 1443 2204 1536 2240; x_wconf 80' lang='grc' dir='ltr'>πάλιν,</span> <span class='ocrx_word' id='word_1_735' title='bbox 1564 2205 1601 2236; x_wconf 85' lang='grc' dir='ltr'>ὡς</span> <span class='ocrx_word' id='word_1_736' title='bbox 1628 2205 1736 2244; x_wconf 69' lang='grc' dir='ltr'>ἀφείθη,</span> <span class='ocrx_word' id='word_1_737' title='bbox 1753 2209 1841 2243; x_wconf 85' lang='grc' dir='ltr'>χεῖρα</span> 
     </span>
    </p>
   </div>
   <div class='ocr_carea' id='block_1_105' title="bbox 1008 2247 1838 2288">
    <p class='ocr_par' dir='ltr' id='par_1_105' title="bbox 1008 2247 1838 2288">
     <span class='ocr_line' id='line_1_105' title="bbox 1008 2247 1838 2288; baseline 0.004 -13"><span class='ocrx_word' id='word_1_738' title='bbox 1008 2247 1116 2286; x_wconf 81' lang='grc' dir='ltr'>χαλκῆν</span> <span class='ocrx_word' id='word_1_739' title='bbox 1147 2248 1232 2285; x_wconf 77' lang='grc' dir='ltr'>ἑαυτῷ</span> <span class='ocrx_word' id='word_1_740' title='bbox 1270 2249 1388 2285; x_wconf 84' lang='grc' dir='ltr'>περιθεὶς</span> <span class='ocrx_word' id='word_1_741' title='bbox 1432 2249 1477 2276; x_wconf 86' lang='grc' dir='ltr'>καὶ</span> <span class='ocrx_word' id='word_1_742' title='bbox 1515 2249 1619 2284; x_wconf 83' lang='grc' dir='ltr'>σπάθην</span> <span class='ocrx_word' id='word_1_743' title='bbox 1661 2250 1838 2288; x_wconf 82' lang='grc' dir='ltr'>ὑπερμεγὲοη</span> 
     </span>
    </p>
   </div>
   <div class='ocr_carea' id='block_1_106' title="bbox 1010 2293 1840 2334">
    <p class='ocr_par' dir='ltr' id='par_1_106' title="bbox 1010 2293 1840 2334">
     <span class='ocr_line' id='line_1_106' title="bbox 1010 2293 1840 2334; baseline 0.004 -15"><span class='ocrx_word' id='word_1_744' title='bbox 1010 2293 1208 2324; x_wconf 62' lang='grc' dir='ltr'>κατασκευάσας</span> <span class='ocrx_word' id='word_1_745' title='bbox 1236 2293 1401 2331; x_wconf 78' lang='grc' dir='ltr'>περιενόστει</span> <span class='ocrx_word' id='word_1_746' title='bbox 1439 2293 1471 2321; x_wconf 87' lang='grc' dir='ltr'>τὸ</span> <span class='ocrx_word' id='word_1_747' title='bbox 1500 2293 1636 2331; x_wconf 73' lang='grc' dir='ltr'>Ὀψίκιον,</span> <span class='ocrx_word' id='word_1_748' title='bbox 1664 2294 1728 2325; x_wconf 79' lang='grc' dir='ltr'>τοὺς</span> <span class='ocrx_word' id='word_1_749' title='bbox 1768 2295 1840 2334; x_wconf 72' lang='grc' dir='ltr'>ἀφε-</span> 
     </span>
    </p>
   </div>
   <div class='ocr_carea' id='block_1_107' title="bbox 1011 2337 1838 2375">
    <p class='ocr_par' dir='ltr' id='par_1_107' title="bbox 1011 2337 1838 2375">
     <span class='ocr_line' id='line_1_107' title="bbox 1011 2337 1838 2375; baseline 0.004 -11"><span class='ocrx_word' id='word_1_750' title='bbox 1011 2337 1153 2375; x_wconf 73' lang='grc' dir='ltr'>λεστὲρους</span> <span class='ocrx_word' id='word_1_751' title='bbox 1181 2337 1291 2365; x_wconf 81' lang='grc' dir='ltr'>πλανῶν</span> <span class='ocrx_word' id='word_1_752' title='bbox 1322 2338 1359 2370; x_wconf 84' lang='grc' dir='ltr'>ὡς</span> <span class='ocrx_word' id='word_1_753' title='bbox 1389 2338 1468 2370; x_wconf 76' lang='grc' dir='ltr'>αὐτὸς</span> <span class='ocrx_word' id='word_1_754' title='bbox 1505 2337 1546 2374; x_wconf 74' lang='grc' dir='ltr'>ε’ίη</span> <span class='ocrx_word' id='word_1_755' title='bbox 1586 2340 1789 2370; x_wconf 84' lang='grc' dir='ltr'>Κωνσταντῖνος</span> <span class='ocrx_word' id='word_1_756' title='bbox 1823 2341 1838 2368; x_wconf 83' lang='grc' dir='ltr'>ὁ</span> 
     </span>
    </p>
   </div>
   <div class='ocr_carea' id='block_1_108' title="bbox 1006 2381 1836 2421">
    <p class='ocr_par' dir='ltr' id='par_1_108' title="bbox 1006 2381 1836 2421">
     <span class='ocr_line' id='line_1_108' title="bbox 1006 2381 1836 2421; baseline 0.004 -13"><span class='ocrx_word' id='word_1_757' title='bbox 1006 2384 1053 2408; x_wconf 76' lang='grc' dir='ltr'>τοῦ</span> <span class='ocrx_word' id='word_1_758' title='bbox 1084 2381 1181 2410; x_wconf 69' lang='grc' dir='ltr'>Δούκα.</span> <span class='ocrx_word' id='word_1_759' title='bbox 1207 2383 1333 2420; x_wconf 80' lang='grc' dir='ltr'>Μεγάλην</span> <span class='ocrx_word' id='word_1_760' title='bbox 1370 2382 1416 2410; x_wconf 76' lang='grc' dir='ltr'>οὖν</span> <span class='ocrx_word' id='word_1_761' title='bbox 1451 2386 1532 2420; x_wconf 82' lang='grc' dir='ltr'>χεῖρα</span> <span class='ocrx_word' id='word_1_762' title='bbox 1561 2383 1737 2421; x_wconf 79' lang='grc' dir='ltr'>συναθροίσας</span> <span class='ocrx_word' id='word_1_763' title='bbox 1762 2384 1836 2412; x_wconf 84' lang='grc' dir='ltr'>ἀπο-</span> 
     </span>
    </p>
   </div>
   <div class='ocr_carea' id='block_1_109' title="bbox 1007 2422 1835 2466">
    <p class='ocr_par' dir='ltr' id='par_1_109' title="bbox 1007 2422 1835 2466">
     <span class='ocr_line' id='line_1_109' title="bbox 1007 2422 1835 2466; baseline 0.004 -13"><span class='ocrx_word' id='word_1_764' title='bbox 1007 2422 1113 2453; x_wconf 58' lang='grc' dir='ltr'>στασίαν</span> <span class='ocrx_word' id='word_1_765' title='bbox 1143 2429 1221 2455; x_wconf 86' lang='grc' dir='ltr'>κινεῖ.</span> <span class='ocrx_word' id='word_1_766' title='bbox 1238 2427 1288 2455; x_wconf 88' lang='grc' dir='ltr'>Καὶ</span> <span class='ocrx_word' id='word_1_767' title='bbox 1317 2428 1348 2455; x_wconf 83' lang='grc' dir='ltr'>τὸ</span> <span class='ocrx_word' id='word_1_768' title='bbox 1371 2427 1500 2466; x_wconf 71' lang='grc' dir='ltr'>φρούριον</span> <span class='ocrx_word' id='word_1_769' title='bbox 1516 2428 1662 2465; x_wconf 75' lang='grc' dir='ltr'>κατασχὼν</span> <span class='ocrx_word' id='word_1_770' title='bbox 1679 2429 1692 2456; x_wconf 79' lang='grc' dir='ltr'>ὃ</span> <span class='ocrx_word' id='word_1_771' title='bbox 1710 2428 1835 2457; x_wconf 76' lang='grc' dir='ltr'>Πλατεῖα</span> 
     </span>
    </p>
   </div>
   <div class='ocr_carea' id='block_1_110' title="bbox 1005 2470 1832 2508">
    <p class='ocr_par' dir='ltr' id='par_1_110' title="bbox 1005 2470 1832 2508">
     <span class='ocr_line' id='line_1_110' title="bbox 1005 2470 1832 2508; baseline 0.004 -10"><span class='ocrx_word' id='word_1_772' title='bbox 1005 2470 1089 2508; x_wconf 72' lang='grc' dir='ltr'>πέτρα</span> <span class='ocrx_word' id='word_1_773' title='bbox 1104 2471 1327 2508; x_wconf 74' lang='grc' dir='ltr'>κατονομάζεται,</span> <span class='ocrx_word' id='word_1_774' title='bbox 1353 2475 1404 2499; x_wconf 82' lang='grc' dir='ltr'>πᾶν</span> <span class='ocrx_word' id='word_1_775' title='bbox 1433 2471 1502 2503; x_wconf 72' lang='grc' dir='ltr'>εἶδος</span> <span class='ocrx_word' id='word_1_776' title='bbox 1532 2472 1558 2500; x_wconf 71' lang='grc' dir='ltr'>ἄν</span> <span class='ocrx_word' id='word_1_777' title='bbox 1578 2472 1669 2508; x_wconf 67' lang='grc' dir='ltr'>τούτῳ</span> <span class='ocrx_word' id='word_1_778' title='bbox 1703 2473 1832 2508; x_wconf 67' lang='grc' dir='ltr'>ἀπέθετο,</span> 
     </span>
    </p>
   </div>
   <div class='ocr_carea' id='block_1_111' title="bbox 1005 2515 1834 2555">
    <p class='ocr_par' dir='ltr' id='par_1_111' title="bbox 1005 2515 1834 2555">
     <span class='ocr_line' id='line_1_111' title="bbox 1005 2515 1834 2555; baseline 0.004 -13"><span class='ocrx_word' id='word_1_779' title='bbox 1005 2515 1050 2552; x_wconf 58' lang='lat' dir='ltr'>dp’</span> <span class='ocrx_word' id='word_1_780' title='bbox 1078 2516 1160 2553; x_wconf 73' lang='grc' dir='ltr'>οὗπερ</span> <span class='ocrx_word' id='word_1_781' title='bbox 1192 2516 1381 2553; x_wconf 80' lang='grc' dir='ltr'>ἐξορμώμενος</span> <span class='ocrx_word' id='word_1_782' title='bbox 1407 2516 1549 2551; x_wconf 68' lang='grc' dir='ltr'>ἐλεηλάτει</span> <span class='ocrx_word' id='word_1_783' title='bbox 1578 2518 1612 2545; x_wconf 78' lang='grc' dir='ltr'>τὰ</span> <span class='ocrx_word' id='word_1_784' title='bbox 1636 2517 1834 2555; x_wconf 80' lang='grc' dir='ltr'>παρατυχόντα</span> 
     </span>
    </p>
   </div>
   <div class='ocr_carea' id='block_1_112' title="bbox 1003 2559 1834 2599">
    <p class='ocr_par' dir='ltr' id='par_1_112' title="bbox 1003 2559 1834 2599">
     <span class='ocr_line' id='line_1_112' title="bbox 1003 2559 1834 2599; baseline 0.005 -13"><span class='ocrx_word' id='word_1_785' title='bbox 1003 2560 1047 2586; x_wconf 83' lang='grc' dir='ltr'>καὶ</span> <span class='ocrx_word' id='word_1_786' title='bbox 1079 2559 1214 2594; x_wconf 74' lang='grc' dir='ltr'>ἐληίζετο.</span> <span class='ocrx_word' id='word_1_787' title='bbox 1234 2560 1343 2597; x_wconf 71' lang='grc' dir='ltr'>Πέμψας</span> <span class='ocrx_word' id='word_1_788' title='bbox 1372 2560 1416 2588; x_wconf 75' lang='grc' dir='ltr'>οὖν</span> <span class='ocrx_word' id='word_1_789' title='bbox 1447 2561 1460 2588; x_wconf 83' lang='grc' dir='ltr'><strong>ὁ</strong></span> <span class='ocrx_word' id='word_1_790' title='bbox 1490 2560 1617 2598; x_wconf 74' lang='grc' dir='ltr'>βασιλεὺς</span> <span class='ocrx_word' id='word_1_791' title='bbox 1633 2562 1744 2599; x_wconf 84' lang='grc' dir='ltr'>στρατὸν</span> <span class='ocrx_word' id='word_1_792' title='bbox 1770 2567 1834 2591; x_wconf 84' lang='grc' dir='ltr'>κατ’</span> 
     </span>
    </p>
   </div>
   <div class='ocr_carea' id='block_1_113' title="bbox 1003 2603 1831 2643">
    <p class='ocr_par' dir='ltr' id='par_1_113' title="bbox 1003 2603 1831 2643">
     <span class='ocr_line' id='line_1_113' title="bbox 1003 2603 1831 2643; baseline 0.002 -12"><span class='ocrx_word' id='word_1_793' title='bbox 1003 2604 1085 2632; x_wconf 76' lang='grc' dir='ltr'>αὐτοῦ</span> <span class='ocrx_word' id='word_1_794' title='bbox 1115 2604 1194 2631; x_wconf 83' lang='grc' dir='ltr'>αὐτόν</span> <span class='ocrx_word' id='word_1_795' title='bbox 1220 2615 1248 2632; x_wconf 81' lang='grc' dir='ltr'>τε</span> <span class='ocrx_word' id='word_1_796' title='bbox 1274 2603 1462 2641; x_wconf 78' lang='grc' dir='ltr'>συλλαμϐάνει</span> <span class='ocrx_word' id='word_1_797' title='bbox 1490 2605 1534 2632; x_wconf 77' lang='grc' dir='ltr'>καὶ</span> <span class='ocrx_word' id='word_1_798' title='bbox 1563 2606 1627 2637; x_wconf 67' lang='grc' dir='ltr'>τοὺς</span> <span class='ocrx_word' id='word_1_799' title='bbox 1661 2605 1706 2632; x_wconf 76' lang='grc' dir='ltr'>σὺν</span> <span class='ocrx_word' id='word_1_800' title='bbox 1742 2606 1831 2643; x_wconf 79' lang='grc' dir='ltr'>αὐτῷ,</span> 
     </span>
    </p>
   </div>
   <div class='ocr_carea' id='block_1_114' title="bbox 1003 2647 1830 2687">
    <p class='ocr_par' dir='ltr' id='par_1_114' title="bbox 1003 2647 1830 2687">
     <span class='ocr_line' id='line_1_114' title="bbox 1003 2647 1830 2687; baseline 0.004 -11"><span class='ocrx_word' id='word_1_801' title='bbox 1003 2649 1051 2676; x_wconf 78' lang='grc' dir='ltr'>Καὶ</span> <span class='ocrx_word' id='word_1_802' title='bbox 1067 2647 1160 2676; x_wconf 78' lang='grc' dir='ltr'>πολλὰ</span> <span class='ocrx_word' id='word_1_803' title='bbox 1182 2649 1324 2687; x_wconf 83' lang='grc' dir='ltr'>ἀνακρίνας</span> <span class='ocrx_word' id='word_1_804' title='bbox 1343 2653 1437 2686; x_wconf 85' lang='grc' dir='ltr'>μαθεῖν</span> <span class='ocrx_word' id='word_1_805' title='bbox 1470 2651 1507 2686; x_wconf 73' lang='grc' dir='ltr'>μή</span> <span class='ocrx_word' id='word_1_806' title='bbox 1534 2661 1606 2681; x_wconf 84' lang='grc' dir='ltr'>τινες</span> <span class='ocrx_word' id='word_1_807' title='bbox 1637 2650 1687 2678; x_wconf 73' lang='grc' dir='ltr'>εἶεν</span> <span class='ocrx_word' id='word_1_808' title='bbox 1715 2653 1768 2678; x_wconf 79' lang='grc' dir='ltr'>τῶν</span> <span class='ocrx_word' id='word_1_809' title='bbox 1801 2652 1830 2680; x_wconf 80' lang='grc' dir='ltr'>ἐν</span> 
     </span>
    </p>
   </div>
   <div class='ocr_carea' id='block_1_115' title="bbox 1000 2693 1827 2732">
    <p class='ocr_par' dir='ltr' id='par_1_115' title="bbox 1000 2693 1827 2732">
     <span class='ocr_line' id='line_1_115' title="bbox 1000 2693 1827 2732; baseline 0.004 -12"><span class='ocrx_word' id='word_1_810' title='bbox 1000 2694 1074 2721; x_wconf 81' lang='grc' dir='ltr'>τὲλει</span> <span class='ocrx_word' id='word_1_811' title='bbox 1104 2694 1272 2730; x_wconf 81' lang='grc' dir='ltr'>συνίστομες,</span> <span class='ocrx_word' id='word_1_812' title='bbox 1302 2694 1456 2722; x_wconf 83' lang='grc' dir='ltr'>τελευταῖον</span> <span class='ocrx_word' id='word_1_813' title='bbox 1496 2693 1580 2731; x_wconf 74' lang='grc' dir='ltr'>μηδὲν</span> <span class='ocrx_word' id='word_1_814' title='bbox 1610 2695 1714 2732; x_wconf 87' lang='grc' dir='ltr'>καίριον</span> <span class='ocrx_word' id='word_1_815' title='bbox 1742 2706 1827 2723; x_wconf 86' lang='grc' dir='ltr'>κατα-</span> 
     </span>
    </p>
   </div>
   <div class='ocr_carea' id='block_1_116' title="bbox 1001 2736 1828 2777">
    <p class='ocr_par' dir='ltr' id='par_1_116' title="bbox 1001 2736 1828 2777">
     <span class='ocr_line' id='line_1_116' title="bbox 1001 2736 1828 2777; baseline 0.002 -11"><span class='ocrx_word' id='word_1_816' title='bbox 1001 2736 1105 2774; x_wconf 76' lang='grc' dir='ltr'>λαϐὼν,</span> <span class='ocrx_word' id='word_1_817' title='bbox 1133 2738 1158 2766; x_wconf 82' lang='grc' dir='ltr'>ἐν</span> <span class='ocrx_word' id='word_1_818' title='bbox 1199 2742 1238 2774; x_wconf 77' lang='grc' dir='ltr'>τῷ</span> <span class='ocrx_word' id='word_1_819' title='bbox 1280 2739 1420 2776; x_wconf 69' lang='grc' dir='ltr'>λεγομένῳ</span> <span class='ocrx_word' id='word_1_820' title='bbox 1446 2740 1634 2777; x_wconf 85' lang='grc' dir='ltr'>Ἀμαστριανῷ</span> <span class='ocrx_word' id='word_1_821' title='bbox 1671 2739 1736 2777; x_wconf 85' lang='grc' dir='ltr'>πυρὶ</span> <span class='ocrx_word' id='word_1_822' title='bbox 1779 2741 1828 2769; x_wconf 86' lang='grc' dir='ltr'>τὸν</span> 
     </span>
    </p>
   </div>
   <div class='ocr_carea' id='block_1_117' title="bbox 999 2782 1825 2822">
    <p class='ocr_par' dir='ltr' id='par_1_117' title="bbox 999 2782 1825 2822">
     <span class='ocr_line' id='line_1_117' title="bbox 999 2782 1825 2822; baseline 0.005 -13"><span class='ocrx_word' id='word_1_823' title='bbox 999 2784 1122 2810; x_wconf 79' lang='grc' dir='ltr'>τοιοῦτον</span> <span class='ocrx_word' id='word_1_824' title='bbox 1153 2782 1347 2821; x_wconf 79' lang='grc' dir='ltr'>παραδίδωσιν.</span> <span class='ocrx_word' id='word_1_825' title='bbox 1364 2786 1475 2820; x_wconf 70' lang='grc' dir='ltr'>’Ἁγεται</span> <span class='ocrx_word' id='word_1_826' title='bbox 1505 2783 1533 2812; x_wconf 77' lang='grc' dir='ltr'><em>δὲ</em></span> <span class='ocrx_word' id='word_1_827' title='bbox 1557 2785 1601 2812; x_wconf 83' lang='grc' dir='ltr'>καὶ</span> <span class='ocrx_word' id='word_1_828' title='bbox 1617 2787 1730 2822; x_wconf 86' lang='grc' dir='ltr'>γυναῖκα</span> <span class='ocrx_word' id='word_1_829' title='bbox 1757 2789 1825 2814; x_wconf 84' lang='grc' dir='ltr'>Στε-</span> 
     </span>
    </p>
   </div>
  </div>
