1936 3048
69 178 109 208 49
638 179 914 211 HISTORIARUM
939 179 1213 210 COMPENDIUM.
1740 175 1780 206 50

73 241 150 281 φάνῳ
176 243 232 280 (81)
260 245 299 279 τῷ
327 245 378 280 υἱῷ
407 245 420 272 ὁ
452 245 579 282 βασιλεὺς
603 245 743 282 Ῥωμανὸς
770 247 869 273 ¹Ἀνναν
898 245 948 280 τήν
974 244 1104 282 θυγατᾶρα
1131 246 1178 271 τοῦ
1209 240 1318 270 Γαϐριλᾶ
1335 253 1341 260 ·
1372 241 1428 278 ἅμα
1456 240 1484 269 δὲ
1511 243 1550 276 τῷ
1575 242 1702 279 νυμφικῷ
1726 251 1782 268 στε-

74 288 152 326 φάνῳ
166 288 212 315 καὶ
226 288 258 315 τὸ
270 291 321 323 τῆς
338 289 476 326 βασιλείας
492 288 614 326 διάδημα
628 289 697 327 αὐτῇ
714 290 861 319 ἐπετίθετο.

111 350 234 388 Ἐγένετο
250 349 279 378 δὲ
293 351 338 378 καὶ
360 349 493 386 εἱσϐολήἡ
517 352 646 390 Τούρκων
663 354 731 380 κατὰ
746 353 888 388 Ῥωμαίων

996 353 1072 380 816
1089 353 1188 380 Mense
1215 351 1317 387 Aprili,
1348 349 1508 378 indictione
1535 350 1562 382 7,
1591 348 1678 376 Turci
1707 348 1784 376 facta

75 395 236 431 Ἀπριλλίῳ
266 395 344 432 μηνί²
383 395 551 429 ῐνδικτιῶνος
593 399 622 432 ζ,
656 398 702 424 καὶ
732 395 902 434 κατέδραμον

75 443 164 466 πᾶσαν
193 440 242 474 τὴν
277 439 351 468 δύσιν
395 441 474 479 μέκρι
509 445 558 477 τῆς
597 442 717 473 πόλεως.
746 441 899 477 Ἀπεσταλη

73 486 137 521 γοῦν
166 484 180 511 ὁ
215 485 357 522 πατρίκιος
400 488 538 525 Θεοφάνης
565 487 609 514 καὶ
638 484 900 523 πρωτοὸεστιάριος,

73 529 117 555 καί
149 528 282 567 ἂλλάγιον
311 531 369 566 μετ’
397 530 485 558 αὐτῶν
511 531 669 567 ἐποιήσατο,
701 530 818 568 μηδενὸς
836 532 901 568 κρῆ-

78 584 163 609 ματος
180 575 343 612 φεισαμένου
367 577 415 602 τοῦ
437 575 571 613 βασιλέως
597 576 635 608 εἴς
662 576 711 610 τὴν
743 578 795 603 τῶν
812 575 901 612 αῗχμν-

69 616 185 645 αλώτων
202 618 354 656 ἀνάρρυσιν.
379 620 554 659 Ἑνυμφεύθη
587 619 617 648 δὲ
643 620 687 648 καὶ
710 621 902 656 Κωνσταντίνῳ

72 665 115 698 τῷ
132 662 224 699 λοιπῷ
241 663 292 700 υἱῷ
315 663 363 691 τοὺ
393 664 527 702 βασιλέως
551 665 619 703 κόρη
635 676 676 696 τις
694 665 790 700 Ἑλένη
806 664 899 692 τοῦνο-

76 718 126 744 μα,
153 707 183 735 ἐκ
210 707 305 746 γένους
334 711 387 736 τῶν
413 710 598 747 Ἀρμενιακῶν
628 708 744 738 ἕλκουσα
771 711 821 745 τήν
850 720 903 737 σει-

78 752 139 789 ρὰν,
161 752 282 790 θυγάτηρ
307 752 453 791 Ἀδριανοῦ
477 755 633 790 πατρικίου.
651 756 700 785 Ἥς
724 755 790 791 μετὰ
807 755 902 791 μικρὸν

74 796 265 832 ἀποθανουσης
293 799 485 836 προσήρμοσεν
524 799 597 835 αὐτῷ
636 800 739 837 ἑτέραν,
775 800 903 838 Θεοφανὼ

72 839 208 877 τοῦνομα,
233 842 262 869 ἐκ
304 843 399 880 γένους
434 843 624 881 καταγομένην
660 847 707 871 τοῦ
747 843 903 880 Μάμαντος.

78 887 182 923 Δεκάτῃ
211 885 239 914 δὲ
276 887 319 914 σαὶ
350 894 465 925 τετάρτῃ
501 887 661 922 ἰνδικτιῶνι,
692 888 796 924 Ἰουνίῳ
827 887 904 925 μηνὶ,

79 930 221 962 ἐπὲλευσις
263 933 330 959 κατᾶ
381 936 431 967 τῆς
470 933 579 964 πόλεως
628 933 732 971 ἐγένετο
774 934 906 960 Ῥωσικοῦ

81 975 181 1002 στόλου
209 976 313 1004 πλοίῶν
342 975 479 1014 χιλιάδων
513 976 585 1005 δέκα.
615 978 743 1013 Ἐξῆλθεν
773 977 818 1005 οὖν
848 978 906 1004 κατ’

83 1019 172 1047 αὐτῶν
196 1021 210 1048 ὁ
247 1021 389 1059 πατρίκιος
414 1022 458 1049 καὶ
494 1020 741 1060 πρωτοϐεστιάριος
770 1022 906 1061 Θεοφάνης

85 1066 152 1101 μετὰ
179 1068 227 1093 τοῦ
257 1065 366 1102 στόλου,
384 1067 425 1104 [Ρ.
455 1068 518 1104 630]
547 1067 594 1094 κάν
618 1070 658 1103 τῷ
679 1067 756 1105 Ἰερῷ
779 1077 905 1105 προσωρ-

84 1109 195 1145 μίσατο,
219 1109 328 1138 ἐκείνων
358 1111 383 1138 ἐν
415 1113 454 1147 τῷ
484 1113 568 1150 Φάρῳ
593 1111 637 1139 καὶ
667 1111 692 1139 Iv
719 1114 758 1147 τῷ
784 1111 906 1139 ἐπέκεινα

82 1154 201 1191 αἰγιαλῷ
224 1155 447 1192 ναυλοχούντων,
473 1157 701 1194 Καιροσκοπήσας
727 1155 772 1183 οὖν
807 1156 904 1193 ἀθρόον

82 1199 191 1230 τούτοις
203 1199 323 1236 ἐπέθετο,
346 1200 390 1228 καὶ
415 1201 463 1235 τήν
489 1211 518 1228 τι
542 1200 664 1237 σύνταξιν
690 1201 778 1228 αὐτῶν
802 1199 907 1228 διέλυσε

83 1244 128 1270 καί
157 1244 251 1272 πολλὰ
275 1247 328 1272 τῶν
365 1244 471 1272 πλοίων
493 1247 533 1281 τῷ
561 1247 700 1282 σκευαστῷ
722 1246 786 1283 πυρὶ
814 1245 908 1272 ἀπετε-

83 1298 186 1326 φρωσε,
200 1289 234 1316 τὰ
249 1287 276 1316 δὲ
290 1288 392 1320 τελέως
416 1289 557 1327 ἐτρέψατο.
585 1291 619 1318 Οἱ
646 1289 863 1327 περιλειφθέντες
879 1288 908 1317 δὶ

83 1335 138 1360 τῶν
167 1333 235 1364 Ῥὼς
263 1334 436 1371 περαιοῦνται
461 1334 500 1366 εἷς
527 1334 576 1368 τὴν
594 1333 745 1369 Ἀνατολήν
773 1335 818 1362 καὶ
841 1334 909 1361 κατὰ

83 1377 118 1403 τὰ
146 1376 280 1414 λεγόμενα
310 1378 402 1415 Σγόρα
426 1379 617 1416 προσίσχουσι.
645 1377 750 1414 Βάρδας
769 1377 798 1406 δὲ
811 1379 908 1415 πατρί-

85 1432 155 1456 κιος,
172 1422 185 1448 ὁ
202 1424 250 1449 τοῦ
271 1425 355 1449 Φωκᾶ
380 1423 447 1457 υἱὸς,
472 1422 536 1454 τοὺς
567 1422 709 1460 αἲγιαλοῦς
729 1423 906 1460 παρατρέχων

87 1467 145 1503 μεθ’
184 1466 288 1494 ἱππέων
329 1467 373 1494 καὶ
417 1466 547 1505 ἐκκρίτων
585 1466 702 1506 ἀνδρῶν,
744 1468 908 1505 συντάγματι

83 1510 190 1538 τούτων
218 1511 303 1547 ἱκανῷ
331 1512 399 1548 πρὸς
429 1511 568 1550 συλλογὴν
598 1511 777 1550 ἐκπεμφθέντι
804 1516 908 1550 τροφῆς

84 1555 254 1590 συναντήσας
287 1554 417 1594 ἐτρέψατο
447 1555 491 1583 καὶ
531 1557 700 1594 κατέσφαξεν.
738 1555 826 1584 Ἀλλὰ
855 1557 907 1592 μὴν

83 1599 131 1627 καὶ
159 1600 172 1627 ὁ
205 1599 364 1636 ἴομέστικος
391 1601 445 1628 τῶν
475 1600 584 1638 σχολῶν
615 1601 629 1628 ὁ
659 1601 824 1638 Κουρκούας,
848 1601 909 1636 ὀξὺς

85 1644 224 1683 ἐπιφανεὶς
266 1644 334 1681 μετὰ
375 1647 428 1672 τῶν
472 1645 628 1682 ταγμάτων,
668 1646 712 1672 καὶ
753 1644 910 1676 ἀποσπάδας

84 1689 200 1720 τούτους
229 1689 356 1727 εὑρίσκων
395 1689 461 1726 τῇδε
492 1690 600 1717 κάκεῖσε
631 1689 839 1726 πλανωμένους,
866 1701 910 1717 κα-

957 397 1150 433 impressione
1175 397 1296 425 occidua
1320 395 1421 424 omnia
1445 402 1539 430 usque
1556 393 1591 421 ad
1613 394 1714 421 urbem
1730 401 1784 428 po-

957 442 1106 478 pulantur.
1129 442 1237 470 Missus
1270 439 1410 476 patricius
1437 438 1631 474 Theophanes
1647 440 1780 473 protove—

956 486 1078 514 stiarius
1093 494 1160 514 cum
1185 485 1222 513 iis
1247 492 1346 521 pacem
1363 483 1523 519 componit,
1539 483 1670 511 Romano
1687 485 1718 509 ut
1733 490 1780 509 ca-

957 531 1052 567 ptivos
1069 531 1210 567 reciperet
1221 529 1294 557 nulli
1307 529 1348 557 rei
1365 531 1511 565 parcente.
1522 527 1651 564 Nuptum
1664 535 1781 563 quoque

956 575 1147 604 Constantino
1159 574 1242 603 tertio
1252 574 1375 602 Romani
1386 573 1445 600 ﬁlio
1455 573 1542 600 datur
1553 572 1651 608 puella
1661 571 1778 604 Helene,

957 622 1077 649 Adriani
1103 620 1218 657 patricii
1244 620 1316 653 lilia,
1340 619 1443 655 stirpis
1466 618 1653 646 Armeniaca.
1672 618 1706 645 Et
1728 617 1781 645 hac

958 665 1044 702 paulo
1070 667 1135 702 post
1157 667 1282 699 mortua,
1298 664 1508 700 Theophano'a
1528 663 1674 691 Mamante
1689 669 1782 697 genus

958 711 1071 739 ducens
1099 710 1125 738 ei
1164 709 1350 738 matrimonio
1378 708 1521 745 iungitur.
1548 708 1581 735 14
1610 706 1780 738 Indictiono,

958 756 1047 783 Junio
1078 763 1189 788 mense,
1221 755 1341 782 Rossica
1365 753 1469 781 classis
1493 751 1608 780 hostilis
1629 751 1665 779 ad
1681 751 1782 778 urbem

959 800 1090 836 appullit
1105 800 1230 827 navibus
1245 800 1385 826 constans
1406 797 1502 824 10000.
1519 799 1624 824 Contra
1638 803 1702 823 eam
1720 804 1784 831 pro-

959 846 1056 873 fectus
1073 853 1138 872 cum
1165 844 1258 872 classe
1276 843 1467 879 Theophanes
1489 841 1630 878 patricius
1652 842 1785 876 protove-

960 889 1079 918 stiarius
1104 890 1139 917 ad
1167 889 1284 916 Hierum
1309 887 1440 924 appellit.
1461 886 1591 914 hostium
1608 885 1733 914 navibus
1749 885 1783 911 ad

960 935 1087 962 Pharum
1103 934 1189 969 eique
1204 933 1333 961 vicinum
1355 932 1438 959 littus
1453 930 1614 959 subductis.
1641 930 1785 966 Opportu-

960 987 1031 1006 num
1058 980 1158 1006 autem
1184 980 1301 1013 tempus
1323 975 1491 1013 speculatus
1514 975 1664 1003 confertim
1691 974 1720 1001 in
1735 982 1784 1001 eos

961 1024 1063 1057 irruit;
1079 1023 1292 1058 ordinibusque
1307 1021 1458 1056 dissipatis
1483 1019 1591 1047 multas
1611 1027 1699 1047 naves
1714 1019 1785 1045 arti-

961 1069 1059 1096 ﬁcioso
1075 1068 1142 1104 igne
1157 1066 1315 1099 comburit,
1332 1065 1460 1102 reliquas
1476 1064 1619 1100 proﬂigat.
1637 1062 1722 1091 Rossi
1735 1071 1784 1091 su-

961 1113 1098 1150 perstites
1113 1112 1142 1140 in
1159 1113 1306 1140 Orientem
1329 1110 1489 1146 trajiciunt.
1506 1109 1548 1137 lbi
1571 1108 1680 1137 Bardas
1696 1107 1786 1144 patri-

961 1158 1024 1186 cius
1040 1158 1141 1185 Ριλοοεο
1162 1157 1241 1185 [ilius
1265 1163 1332 1183 eum
1357 1155 1487 1190 equitatu
1502 1157 1531 1182 et
1545 1153 1667 1181 delectis
1683 1152 1781 1180 militi-

962 1203 1016 1230 bus
1032 1202 1114 1230 littus
1131 1209 1294 1238 pervagans
1310 1201 1339 1228 in
1355 1200 1503 1228 cohortem
1519 1206 1620 1226 eorum
1637 1198 1709 1225 satis
1731 1205 1786 1224 nu-

963 1255 1108 1275 merosam
1124 1246 1160 1273 ad
1177 1246 1316 1273 alimenta
1331 1243 1496 1280 colligenda
1511 1242 1650 1270 emissam
1675 1241 1788 1274 incidit,

962 1300 1087 1327 eamque
1102 1290 1198 1318 fundit
1209 1292 1238 1318 et
1252 1289 1388 1317 trucidat.
1401 1286 1583 1316 Domesticua
1598 1286 1687 1314 etiam
1703 1285 1789 1313 scho-

963 1336 1058 1364 larum
1070 1336 1199 1363 Curcuas
1210 1334 1344 1362 celeriter
1354 1341 1419 1360 cum
1432 1332 1494 1360 suis
1505 1331 1675 1359 cohortibus
1686 1338 1786 1366 super-

964 1381 1042 1408 venit
1057 1380 1169 1415 Rossis,
1182 1379 1359 1414 avulsaeque
1375 1386 1392 1405 a
1407 1385 1438 1405 se
1454 1376 1579 1404 invicem
1594 1377 1623 1403 et
1638 1374 1707 1402 hinc
1722 1374 1791 1402 inde

963 1428 1104 1461 vagantes
1130 1424 1205 1452 male
1228 1423 1345 1451 multat.
1362 1422 1447 1450 Omni
1463 1421 1538 1449 3ιῖ
1557 1419 1698 1456 tragmdie
1713 1421 1789 1446 atro-

964 1471 1041 1498 ciora
1057 1471 1127 1498 sunt
1151 1477 1214 1505 qua;
1238 1467 1334 1500 Rossi,
1355 1469 1514 1502 antequam
1537 1466 1617 1492 fuere
1637 1462 1788 1497 debellati,

965 1516 1205 1551 perpetraverunt
1228 1512 1350 1549 ﬂagitis.
1376 1511 1488 1538 Etenim
1511 1509 1692 1545 captivorum
1717 1507 1790 1535 alios

965 1560 994 1587 in
1010 1567 1111 1587 cruces
1127 1559 1259 1594 egerunt,
1276 1556 1350 1584 alios
1363 1558 1448 1583 terra:
1468 1553 1633 1586 afﬁxerunt,
1649 1551 1723 1580 alios
1739 1559 1790 1586 pro

965 1612 1053 1640 scopo
1082 1603 1260 1630 constituere
1289 1601 1379 1636 inque
1407 1607 1457 1627 eos
1472 1598 1596 1634 sagittas
1612 1596 1789 1624 direxerant.

965 1649 1137 1683 Quicunque
1165 1646 1348 1682 captivorum
1379 1643 1542 1672 sacerdotio
1569 1640 1790 1678 praeditierant,

965 1701 1065 1720 eorum
1082 1692 1176 1727 capita
1191 1691 1286 1718 acutis
1297 1689 1388 1717 clavis
1401 1685 1692 1724 perforarunt,multa
1703 1684 1790 1712 etiam

83 1737 143 1766 κῶς
169 1732 288 1766 διετίθει.
316 1735 350 1761 "A
367 1732 396 1761 δὲ
424 1734 498 1761 οὗτοι
528 1732 656 1772 ἕνόρασαν
681 1735 752 1762 κακὰ
779 1736 832 1772 πρὸ
861 1745 889 1762 το

967 1738 1074 1773 templa
1094 1736 1298 1764 incenderunt.
1315 1734 1422 1761 Verum
1446 1733 1495 1760 ubi
1511 1730 1609 1767 prwlio
1625 1729 1731 1762 navali,
1749 1728 1792 1756 uti

83 1778 361 1815 καταπολεμηθῆναι,
388 1780 472 1806 πᾶσαν
510 1779 702 1817 ὑπερεκπίπτει
731 1778 883 1817 τραγῳδίαν
902 1788 908 1794 ·

82 1823 152 1854 τοὺς
181 1824 227 1860 μὲν
254 1823 305 1861 γὰρ
334 1825 387 1850 τῶν
410 1822 597 1860 ἁλισκομένων
629 1823 819 1861 ἀνεσταύρουν,
847 1823 910 1854 τοὺς

86 1868 118 1895 δὲ
133 1869 166 1904 τῇ
194 1869 231 1904 γῇ
254 1866 520 1903 προσεπαττάλευον,
541 1867 605 1898 τοὺς
630 1867 658 1895 δὶ
686 1868 776 1904 ὥσπερ
793 1867 910 1898 σκοποὺς

86 1913 216 1943 ἱστῶντες
247 1911 337 1949 βέλεσι
362 1912 543 1948 κατετόξευον,
561 1913 640 1940 Ὅσοι
665 1911 693 1939 δὶ
711 1915 765 1940 τῶν
791 1912 909 1940 ἁλόντων

87 1956 240 1994 ἱερῶσύνης
261 1956 388 1992 ἡξίωντο,
414 1955 516 1984 νούτων
545 1955 625 1991 ἥλοις
653 1957 723 1992 ὀξέσι
739 1955 909 1993 διεπερόνουν

85 2003 136 2033 τὰς
175 2001 303 2040 κεφαλάς.
343 2001 400 2030 Οὐκ
437 2001 547 2039 ὀλίγους
584 2000 612 2029 δὲ
648 2001 692 2029 καὶ
717 2001 803 2033 θιίους
831 2001 912 2033 ναοὺς

87 2046 296 2084 ἐπυρπόλησαν.
319 2045 407 2074 Ἀλλά
421 2048 504 2073 ταῦτα
534 2046 580 2083 μὲν
606 2046 738 2084 πρότερον
757 2057 764 2064 ’
787 2046 844 2074 ἐπεὶ
871 2045 910 2082 δὲ,

87 2093 127 2123 ὡς
152 2090 253 2119 ἄνωθεν
280 2090 388 2129 ἐρῥὲθη,
418 2091 707 2129 καταναυμαχηθέντες
725 2091 769 2118 καὶ
786 2091 830 2118 διὰ
858 2095 910 2128 γῆς

87 2137 144 2174 οὐχ
180 2134 278 2171 ἥκιστα
307 2136 486 2171 κακωθέντες,
526 2135 698 2167 συσταλέντες
736 2135 856 2172 ἠρέμουν
886 2135 912 2163 ἐν

86 2184 148 2213 τοῖς
174 2181 313 2220 σφετέροις
341 2179 461 2215 πλοίοις,
491 2181 534 2208 καὶ
559 2179 612 2215 ἤδη
633 2181 725 2212 αὐτοῖς
741 2179 912 2216 ἐπιλελοίπει

86 2227 121 2254 τὰ
152 2224 303 2260 ἰπιτήδεια,
331 2223 510 2253 ὲϐσυλεύοντο
542 2226 589 2262 μὲν
619 2225 656 2256 είς
682 2227 715 2252 τὰ
739 2223 794 2253 ί¹δια
818 2225 913 2253 ὑπονο-

87 2274 198 2305 στῆσαι,
230 2268 363 2297 ἐδεδίεσαν
393 2268 421 2297 δὲ
455 2270 501 2297 τὸν
537 2270 634 2297 στύλον
665 2272 912 2308 παραγειτονοῦντα

86 2315 135 2343 καὶ
173 2315 218 2342 τὸν
250 2314 391 2342 ἀπόπλουν
426 2313 606 2350 φυλάττοντα,
642 2314 738 2352 Καιρὸν
776 2313 799 2342 δ’
835 2313 911 2352 ὅμως

86 2360 257 2397 τηρήσαντες
281 2358 326 2386 καὶ
355 2358 480 2395 σύνθημα
507 2356 598 2389 δόντες
629 2359 672 2387 καὶ
698 2359 731 2387 τὰ
754 2361 913 2397 πρυμνήσια

966 1782 1132 1814 docuimus,
1155 1781 1222 1808 victi
1248 1782 1276 1808 et
1303 1779 1381 1807 haud
1408 1777 1504 1814 parvis
1519 1775 1652 1804 cladibus
1669 1774 1698 1801 in
1715 1776 1793 1801 terra

966 1826 1060 1855 alfecti
1086 1827 1214 1859 fuerunt,
1237 1824 1314 1852 intra
1339 1831 1409 1851 suas
1435 1830 1467 1850 se
1493 1829 1580 1849 naves
1596 1819 1732 1847 abdidere
1747 1821 1790 1845 ιιι-

966 1880 1021 1908 que
1036 1871 1076 1898 ibi
1096 1870 1277 1898 continuere.
1304 1868 1412 1896 Deinde
1436 1865 1586 1894 alimentis
1613 1862 1790 1898 absumptis,

966 1906 1031 1944 cum
1049 1916 1170 1942 domum
1187 1913 1293 1942 vellent
1308 1912 1402 1940 redire
1418 1914 1447 1939 et
1457 1910 1513 1942 sibi
1524 1919 1541 1937 a
1551 1912 1682 1936 Romana
1696 1906 1791 1934 classe

966 1961 1139 1993 metuerent,
1157 1967 1220 1994 quae
1236 1958 1315 1994 ipsos
1330 1957 1360 1984 in
1377 1956 1485 1984 vicinia
1506 1953 1688 1985 observabat,
1704 1953 1790 1986 capta

966 2005 1184 2041 opportunitate
1201 2003 1344 2038 signoque
1359 2002 1428 2029 dato
1443 1999 1603 2028 solverunt.
1630 1997 1730 2032 Neque
1745 1998 1787 2022 ta-

967 2058 1033 2077 men
1043 2049 1250 2084 Theophanem
1263 2046 1426 2074 t‘el'sllcrunt
1439 2054 1446 2080 ;
1463 2045 1513 2072 sed
1525 2044 1550 2071 is
1560 2042 1675 2078 cognito
1686 2048 1788 2068 eorum

966 2094 1098 2122 discessu
1114 2093 1214 2121 statim
1231 2092 1386 2120 adversum
1401 2098 1432 2117 se
1447 2089 1489 2116 eis
1504 2087 1645 2116 tulit.tloo
1661 2085 1790 2114 secundo

967 2138 1062 2166 navali
1077 2137 1176 2174 praelio
1192 2144 1310 2164 rursum
1322 2135 1408 2163 Rossi
1420 2133 1488 2162 victi
1503 2134 1573 2160 sunt
1583 2131 1690 2159 Eorum
1703 2136 1791 2157 naves

967 2183 1029 2212 alia;
1058 2184 1207 2217 demersae,
1237 2180 1300 2209 aliis
1327 2181 1402 2207 ferro
1431 2181 1459 2207 et
1482 2177 1543 2214 igni
1582 2175 1790 2213 pessumdata,

967 2228 1101 2264 quaedam
1121 2235 1187 2254 cum
1203 2226 1276 2262 ipsis
1291 2223 1455 2253 vectoribus
1476 2223 1506 2250 in
1527 2222 1722 2250 Romanorum
1742 2226 1791 2254 po-

969 2274 1104 2300 testatem
1119 2272 1261 2299 venerunt
1273 2278 1278 2297 :
1290 2276 1464 2305 perpaucaee
1480 2266 1555 2295 bello
1570 2265 1657 2293 salvae
1669 2264 1792 2291 domum

967 2316 1127 2345 redierunt.
1144 2316 1186 2344 0b
1203 2315 1257 2342 has
1271 2314 1409 2342 victorias
1424 2313 1586 2348 imperator
1601 2307 1792 2346 protovestia-

967 2361 1043 2389 rium
1059 2361 1187 2396 probans
1205 2360 1378 2396 primarium
1395 2355 1610 2385 cubicularium
1627 2353 1706 2382 facit.

88 2404 220 2435 λύσαντες
250 2403 399 2432 ἀπέπλεον.
425 2403 482 2432 Οὐκ
506 2402 602 2436 ἔλαθον
632 2402 661 2431 δὲ
702 2405 748 2432 τὸν
788 2405 931 2442 πατρίκιον
959 2405 1004 2432 καὶ
1044 2395 1291 2442 πρωτοϐεστίάριον
1330 2401 1479 2440 Θεοφάνην,
1509 2398 1580 2427 ἀλλὰ
1607 2399 1687 2437 γνοῦς
1715 2395 1792 2427 οὗτος

87 2449 141 2483 τήν
169 2448 258 2475 αὐτῶν
292 2447 460 2486 ἀναχώρησιν
487 2448 641 2483 ὑπαντιάζει
671 2449 778 2481 τοότοις
792 2449 880 2484 εὐθὺς,
924 2449 969 2477 καὶ
1006 2440 1107 2487 γίνεται
1150 2440 1290 2486 ναυμαχία
1330 2445 1449 2483 δευτέρα,
1479 2444 1522 2471 καὶ
1561 2442 1682 2480 τρέονται
1710 2440 1791 2467 πάλιν

89 2494 118 2520 οἱ
147 2492 227 2524 Ῥώς.
258 2492 306 2520 Καὶ
336 2484 443 2529 τὰἺμὶν
473 2495 526 2520 τῶν
555 2495 665 2532 σκαφῶν
694 2494 769 2530 βυθῷ
797 2493 946 2531 παρεδόθη,
973 2484 1018 2522 τὰ.
1035 2493 1064 2522 δὲ
1087 2484 1207 2531 σίδηρος
1226 2484 1269 2520 καὶ
1297 2494 1350 2530 πῦρ
1380 2487 1596 2528 ἐμερίσαντο,τὰ
1612 2486 1640 2514 δὲ
1659 2484 1793 2522 αὔτανδρα

91 2537 144 2565 ὑπὸ
173 2539 232 2568 ταῖς
259 2539 313 2564 τῶν
342 2537 485 2573 Ῥωμαίων
515 2537 607 2575 χεόσὶν
634 2537 779 2575 ἐγένοντο·

813 2529 895 2576 ὀλίγα
925 2537 953 2566 ’δὲ
990 2540 1040 2574 τήν
1080 2541 1130 2566 τοῦ
1154 2529 1293 2574 ’πολέμου
1331 2535 1495 2574 διαφυγόντα
1524 2532 1639 2570 ἀνάγκην
1667 2531 1741 2576 πρὸς
1760 2529 1793 2576 τὶ

90 2582 182 2610 οἴκιιῖα
210 2581 366 2619 ἐχώρησαν.
397 2582 466 2613 Ἀνθ¹
493 2582 530 2608 ὧν
557 2582 571 2609 ὁ
599 2581 726 2620 βασιλεὺς
756 2584 802 2611 τὸν
848 2581 1096 2622 πρωτοϐειπιάριον
1128 2582 1328 2620 ἀποδεξάμενος
1362 2583 1408 2608 καί
1437 2578 1683 2618 παρακοιμώμινον
1712 2574 1794 2602 αὐτὸν

90 2624 259 2665 προεϐάλετο
265 2648 271 2655 .

660 2724 862 2755 XYLANDPJ
885 2725 935 2756 ET
957 2724 1076 2756 GOARI
1098 2723 1227 2754 NOTAE.

130 2818 186 2854 (81)
203 2818 315 2846 Annam
331 2820 453 2856 nuptam
466 2819 553 2856 simul
573 2821 601 2848 et
616 2818 778 2856 imperialis
798 2819 918 2847 honoris

94 2856 260 2883 consortem
277 2855 473 2884 renuntiatam
489 2855 601 2884 indicat
614 2855 917 2892 auctor,nuptiarum-

973 2827 1029 2852 que
1049 2826 1172 2847 coronas
1187 2817 1265 2846 sicut
1279 2818 1308 2845 et
1331 2814 1446 2852 imperii
1473 2822 1529 2843 uno
1552 2813 1598 2840 die
1620 2809 1797 2845 suscepisse.

996 2863 1061 2883 οΑΞι.
