1936 3048
85 140 163 180 ’δι

131 268 198 288 rum
223 261 392 297 imperator,
424 263 500 298 quod
529 263 592 298 ejus
617 263 706 291 ﬁliam
732 264 956 300 Euphrosynam

130 305 229 341 nepoti
246 314 299 334 suo
316 306 650 340 Romanoﬁnnstantini
668 311 737 336 natu
757 309 884 336 ﬁliorum
902 309 956 336 mi-

128 350 202 377 nimi
218 350 294 377 818
311 351 381 385 ﬁlio,
399 359 517 379 uxorem
535 353 627 380 facere
651 353 774 387 volebat,
796 362 886 390 eaque
912 362 957 381 res

129 394 197 422 odia
213 394 359 422 Cassarum
381 395 410 422 in
438 396 582 424 Curcuam
598 397 823 432 inﬂammasset,
840 400 958 426 coactus

129 443 171 466 est
187 439 283 466 ofﬁcio
294 447 327 467 eo
339 440 496 468 dimovere.
509 441 646 469 Gesserut
662 442 690 469 id
706 451 815 470 munus
830 443 958 470 Curcuas

130 484 350 512 continentibus
363 485 399 511 22
414 485 499 512 annis
521 488 550 513 et
563 486 579 511 7
596 486 759 522 mensibus,
776 487 959 515 universam-

131 536 188 563 que
202 536 291 564 prope
314 529 425 565 Syriam
453 533 628 566 pervagatus
648 533 813 567 subegerat.
839 532 868 559 Si
893 532 959 567 quis

132 572 269 608 praeclara
284 573 348 608 ejus
364 574 440 601 facta
455 574 530 602 scire
546 575 700 609 desiderat,
719 575 855 604 volumen
871 585 888 604 a
899 577 960 604 Ma-

132 617 218 644 nuelo
230 617 357 653 quodam
368 619 604 655 protospathario
612 620 805 656 atquejudice
814 621 960 657 composi-

133 664 195 689 tum
212 661 290 697 legat
307 670 314 688 :
333 662 358 689 is
374 663 451 690 enim
469 665 533 690 octo
550 663 633 691 libris
647 672 694 692 res
719 673 735 692 θ.
758 664 872 693 Curcua
888 674 959 701 prue-

134 705 211 733 clare
225 707 323 742 gestas
338 706 505 742 descripsit.
521 708 590 736 Inde
601 711 756 744 cognoscet
771 712 900 745 quantus
916 709 962 737 hic

134 748 178 777 vir
194 749 260 777 belli
276 751 364 778 rebus
380 751 477 779 fuerit.

176 884 367 920 Theophilius
378 893 494 921 quoque
505 886 674 922 frater-ejus,
684 896 755 915 avus
765 888 887 916 Joannis
900 889 963 924 ejus

143 930 193 964 qui
211 931 364 966 postmodo
389 930 511 966 imperio
535 932 646 966 potitus
670 934 724 966 est,
749 933 964 968 Mesopotamiae

143 974 306 1009 praefectus.
318 975 419 1002 eodem
436 975 522 1002 modo
533 976 744 1004 Saracenorum
757 977 785 1004 in
802 985 835 1004 ea
850 978 967 1012 provin-

141 1018 187 1046 cia
215 1019 302 1046 urbes
330 1019 474 1054 tractavit,
491 1021 640 1056 oppressis
666 1024 754 1056 atque
778 1022 847 1049 adeo
864 1022 968 1049 deletis

143 1064 293 1099 Agarenis.
305 1063 340 1090 Et
352 1064 501 1091 Romanus
518 1065 668 1100 patricius,
679 1065 802 1093 Joannis
816 1066 968 1093 domestici

142 1107 232 1141 ﬁlius,
249 1107 386 1135 exercitui
403 1109 587 1143 praepositus,
604 1109 698 1136 multa
721 1110 841 1137 castella
861 1110 971 1146 recepit

143 1155 172 1180 et
187 1152 327 1180 Romanis
343 1151 469 1188 plurima
484 1153 579 1188 spolia
594 1154 715 1189 paravit.
733 1154 764 1181 In
783 1154 878 1182 locum
900 1156 969 1182 Cur-

144 1205 204 1224 cuaa
221 1197 314 1224 factus
336 1200 380 1224 est
395 1196 562 1224 scholarum
593 1198 771 1226 domesticus
794 1199 972 1227 Pantherius

144 1240 268 1268 Romani
283 1241 470 1277 imperatoris
485 1244 639 1277 cognatus.

145 1285 272 1316 λυθέντος
297 1289 348 1320 τῆς
375 1285 476 1323 ἀρχῆς,
504 1283 690 1324 προϐάλλεται
735 1285 894 1323 δομέστικος
931 1290 985 1315 τῶν

145 1331 287 1368 συγγενής.

183 1375 336 1402 Enimvero
360 1374 521 1410 imperator
536 1375 685 1404 Romanus
701 1376 871 1412 pcsnitentia
882 1377 972 1405 viola-

149 1422 246 1446 torum
272 1419 509 1454 juramentorum
538 1427 571 1447 ac
600 1420 727 1455 perﬁdia;
755 1424 917 1456 correptus,
942 1423 975 1448 ut

152 1466 241 1491 Deum
257 1462 394 1499 placaret,
408 1471 474 1490 cum
491 1464 547 1491 alia
563 1464 655 1492 multa
670 1465 742 1492 bene
757 1465 834 1498 fecit,
850 1473 913 1501 quas
928 1474 974 1493 re-

150 1515 269 1536 censere
286 1507 323 1535 sit
338 1507 525 1541 laboriosum,
542 1511 605 1535 tum
621 1517 660 1536 sas
679 1509 766 1537 etiam
791 1509 917 1537 alienum
934 1510 973 1537 ci-

150 1553 229 1580 vium
249 1551 369 1580 nomine
390 1552 533 1587 dissolvit,
549 1553 673 1580 divitum
690 1562 723 1581 ac
741 1562 900 1590 pauperum
920 1562 925 1582 :
944 1555 973 1582 in
991 1565 1011 1596 ρ

150 1605 239 1633 quam
262 1605 323 1624 rem
345 1596 453 1624 dicitur
476 1597 657 1633 impendisse
672 1599 840 1626 centenario
856 1600 975 1627 undevi-

150 1642 241 1678 genti,
259 1650 291 1669 ac
307 1642 423 1669 tabulas
438 1643 591 1670 nominum
606 1643 770 1671 combussit
784 1644 814 1671 in
831 1652 976 1680 purpureo

151 1687 201 1723 qui
218 1689 263 1714 est
278 1686 313 1714 ad
329 1681 442 1714 Chacen
459 1687 608 1714 umbilico.
624 1687 720 1715 Pretia
734 1696 851 1723 quoque
874 1689 977 1716 domo-

152 1739 218 1759 rum
235 1739 286 1767 pro
301 1731 530 1758 conductoribus
553 1731 702 1767 pependit,
725 1732 801 1760 810
817 1741 834 1760 a
850 1732 977 1760 maxime

153 1776 188 1803 ad
199 1776 374 1804 monimum.
390 1776 458 1807 Qum
473 1784 540 1803 vero
556 1776 684 1804 instituit
700 1779 732 1803 ut
749 1785 800 1812 pro
816 1778 919 1804 animis
935 1785 979 1804 sa-

153 1822 213 1848 lute
228 1821 331 1848 ﬁerent
349 1821 378 1847 in
404 1820 527 1856 Myrelzei
545 1820 718 1853 ministerio,
735 1822 811 1857 quod
830 1822 894 1858 ipso
910 1829 979 1849 auc-

153 1868 215 1893 tore
238 1867 283 1893 est
305 1865 469 1899 conditum,
485 1873 518 1893 ea
539 1865 568 1892 in
585 1865 663 1893 hunc
680 1874 772 1902 usque
788 1866 865 1894 diem
882 1867 978 1902 peragi

154 1918 257 1938 omnes
273 1912 392 1937 norunt.

189 1954 287 1982 Prima
301 1954 462 1982 indictione
478 1962 544 1982 cum
564 1963 666 1982 rursus
681 1955 764 1982 Turci
780 1955 979 1982 incursionem

153 1999 184 2027 in
199 2001 397 2027 Romanorum
414 1999 486 2025 lines
499 1999 646 2032 fecissent,
658 1999 851 2034 Theophanes
861 1999 980 2026 cubicu-

154 2043 246 2070 larius
257 2050 394 2079 egressus
405 2050 504 2078 pacem
517 2050 582 2070 cum
599 2043 635 2070 iis
651 2043 825 2079 composuit,
843 2043 982 2079 acceptis-

155 2097 212 2124 que
227 2087 380 2115 obsidibus
396 2087 489 2114 rediit.
513 2087 672 2115 lndictione
698 2088 837 2123 secunda,
855 2088 981 2115 Pascha-

157 2134 228 2160 lium
257 2131 526 2168 protospatharium
551 2134 580 2159 et
597 2132 799 2168 Longibardiae
815 2132 981 2168 praelectum

156 2177 192 2205 ad
208 2177 357 2212 Hugonem
374 2184 471 2213 regem
486 2176 608 2204 Francia
621 2177 709 2204 mittit
727 2177 981 2209 Romanus,ﬁliam

157 2223 221 2258 ejus
236 2224 339 2258 petens
361 2220 392 2249 in
416 2221 635 2249 matrimonium
651 2221 836 2249 Constantini
853 2221 982 2257 Porphy-

802 153 963 184 GEORGII
984 153 1154 184 GEDRENI

162 216 307 244 Joannem
325 224 411 252 porro
429 218 595 246 Gurcunam
621 218 815 247 domesticum
838 220 951 247 schola-
967 221 993 254 Α

1791 155 1831 184 52

1046 219 1150 247 Φθόνου
1173 218 1202 247 δὶ
1229 217 1385 255 κινηθέντος
1414 219 1482 247 κατᾶ
1510 221 1558 246 τοῦ
1589 218 1753 256 δομίστίκου
1777 221 1835 246 τῶν

1012 262 1122 302 σχολῶν
1151 264 1277 292 Ἰωάννου
1303 266 1352 291 τοῦ
1382 263 1521 301 Κουρκούα
1550 264 1622 299 παρὰ
1651 265 1704 291 τῶν
1740 262 1834 291 ἄλλων

1014 308 1146 346 βασιλέων
1179 306 1317 345 [ἐϐούλετο
1347 308 1397 345 γὰρ
1427 309 1565 345 Ῥωμανὸς
1588 309 1604 335 ἁ
1627 307 1754 346 βασιλεύς
1780 309 1834 335 Εὐ-

1013 353 1149 392 φροσύνην
1177 353 1226 387 τήν
1258 349 1308 380 ῗτοῦ
1346 351 1508 389 δομεστίκου
1552 352 1686 390 θυγατέρι
1723 352 1834 391 vulpem

1013 398 1158 436 ἀγαγέσθαι
1184 400 1222 433 τῷ
1252 397 1345 433 οἰκείῳ
1374 397 1474 434 ἐκγόνῳ
1503 399 1636 434 Ῥωμανῷ
1664 400 1703 433 τῷ
1718 398 1769 433 υἷῷ
1784 399 1834 424 τοῦ

1014 442 1130 480 ἐσχάτου
1169 441 1265 473 παιδὸς
1303 443 1386 469 αὐτοῦ
1420 443 1643 478 Κωνστσντίνου),
1674 443 1833 479 ἠναγκάσθη

1013 490 1062 521 τῆς
1095 487 1184 524 ἀρχῆς
1212 486 1291 513 αὐτὸν
1319 486 1483 523 παραλῦσαι,
1509 486 1553 513 ἐπὶ
1585 485 1644 514 δυσὶ
1673 487 1718 514 καὶ
1749 485 1835 513 εἶειοσι

1014 531 1126 569 χρόνοις
1141 531 1184 558 καὶ
1215 531 1296 567 μησὶν
1327 531 1395 558 ἑπτὰ
1424 529 1579 568 ἀδιαδόχως
1606 531 1656 566 τήν
1683 533 1732 558 τοῦ
1755 529 1838 567 δομε-

1015 575 1106 603 nixos
1133 575 1222 614 ἀρχὴν
1253 575 1387 608 ἰθύνοντα,
1404 576 1448 603 καὶ
1478 578 1575 610 πᾶσαν,
1606 576 1643 607 ὡς
1671 575 1767 608 εἷπεῖν,
1787 576 1837 609 τὴν

1017 620 1114 658 Συρίαν
1145 619 1353 658 καταδραμόντα
1390 620 1435 647 καὶ
1470 620 1681 648 ταπεινώσαντα.
1705 621 1781 656 ⁸⁷0τῷ
1810 618 1840 647 δὲ

1018 663 1154 702 βουλητὸν
1181 665 1229 696 τὰς
1259 665 1362 692 ἐκείνου
1390 665 1486 701 μαθεῖν
1515 664 1664 702 ἀριστείας,
1697 664 1841 700 ζητησάτω

1015 710 1065 743 τὴν
1080 711 1244 744 πονηθεῖσαν
1270 706 1365 747 βίϐλον
1390 710 1462 747 παρά
1485 719 1558 740 τινος
1582 709 1710 744 ΜανουῆΛ
1726 719 1837 747 πρωτο-

1017 753 1166 791 σπαθαρίου
1180 753 1225 780 καὶ
1240 756 1334 788 κριτοῦ
1349 753 1385 790 (ἐν
1407 754 1479 781 ὀκτὼ
1500 753 1550 792 γὰρ
1569 752 1677 792 βίϐλοις
1693 753 1792 784 ἐκεῖνος
1807 755 1842 781 τά

1017 798 1115 826 τούτου
1144 796 1374 836 ἀνδραγαθήμασι
1403 798 1611 836 συνεγράψατο),
1641 798 1686 826 καὶ
1711 798 1736 834 ἐξ
1757 799 1841 833 αὐτῆς

1018 842 1114 870 εἷ’σεται
1132 843 1189 873 οἷος
1203 844 1236 876 ἦν
1252 843 1266 870 ὁ
1282 843 1350 879 ἀνὴρ
1365 843 1399 870 τὰ
1413 842 1564 879 πολεμικα.

1053 888 1094 921 [P.
1110 887 1174 922 631]
1213 885 1416 923 Παραπλησίως
1448 888 1538 922 τούτῳ
1572 887 1617 913 καὶ
1662 886 1793 925 Θεόφιλος
1825 887 1840 913 ὁ

1019 930 1117 957 τούτου
1131 929 1271 966 ὁμαίμων⁷
1288 930 1302 957 ὁ
1326 941 1435 961 παππος
1459 930 1584 958 Ἰωάννου
1605 933 1653 958 τοῦ
1677 931 1744 967 μετὰ
1758 933 1843 958 ταῦτα

1024 974 1241 1012 βασιλεύσαντος,
1254 974 1300 1005 τὰς
1330 973 1356 1001 ἐν
1385 975 1581 1012 Μεσοποταμίᾳ
1607 977 1661 1002 τῶν
1677 977 1843 1012 Σιρακηνῶν

1022 1019 1119 1050 πόλεις
1149 1018 1263 1052 διέθετο,
1299 1020 1449 1056 στρατηγὸς
1486 1019 1511 1046 ἒν
1552 1020 1620 1056 αὐτῇ
1649 1020 1770 1057 γεγονώς
1799 1020 1846 1047 καὶ

1022 1065 1191 1094 ταπεινώσας
1218 1063 1262 1090 καὶ
1283 1063 1385 1094 τελέως
1411 1064 1540 1102 ἀφανίσας
1560 1063 1624 1094 τοὺς
1639 1064 1669 1091 ἔκ
1682 1066 1730 1099 τῆς
1746 1065 1846 1101 Ἅγαρ.

1025 1109 1076 1136 Καὶ
1103 1109 1243 1144 Ῥωμανὸς
1269 1106 1298 1135 δὲ
1336 1109 1349 1135 ὁ
1385 1108 1540 1146 πατρίκιος,
1570 1109 1584 1136 ὁ
1609 1111 1658 1136 τοῦ
1682 1108 1849 1145 δομεστίκου

1025 1154 1152 1182 Ἰωάννου
1192 1153 1261 1187 υἱὸς,
1315 1154 1465 1190 στρατηγὸς
1514 1153 1648 1184 καταστὰς
1685 1153 1778 1182 πολλά
1819 1164 1851 1181 τε

1027 1198 1142 1236 φρούρια
1162 1198 1351 1235 παρεστήσατο
1373 1198 1417 1225 καὶ
1442 1197 1576 1225 πλείστων
1608 1198 1735 1236 λαφύρων
1763 1196 1852 1229 αἶ’τιος

1028 1243 1129 1278 ὑπῆρξε
1156 1245 1215 1273 τοῖς
1243 1241 1400 1278 Ῥωμαίοις.
1440 1244 1496 1270 Τοῦ
1534 1242 1658 1270 Ἰωάννου
1697 1242 1725 1270 δὲ
1763 1253 1851 1280 παρα-

1026 1286 1137 1324 σχολῶν
1179 1288 1193 1314 ὁ
1236 1287 1408 1324 ΙΙανθήριος,
1434 1287 1448 1314 ὁ
1475 1289 1523 1315 τοῦ
1554 1287 1689 1325 βασιλέως
1711 1289 1854 1324 Ῥωμαιιοῦ

1066 1375 1253 1412 Ἰλασκόμινος
1282 1374 1310 1403 δὲ
1335 1376 1381 1403 τὸν
1411 1375 1475 1403 Θεὸν
1509 1376 1523 1402 ὁ
1554 1374 1682 1413 βασιλεὺς
1710 1375 1854 1412 Ῥωμανὸς

1030 1419 1074 1447 διὰ
1089 1421 1137 1454 τήν
1153 1422 1208 1447 τῶν
1224 1420 1312 1458 δρκων
1327 1417 1490 1457 παράϐασιν,
1519 1419 1563 1447 καὶ
1590 1422 1725 1456 μετανοῶν
1754 1420 1794 1458 ἐφ’
1811 1421 1855 1451 οἷς

1029 1466 1118 1496 κακῶς
1159 1463 1389 1501 παρεσπόνδησεν,
1420 1463 1504 1492 ἐποίει
1534 1465 1579 1501 μὲν
1614 1465 1658 1492 καὶ
1683 1463 1771 1496 ἄλλας
1809 1464 1853 1491 εὐ-

1029 1508 1132 1542 ποιίας,
1161 1508 1191 1539 ἃς
1227 1507 1382 1546 καταλέγειν
1421 1508 1507 1547 ἔργον,
1547 1509 1655 1536 ἀπέτισε
1684 1508 1711 1536 δὲ
1745 1508 1789 1536 καὶ
1818 1508 1856 1535 τὰ

1030 1553 1098 1590 χρέα
1125 1556 1175 1587 τῆς
1198 1552 1306 1584 πόλεως
1332 1553 1384 1580 ἀπό
1421 1564 1450 1580 τε
1487 1553 1626 1581 πλουσίων
1654 1553 1699 1580 καὶ
1728 1554 1857 1588 πενήτων

1031 1596 1166 1632 δεδωκὼς,
1194 1595 1232 1629 ὥς
1260 1608 1333 1631 φασι,
1372 1598 1532 1636 κεντηνάρια
1565 1597 1628 1625 δέκα
1656 1597 1739 1632 ἐννέα,
1768 1598 1801 1625 τὰ
1825 1596 1858 1625 δὲ

1031 1645 1206 1678 γραμματεῖα
1233 1642 1401 1673 κατακαύσας
1432 1641 1457 1669 ἐν
1493 1644 1532 1678 τῷ
1569 1643 1638 1670 κατὰ
1663 1643 1713 1677 τὴν
1742 1642 1858 1675 Χαλκῆν

1031 1689 1163 1724 πορφυρῷ
1192 1685 1331 1725 ὀμφαλίῳ,
1361 1685 1466 1714 Δέδωκε
1495 1685 1523 1714 δὲ
1551 1687 1651 1714 καὶτὰ
1681 1686 1781 1714 ἑνοίκια
1805 1690 1858 1721 τῆς

1032 1731 1139 1762 πόλεως
1153 1731 1205 1758 ἀπὸ
1218 1733 1266 1758 τοῦ
1291 1729 1465 1768 ὕψηλοτάτου
1493 1732 1538 1758 καὶ
1566 1732 1648 1770 μέχρι
1663 1734 1711 1759 τοῦ
1727 1731 1857 1769 ἐσχάτου.

1031 1777 1065 1804 “A
1090 1774 1118 1802 δὲ
1147 1774 1331 1803 διετυπώσατο
1356 1776 1475 1814 γίνεσθαι
1505 1776 1610 1814 ψυχικὰ
1638 1775 1762 1807 ἐπετεῖως
1779 1775 1804 1803 ἐν
1821 1778 1858 1813 τῇ

1033 1819 1228 1858 νεουργηθείσῃ
1267 1821 1331 1857 παρ’
1368 1821 1451 1848 αὐτοῦ
1495 1823 1565 1857 μονῇ
1607 1823 1655 1848 τοῦ
1684 1820 1856 1859 Μυρελαίου,

1034 1865 1105 1892 ἴσασι
1121 1865 1218 1896 πάντες
1236 1864 1319 1902 μέχρι
1334 1867 1382 1892 τοῦ
1393 1867 1438 1892 νῦν
1454 1864 1615 1902 τελούμενα.

1070 1954 1142 1981 Κατά
1170 1953 1199 1981 ὃὶ
1225 1955 1274 1989 τὴν
1304 1954 1415 1992 πρώτην
1456 1953 1612 1982 ἴνδικτιῶνα
1643 1956 1697 1982 τῶν
1725 1954 1856 1992 Τούρκων

1035 1998 1116 2026 πάλιν
1147 1997 1299 2035 ἐπιδρομὴν
1329 1999 1521 2034 ποιησαμένων
1563 2000 1630 2026 κατά
1658 1999 1810 2034 Ῥωμαίων,
1843 2000 1858 2027 ὁ

1035 2043 1281 2080 παρακοιμώμενος
1306 2042 1443 2080 Θεοφάνης
1477 2043 1590 2078 ἐξελθὼν
1630 2043 1770 2070 ἐσπείσατο
1801 2045 1860 2079 μετ’

1036 2087 1123 2114 αὐτῶν
1148 2087 1194 2114 καὶ
1218 2085 1310 2115 λαϐὼν
1343 2087 1467 2124 ὁμήρους
1499 2088 1657 2124 ὑπέστρεψε.
1688 2087 1802 2125 Δευτέρᾳ
1830 2086 1861 2115 δὲ

1038 2130 1183 2159 ὶνδικτιῶνι
1215 2131 1372 2169 Πασχάλιον
1396 2133 1641 2170 πρωτοσπαθάριον
1671 2132 1716 2159 καὶ
1742 2142 1860 2170 στρατη-

1035 2177 1080 2214 γὸν
1111 2174 1316 2214 Λαγγοϐαρδίας
1344 2175 1490 2212 ἐξέπεμψεν
1521 2177 1534 2203 ὁ
1566 2176 1694 2214 βασιλεὺς
1718 2176 1786 2212 πρὸς
1813 2176 1860 2204 τὸν

1038 2220 1107 2258 ῥῆγα
1136 2221 1278 2259 Φραγγίας
1301 2219 1415 2258 Οὕγωνα
1442 2222 1508 2258 (82),
1542 2221 1592 2255 τὴν
1612 2221 1696 2248 αὐτοῦ
1725 2221 1862 2259 θυγατέρα

726 2271 927 2301 XYLANDRI
950 2271 999 2301 ET
1022 2271 1139 2301 GOARI
1162 2272 1289 2301 NOTAE.

204 2321 239 2348 82

195 2322 250 2357 (82)
279 2322 340 2348 Imo
363 2328 442 2353 vero,
466 2322 498 2347 ut
531 2322 660 2347 historiae
685 2322 855 2355 loquuntur,
885 2327 982 2355 regem

160 2357 258 2384 Italiae.
274 2357 328 2384 Sed
345 2357 375 2383 in
392 2356 438 2384 his
453 2356 541 2384 rebus
556 2363 652 2391 neque
667 2355 769 2383 Noster
784 2363 878 2391 neque
889 2355 983 2383 ceteri

160 2393 249 2427 hujus
268 2392 368 2419 farinae
383 2392 541 2426 scriptores
565 2392 645 2419 fuere
660 2391 823 2427 diligentes.
841 2391 983 2418 Constan-

158 2428 254 2456 tinum
262 2427 540 2463 Porphyrogenitum
549 2427 679 2463 intellige
688 2436 744 2454 non
754 2427 876 2454 Romani
889 2427 980 2455 ﬁlium

158 2464 393 2496 Constantinum,
410 2464 459 2491 sed
478 2463 592 2496 Leonis,
609 2472 674 2491 eum
695 2465 741 2490 cui
759 2467 790 2490 ut
803 2471 909 2499 genere
926 2463 982 2490 im-

159 2500 259 2537 posuit
279 2499 456 2535 Lacapenus,
474 2502 502 2526 et
520 2499 589 2537 ipso
611 2499 639 2526 in
656 2499 790 2537 ordinem
812 2499 928 2537 redacto
949 2507 982 2527 ac

157 2535 379 2571 circumscripto
400 2537 458 2563 fere
483 2535 563 2563 solus
580 2544 646 2563 cum
662 2535 724 2563 suis
741 2536 808 2562 ﬁliis
824 2535 979 2570 imperium

157 2573 258 2610 gessit.
274 2571 588 2610 Perpbyrogenitorum
604 2573 724 2610 primus»
734 2574 982 2610 commemoratur

157 2607 400 2643 Copronymus,'e
422 2607 549 2635 conclavi
564 2607 663 2642 palatii
679 2608 725 2635 cui
741 2607 896 2643 Porphyrse
912 2607 981 2641 (ior-

157 2645 247 2672 tassis
266 2645 342 2680 quod
360 2644 516 2680 purpureis
541 2643 687 2679 tapetibus
706 2643 749 2670 vel
776 2643 885 2680 nudaeis
905 2644 983 2670 esset

157 2680 340 2716 exornatum)
351 2688 469 2711 nomen.
483 2681 510 2706 in
523 2687 581 2714 quo
599 2682 685 2707 natus
696 2681 792 2716 esset;
815 2687 846 2706 ac
859 2679 982 2716 fortasse

158 2717 246 2744 etiam
262 2714 377 2752 reliqui,
395 2719 493 2751 utpote
508 2715 628 2751 genuini
639 2719 678 2752 ret
701 2715 832 2752 suo‘loco
847 2714 908 2752 nati
924 2714 981 2742 im-

180 2750 408 2785 eratoresfloco
430 2750 469 2780 eo
500 2751 662 2787 puerperiis
691 2750 846 2787 destinato.
877 2750 983 2787 Noster

180 2761 320 2785 aratores.
345 2761 408 2780 1000
436 2761 469 2780 eo
500 2761 662 2787 puerperiis
691 2761 846 2779 uestinum.
877 2761 982 2778 LVUSLEI'

160 2761 266 2816 Eeonis
276 2787 414 2816 ﬁ1.etiam
426 2788 502 2816 inl'ra
521 2787 563 2815 sic
579 2787 727 2824 exprimit,
745 2786 882 2824 inprime
898 2786 982 2824 Nice-

160 2824 244 2861 phori
257 2824 357 2852 Phocea
372 2833 460 2853 anno.
469 2821 634 2852 Romanum
645 2821 816 2851 Contantiiii
826 2821 866 2850 ﬁl.
880 2822 982 2850 Leonis

241 2320 250 2357 )
279 2321 340 2348 Imo
363 2328 442 2357 vero,
466 2322 498 2347 ut
530 2319 855 2357 historieloquuntur,
885 2327 982 2357 regem
998 2321 1021 2353 D
1038 2319 1239 2347 N.Romauum
1253 2320 1371 2357 tertium
1384 2320 1492 2357 optime
1503 2319 1800 2357 dices,necuma;ltero
1811 2319 1864 2347 Πο-

1039 2364 1124 2383 mano
1139 2356 1473 2383 conl‘undatur.Romani
1488 2358 1522 2382 Ν.
1539 2355 1702 2383 Christil‘eri
1714 2356 1861 2383 F.nomen

1039 2392 1246 2427 liliaahﬂugonis
1257 2392 1383 2418 traditur
1392 2391 1498 2419 Bertha
1508 2392 1636 2419 Eudoxio
1647 2393 1757 2418 XYL.—
1768 2392 1861 2423 Quem

1036 2424 1215 2463 περίϐλεπέον
1232 2427 1366 2464 nominat
1386 2427 1594 2455 Constantinus
1618 2428 1653 2454 de
1672 2427 1758 2464 Adm.
1784 2430 1860 2464 Imp.

1036 2471 1060 2491 ο.
1077 2464 1122 2498 26,
1140 2466 1249 2499 patrem
1267 2462 1578 2495 habuitAdelbertum,
1595 2465 1717 2490 matrem
1732 2462 1860 2498 Bertam,

1036 2507 1120 2527 avum
1139 2499 1306 2527 Lotharium
1323 2499 1459 2526 Ludovici
1474 2499 1515 2526 Pii
1533 2499 1636 2526 ﬁlium.
1650 2500 1755 2533 Magnae
1771 2499 1861 2526 Fran-

1037 2535 1086 2562 cize
1102 2543 1161 2568 rex,
1178 2538 1210 2562 ut
1225 2535 1320 2562 verbis
1336 2535 1516 2563 Constantini
1534 2539 1610 2570 utar,
1627 2543 1772 2570 nusquam
1796 2536 1862 2568 luit,

1045 2571 1094 2598 sed
1124 2579 1221 2598 comes
1251 2571 1405 2598 Provincize
1430 2571 1490 2599 sive
1514 2571 1705 2599 Arelatensis.
1721 2572 1763 2598 Ab
1779 2571 1862 2598 Italis

1036 2609 1172 2648 vocatus,
1188 2607 1457 2648 ejecto'Rodulpho,
1474 2607 1700 2648 Italiae_regnum
1713 2607 1859 2648 obtinuit:

1037 2643 1114 2680 ynde
1124 2641 1172 2679 ρἦ
1189 2642 1324 2680 Φραγγίας
1335 2652 1352 2670 a
1362 2641 1468 2680 Graecis
1479 2641 1745 2680 appellarimeruit.
1758 2642 1861 2680 Filiam

1036 2677 1151 2706 Bertain
1168 2686 1200 2706 ex
1217 2677 1380 2706 concubina
1388 2677 1529 2714 genitam.
1541 2679 1691 2714 Sigei‘redo
1707 2677 1861 2706 Parmensi

1035 2714 1171 2755 episcopo
1187 2722 1301 2755 sponsae
1327 2715 1861 2755 duce,jungendamhrﬁomiﬂioﬁon-

1036 2751 1126 2792 stanti
1154 2750 1396 2792 Pprphyrogeniti
1411 2750 1532 2792 '(‘Ipolim
1546 2750 1701 2792 _misit,’_ac
1724 2750 1860 2778 Eudoxia

1036 2786 1153 2815 nomine
1168 2785 1432 2822 dei’nceps’audivit
1443 2785 1626 2822 insignitam.
1641 2788 1732 2815 Gem.
