1936 3048
94 162 134 192 53
664 158 939 191 HISTORIARUM
961 159 1236 190 COMPENDIUM.
1765 158 1806 187 54

95 227 235 262 ἰπιζητῶν
274 226 459 264 νυμφευθῆναι
493 227 533 261 τῷ
573 227 620 252 τοῦ
664 225 920 263 Πορφυρογεννήτου

1011 225 1105 260 geniti
1123 224 1184 252 ﬁlio
1202 224 1332 252 Romano
1348 223 1446 259 nepoti
1460 231 1524 251 suo.
1541 223 1609 256 Qua:
1628 224 1656 250 et
1679 222 1806 251 adducta

95 273 149 308 υἱῷ
176 272 330 308 Ῥωμανῷ·
361 270 422 305 ἥτις
463 270 506 298 καὶ
546 270 663 302 ἀχθεῖσα
706 270 773 306 μετᾶ
802 267 924 295 πλούτού

99 315 208 343 πολλοῦ
252 316 374 354 συνῆφθη
414 316 559 351 Ῥωμανῷ.
603 311 755 341 Συνεϐίωσε
796 312 825 340 δὶ
868 313 924 349 μετ’

101 361 185 388 αὐτοῦ
220 358 265 395 ἔτη
292 360 313 386 ε’
337 361 381 386 καὶ
406 360 529 387 ἀπέθανε.
556 358 680 396 Ἐγένετο
705 357 734 386 δὲ
758 358 803 385 καὶ
835 357 923 395 βίαιος

99 404 199 441 ἄνὶμος
229 405 294 441 μηνὶ
325 402 502 442 Δεκεμϐρίῳ·
533 404 578 431 καὶ
607 403 804 433 παταπεσόντες
829 403 855 429 οἳ
881 402 924 429 λι-

99 450 215 487 γόμενοι
242 453 331 485 Δῆμοι
356 450 412 485 (83)
437 448 596 486 συνέτριψαν
631 449 664 476 τὸ.
692 447 810 475 κάτωθεν
835 446 920 474 αὐτῶν

101 494 188 532 βάθρα
203 494 247 522 καὶ
261 494 295 521 τὰ
310 494 444 531 Λεγόμινα
460 494 569 529 στήθεα.

132 540 190 574 Τῆς
219 538 329 569 πόλεως
358 537 387 566 δὶ
425 537 553 573 Ἐδέσσης
580 536 819 575 πολιορκουμένης
849 536 922 573 παρὰ

94 585 151 610 τῶν
192 583 354 618 Ῥωμαϊκῶν
400 581 552 618 δυνάμεων,
598 581 848 619 στενοχωρηθὲντες
895 580 920 607 οὶ

94 625 254 662 Ἐδεσσηνοὶ
279 629 340 658 τοῖς
369 626 398 654 ἐκ
427 630 477 661 τῆς
505 626 668 664 πολιορκίας
694 624 793 656 δεινοῖς
814 624 919 662 διεπρε-

96 668 242 699 σϐεύσαντο
271 671 339 708 πρὸς
375 670 497 708 βασιλέα,
537 671 693 707 αἰτούμενοι
737 670 919 702 ἀπαναστῆναι

96 719 148 751 νῆς
175 714 336 754 προσιδρίας
359 716 403 743 τὸν
429 714 495 743 λαόν
513 725 519 732 ι
547 715 591 742 καὶ
619 715 799 752 ὑπισχνοῦντο
813 712 920 741 ἀντίλυ-

95 771 160 798 τρον
190 759 280 788 δοῦναι
295 761 326 788 τὸ
336 763 384 788 τοῦ
400 762 520 798 Χριστοῦ
531 760 607 797 ἅγιον
621 759 774 796 ἐκμαγεῖον.
790 758 920 792 Λυθείσης

101 804 148 832 οὖν
162 808 212 840 τῆς
226 804 388 841 πολιορκίας
414 803 493 839 ἐδόθη
515 804 546 831 τὸ
569 807 639 836 θεῖον
659 803 805 839 ἐκτόπωμα
820 802 863 830 καὶ
880 802 919 833 εἷς

92 850 144 884 τὴν
162 848 289 888 βασιλίδα
304 848 391 887 ἤχθη.
409 848 611 885 ὑποδεξαμένου
627 850 706 876 τοῦτο
721 850 770 875 τοῦ
786 846 919 885 βασιλέως

100 895 168 930 μετᾶ
197 894 325 932 λαμπρᾶς
353 894 397 922 καὶ
436 893 595 931 πρεπούσης
628 891 801 931 δορυφορίας,
830 893 919 924 καθὼς

96 938 248 976 ἔμπροσθεν
265 938 325 966 εἷ’πο
330 949 388 976 μιν.

131 984 206 1011 Κατὰ
234 983 332 1014 ταύτας
358 983 406 1014 τὰς
435 982 539 1020 ἡμέρας
566 982 592 1017 ἐξ
621 981 764 1020 Ἀρμενίας
792 980 918 1020 ἐφοίτησε

92 1028 171 1065 τέρας
197 1027 222 1055 ἐν
251 1029 285 1065 τῇ
310 1027 502 1065 βασιλευούσῃ,
526 1026 620 1059 παῖδες
648 1026 754 1064 ἅρῥενες
781 1028 915 1064 συμφυεῖς

97 1072 128 1100 ἐκ
159 1073 223 1109 μιᾶς
251 1071 430 1110 προελθόντες
458 1072 585 1109 γαστρός.
608 1070 794 1106 Ἐξηλάοησαν
825 1068 853 1097 δὲ
867 1073 917 1104 τῆς

98 1116 209 1149 πόλεως
237 1117 273 1147 ὡς
304 1117 421 1155 πονῃρὸς
450 1116 559 1147 οἲωνός.
590 1116 650 1143 Ἑπί
679 1114 708 1142 δὲ
734 1114 918 1142 Κωσταντίνου

87 1161 177 1194 ,πάλιν
203 1160 339 1194 εἷσῆλθον.
369 1160 446 1188 Ἐπεὶ
469 1159 497 1188 δὶ
523 1157 622 1194 συνέϐη
646 1159 691 1186 τὸν
715 1157 760 1186 ἕνα
787 1158 918 1193 τελευτῆ-

95 1216 151 1240 σαι,
191 1207 265 1242 [632]
319 1204 496 1243 ἐπειράθησαν
553 1205 578 1232 ot
634 1203 822 1241 ἐμπειρότεροι
865 1205 919 1230 τῶν

97 1250 197 1287 ἴατρῶν
214 1250 360 1286 ἀποτεμεῖν
385 1250 416 1277 τὸ
435 1249 567 1286 νεκρωθὶν
598 1248 690 1286 μέρος·
714 1248 744 1275 οὗ
767 1247 918 1284 τμηθέντος

95 1295 127 1322 τὸ
144 1297 196 1329 ζῶν
213 1292 391 1326 ἕπιϐεϐιωκὸς
407 1294 503 1332 μικρὸν
518 1293 702 1328 ἐτελεύτησεν.

131 1339 162 1367 Ὀ
178 1338 208 1366 δὶ
232 1338 358 1376 βασιλεὺς
387 1338 527 1374 Ῥωμανὸς
552 1338 597 1365 καὶ
626 1338 728 1368 πάντας
759 1337 806 1373 μὲν
840 1336 919 1373 ἐτίμα

97 1385 161 1414 τοὺς
181 1383 330 1421 μοναχοῦς,
352 1381 534 1422 διαφερόντως
555 1381 584 1409 δὲ
606 1382 651 1409 τὸν
670 1381 792 1419 μοναχὸδ
809 1381 918 1419 Σέργιον

94 1429 140 1456 τὸν
167 1428 279 1464 ἀνεψιὸν
301 1427 410 1455 Φωτίου
443 1429 491 1454 τοῦ
519 1426 703 1464 πατριάρχου,
727 1422 832 1464 ἀρεταῖς
858 1425 920 1453 ὄντα

94 1472 266 1508 κιτάκοσμον
294 1473 338 1499 καὶ
367 1474 432 1499 πᾶσι
461 1471 651 1508 κοσμούμενον
671 1473 729 1501 τοῖς
758 1469 866 1504 καλοῖς,
892 1471 920 1502 ὃς

98 1516 142 1544 διὰ
157 1518 256 1548 παντὸς
285 1516 401 1554 παρῄνει
426 1518 465 1552 τῷ
490 1515 599 1554 βασιλεῖ
620 1516 673 1542 τῶν
698 1513 801 1542 παίδων
823 1515 919 1550 ἐπιμε-

97 1562 205 1589 λεῖσθαι
233 1560 277 1588 κάῖ
307 1562 343 1597 μὴ
373 1559 551 1590 ἀπαιδεύτοῦς
574 1559 686 1590 τούτους
709 1559 765 1594 ἐᾷν,
793 1560 830 1595 μὴ
860 1569 918 1590 πως

95 1606 140 1633 καὶ
157 1606 239 1637 αὐτὸς
267 1596 341 1642 πάθῃ
368 1605 399 1632 τὸ
428 1606 476 1632 τοῦ
497 1603 573 1632 Ἠλεί
602 1604 668 1641 (84).
684 1605 723 1640 Τῇ
748 1602 777 1630 δὶ
795 1603 863 1640 αὖτῇ
879 1603 918 1630 ἲν-
934 1596 956 1629 C

96 1650 219 1678 δικτιῶνι
245 1651 397 1688 κατήγαγον
427 1650 472 1676 νὸν
498 1648 612 1686 βασιλέα
632 1648 773 1685 Ῥωμανὸν
795 1650 844 1675 τοῦ
867 1658 917 1674 πα·

97 1696 193 1723 Λατίου
219 1694 264 1722 καὶ
291 1694 328 1725 εἲς
355 1694 405 1728 τήν
434 1696 549 1731 Πρώτην
579 1694 636 1730 (85)
665 1693 810 1730 ἀγάγόντις
837 1696 917 1727 νῆσον

96 1739 240 1776 ἀπέκειραν
272 1739 402 1776 μοναχόν,
437 1738 514 1770 Τίνες
549 1736 578 1765 δὲ
606 1737 633 1764 oi
660 1740 755 1765 τοῦτον
781 1738 919 1765 κατασπά-

96 1794 189 1815 σαντες
209 1787 258 1818 τῆς
285 1783 384 1821 ἀρχῆς,
407 1783 452 1810 καὶ
475 1783 536 1811 τίνα
559 1782 672 1818 τρόπον,
689 1782 714 1809 ἐν
739 1784 798 1814 τοῖς
821 1782 919 1819 ᾶπαγο-

98 1828 190 1865 μένοις
207 1828 354 1864 λελέξεται.

135 1872 335 1900 Κωνσταντίνου
349 1874 397 1900 τοῖ’)
415 1871 550 1910 βασιλέως
570 1871 596 1899 ἐν
618 1870 722 1907 κομιδῇ
747 1871 793 1906 νὲᾳ
807 1871 841 1908 τῇ
855 1870 918 1905 ἡλι-

96 1918 144 1952 κίᾳ
167 1916 426 1955 ἀπορφανισθέντος,
455 1915 500 1943 καὶ
532 1918 586 1943 τῶν
617 1915 785 1953 πραγμάτων
817 1916 868 1942 ὑπό
891 1926 921 1942 τι

97 1965 146 1996 τῆς
169 1961 274 1998 μητρὸς
290 1961 372 1988 αὐτοῦ
390 1963 468 1995 Ζωῆς
490 1960 536 1987 καὶ
559 1962 614 1987 τῶν
639 1959 792 1997 ἐπιτρόπων
809 1959 855 1990 οὕς
871 1959 920 1997 ἔμ-

97 2005 213 2043 προσθεν
240 2004 454 2042 ἡριθμησάμεθα
490 2003 701 2041 διοιλουμὲνων,
736 2005 750 2032 ὁ
788 2015 918 2042 παρακοι-

99 2050 228 2086 μώμενος
245 2051 444 2080 Κωνσταντῖνος
474 2048 580 2088 μεγάλα
617 2049 690 2085 παρὰ
724 2050 758 2086 τῇ
798 2048 919 2087 βασιλίδι

97 2093 256 2131 δυνάμενος,
286 2093 328 2121 ἐπ’
354 2093 458 2132 ἀδελφῇ
485 2104 514 2121 τε
548 2091 672 2132 γαμϐρὸν
697 2092 770 2131 ἔχων
798 2094 844 2121 τὸν
873 2094 920 2131 μά-

96 2149 206 2177 γιστρον
235 2139 338 2166 Λὲοντα
365 2138 410 2165 τὸν
450 2140 547 2165 Φωκᾶν
588 2137 748 2174 δομέστικον
777 2136 839 2165 ὄντα
866 2140 918 2165 τῶν

97 2183 208 2222 σχολῶν
238 2185 289 2216 τῆς
319 2182 483 2218 Ἀνατολῆς,
515 2183 560 2210 καὶ
589 2183 662 2219 παρὰ
689 2185 769 2210 τοῦτο
781 2183 829 2214 τὰς
844 2183 920 2218 ἡνίας

98 2228 200 2259 ἁπάσας
214 2229 264 2262 τῆς
291 2227 430 2265 βασιλείας
455 2227 508 2261 ὅπη
533 2227 578 2254 καὶ
602 2226 732 2264 βούλοιτο
755 2227 920 2266 περιφέρων,

666 2282 866 2313 XYLANDRI
890 2285 939 2315 ET
961 2283 1079 2315 GOARI
1101 2283 1228 2314 ΝΟΤᾸΞ.

134 2331 191 2366 (83)
207 2331 237 2359 Id
249 2332 294 2358 est
305 2330 371 2367 pagi
382 2339 392 2358 :
403 2331 444 2358 sic
454 2330 532 2367 enim
549 2330 648 2367 Cicero
660 2330 801 2367 convertit
811 2331 923 2359 Atticos

101 2364 218 2401 δήμους.
234 2364 376 2394 Caeterum
391 2369 442 2394 aut
459 2365 544 2402 βάθρα
567 2366 655 2401 pedes
677 2366 856 2401 signiﬁcant,
873 2369 924 2395 aut

99 2402 200 2436 στήθεα
216 2411 333 2438 quoque
348 2402 428 2430 aliud
449 2410 538 2437 quam
566 2404 771 2438 communiter.
802 2402 873 2430 XYL.

101 2441 201 2472 Δῆμοι.
219 2436 422 2467 Prominentes
438 2436 581 2465 tectorum
604 2436 803 2465 tabulatorum
830 2442 924 2473 petra-

101 2481 226 2509 rumque
242 2483 277 2502 ex
289 2474 420 2509 aediﬁciis
446 2473 545 2507 facies,
575 2474 753 2508 suggrundae
769 2475 798 2500 et
812 2482 925 2502 corona)

101 2508 232 2545 parietis,
249 2513 318 2538 sunt
335 2508 430 2545 δῆμοι,
448 2511 481 2536 ut
496 2509 546 2544 qui
572 2509 711 2545 populum
725 2509 922 2572 (prospiciunt.

101 2545 193 2572 Baiana
209 2545 337 2572 diximus
353 2553 442 2572 supra
453 2553 516 2572 esse
531 2547 670 2572 suzzesta
693 2553 723 2572 se
747 2553 836 2572 esaue
851 2545 922 2572 lani-

101 2545 193 2582 Biepa
209 2545 337 2573 diximus
353 2553 442 2581 supra
453 2553 516 2572 esse
531 2547 670 2580 suggesta
693 2545 836 2582 sedesque
851 2545 926 2581 lapi-

102 2583 171 2623 deas
187 2581 863 2623 partibuslimperatorem‘excepturisjpsisque
878 2590 925 2623 ex-

103 2617 257 2652 cipiendis,
273 2618 355 2653 iuxta
368 2616 517 2657 palatium
529 2616 697 2651 dispositas.
724 2616 829 2657 Στήθεα
845 2616 927 2645 colu-

104 2652 243 2689 mellaarsu
249 2657 280 2681 nt
293 2653 396 2681 ordine
407 2653 556 2689 disposita
568 2660 600 2689 ac
609 2652 927 2689 superpositolongiori

103 2688 237 2730 epistylio
249 2690 370 2730 junctae,
395 2687 589 2730 circumjecti‘
601 2687 715 2730 clathri,
745 2687 927 2730 circumdata

103 2723 444 2762 septaetrépagula,sive
455 2723 862 2760 cancellihumiliores,spatio
873 2733 927 2753 suo

103 2760 242 2790 interiore
257 2763 387 2797 receptos
399 2769 415 2789 a
425 2761 636 2797 circumstante
646 2760 691 2787 vel
703 2761 831 2797 irruente
841 2761 929 2789 turba

104 2795 332 2841 propugnantes:
349 2797 513 2825 Germanus
529 2796 558 2824 in
574 2795 754 2833 Mystagogia
764 2804 823 2824 non
843 2796 928 2833 longe

107 2832 144 2860 ab
159 2833 278 2862 exordio
292 2841 300 2862 ε
314 2833 352 2860 Τὰ
364 2832 455 2860 κιόνια
466 2831 529 2868 ἤτοι
539 2830 574 2859 τὰ
592 2833 697 2867 στήθεα
724 2829 929 2870 διαχωρίζοντα

979 271 1024 297 est
1039 270 1154 305 magnis
1173 277 1240 297 cum
1265 268 1381 304 opibus,
1407 270 1435 295 et
1450 275 1516 295 cum
1541 267 1672 295 Romano
1695 268 1804 296 exactis

978 314 1006 341 in
1025 315 1161 349 conjugio
1177 314 1262 341 annis
1277 313 1409 349 quinque
1424 321 1438 340 e
1454 313 1512 340 vita
1533 311 1680 348 migravit.
1705 312 1802 340 Mense

981 359 1126 387 Decembri
1143 358 1288 386 violentus
1300 360 1407 385 ventus
1433 356 1543 385 exstitit
1559 366 1565 384 :
1579 359 1608 384 et
1634 359 1802 384 corruentes

978 405 1027 440 qui
1043 407 1184 432 vocantur
1200 403 1283 431 Demi
1299 404 1502 431 contriverunt
1528 410 1629 430 eorum
1646 402 1696 439 qui
1726 402 1802 430 infra

977 451 1060 477 erant
1076 452 1192 485 pectora
1208 451 1297 484 atque
1313 449 1412 485 pedes.

1012 539 1084 566 Cum
1092 547 1125 566 eo
1133 543 1262 574 tempore
1270 538 1379 566 Edessa
1386 546 1403 565 a
1415 537 1556 565 Romanis
1569 539 1800 573 oppugnaretur,

975 583 1113 618 oppidani
1137 583 1230 619 pressi
1243 582 1449 619 oppugationis
1457 581 1676 610 calamitatibus
1690 581 1803 617 legatos

977 629 1012 655 ad
1028 628 1235 662 imperatorem
1251 627 1384 657 mittunt.
1405 628 1521 654 orantes
1548 626 1588 653 uti
1617 626 1801 654 obsidionem

976 672 1080 702 solvat.
1097 680 1130 699 ac
1146 671 1266 708 polliciti
1284 680 1336 707 pro
1351 671 1416 706 ejus
1430 671 1472 698 rei
1487 670 1608 706 prmmio
1627 670 1735 698 Christi
1751 679 1800 698 sa-

976 725 1053 744 cram
1071 717 1099 744 in
1119 716 1206 744 linteo
1221 723 1388 752 expressam
1408 714 1547 751 efﬁgiem.
1563 715 1692 750 Eumque
1707 715 1800 751 impe-

974 764 1051 789 trato
1066 763 1143 797 quod
1159 761 1296 789 volebant
1310 761 1454 788 dederunt
1470 768 1476 786 :
1493 762 1522 787 et
1537 761 1581 787 est
1595 759 1624 786 in
1641 759 1743 787 urbem
1760 759 1800 787 al-

974 806 1043 839 lata,
1061 806 1224 841 excipiente
1252 813 1316 833 eam
1346 807 1522 840 imperatore
1550 812 1616 832 cum
1643 803 1799 840 splendida

975 858 1093 886 pompa,
1109 850 1185 878 sicut
1200 852 1267 878 ante
1282 849 1449 877 retulimus.

1011 985 1089 1013 ατο
1105 985 1156 1012 His
1172 984 1245 1020 ipsis
1270 984 1374 1012 diebus
1399 992 1433 1012 ex
1457 984 1594 1012 Armenia
1620 983 1741 1012 allatum
1757 986 1802 1011 est

973 1033 1140 1057 monstrum
1157 1029 1272 1065 Cpolin,
1289 1029 1370 1065 pueri
1389 1029 1511 1056 masculi
1529 1029 1667 1061 concreti,
1678 1029 1800 1062 uterini;

973 1075 1063 1110 iique,
1080 1077 1113 1101 ut
1128 1074 1229 1101 infelix
1244 1081 1340 1108 omen,
1358 1073 1429 1101 urbe
1445 1075 1514 1101 sunt
1530 1073 1624 1108 ejecti.
1642 1073 1802 1100 Redierunt

973 1119 1028 1146 sub
1044 1119 1233 1146 Constantino
1250 1128 1257 1151 ;
1271 1120 1300 1145 et
1315 1126 1381 1146 cum
1398 1117 1471 1145 alter
1486 1120 1620 1145 mortuus
1631 1117 1799 1153 esset,peri-

973 1163 1063 1191 tiores
1081 1162 1185 1190 medici
1203 1163 1326 1190 cadaver
1341 1171 1358 1190 a
1376 1162 1439 1190 vivo
1464 1165 1651 1190 resecuerunt
1668 1171 1674 1190 :
1693 1170 1797 1198 parum

973 1209 1072 1236 tamen
1088 1207 1137 1234 diu
1153 1207 1228 1235 alter
1241 1206 1410 1243 supervixit.

1010 1342 1160 1369 Romanus
1175 1341 1335 1376 imperator
1349 1349 1416 1368 cum
1433 1340 1507 1369 alios
1521 1340 1681 1368 monachos
1696 1341 1724 1367 in
1744 1340 1796 1367 ho-

974 1394 1045 1414 nore
1061 1386 1172 1419 habuit,
1188 1388 1250 1412 tum
1275 1385 1410 1420 Sergium
1438 1385 1582 1422 praecipue
1607 1385 1796 1418 monachum,

974 1430 1182 1457 consobrinum
1192 1429 1284 1456 Pbotii
1292 1429 1629 1465 patriarchasﬁorentem
1640 1429 1798 1457 virtutibus

975 1478 1001 1503 et
1017 1474 1154 1502 omnibus
1171 1476 1305 1501 ornatum
1323 1474 1407 1501 bonis
1423 1474 1510 1501 rebus
1526 1474 1551 1501 ls
1566 1473 1684 1508 Sergius
1695 1473 1799 1500 identi-

975 1519 1040 1547 dem
1051 1519 1224 1546 hortabatur
1234 1518 1438 1553 imperatorem
1448 1521 1481 1545 ut
1493 1517 1634 1558 filiossnb
1645 1518 1801 1553 disciplina

974 1563 1146 1594 contineret.
1164 1571 1199 1590 ne
1216 1563 1292 1590 idem
1306 1562 1361 1598 ipsi
1378 1563 1455 1598 quod
1474 1562 1515 1590 Eli
1531 1562 1668 1590 eveniret.
1689 1563 1798 1590 Eadem

974 1608 1133 1635 indictione
1148 1609 1297 1635 Romanus
1313 1606 1471 1642 imperator
1482 1606 1588 1642 palatio
1602 1607 1726 1634 eductus
1742 1609 1797 1638 est.

973 1655 1002 1680 et
1025 1653 1053 1679 in
1083 1653 1198 1680 Protam
1229 1651 1357 1679 insulam
1388 1650 1515 1687 relegata
1543 1651 1669 1687 capillus
1697 1659 1794 1684 rasus,

975 1696 1166 1731 monachique
1181 1695 1319 1731 imposita
1334 1695 1474 1723 conditio.
1507 1700 1528 1722 Α
1558 1695 1667 1731 quibus
1694 1698 1795 1731 etquo

975 1743 1060 1770 modo
1077 1741 1249 1769 deturbatus
1262 1740 1384 1776 imperio
1400 1740 1497 1775 fuerit,
1514 1739 1578 1776 jam
1607 1748 1686 1768 nunc
1706 1748 1795 1776 exp0<

974 1794 1090 1814 nemus.

1009 1873 1389 1910 Constantiuusimperator
1412 1873 1517 1901 Leonis
1541 1871 1621 1900 ﬁlius
1634 1872 1796 1900 admodum

974 1928 1047 1955 puer
1059 1918 1197 1946 amiserat
1209 1921 1319 1954 patrem
1334 1926 1340 1944 :
1354 1920 1382 1945 et
1392 1917 1546 1945 materZoe
1555 1925 1588 1944 ac
1599 1919 1798 1952 tutores,quos

975 1964 1110 1999 superius
1125 1962 1433 1997 commemoravimus,
1446 1962 1578 1989 omnium
1591 1970 1689 1989 rerum
1705 1960 1798 1988 admi-

976 2008 1140 2036 nistrationi
1153 2007 1380 2044 praefuerantEo
1392 2015 1490 2035 rerum
1502 2008 1580 2034 statu
1591 2005 1800 2039 Constantinus

975 2052 1174 2080 cubicularius
1191 2060 1302 2087 magnae
1317 2052 1394 2088 apud
1420 2052 1506 2079 Zoam
1536 2051 1683 2087 potentia,
1713 2050 1799 2085 cujus

975 2105 1102 2125 sororem
1118 2097 1147 2123 in
1165 2097 1351 2124 matrimonio
1368 2096 1502 2124 habebat.
1521 2096 1575 2123 Leo
1588 2095 1699 2123 Phocas
1710 2095 1801 2130 magi-

975 2144 1036 2169 ster
1051 2144 1079 2168 et
1093 2141 1260 2168 scholarum
1277 2141 1453 2169 domesticus
1461 2139 1659 2175 orientalium,
1683 2138 1801 2175 imperii

974 2186 1105 2214 habenas
1121 2193 1173 2212 suo
1187 2185 1329 2213 arbitratu
1345 2185 1561 2220 torquens,dies
1577 2186 1736 2220 noctesque
1752 2192 1801 2212 co-

975 2230 1085 2266 gitabat
1101 2237 1159 2265 quo
1175 2229 1261 2257 modo
1271 2229 1301 2257 in
1312 2229 1440 2257 Pbocam
1453 2229 1564 2257 sororis
1576 2229 1714 2257 maritum
1731 2230 1827 2289 (30n-0

978 2331 1009 2358 τὸ
1024 2330 1101 2368 βῆμα
1116 2329 1168 2368 ἀπο
1197 2332 1244 2357 τοῦ
1267 2328 1366 2368 λοιποῦ
1387 2331 1469 2368 -ναοῦ,
1499 2329 1544 2356 καὶ
1574 2327 1721 2368 κάγκελνλα.
1751 2329 1802 2357 His

979 2366 1074 2395 tribus
1090 2367 1185 2394 verbis
1200 2367 1350 2402 expositis,
1368 2366 1454 2402 plana
1469 2369 1514 2394 est
1531 2366 1717 2401 mens'hujus
1732 2374 1802 2393 seu-

979 2403 1076 2430 tentias
1093 2411 1099 2430 :
1120 2402 1234 2431 Violenti
1250 2407 1389 2430 ventorum
1401 2403 1483 2437 ﬂatus
1505 2404 1596 2430 exorti
1608 2404 1803 2438 sunt,quorum

980 2440 1083 2474 impetu
1103 2439 1268 2474 suggrundaz
1292 2440 1356 2466 tecti
1378 2443 1404 2465 et
1428 2439 1569 2473 parietum
1599 2438 1754 2466 decidentes
1777 2439 1803 2465 et

982 2475 1064 2510 lapsa)
1088 2477 1220 2510 suggesta
1246 2474 1373 2509 sedesque
1399 2474 1454 2501 sibi
1487 2474 1629 2510 subjectus,
1644 2482 1761 2510 necnon
1777 2475 1803 2501 et

980 2510 1111 2545 repagula
1134 2509 1355 2538 comminuerunt
1386 2511 1411 2536 ιι
1434 2509 1634 2546 contr-icerant.
1659 2509 1804 2546 Xylandcr

981 2546 1064 2581 quasi
1077 2554 1092 2573 e
1102 2554 1189 2573 scena
1201 2546 1292 2573 risum
1301 2546 1446 2573 facturus:
1463 2545 1605 2573 Violentus
1614 2545 1707 2573 ventus
1717 2546 1802 2572 exsti-

982 2581 1133 2616 tit,inquit;
1143 2584 1168 2609 et
1182 2583 1337 2609 carmentes
1352 2583 1399 2616 qui
1423 2586 1553 2609 vocantur
1567 2582 1652 2614 demi,
1664 2583 1804 2609 contriue-

982 2620 1049 2645 runt
1062 2625 1159 2645 eorum
1170 2619 1218 2652 qui
1229 2617 1305 2650 infra
1315 2622 1392 2645 erant
1402 2619 1510 2653 pectora
1525 2619 1606 2653 atque
1616 2617 1801 2651 pedes.Goan.

1017 2653 1073 2689 (84)
1088 2653 1147 2680 Elis
1160 2653 1282 2681 historia
1292 2661 1325 2680 ex
1341 2653 1483 2688 principio
1493 2652 1636 2680 librorum
1653 2661 1803 2680 sacrorum

981 2689 1110 2716 Samursli
1125 2691 1169 2716 est
1193 2688 1358 2716 notissima.
1384 2691 1421 2716 Et
1445 2689 1576 2716 narratio
1596 2689 1631 2716 de
1654 2688 1803 2716 Edessena

981 2724 1175 2788 ima%ine)€at,
1191 2732 1361 2761 quanquam
1378 2724 1474 2752 secius
1489 2727 1576 2760 atque
1590 2724 1743 2760 hio,supra
1755 2732 1804 2753 ex-

982 2769 1045 2788 οοει
1061 2769 1087 2788 a.
1131 2769 1174 2788 γι.

1003 2761 1087 2788 osita.
1103 2761 1174 2788 XYL.

982 2769 1087 2797 posita.
1105 2769 1174 2788 λη.

1019 2796 1075 2833 (85)
1090 2795 1269 2832 Hellesponti
1284 2796 1320 2824 ad
1334 2795 1387 2824 ΟΡ.
1404 2794 1541 2824 insulam.
1559 2796 1649 2824 Goaa.
