1936 3048
123 132 162 162 55
799 129 958 161 GEORGH
980 128 1150 160 GEDRENI
1791 125 1830 155 56

125 199 255 228 stantino
267 198 384 227 sublato
395 198 551 234 imperium
563 198 823 227 transferret.82l
840 198 871 227 Id
883 206 889 225 ι

1063 205 1113 232 τωρ
1139 195 1184 223 καὶ
1216 195 1274 232 μεθ’
1307 195 1410 231 ῆμέραν
1450 192 1564 230 ἰμελέτα
1590 194 1628 224 εἰς
1654 193 1701 220 τὸν
1731 193 1827 220 ἑαυτοῦ

126 245 249 273 sentiret
266 243 450 271 Constantini
478 243 656 279 pmdanogus
680 243 851 271 Theodorus
873 242 950 278 quod

127 292 156 318 et
170 297 260 324 supra
275 288 470 323 narravimus,
487 297 604 324 operam
621 289 740 315 dederat
756 290 788 315 ut
807 287 952 316 seniorem

130 335 321 369 Lacapenum,
338 333 379 361 rei
395 335 458 360 tum
476 333 587 360 navalis
604 332 843 368 drungarium,in
856 331 953 359 aulum

130 378 340 411 introduceret,
355 385 482 413 eumque
499 377 665 412 imperatori
684 380 838 413 patronum
855 377 954 404 defen-

131 430 288 458 soremque
302 422 482 450 conciliaret.
500 423 532 449 At
553 430 618 449 vero
648 421 677 448 in
694 421 790 449 aulam
821 423 955 456 receptus

131 467 291 500 Romanus,
309 469 336 494 et
350 465 493 501 paulatim
511 474 543 493 eo
559 474 733 502 progressus
749 468 781 493 ut
807 473 953 493 summam

133 519 231 539 rerum
247 510 276 538 in
293 519 347 538 sua
362 510 483 538 haberet
498 512 711 546 potestate,non
728 512 884 538 contentus
895 517 957 546 per-

134 556 245 589 missis,
261 555 370 583 viola‘to
386 555 473 583 etiam
486 555 680 590 jurejurando
705 555 784 591 (nam
801 563 832 582 se
860 555 956 589 ipsum

135 601 206 629 diris
221 601 385 633 devoverat,
399 600 424 626 si
435 608 566 634 unquam
580 599 738 634 imperium
754 602 829 627 esset
840 599 957 626 ati‘ecta-

136 645 232 681 turus)
248 653 278 672 se
292 644 390 680 ipsum
407 644 612 679 imperatorem
642 646 798 678 creaverat,
815 643 959 671 Constan-

137 689 199 717 tino
213 689 289 716 ultro
308 688 426 724 quidem
443 696 474 716 se
487 688 585 716 animo
598 688 701 722 invito,
723 689 799 724 quod
823 691 868 716 est
881 688 959 724 apud

138 734 336 767 Ilomerum,ei
353 733 489 761 diadema
504 733 785 769 imponente.Neque
801 733 960 767 hocmodo,

139 783 188 810 sed
205 785 234 810 et
247 782 335 818 paulo
347 785 412 817 post
422 782 515 809 filium
526 790 613 809 suum
625 782 828 810 Christiferum
841 785 869 809 et
878 782 962 817 paulo

140 829 206 862 post
220 827 400 862 Stephanum
413 835 445 854 ac
457 826 679 854 Constantinum
692 827 768 854 filios
779 827 815 854 ad
829 827 960 854 eamdem

142 873 274 899 evexerat
284 871 528 907 designationem.
538 871 601 906 Ipse
613 871 772 907 imperator
787 870 961 902 declaratus,
980 883 1002 915 Β

143 924 330 952 nequaquam
347 918 503 943 contentus
518 916 647 943 secundo
673 915 746 948 loco,
773 916 963 951 paedagogum

143 963 171 988 et
184 960 256 988 alios
273 968 347 996 quos
363 960 418 987 sibi
435 960 495 987 fore
516 960 638 995 putabat
661 960 871 996 impedimento
899 960 966 987 sub-

144 1007 273 1032 moverat
290 1013 296 1031 :
313 1005 408 1040 primo
420 1005 482 1032 loco
498 1012 528 1032 se
539 1004 661 1032 salutari
675 1005 881 1040 imperatorem
895 1006 965 1031 fece-

143 1051 231 1084 rat,et
238 1049 274 1076 ad
287 1057 317 1076 se
326 1049 458 1077 omnium
467 1057 562 1077 rerum
573 1049 859 1077 administrationem
868 1051 964 1076 trans-

142 1093 259 1122 tulerat.
277 1093 402 1121 Proximi
419 1091 454 1121 ει)
470 1093 534 1129 ipso
550 1093 614 1129 filii,
631 1093 734 1121 ultimo
747 1093 809 1121 loco
823 1094 965 1121 Constan-

141 1138 222 1166 tinus
239 1139 344 1166 Leonis
361 1139 439 1166 filius
465 1139 624 1174 imperator
653 1138 887 1173 nuncupabatur,
918 1138 964 1164 cui

142 1183 215 1210 nihil
227 1185 331 1220 praeter
341 1183 473 1211 habitum
486 1186 515 1210 et
529 1191 634 1211 nomen
646 1183 831 1218 imperatoris
842 1185 905 1210 erat
919 1191 965 1210 re-

141 1227 256 1261 lictum,
272 1236 374 1256 omnes
395 1228 508 1255 fructus
538 1227 579 1255 rei
606 1227 745 1263 adempti.
777 1228 878 1263 Itaque
892 1229 964 1254 Con-

141 1272 289 1300 stantinus
297 1281 376 1308 nunq
383 1281 448 1300 uam
458 1280 514 1300 non
526 1272 639 1307 paterni
650 1272 763 1308 imperii
774 1271 965 1308 recuperandi

143 1317 245 1344 avidus
261 1321 288 1344 et
310 1316 497 1352 surreptitios
521 1316 628 1344 elidere
651 1317 784 1352 cupiens,
800 1317 919 1344 tandem
935 1316 964 1343 id

143 1368 175 1388 se
190 1361 274 1389 aliter
289 1361 431 1389 conficere
446 1369 504 1388 non
521 1369 606 1396 posse
622 1361 829 1388 animadvertit
843 1369 931 1396 quam
942 1361 967 1388 si

146 1405 220 1432 filios
236 1407 338 1433 contra
353 1407 465 1441 patrem
487 1405 634 1433 excitaret.
661 1405 737 1433 322
762 1405 828 1433 Jam
853 1405 882 1432 in
908 1406 968 1433 fata

146 1452 332 1477 concesserat
345 1449 509 1484 Christifer,
540 1453 568 1477 et
597 1452 771 1485 supererant
800 1450 967 1486 Stephanus

147 1496 234 1530 atque
243 1494 464 1522 Constantinus.
479 1495 608 1527 Quorum
620 1494 699 1522 hunc
710 1497 743 1522 ut
755 1494 844 1522 animi
857 1495 969 1522 firmio-

146 1547 207 1566 rem
220 1538 377 1566 sollicitare
393 1547 451 1566 non
469 1539 784 1572 ausus,utinstitutum
800 1540 966 1572 conficeret,

144 1587 434 1615 omniasuaconsilia
445 1596 478 1615 ac
489 1587 585 1615 studia
598 1588 632 1615 ad
645 1587 827 1622 Stephanum
835 1597 965 1616 corrum-

144 1632 272 1668 pendam
284 1632 405 1665 confert,
420 1631 569 1659 vaniorem
588 1632 699 1660 scilicet
718 1635 746 1660 et
761 1632 790 1660 in
813 1641 886 1668 quas
901 1633 967 1668 quis

143 1676 229 1704 vellet
245 1679 341 1710 partes
360 1676 587 1704 mutabiliorem.
617 1677 686 1704 Eam
716 1668 750 1704 a'd
769 1685 830 1704 rem
854 1678 967 1705 socium

147 1721 225 1756 capit
239 1723 327 1756 atque
337 1721 547 1748 administrum
560 1721 697 1749 Basilium
708 1724 901 1757 cognomento
916 1721 970 1749 Vo-

149 1765 270 1799 lucrem,
287 1765 435 1792 hominem
448 1765 577 1801 prompti
593 1765 701 1802 ingenii
717 1769 746 1793 et
762 1766 970 1794 machinanda-

148 1818 212 1837 rum
230 1809 410 1837 fallaciarum
427 1810 561 1846 apprime
576 1810 725 1845 callidum,
737 1813 807 1838 tunc
823 1811 851 1838 in
868 1811 970 1839 cohor-

147 1857 206 1881 tem
219 1854 385 1882 sodalitatis
398 1854 578 1887 allectum,et
589 1855 639 1890 qui
655 1863 671 1882 a
681 1863 772 1890 puero
781 1856 972 1884 Constantino

149 1899 242 1926 fuerat
253 1901 341 1926 notus
352 1901 440 1934 atque
456 1899 681 1926 familiaris.Per
694 1899 772 1927 hunc
784 1900 837 1927 sibi
850 1900 973 1935 Stepha-

148 1951 220 1970 num
234 1951 323 1978 quam
340 1943 468 1978 primum
486 1943 614 1970 amicum
631 1944 722 1970 facere
738 1944 973 1978 studet,blandis

149 1987 304 2022 deceptum
321 1987 509 2014 sermonibus
525 1989 554 2014 et
567 1987 721 2016 fraudibus
737 1996 754 2015 a
769 1992 848 2015 recta
862 1988 974 2016 abduc-

152 2034 213 2058 tum
232 2031 354 2059 ratione.
371 2031 496 2058 Proinde
513 2031 648 2066 Basilius,
666 2040 731 2059 cum
748 2033 827 2059 omni
844 2032 898 2059 hoc
910 2041 975 2060 con-

152 2076 270 2104 fecisset
284 2078 388 2103 conatu
407 2078 440 2103 ut
455 2075 531 2103 inter
546 2076 706 2104 familiares
732 2076 889 2104 haberetur
913 2078 975 2105 Ste-

151 2120 252 2156 phani,
270 2120 370 2148 crebro
386 2120 422 2148 ad
439 2128 506 2148 eum
521 2120 674 2153 ventitare,
691 2121 934 2156 sermonibusque
945 2129 977 2149 ac

151 2168 284 2196 consiliis
299 2168 451 2196 hominem
468 2169 657 2197 titillantibus
670 2170 757 2206 coepit
770 2178 786 2197 a
797 2179 869 2198 sane
881 2173 977 2198 mente

151 2213 294 2249 paulatim
309 2213 498 2246 dimovere,et
513 2213 543 2241 in
559 2214 634 2241 hanc
650 2215 709 2242 fere
725 2214 900 2250 compellare
911 2223 976 2242 sen-

151 2259 342 2294 tentiam,cur
353 2258 473 2286 tandem
489 2258 647 2294 imperator
658 2259 774 2293 juvenis
789 2267 822 2286 ac
838 2259 941 2287 robore
951 2261 979 2287 et
994 2251 1016 2283 D

153 2303 244 2331 animi
259 2303 371 2331 viribus
386 2307 541 2339 praestans,
552 2303 743 2339 munitusque
755 2304 976 2340 prudentia,pa-

152 2350 262 2375 teretur
273 2356 422 2375 summam
449 2356 547 2375 rerum
563 2357 579 2375 a
590 2352 686 2375 vetere
702 2349 802 2384 etjam
821 2352 906 2384 rupto
918 2349 977 2376 tilio

153 2391 207 2427 (sic
223 2394 335 2428 patrem
361 2392 504 2428 Stephani
531 2393 660 2428 notabat)
682 2393 830 2428 pendere?
846 2401 897 2420 cur
920 2402 975 2420 non

152 2443 216 2464 sese
231 2437 382 2471 proferret,
397 2439 426 2463 et
447 2438 529 2472 patre
545 2436 608 2464 suis
636 2436 872 2472 generosissimis
898 2437 977 2465 obsi-

152 2482 246 2508 stente
262 2481 572 2508 eonatibussummoto
584 2481 645 2516 ipse
657 2481 866 2517 rempublicam
879 2490 977 2518 capes-

152 2524 249 2552 seret?
265 2533 332 2552 cum
350 2525 469 2560 quidem
491 2533 548 2552 non
578 2527 709 2553 Romano
738 2529 852 2554 tantum
882 2527 932 2554 sed
950 2529 978 2554 et

153 2569 356 2606 compluribus
368 2570 444 2598 323
461 2569 659 2606 gubernandis
675 2571 807 2606 imperiis
818 2571 976 2599 sufficeret.

153 2619 378 2656 Obtemperaret
393 2620 488 2647 amico
505 2620 578 2648 bene
596 2620 735 2655 monenti,
761 2623 790 2649 et
815 2621 850 2648 ad
867 2629 912 2649 res
928 2629 977 2657 ge-

153 2663 260 2692 rendas
285 2664 431 2700 proderet.
445 2664 604 2692 Pristinum
624 2665 723 2692 ﬂorem
741 2665 828 2693 rebus
838 2665 977 2693 Romanis

155 2711 353 2744 recuperaret,
369 2710 398 2736 et
422 2708 522 2737 hostes
537 2709 725 2745 opprimeret,
752 2709 978 2745 ostenderetque

156 2761 187 2781 re
200 2752 265 2788 ipsa
280 2753 423 2781 divinitus
438 2762 496 2781 non
511 2753 547 2781 ad
564 2753 681 2781 irritum
711 2753 741 2781 in
770 2762 801 2781 se
828 2756 887 2781 tam
904 2762 977 2789 pra:-

157 2797 266 2828 stantia
295 2797 384 2825 animi
413 2798 601 2834 corporisque
631 2798 707 2826 dona
735 2806 799 2826 esse
827 2798 974 2827 collocata.

1007 238 1131 278 γαμϐρὸν
1159 241 1209 274 τήν
1240 238 1377 277 βασιλείαν
1409 241 1585 275 μετενεγκεῖν,
1610 238 1656 265 τὸν
1690 241 1828 265 Κωνσταν-

1007 288 1078 312 τῖνον
1104 283 1226 312 ἐκποδὼν
1260 285 1457 320 ποιησάμενος.
1487 284 1572 320 Ὅπερ
1602 282 1787 317 συνεννοηκὼς
1816 283 1830 309 ὁ

1008 332 1056 357 τοῦ
1071 330 1328 368 πορφυρογιννήτου
1344 327 1517 366 παιδαγωγὸς
1533 326 1685 364 Θεόδωρος,
1700 327 1738 358 ὡς
1760 326 1830 353 ἅνω-

1010 376 1051 402 θεν
1077 373 1194 409 εἴρηται,
1220 372 1339 407 σπουδὴν
1374 372 1449 405 ἔθετο
1478 372 1524 400 τὸν
1551 369 1732 409 πρεσϐύτερον
1762 372 1831 398 Ῥω-

1013 419 1095 455 μανὸν
1121 417 1296 456 δρουγγὰριον
1326 420 1473 452 τηνικαῦτα
1495 419 1549 444 τῶν
1578 415 1716 453 πλω’ίμων
1746 415 1830 452 ὑπάρ-

1011 473 1096 501 χοντα
1126 463 1316 494 οἰκειώσασθαι
1340 462 1384 490 καὶ
1408 465 1469 493 τοῖς
1494 461 1652 499 ἀνακτόροις
1679 461 1832 497 εἰσαγαγεῖν

1012 508 1049 539 ὡς
1064 508 1137 545 τάχα
1156 507 1263 546 φύλακα
1277 507 1322 534 καὶ
1338 507 1533 544 πρόμαχοντοῦ
1547 505 1681 544 βασιλέως
1692 504 1834 541 ἐσόμενον.

1013 556 1113 585 Οὑτοσὶ
1127 555 1150 583 δ’
1165 556 1292 593 ἀναχθεὶς
1305 557 1349 583 καὶ
1370 558 1428 586 ταῖς
1442 555 1510 583 κὰτά
1533 555 1627 593 μικρόν
1658 553 1766 584 ἀνὸδοις
1786 555 1836 587 τῆς

1013 602 1102 636 πάσης
1131 599 1282 632 δυναστείας
1308 600 1452 639 γενόμενος
1475 600 1611 637 ἐγκρατὴς
1641 599 1691 626 οὐκ
1718 598 1837 635 ἐνέμεινε

1013 646 1071 677 τοῖς
1087 645 1215 680 δοθεῖσιν,
1232 644 1305 673 ἀλλὰ
1325 645 1388 676 τοὺς
1414 643 1576 681 δεδομένους
1593 645 1722 679 ἀθετήσας
1739 643 1837 680 ὅρκους

1014 691 1058 728 (ᾖν
1085 691 1137 728 γὰρ
1167 689 1397 728 φρικωδεστάταις
1430 689 1614 727 ὁρκωμοσίαις
1636 689 1728 716 ἑαυτὸν
1754 699 1836 715 κατα-

1016 734 1155 771 δεσμήσας
1185 736 1223 771 μή
1249 734 1277 762 ἄν
1299 745 1365 762 ποτε
1396 734 1533 771 βασιλείας
1558 731 1646 769 ἔφεσιν
1677 733 1836 771 ἐσχηκέναι)

1017 780 1109 807 ἱάυτόν
1125 790 1154 807 τε
1180 779 1343 817 ἀνηγόρευσε
1369 779 1491 816 βασιλέα,
1514 779 1644 809 ἑκουσίως
1667 781 1715 806 τοῦ
1730 788 1838 816 πορφυ-

1019 826 1181 862 ρογεννήτου
1197 823 1302 851 ἀέκοντί
1317 834 1348 861 γε
1371 825 1450 859 οι)μῷ
1475 825 1565 859 (τοῦτο
1582 822 1614 857 δὴ
1630 823 1661 850 τὸ
1676 824 1840 861 Ὁμηρικὸν)

1018 870 1171 906 περιθέντος
1199 869 1272 905 αὐτῷ
1299 869 1330 896 τὸ
1357 867 1488 905 διάδημα,
1504 868 1548 895 καὶ
1568 868 1599 895 οὐ
1626 868 1707 904 μόνον
1734 868 1841 904 ἑαυτὸν⁷

1020 913 1083 941 ἀλλ’
1110 913 1163 949 ἤδη
1193 913 1259 950 μετὰ
1289 913 1384 950 μικρὸν
1410 913 1455 939 καὶ
1482 912 1668 950 Χριστοφόρον
1696 912 1742 940 τὸν
1769 913 1840 940 υἱὸν.

1021 962 1158 990 Διαλιπὼν
1176 961 1199 989 δ’
1214 962 1306 1000 ὀλίγον
1334 961 1378 989 καὶ
1409 962 1544 999 Στέφανον
1569 961 1615 988 καὶ
1639 965 1843 989 Κωνσταντῖνον

1020 1007 1184 1045 ἀνηγόρευσε
1210 1006 1275 1037 τοὺς
1300 1007 1377 1037 υἱεῖς,
1402 1005 1535 1037 Βασιλεὺς
1560 1005 1589 1033 δε
1612 1006 1771 1044 ἀναρρηθεὶς
1792 1007 1845 1034 οὐκ.

1020 1053 1147 1089 ἦγαπησε
1175 1053 1209 1088 τῇ
1238 1051 1393 1089 ἆναρρήσει,
1424 1049 1486 1078 οὐδὲ
1512 1052 1561 1085 τὴν
1593 1049 1718 1087 δευτέραν
1746 1052 1843 1088 χώραν

1021 1096 1094 1134 ἔχειν
1114 1097 1270 1132 ἡσμίινισεν,
1288 1095 1350 1123 ἀλλ’
1373 1095 1403 1122 ἐκ
1428 1096 1511 1131 μέσου
1534 1096 1579 1122 τὸν
1602 1094 1773 1133 παιδαγωγὸν
1798 1095 1844 1127 θε-

1023 1152 1102 1178 μενος
1113 1141 1158 1168 καὶ
1174 1140 1238 1171 τοὺς
1259 1139 1374 1172 λοιποὺς
1396 1139 1459 1171 τοὺς
1487 1139 1545 1167 ὅσοι
1571 1138 1681 1167 ἐδόκουν
1708 1139 1844 1177 προσίστα

1022 1192 1092 1220 σθαι,
1117 1185 1225 1223 πρῶτός
1249 1195 1279 1212 τε
1307 1184 1481 1222 αὐτοκράτωρ
1510 1184 1693 1223 ἀνευφημεῖτο
1720 1185 1765 1212 καὶ
1791 1185 1844 1219 τὴν

1021 1234 1106 1258 πᾶσαν
1133 1232 1186 1257 τῶν
1225 1229 1392 1268 πραγμάτιον
1432 1228 1570 1266 διεκόσμει
1605 1228 1750 1264 διοίκησιν.
1779 1230 1846 1257 Μετ’

1021 1275 1100 1302 αὐτὸν
1118 1273 1146 1302 δὲ
1166 1274 1362 1312 ἀνηγορεύοντο
1384 1275 1410 1301 οἱ
1435 1274 1512 1308 υἱεῖς,
1535 1274 1580 1301 καὶ
1603 1274 1758 1305 τελευταῖος
1775 1274 1846 1301 πάν-

1020 1331 1074 1347 των
1103 1320 1358 1350 ὁ⁴Κωνσταντῖνος.
1385 1319 1472 1349 Οὗτος
1502 1319 1592 1346 τοίνυν
1623 1319 1636 1346 ὁ
1656 1321 1847 1350 Κωσταντῖνος

1023 1365 1118 1401 σχῆμα
1136 1364 1217 1400 μόνον
1233 1363 1276 1391 καὶ
1302 1363 1389 1399 ὄνομα
1408 1364 1459 1397 τῆς
1484 1362 1622 1400 βασιλείας
1652 1361 1735 1400 ἔχων,
1750 1365 1804 1390 τῶν
1815 1362 1848 1390 δῖ

1022 1407 1109 1443 ἡδέων
1125 1408 1227 1443 ταύτης
1256 1407 1446 1445 ἐστερημένος,
1473 1409 1547 1444 [633]
1573 1406 1617 1434 διὰ
1639 1407 1740 1438 παντὸς
1768 1407 1848 1445 ἐγλί-

1023 1463 1089 1490 χετο
1119 1453 1163 1480 καὶ
1191 1452 1330 1490 ἆπηύχετο
1368 1452 1417 1486 τὴν
1458 1452 1584 1489 πατρῷαν
1623 1451 1846 1479 ἐπανασώσασθαι

1024 1498 1125 1535 ἀρχὴν,
1155 1497 1217 1528 σοὺς
1243 1496 1418 1527 ἐπεισάκτους
1451 1495 1573 1524 ἐκποδὼν
1608 1496 1729 1533 Θέμενος.
1759 1499 1846 1524 Τοῦτο

1025 1541 1053 1569 δὲ
1066 1541 1115 1568 οὐκ
1129 1540 1223 1572 ἄλλως
1239 1539 1307 1577 ᾤετο
1323 1541 1431 1579 ἀγαγεῖν
1444 1541 1481 1571 είς
1492 1540 1579 1578 ἔργον,
1594 1541 1616 1568 εἷ
1635 1541 1672 1577 μὴ
1688 1541 1751 1572 τοὺς
1768 1541 1847 1573 υἱοὺς

1024 1586 1211 1622 έκπολεμώσει
1236 1588 1276 1621 τῷ
1303 1585 1395 1623 πατρί.
1431 1586 1462 1614 Ὀ
1504 1586 1550 1622 μὲν
1581 1585 1626 1613 οὖν
1656 1585 1847 1625 Χριστοφόρος

1023 1630 1119 1670 ἔφθασε
1143 1631 1188 1658 τὸν
1214 1631 1270 1667 βίον
1301 1630 1456 1664 ἀπολιπεῖν,
1473 1633 1604 1668 περιῆσαν
1627 1629 1651 1657 δ’
1674 1628 1712 1657 ἔτι
1739 1631 1846 1669 Στέφα-

1024 1686 1067 1706 νος
1095 1675 1140 1703 καὶ
1178 1678 1388 1706 Κωνσταντῖνος.
1413 1675 1519 1702 Τούτων
1557 1674 1665 1712 ἐγνώκει
1694 1675 1845 1712 ἀποπειρα-

1025 1724 1113 1755 θῆναι,
1133 1721 1169 1756 μή
1191 1730 1250 1751 πως
1276 1718 1378 1756 δυνηθῇ
1405 1718 1580 1757 ἐκπληρῶσαι
1600 1719 1631 1746 τὸ
1654 1718 1844 1755 σπουδαζόμε-

1026 1775 1082 1792 νον.
1100 1765 1149 1792 Καὶ
1167 1767 1214 1791 τοῦ
1239 1765 1286 1801 μὶν
1311 1766 1512 1792 Κωνσταντίνου
1540 1763 1580 1801 (ᾖν
1605 1763 1656 1802 γὰρ
1686 1763 1765 1795 οὗτος
1791 1775 1850 1792 στε-

1028 1809 1159 1846 ρεωτέρας
1202 1809 1307 1847 φρενὸς)
1354 1809 1570 1845 ἀποπειραθῆναι
1612 1808 1662 1835 οὐκ
1699 1807 1850 1844 ὶτόλμησε,

1026 1854 1122 1891 τρέψαι
1139 1851 1167 1880 δὲ
1181 1853 1230 1887 τὴν
1256 1856 1342 1880 πᾶσαν
1370 1851 1495 1890 μηχανήν
1518 1852 1562 1880 καὶ
1585 1852 1733 1890 ἀπόπειραν
1761 1852 1852 1890 ἔκρινε

1028 1898 1095 1935 πρὸς
1112 1898 1157 1925 τὸν
1174 1897 1318 1936 Στέφανον,
1342 1897 1506 1936 κουφότερόν
1532 1908 1561 1925 τι
1576 1895 1640 1924 ὄντα
1653 1898 1698 1925 τὸν
1715 1897 1850 1934 λογισμὸν

1028 1944 1072 1970 καὶ
1091 1942 1189 1980 ῥᾳδίως
1208 1943 1425 1981 μεταφερόμενον
1454 1943 1522 1978 πρὸς
1550 1940 1564 1969 ὅ
1589 1953 1630 1974 τις
1649 1943 1693 1970 καὶ
1710 1942 1852 1980 βούλοιτο.

1030 1990 1168 2029 Λαμῧάνει
1185 1992 1253 2030 πρὸς
1267 1995 1346 2020 τοῦτο
1363 1991 1542 2030 συλλήπτορα
1554 1992 1598 2019 καὶ
1615 1993 1746 2030 συνεργὸγ
1767 1992 1855 2031 εὐφυῆ

1030 2048 1088 2064 τινα
1102 2035 1184 2075 ἄνδρα
1212 2037 1257 2064 καὶ
1287 2035 1387 2068 δόλους
1415 2035 1511 2072 πλέξαι
1542 2037 1587 2064 καὶ
1605 2037 1853 2076 μηχανοῤῥαφῆσαι

1032 2081 1115 2109 δεινόν
1134 2091 1140 2098 ί
1158 2080 1299 2112 Βασίλειος
1328 2080 1407 2112 οὗτος
1437 2081 1592 2119 ἒτύγχανεν,
1609 2082 1623 2108 ὁ
1652 2082 1774 2112 Πετεινὸς
1801 2082 1853 2116 τήν

1031 2127 1229 2163 προσηγορίαν,
1257 2126 1282 2153 έν
1308 2128 1348 2162 τῷ
1380 2126 1496 2163 τάγματι
1526 2127 1575 2158 τῆς
1604 2126 1735 2163 ἑταιρείας
1762 2137 1853 2154 κατει-

1033 2170 1174 2208 λεγμένος,
1198 2170 1243 2198 καὶ
1273 2171 1393 2206 συνήθης
1425 2170 1469 2197 καὶ
1497 2170 1578 2208 φίλος
1602 2169 1668 2207 ἐξέτι
1683 2170 1749 2198 νέων
1765 2170 1854 2208 ὑπάρ-

1033 2225 1091 2253 χων
1112 2216 1151 2251 τῷ
1181 2215 1386 2250 Κωνσταντίνῳ.
1417 2217 1516 2242 Τοῦτον
1539 2215 1670 2242 κοινωνὸν
1699 2215 1855 2253 προσειλή-

1033 2271 1073 2299 φει
1089 2263 1137 2288 τοῦ
1154 2260 1320 2296 σκέμματος,
1341 2258 1386 2286 καὶ
1416 2258 1451 2286 δι’
1480 2259 1561 2286 αὐτοῦ
1585 2259 1665 2297 φίλον
1683 2261 1772 2291 θέσθαι
1789 2270 1856 2287 κατ-

1032 2305 1153 2342 ηπείχθη
1184 2305 1230 2331 τὸν
1263 2304 1410 2342 Στέφανον,
1441 2303 1536 2341 λόγοις
1563 2303 1703 2339 αἱμυλίοις
1733 2304 1855 2332 ὑποκλα-

1032 2350 1114 2377 πέντα
1129 2349 1173 2376 καὶ
1190 2349 1304 2380 ἀπάταις
1319 2348 1364 2375 καὶ
1392 2351 1530 2385 μηχαναῖς
1555 2350 1789 2387 παρενηνεγμένον
1805 2351 1855 2377 τοῦ

1032 2394 1178 2432 λογισμοῦ·
1200 2393 1289 2420 Πάντα
1318 2392 1369 2430 γὰρ
1394 2393 1495 2430 τρόπον
1526 2391 1677 2424 σπουδάσας
1700 2395 1713 2421 ὁ
1730 2394 1856 2426 [lerat-'6;

1031 2441 1070 2475 τῷ
1088 2439 1216 2476 Στεφάνῳ
1232 2436 1408 2476 φιλιωθῆναι,
1438 2435 1532 2472 ἐπειδὴ
1557 2437 1722 2475 ιιιεεφιλίωτοΙ
1736 2438 1854 2477 προσῄει

1031 2498 1060 2515 τε
1075 2489 1207 2525 συνεχῶς,
1223 2487 1266 2514 καὶ
1293 2485 1393 2523 λόγους
1423 2485 1503 2513 ἐκίνει
1525 2486 1570 2513 καὶ
1594 2491 1716 2525 προσῆγε
1733 2485 1854 2524 συμϐου-

1033 2531 1081 2563 λὰς
1107 2531 1302 2566 ὑποκνιζοΰσας
1330 2530 1408 2558 αὐτὸν
1437 2530 1482 2558 καὶ
1509 2531 1576 2559 κατὰ
1607 2532 1703 2569 μικρὸν
1732 2532 1855 2569 ἁπαγοῦ-

1033 2587 1078 2608 σας
1095 2579 1143 2604 τοῦ
1157 2575 1305 2613 λογισμοῦ.
1323 2588 1336 2601 ι(
1352 2576 1410 2603 Ἵνα
1437 2575 1475 2612 τί,
1500 2574 1599 2614 λέγων.
1616 2577 1638 2603 ὦ
1656 2577 1779 2613 βασιλεῦ,
1795 2577 1855 2608 νέος

1034 2620 1069 2647 ὥν
1086 2620 1160 2652 ἱςκόϊ
1180 2631 1211 2648 τε
1226 2619 1379 2658 ῥωμαλέος,
1404 2619 1449 2647 καὶ
1473 2621 1566 2657 ψυχῆς
1589 2621 1758 2658 γενναιότητι
1773 2621 1855 2659 ὑπερ-

1032 2664 1120 2704 φέρων
1149 2664 1194 2692 καὶ
1232 2666 1360 2703 φρονήσει
1398 2664 1620 2701 πεπυκνωμένος,
1649 2665 1682 2692 τὰ
1707 2666 1854 2703 πράγματα

1031 2711 1153 2747 παρορᾷς
1169 2709 1221 2737 ἀπὸ
1247 2711 1348 2737 Αιπτοῦ
1377 2708 1422 2736 καὶ
1451 2709 1570 2737 παλαιοΰ
1598 2710 1643 2738 καὶ
1672 2709 1854 2750 διεῤῥωγότος

1035 2754 1114 2791 μίτου
1130 2766 1144 2780 n
1160 2754 1215 2791 (τὸν
1241 2754 1323 2782 αὐτοῦ
1344 2753 1446 2791 πατέρα
1469 2753 1704 2792 ὖπαινιττόμενος)
1735 2767 1749 2781 ι(
1777 2755 1854 2792 ἐξαρ-

1031 2799 1150 2836 τώμινα,
1166 2798 1211 2827 καὶ
1237 2797 1267 2827 οὐ
1289 2797 1467 2834 διανίστασαι,
1494 2799 1539 2827 καὶ
1566 2800 1660 2827 τοῦτον
1677 2800 1723 2837 μὶν
1749 2799 1787 2831 ὡς
1803 2800 1854 2836 ἒμ-
