1936 3048
70 118 119 146 57

70 180 186 209 πόδιον
218 184 278 212 ταῖς
312 185 370 212 σαῖς
409 182 608 219 γενναιοτάταις
648 183 746 220 ὁρμαῖς

71 229 189 261 ποιεῖς,
206 225 285 257 αὐτὸς
316 225 344 254 δέ
371 229 424 254 τῶν
454 228 619 264 πραγμάτων
646 224 847 264 ἀντιλαμϐὰνῃ,
865 226 912 254 δυ-

74 271 205 306 νάμενος
227 270 281 308 οὐχ
305 270 380 303 ὅπως
403 272 452 306 τήν
477 272 620 308 Ῥωμαίων
648 271 786 309 βασιλείαν
814 272 911 308 μόνην,

75 315 162 343 ἀλλὰ
176 315 221 343 καὶ
236 315 344 346 πολλὰς
373 316 443 352 ὁμοῦ
458 314 587 354 κυϐερνᾷν
601 327 608 352 ς
625 317 688 353 ἸΔγε
719 315 764 352 δὴ,
788 315 913 351 πείσθητί

78 371 133 396 μοι
159 360 194 388 τὰ
219 359 348 395 λυσιτελῆ
374 358 601 398 συμϐουλεύοντι,
626 361 671 388 καὶ
703 359 844 392 διαναστὰς
871 361 914 388 ἀν-

73 403 228 442 τισχέσθαι
267 403 384 440 θέλησον
421 407 475 432 τῶν
514 406 696 443 πραγμάτων,
721 407 765 433 καί
803 406 835 433 τὰ
865 406 913 442 μὲν

74 450 234 486 Ῥωμαίων
279 448 452 485 ἆναθηλῆσαι
489 450 700 487 παρασκεύασον,
727 451 761 478 τὰ
801 449 829 477 δὲ
862 453 915 478 τῶν

76 493 180 532 ἐχϐὢν
210 494 387 530 ταπείνωσον,
414 495 459 522 καὶ
485 493 571 529 δεῖξον
614 492 702 532 ἔργοις
743 494 836 526 αὐτοῖς
877 495 915 525 ὡς

77 538 114 566 οὐ
135 537 185 566 διὰ
199 542 279 574 κενῆς
294 537 356 566 οὐδὲ
373 539 460 575 μάτην
476 540 494 574 ἡ
510 539 660 567 ἐπανθοῦσα
675 550 718 567 σοι
736 539 793 577 ὥρα
815 540 859 567 καὶ
883 539 916 567 τὰ

79 582 178 610 λοιπὰ
191 587 241 618 τῆς
256 585 349 621 ψυχῆς
363 583 393 611 ἐκ
418 586 485 611 Θεοῦ
510 595 552 612 σοι
581 583 748 620 δεδώρηνται
777 585 915 623 προτερή-

82 638 173 664 ματα.
189 629 277 664 Ἕξεις
302 627 330 655 δὲ
354 628 392 659 είς
412 631 493 656 τοῦτο
516 629 718 663 συναγωνιστὴν
740 629 784 656 καὶ
811 628 914 663 συλλή-

81 683 179 711 πτορα
207 672 252 700 καί
275 674 320 700 τὸν
346 674 390 701 σὸν
422 671 545 711 γαμϐρὸν
584 674 629 701 τὸν
668 674 915 713 ποφυρογέννητον,

82 717 151 744 λίαν
180 717 380 749 θεοκλυτοῦντα
405 719 449 745 καὶ
488 719 663 756 ἱμειρόμενον
699 722 748 753 τῆς
782 721 830 746 τοῦ
868 721 916 746 σοῦ

82 762 193 800 πατρὸς
209 761 424 799 ἑλευθερωθῆναι
442 763 593 801 βαρύτητος
620 763 663 790 καὶ
687 763 759 801 παρὰ
782 764 829 790 σοῦ
850 774 915 791 κατ-

84 807 206 843 όψεσθαι
235 807 285 842 τὴν
326 806 463 844 βασιλείαν
505 806 727 846 κυϐερνωμένην.
760 820 774 834 ››
803 808 916 839 Τούτοις

89 851 239 889 ὑποσυρεῖς
255 854 314 884 τοῖς
329 851 424 889 λόγοις
449 853 463 879 ὁ
491 853 625 890 Στέφανος
649 853 799 890 κατεσχέθη
829 863 858 880 τε
882 855 916 889 τῇ

85 899 141 930 τῆς
157 895 368 933 αὐτοκρατορίας
383 896 513 933 ἐπιθυμίᾳ
540 897 584 924 καὶ
615 898 728 935 ἄσχετον
756 894 842 935 ὄρεξιν
871 897 917 924 ἀν-

91 939 204 975 εδέξατο
227 943 276 968 τοῦ
299 944 457 978 καταγαγεῖν
479 942 524 968 τὸν
548 942 643 969 ἑαυτοῦ
669 943 771 978 πατέρα
794 945 843 976 τῆς
868 943 915 978 βα-

89 984 212 1016 σιλείας.
229 984 348 1014 Μέλλων
365 984 393 1012 δὲ
414 985 548 1023 ἐγχειρεῖν
568 989 626 1016 τοῖς
651 985 774 1023 δοχθεῖσι
803 986 847 1013 καὶ
871 985 918 1013 λὸ-

89 1040 160 1067 γους
177 1029 380 1065 αἰνιττομένους
393 1029 424 1057 τὸ
449 1029 668 1067 σπουδαζόμενον
697 1030 850 1068 ἐποσπείρει
878 1033 917 1066 τῷ

91 1072 217 1113 ἀδελφῷ.
236 1073 308 1102 Ἐπεὶ
324 1072 346 1101 δ’
362 1074 440 1104 οὗτος
467 1074 511 1101 καὶ
527 1075 594 1111 πρὸς
621 1076 672 1110 τήν
696 1075 807 1113 πρώτην
833 1075 917 1109 ἀκοὴν

89 1119 220 1155 ἁτεγκτος
248 1119 292 1152 ἤν,
317 1118 362 1146 καὶ
393 1118 506 1156 παρῄνει
537 1117 643 1155 μᾶλλον
675 1121 712 1156 μὴ
743 1119 848 1158 θαρρεῖν
878 1121 917 1155 τῷ

90 1159 234 1199 γαμϐρῷ,
261 1161 334 1190 ἀλλὰ
368 1165 418 1197 τῆς
455 1162 583 1201 πατρῴας
619 1163 750 1191 ἐνουθέτει
779 1163 916 1201 έξέχεσθαι

665 118 938 149 HISTORIABUM
960 118 1233 150 COMPENDIUM.
1754 119 1793 148 58

788 181 910 210 ἐκποδὼν
927 184 954 217 Α
968 183 1099 211 Usurum
1113 184 1150 211 ad
1165 183 1227 211 hec
1242 183 1375 219 adjutore
1386 186 1414 211 et
1422 183 1499 212 socio
1510 183 1702 212 Constantino
1710 191 1791 212 soro~

967 228 1008 256 ris
1026 229 1140 263 marito,
1158 228 1231 256 nihil
1248 228 1325 256 aliud
1354 229 1382 256 in
1407 229 1481 256 votis
1505 229 1629 256 habente
1654 237 1743 264 quam
1759 232 1792 256 ut

969 273 1059 300 soceri
1076 275 1252 301 exoneratus
1269 274 1440 301 morositate
1450 273 1559 309 abipso
1573 273 1671 300 videat
1685 273 1791 308 guber-

969 317 1032 344 nari
1048 317 1216 353 imperium.
1234 317 1285 345 His
1300 318 1396 345 vsrdis
1420 317 1534 346 illectus
1555 317 1723 353 Stephanus
1739 325 1792 345 cu-

969 362 1090 398 piditate
1119 362 1235 397 imperii
1265 365 1343 390 totus
1368 365 1539 398 occupatur,
1567 362 1672 397 suique
1701 362 1791 398 patris

968 406 1131 442 deponendi
1143 407 1294 435 infrenem
1306 407 1404 435 animo
1415 406 1543 443 concipit.
1552 406 1790 434 libidinem.Rem

969 451 1069 487 itaque
1083 459 1277 487 aggressurus
1292 452 1373 479 fratri
1389 460 1449 479 rem
1466 459 1517 487 per
1545 452 1685 487 ambages
1700 451 1791 487 signi-

970 495 1141 528 ﬁcat.0uem
1158 504 1223 524 cum
1238 496 1330 532 primo
1346 496 1446 524 auditu
1459 504 1578 532 prorsus
1587 496 1623 524 ab
1637 495 1692 524 hoc
1705 495 1791 523 insti-

969 542 1033 568 tuto
1041 540 1168 568 alienum
1177 549 1242 568 esse
1251 541 1544 576 videret,hortarique
1551 544 1583 568 ut
1591 541 1620 568 in
1631 540 1687 568 ﬁde
1693 540 1792 576 potius

971 585 1063 620 patris
1072 593 1160 620 quam
1172 586 1200 612 in
1212 586 1321 614 sororis
1332 586 1430 613 mariti
1441 585 1571 614 amicitia
1582 585 1791 621 acquiesceret,

971 630 1080 657 omisso
1095 638 1140 664 eo,
1156 633 1186 657 ut
1202 638 1289 665 quem
1302 630 1356 658 sibi
1372 630 1581 666 impedimento
1593 629 1689 665 potius
1700 637 1788 665 quam

971 673 1078 702 auxilio
1093 674 1153 702 fore
1167 674 1322 710 iudicaret,
1346 675 1408 710 ipse
1433 677 1576 710 quantum
1601 682 1649 701 res
1673 673 1792 701 omnino

971 718 1070 752 ferret,
1086 719 1204 754 exsequi
1221 727 1305 747 suam
1323 720 1497 747 sententiam
1514 718 1650 746 intendit.
1671 718 1746 754 Ergo
1762 718 1791 745 in

971 763 1141 791 societatem
1157 764 1257 798 ascito,
1274 768 1378 799 praeter
1393 763 1692 797 Basilium,monacho
1704 763 1792 790 etiam

972 807 1113 841 Mariano,
1128 808 1186 836 filio
1203 809 1306 836 Leonis
1321 808 1455 844 Argyri,a
1473 808 1602 835 Romano
1617 808 1793 843 imperatore

972 860 1061 888 quam
1077 852 1204 880 maxime
1219 852 1363 888 dilecto,et
1382 851 1532 880 nonnullis
1548 852 1732 885 aliis,nactus
1744 860 1793 887 op-

973 897 1182 932 portunitatem
1198 897 1320 933 imperio
1336 899 1448 933 patrem
1469 897 1580 932 dejicit,
1606 896 1653 924 die
1681 897 1792 924 mensis

973 942 1139 969 Decembris
1158 942 1200 974 16,
1218 941 1374 970 indictione
1389 942 1416 975 3,
1432 950 1508 969 anno
1523 942 1716 974 6/153,snnum
1729 941 1792 976 jam

971 987 1006 1013 26
1021 986 1213 1022 imperantem
1231 995 1237 1013 ε
1255 995 1287 1014 ac
1303 987 1331 1014 in
1348 986 1426 1015 324
1443 989 1558 1014 Protam
1576 985 1704 1014 insulam
1722 985 1793 1013 rele-

972 1033 1039 1067 gato
1053 1031 1096 1059 vel
1110 1031 1200 1058 invito
1215 1034 1303 1067 caput
1318 1031 1393 1058 radit
1409 1034 1437 1059 ot
1452 1030 1588 1059 monachi
1599 1031 1688 1058 vitam
1700 1031 1794 1066 impo-

973 1077 1026 1103 nit.
1048 1075 1155 1103 Exinde
1183 1076 1349 1111 Stephanus
1365 1075 1468 1110 majori
1499 1075 1597 1103 studio
1625 1075 1713 1103 rebus
1740 1075 1794 1102 ad-

973 1120 1176 1148 ministrandis
1205 1129 1236 1148 se
1260 1120 1349 1154 dedit,
1377 1119 1496 1156 collegis
1523 1120 1628 1148 marito
1642 1119 1751 1148 sororis
1766 1121 1794 1147 et

972 1165 1069 1192 fratre.

89 1206 209 1238 πίστεως
238 1206 282 1234 καὶ
312 1206 416 1244 φιλίας,
446 1208 487 1244 [Ρ.
515 1209 578 1244 634]
606 1210 701 1235 τοῦτον
742 1208 789 1245 μὶν
824 1211 944 1245 παρῆκεν
973 1208 1010 1238 ὡς
1039 1207 1170 1245 ἐμπόδιον
1201 1207 1319 1244 μᾶλλον,
1349 1207 1411 1235 ἀλλ’
1440 1207 1471 1235 οὐ
1499 1208 1626 1244 συνεργὸν
1653 1207 1793 1244 ἐσόμενον,

89 1251 172 1282 αὐτὸς
203 1249 226 1278 δ’
248 1251 326 1287 ᾠήθη
358 1251 396 1282 ὡς
425 1251 538 1279 ἀνυστὸν
568 1251 726 1289 ἧγχειρῆσαι
753 1255 810 1283 τοῖς
839 1251 1025 1290 δεδογμένοις.
1054 1253 1331 1290 Προσεταιρισαμενος
1361 1252 1407 1279 οὖν
1437 1252 1484 1279 σὺν
1508 1255 1548 1288 τῷ
1577 1252 1684 1289 ῥηθέντι
1712 1253 1792 1280 Βασι-

90 1295 161 1332 λείῳ
176 1296 222 1323 καὶ
235 1296 281 1323 τὸν
299 1295 420 1334 μοναχὸν
436 1296 570 1334 Μαριανὸν
586 1297 632 1324 τὸν
657 1298 713 1324 υἱὸν
743 1297 856 1328 Λέοντος
884 1299 933 1324 τοῦ
948 1298 1094 1334 Ἀργυροῦ,
1125 1297 1176 1324 ὑπὸ
1199 1299 1247 1324 τοῦ
1277 1296 1410 1334 βασιλέως
1425 1297 1566 1333 Ῥωμανοῦ
1595 1296 1653 1324 λίαν
1682 1296 1726 1323 καὶ
1752 1306 1793 1323 τι-

95 1341 223 1376 μώμενον
254 1340 298 1368 καὶ
323 1341 526 1377 πιστευόμενον,
554 1342 599 1368 καί
623 1352 696 1372 τινας
726 1340 829 1373 σίλλους
857 1341 903 1368 σὺν
933 1341 1036 1376 αὐτοῖς,
1066 1342 1229 1379 εὐκαιρήσας
1254 1344 1375 1376 κατασπᾷ
1411 1341 1456 1369 τὸν
1491 1341 1573 1368 αὐτοῦ
1610 1341 1712 1377 πατέρα
1743 1341 1792 1374 τῆς

90 1385 194 1422 ἀρχῆς,
225 1385 291 1421 μηνὶ
322 1383 480 1423 Δεκεμϐρίῳ
511 1389 554 1420 ις’,
583 1384 750 1417 ἰνδικτιῶνος
779 1387 812 1424 γ’,
840 1385 915 1417 ἔτους
935 1387 1018 1423 ςυνγ’,
1046 1389 1085 1418 κς¹
1113 1386 1225 1413 ἀνύοντα
1253 1385 1279 1413 έν
1308 1388 1342 1422 τῇ
1369 1385 1493 1423 βασιλείᾳ
1533 1385 1662 1419 ἐνιαυτὸν,
1687 1385 1730 1412 καὶ
1757 1386 1791 1421 τῇ

91 1430 169 1465 νήσῳ
196 1430 295 1466 Πρώτῃ
333 1431 494 1468 περιορίζει,
524 1430 671 1469 ἀποκείρας
712 1430 756 1458 καὶ
794 1430 892 1458 ἄκοντα
927 1433 1024 1458 τοῦτον
1068 1430 1200 1468 μοναχόν.
1231 1431 1440 1468 Κατενεχθέντος
1482 1429 1528 1458 οὖν
1568 1432 1616 1457 τοῦ
1654 1430 1794 1466 Ῥωμανοῦ

91 1474 193 1506 εὐθέως
221 1475 235 1501 ὁ
267 1475 404 1512 Στέφανος
433 1476 622 1513 γενναιοτέρως
648 1475 748 1510 ἥπτετο
778 1478 831 1504 τῶν
858 1476 1037 1514 πραγμάτων.
1068 1478 1354 1514 κοινοπραγμονοῦντα
1380 1473 1452 1514 ἔχων
1478 1476 1524 1503 τόν
1547 1486 1576 1502 τε
1598 1472 1720 1512 γαμϐρὸν
1751 1473 1795 1501 καὶ

92 1519 140 1546 τὸν
158 1517 287 1557 ἀδελφόν.

129 1563 206 1591 Ἐπεὶ
227 1561 254 1590 δὲ
273 1564 311 1600 μή
336 1564 363 1591 ἐν
387 1567 468 1591 πᾶσιν
486 1564 591 1601 ὁμοίως
611 1565 769 1603 ἠρέσκοντο,
785 1565 849 1593 ἀλλ’
865 1564 893 1592 ἔσ

1036 1566 1083 1594 uia
1098 1575 1166 1593 vero
1182 1575 1238 1594 non
1255 1567 1356 1594 eadem
1373 1566 1510 1594 omnibus
1535 1566 1746 1601 probabantur,
1762 1572 1795 1592 ex

95 1609 151 1644 δτι-ῃ
166 1608 211 1635 καὶ
228 1606 388 1647 διεφώνουν,
402 1609 476 1647 ἀρχὴ
501 1610 734 1647 προσκρουμάτων
761 1610 790 1637 ἐκ
817 1609 917 1644 ταύτης

94 1656 145 1687 τῆς
174 1652 263 1684 αἰτίας
299 1652 404 1692 ἐφύετο,
429 1655 475 1681 καὶ
505 1653 663 1682 ὑπώπτευον
702 1654 844 1690 ἀλλήλους
873 1655 916 1681 καὶ

97 1697 258 1736 ὑφινιρῶντο,
286 1698 331 1725 τὸν
364 1698 410 1732 μὶν
449 1699 702 1737 πορφυρογέννητον
727 1699 741 1726 ὁ
770 1699 918 1739 Στέφανος,

97 1741 198 1772 ἐκεῖνος
216 1740 244 1769 δὶ
268 1741 343 1774 αὖθις
360 1743 373 1770 ὁ
389 1744 652 1781 πορφυρογέννητος,
669 1743 713 1771 καὶ
743 1745 800 1771 κατ’
829 1743 918 1779 ἀλλή-

97 1784 153 1813 λων
164 1784 275 1814 ἶέκασνιον
290 1785 417 1823 ἐμελέτα.
434 1787 486 1816 Καὶ
515 1787 635 1822 σπουδήν
662 1789 709 1824 μὶν
739 1789 753 1815 ὁ
783 1789 918 1825 Στέφανος

95 1831 140 1857 καὶ
164 1830 257 1868 ἀγῶνα
280 1831 311 1858 οὐ
336 1831 382 1859 τὸν
402 1832 522 1870 τυχόντα
549 1830 732 1860 κατεϐάλλετο
746 1832 784 1864 εἷς
800 1833 831 1860 τὸ
858 1843 919 1860 κατ-

98 1878 208 1912 αγαγεῖν
224 1875 270 1903 τὸν
287 1874 404 1914 ἀδελφὸν
419 1877 464 1904 καὶ
483 1877 528 1904 τὸν
558 1874 682 1914 γαμϐρὸν
710 1877 756 1904 καὶ
782 1877 920 1914 μόναρχος

97 1919 294 1959 ὑπολειφθῆναι
319 1923 377 1951 τοῖς
402 1920 568 1958 πράγμασιν
599 1921 662 1949 ἀλλ’
691 1921 747 1949 ἐπεὶ
777 1922 845 1948 κατὰ
872 1922 919 1949 τὸν

97 1964 213 1998 ποιητήν
225 1965 282 2001 (86)
298 1964 351 1992 eici
380 1964 425 1992 mi
452 1963 525 1992 ἄλλα
553 1966 638 2003 πυρὸς
663 1965 825 2004 θερμότερα,
841 1964 919 1998 ἔλαθε

94 2008 182 2035 πεθών
201 2007 307 2045 μᾶλλον
330 2010 347 2044 ἢ
365 2008 475 2046 δράσας,
496 2011 544 2036 τοῦ
572 2009 782 2045 Κωνσταντίνου,
808 2009 918 2046 ἐπείπερ

96 2050 193 2089 ᾔσθετο
206 2050 464 2090 ἐπιϐουλευόμενος,
480 2051 618 2089 ἀναϐολὴν
641 2055 678 2091 μὴ
706 2053 856 2086 δεδωκότος
883 2057 918 2092 τῇ

95 2096 259 2135 ἐγχειρήσει,
284 2098 377 2126 πολλὰ
398 2098 443 2126 καὶ
468 2102 520 2134 τῆς
543 2100 668 2136 γυναικὸς
697 2098 779 2127 αὺτοῦ
808 2099 919 2134 Ἑλένης

95 2141 251 2180 ἐρεθισάσης
265 2142 344 2170 αὐτὸν
365 2143 434 2181 πρὸς
455 2143 487 2170 τὸ
510 2146 671 2182 καταγαγεῖν
698 2147 747 2179 τῆς
779 2143 918 2182 βασιλείας

93 2186 154 2218 τοὺς
180 2185 324 2226 ἀδελφούς.
353 2188 488 2226 Ἐκφήνας
511 2186 557 2215 οὖν
581 2187 612 2215 τό
639 2190 787 2226 μυστήριον
812 2191 851 2225 τῷ
878 2188 918 2216 εἰ-

94 2232 203 2268 ρημένῳ
233 2231 368 2269 Βασιλείῳ
391 2234 431 2268 τῷ
454 2234 581 2268 Ηετεινῷ,
598 2232 643 2260 καὶ
670 2231 705 2260 δι’
726 2232 807 2260 αὐτοῦ
831 2243 917 2270 προσ-

92 2276 259 2313 κτησάμενος
298 2276 344 2304 τὸν
387 2277 537 2314 Μαριανὸν,
563 2275 601 2305 ἔτι
632 2276 661 2305 δὲ
689 2278 846 2316 Νικηφόρον
875 2277 918 2305 καὶ

98 2321 195 2348 Λέοντα
211 2320 275 2352 τοὺς
290 2321 366 2353 υἱοὺς
381 2320 472 2360 Βάρδα
486 2324 535 2349 τοῦ
550 2325 644 2356 ama,
661 2320 796 2350 Νικόλαόν
821 2333 851 2350 τι
874 2323 919 2350 καὶ

97 2365 192 2393 Λέοντα
214 2364 278 2396 τοὺς
310 2366 470 2404 Τορνικίους
499 2367 544 2394 καὶ
576 2366 679 2398 ἄλλους
716 2367 766 2394 οὐκ
796 2366 917 2405 ὀλίγους,

97 2407 178 2445 μηδὲν
195 2409 388 2448 ὑφορωμένους
410 2411 455 2438 τὸν
480 2410 615 2450 Στέφανον
636 2411 681 2438 καὶ
702 2411 748 2439 τὸν
776 2414 919 2439 Κωνσταν-

95 2456 177 2488 τῖνον,
192 2454 249 2481 κατ’
268 2454 346 2481 αὐτὸν
360 2455 405 2482 τὸν
420 2456 512 2493 καιρὸν
528 2458 576 2483 τοῦ
599 2456 711 2490 ἀρίστου
737 2459 919 2494 συναριστῶν-

95 2508 140 2529 τας
155 2498 238 2534 αὐτῷ,
254 2499 440 2533 ἀναρπάστους
467 2500 558 2535 τίθησι
584 2500 630 2528 καί
658 2498 834 2535 καταϐιϐάζει
863 2503 917 2529 τῶν

101 2542 252 2580 βασιλείων,
266 2545 300 2580 τῇ
325 2544 364 2578 κζ’
385 2545 432 2571 τοῦ
454 2544 618 2582 Ἰανουαρίου
646 2545 731 2582 μηνὸς
760 2548 810 2580 τῆς
833 2545 918 2581 αὐτῆς

95 2587 117 2625 γ’
142 2586 321 2623 ἰνδικτιῶνος,
341 2588 385 2616 καὶ
411 2587 570 2626 πλοιαρίοις
591 2589 732 2627 ἄνθέμενος
763 2590 917 2628 ὁπερορίζει

972 1610 1207 1638 dissensionibus
1230 1609 1396 1639 simultates
1412 1611 1487 1638 inter
1503 1618 1552 1638 eos
1568 1612 1655 1646 atque
1679 1609 1796 1638 σπουδαὶ

972 1655 1156 1688 exstiterunt;
1169 1658 1383 1691 suspectosque
1399 1654 1664 1691 porphyrogenitus
1674 1653 1795 1689 Stepha-

973 1708 1010 1727 no
1026 1708 1090 1727 esse
1105 1702 1192 1734 atque
1208 1699 1254 1727 hic
1271 1699 1312 1726 illi
1333 1701 1494 1734 coeperunt,
1509 1698 1639 1734 alterque
1655 1698 1690 1726 de
1705 1697 1796 1725 altero

974 1744 1175 1771 submovendo
1192 1744 1329 1780 cogitare.
1347 1743 1423 1771 Sane
1451 1743 1529 1770 haud
1560 1742 1699 1770 mediocri
1726 1750 1797 1769 cura

974 1780 1060 1824 atque
1074 1791 1179 1816 conatu
1196 1789 1225 1815 in
1240 1788 1268 1815 id
1285 1788 1420 1816 incubuit
1435 1787 1613 1823 Stephanus,
1632 1789 1663 1814 ut
1677 1786 1797 1822 collegis

973 1832 1097 1868 imperio
1112 1836 1210 1868 erepto
1227 1832 1308 1860 solus
1324 1841 1471 1860 summam
1487 1840 1585 1859 rerum
1605 1834 1726 1859 teneret.
1741 1831 1795 1858 Sed

974 1877 1223 1912 quemadmodum
1243 1880 1327 1913 poeta
1351 1877 1392 1904 ait
1415 1885 1478 1904 esse
1501 1876 1634 1911 quaedam
1651 1876 1709 1904 alia
1735 1875 1796 1912 igni

973 1921 1123 1955 calidiora,
1141 1922 1183 1950 ita
1197 1922 1222 1949 is
1238 1930 1354 1958 quoque
1370 1930 1427 1949 non
1442 1924 1503 1949 tam
1520 1920 1620 1948 intulit
1630 1929 1718 1956 quam
1732 1929 1797 1956 pus-

974 1975 1025 1994 sus
1037 1970 1082 1994 est
1095 1966 1505 2002 damnum,Constantino,ubi
1522 1965 1645 1993 insidias
1659 1965 1715 1993 sibi
1725 1965 1798 1992 strui

974 2011 1077 2044 sensit,
1094 2011 1224 2047 spatium
1237 2011 1276 2039 rei
1286 2011 1418 2047 gerenda:
1434 2019 1490 2038 non
1507 2009 1798 2044 concedente,multis

973 2057 1063 2083 etiam
1079 2056 1188 2084 Helena
1208 2063 1296 2083 uxore
1326 2055 1402 2083 hunc
1421 2055 1457 2083 ad
1484 2055 1587 2083 fratres
1617 2054 1797 2090 dejiciendos

973 2101 1244 2136 instiganteltsque
1259 2108 1365 2128 arcano
1374 2100 1496 2128 consilio
1507 2099 1721 2128 communicato
1729 2107 1796 2126 cum

973 2145 1081 2172 Basilio
1097 2145 1217 2173 Peteino
1247 2153 1297 2172 seu
1327 2144 1444 2172 Volucri
1474 2145 1542 2180 isto,
1558 2146 1587 2172 et
1615 2144 1680 2179 ejus
1709 2152 1797 2179 opera

973 2189 1064 2217 ascito
1080 2190 1109 2217 in
1126 2190 1295 2217 societatem
1312 2190 1453 2223 Mariano,
1478 2189 1609 2225 itemque
1633 2188 1796 2224 Nicephoro

973 2236 1000 2262 et
1017 2234 1111 2262 Leuce
1127 2234 1196 2261 filiis
1211 2234 1310 2261 Hardie
1325 2235 1438 2269 Phocis,
1465 2243 1498 2261 ac
1522 2233 1642 2262 Nicolao
1657 2237 1685 2261 et
1700 2233 1795 2261 Leone

975 2279 1117 2306 Torniciis
1133 2278 1257 2314 aliisque
1272 2279 1349 2306 haud
1363 2278 1660 2314 paucis,Stephanum
1675 2278 1798 2313 ejusque

976 2324 1093 2352 fratrem
1108 2324 1332 2351 Constantinum
1348 2331 1446 2351 secum
1464 2323 1641 2359 prandentes
1662 2323 1717 2350 sub
1732 2322 1797 2358 ipso

975 2368 1098 2403 prandio
1124 2368 1230 2404 corripi
1251 2368 1338 2404 jubet
1362 2367 1529 2404 paiatioque
1553 2366 1677 2402 extrahi,
1701 2367 1735 2393 27
1749 2367 1795 2395 die

973 2413 1117 2446 Januarii,
1133 2413 1291 2441 indictione
1305 2413 1418 2447 eadem,
1435 2412 1619 2448 navibusque
1643 2411 1796 2447 impositos

975 2457 1083 2492 relegat
1090 2457 1272 2492 Stephanum
1282 2457 1312 2485 in
1325 2457 1502 2485 Panormum
1513 2456 1796 2490 insulam,Constan-

974 2502 1069 2530 tinum
1085 2502 1160 2530 325
1179 2502 1209 2529 in
1225 2502 1456 2536 Terebinthum;
1473 2509 1506 2529 ac
1522 2509 1610 2537 opera
1626 2500 1723 2528 Basilii
1741 2503 1798 2528 Cae-

974 2555 1063 2574 sarea:
1079 2550 1108 2575 et
1122 2546 1270 2574 Anastasii
1281 2546 1424 2574 Heraclea:
1440 2546 1569 2582 episcopi
1582 2554 1664 2574 rasos
1675 2545 1797 2574 clericos

974 2591 1146 2619 facit.Paulo
1154 2594 1219 2627 post
1226 2591 1553 2627 transfertStephanum
1570 2591 1796 2624 Proconnasum,

690 2679 869 2708 XYLANDRI
888 2679 935 2708 ET
955 2680 1062 2709 GOARI
1081 2679 1196 2708 NOT/E.

133 2747 397 2794 (Sdlg‘sepsu‘siesti
407 2748 484 2794 βίους
492 2749 579 2794 calor
592 2749 669 2794 alius
685 2750 742 2794 alio
757 2751 915 2794 vehemen-
965 2751 1460 2794 ἀοι-ρ.Ῥοι-ριινιιοεοοὶιίκοιίιὶᾱίιεξε
1474 2760 1507 2781 ao
1520 2751 1618 2780 studio
1632 2750 1725 2779 fuisse
1737 2750 1796 2778 im-

102 2782 154 2812 tior
167 2784 265 2819 eat,ita
276 2784 416 2821 Stephani
426 2793 545 2822 quoque
554 2788 653 2816 aetum
665 2789 694 2815 et
702 2789 838 2817 conatum
852 2796 914 2817 ma-

968 2789 1098 2824 peditum
1115 2791 1144 2816 et
1155 2788 1271 2817 irritum
1288 2788 1408 2818 factum.
1423 2788 1492 2816 XYL.
