1936 3048
115 115 156 145 59
793 116 951 147 GEORGII
973 116 1144 147 CEDRENI

1783 117 1831 146 60

116 181 185 209 inde
200 180 338 209 Rhodum
354 189 386 209 ac
399 181 518 209 tandem
531 181 711 218 Mitylenam,
720 182 942 210 Constantinum

1040 193 1049 209 ν
1068 183 1116 218 μὶν
1143 182 1168 210 ἐν
1184 184 1218 219 τῇ
1234 182 1372 219 Πανόρμῳ
1386 182 1460 217 νήσῳ
1485 182 1552 217 (87),
1580 181 1626 209 τὸν
1657 185 1827 210 Κωνσταντι-

119 226 149 252 in
163 225 405 253 Samothraciam.
420 227 459 253 Ac
474 226 641 262 Stephanus
657 227 776 262 quidem
794 227 941 254 fortunam

119 278 205 297 suam
221 278 360 306 generose
372 278 404 297 ac
420 278 527 306 magno
538 271 635 298 animo
654 271 748 298 ferens
764 279 856 299 annos
868 271 901 298 19
914 271 942 298 in

121 315 212 342 Lesbo
228 315 315 342 vitam
325 315 605 351 egit.Gonstantinus
618 318 714 343 autem
726 316 823 343 animo
840 324 943 351 parum

122 362 261 386 constans
284 362 312 386 et
333 359 474 387 audacius
495 369 582 395 quam
609 369 661 395 par
684 363 747 387 erat
774 360 942 396 insurgens,

120 403 289 439 smpiusque
305 404 404 439 fugam
421 404 634 439 molitus,snno
649 407 716 440 post
731 405 875 432 amissum
888 404 943 431 im-

120 448 234 483 perium
250 449 389 481 secundo,
406 449 560 476 custodem
576 457 663 476 suum
679 457 747 476 cum
763 448 829 476 dolo
846 457 944 476 necas-

120 494 174 526 set,
191 501 208 519 a
223 492 344 528 reliquis
359 492 533 521 custodibus
556 493 618 529 ipse
646 501 764 529 quoque
784 494 829 521 est
852 493 944 520 inter-

119 538 223 564 fectus.

1000 237 1044 254 vov
1076 225 1104 253 δί
1128 227 1153 253 ἐν
1251 224 1403 264 Τερεϐίνθῳ
1434 227 1500 263 (88).
1527 226 1579 254 Καὶ
1610 225 1654 253 διὰ
1682 226 1829 254 Βασιλείου

998 272 1046 296 τοῦ
1084 271 1245 308 Καισαρείας
1287 270 1331 297 καί
1362 269 1538 298 Ἀναστασίου
1584 272 1631 297 τοῦ
1664 271 1830 305 Ἡρακλείας

999 315 1043 341 καὶ
1102 313 1185 354 ἄμφω
1235 314 1386 352 κΛηρικοὺς
1436 315 1603 352 ἀποκείρει,
1655 317 1829 351 μεταστήσας

1000 358 1049 386 οὐκ
1074 359 1112 390 εἷς
1143 360 1246 397 μακρὰν
1275 359 1320 387 τὸν
1339 360 1386 396 μὲν
1406 359 1539 398 Στέφανον
1563 359 1588 387 ἐν
1616 360 1828 396 ΙΙροικοννήσῳ,

1000 403 1056 430 εἶτα
1080 403 1105 430 ἐν
1131 403 1216 440 Ῥόδῳ
1239 404 1284 431 καὶ
1312 403 1466 431 τελευταῖον
1493 403 1518 431 ἐν
1544 403 1701 442 Μιτυλήνῃ,
1729 405 1774 432 τὸν
1799 403 1831 432 δὲ

1000 449 1200 476 Κωνσταντῖνον
1227 448 1253 476 ἐν
1285 448 1459 486 Σαμοθρᾴκῃ.
1492 447 1570 476 ⁷Δλλ’
1597 449 1611 476 ὸ
1642 449 1688 485 μὲν
1719 449 1828 488 Στεφα-

998 501 1044 522 νος
1061 492 1242 532 μεγαλοφυῶς
1265 493 1310 520 καὶ
1337 492 1540 531 μεγαλοψύχως
1565 493 1612 524 τὰς
1637 493 1830 531 ἐπενεχθείσας

1000 535 1073 572 αὐτῷ
1098 537 1186 576 φέρων
1209 537 1297 575 τύχας
1320 537 1467 565 διετέΛεσεν
1493 537 1537 565 ἐπὶ
1561 537 1607 572 ἔτη
1633 538 1665 570 ιθ’
1695 538 1828 576 βιοτεύων

120 579 147 608 ἐν
162 583 196 617 τῇ
211 578 319 617 Λέσϐον
335 581 349 608 ὁ
361 584 566 613 Κωνσταντῖνος
583 580 611 609 δὲ
626 581 772 619 ὀλιγώρως
788 580 918 611 διατεθεὶς
932 581 977 608 καὶ
993 580 1155 620 θερμότερον
1169 585 1218 610 τοῦ
1234 581 1342 614 δίοντος
1359 582 1614 619 κατεξανιστάμενος
1630 583 1674 610 καὶ
1688 581 1829 614 πολλάκις

123 624 302 662 ἐπιχειρήσας
317 629 422 664 φυγεῖν,
442 627 509 663 μετά
524 625 648 664 δεύτερον
664 627 764 664 χρόνον
779 628 827 653 τοῦ
839 629 889 660 τῆς
906 624 1044 663 βασιλείας
1063 625 1184 654 ἐκπεσεῖν
1199 627 1245 655 τὸν
1260 627 1429 666 φυλάττοντα
1441 629 1535 655 τοῦτον
1559 626 1748 666 δολοφονήσας
1774 627 1829 655 ὑπὸ

121 672 174 697 τῶν
187 669 357 708 περιλοίπων
372 671 417 698 καὶ
433 671 512 702 αὐτὸς
527 672 736 710 ἀποσφάττεται,

159 716 259 743 Mense
273 716 350 743 Julio
367 719 453 744 sextae
477 716 647 744 indictionis
671 717 820 744 Romanus
845 723 946 743 eorum

123 763 204 796 pater
220 761 350 788 debitum
368 766 478 788 natura:
496 761 642 797 persolvit,
659 764 687 789 et
709 763 753 788 est
767 762 795 788 in
814 760 946 796 Myrelseo

122 804 267 840 sepultus.
286 806 408 833 Proinde
436 806 649 834 Constantinus
679 805 946 842 Porphyrogenitus

123 849 261 877 omnibus
281 858 345 885 quae
375 853 511 885 suspecta
526 853 611 878 erant
636 850 793 885 submotis,
822 852 850 877 et
864 849 946 877 solus

119 895 182 929 jam
198 894 440 930 imperans,festo
451 895 602 922 Paschalis
618 895 664 922 die
680 895 809 922 Romano
822 894 881 922 ﬁlio
892 902 946 921 suo

1039 717 1079 752 [P.
1095 717 1159 752 635]
1176 716 1246 751 Μηνὶ
1276 715 1305 744 δὲ
1333 715 1441 752 Ἰουλίῳ
1464 719 1514 751 τῆς
1537 717 1559 748 ς’
1586 715 1753 747 ἰνδικτιῶνος
1779 715 1827 743 καὶ

1001 761 1139 796 Ῥωμανὸς
1153 761 1166 788 ὁ
1182 761 1286 788 τούτων
1310 761 1400 798 πατὴρ
1424 760 1533 789 ἀπέτισε
1555 761 1586 788 τὸ
1607 761 1709 798 χρεὼν,
1724 761 1770 788 καὶ
1799 760 1828 787 ἐν

1001 807 1040 840 τῷ
1061 804 1208 843 Μυρελαίῳ
1231 806 1368 837 θάπτεται.
1394 806 1424 834 Ὁ
1451 804 1480 832 δὶ
1509 805 1764 844 πορφυρογὶννητος
1792 805 1830 832 τὰ

1002 850 1109 877 ὕποπτα
1123 849 1257 886 περιελὼν
1279 850 1308 877 ἐκ
1332 851 1428 886 μέσου⁹
1442 850 1488 877 καὶ
1512 850 1595 885 μόνος
1618 850 1668 883 τήν
1692 849 1828 886 αὐτοκρά-

1001 905 1067 931 τορα
1097 895 1315 931 περιζωσάμενος
1340 895 1442 932 ἀρχὴν,
1466 895 1533 922 κατά
1563 895 1595 921 τὸ
1628 897 1698 926 θεῖον
1728 895 1828 932 Πάσχα

123 927 260 966 diadema
272 939 407 975 imponit,
424 942 489 966 vota
510 939 634 967 faciente
660 939 878 975 Theophylacto
895 947 945 974 pa-

1040 951 1049 970 :
1074 927 1157 974 αὐτῆς
1168 927 1362 970 νίνδικτιῶνος
1377 927 1424 966 ἶάὶ
1435 927 1439 931 ”
1452 939 1492 975 τῷ
1506 939 1558 975 υἱῴ
1572 940 1704 975 Ῥωμανῷ
1717 927 1824 976 περιτί-

123 982 406 1019 triarcha.Equidem
422 983 505 1011 initio
520 983 667 1020 egregiam
683 985 851 1011 ostenderat
862 984 946 1010 indo-

125 1027 180 1055 lem
197 1027 426 1062 Constantinus;
443 1028 702 1064 existimalumque
718 1029 812 1056 fuerat
827 1036 904 1060 eum,
921 1028 946 1055 si

126 1071 208 1099 solus
224 1080 322 1099 rerum
340 1073 491 1108 potiretur,
508 1073 645 1108 praeclare
661 1073 775 1109 imperii
792 1081 837 1100 res
862 1081 945 1099 cura-

128 1119 228 1144 turum
246 1125 252 1144 :
270 1117 321 1144 sed
348 1116 450 1144 fefellit
469 1117 711 1152 expectationem,
736 1125 831 1152 neque
853 1125 887 1144 ea
902 1116 947 1143 di-

126 1168 217 1196 gnum
233 1169 264 1188 se
279 1161 380 1197 gessit.
397 1161 509 1197 Quippe
524 1162 590 1188 vino
606 1162 721 1189 deditus
736 1161 891 1189 laboriosis
907 1169 949 1188 re-

128 1205 184 1232 bus
193 1204 302 1233 relictis
315 1205 435 1241 ignaviaa
447 1205 705 1239 studebat,delicta
717 1208 814 1233 autem
824 1205 947 1233 aliorum

127 1250 219 1277 durus
234 1250 298 1277 sine
313 1249 373 1277 ulla
390 1250 577 1278 miseratione
593 1250 777 1286 puniebat.ln
794 1251 948 1286 magistra-

126 1293 205 1321 tibus
216 1302 331 1330 quoque
344 1294 480 1322 creandis
489 1303 544 1322 non
556 1295 701 1330 optimum
714 1303 860 1331 quemque
871 1296 948 1323 826

127 1338 361 1374 deligebst,quod
375 1339 498 1375 dignum
510 1338 778 1376 fuissetmagniﬁca
789 1342 947 1376 potestate:

129 1384 179 1410 sed
197 1383 363 1418 promiscue
378 1387 407 1411 et
421 1384 485 1411 sine
501 1383 561 1411 ullo
577 1384 710 1411 examine
734 1385 879 1412 exercitus
895 1385 948 1412 du-

129 1427 212 1455 cendi
220 1430 270 1455 aut
277 1427 358 1455 urbis
369 1428 581 1464 gurbernandze
591 1437 698 1456 munus
706 1429 835 1464 proximo
842 1430 950 1464 cuique

130 1472 352 1505 committebat;
370 1480 427 1507 quo
445 1472 552 1500 factum
568 1476 613 1500 est
628 1476 659 1500 ut
674 1473 758 1500 multi
778 1473 882 1509 plebeii
900 1477 951 1501 aut

129 1516 251 1551 culpatis
259 1517 323 1544 vitae
339 1516 473 1544 homines
481 1525 611 1545 summos
619 1518 647 1544 in
656 1518 806 1553 republica
817 1521 951 1554 gererent

128 1561 310 1588 honores.Ad
324 1568 412 1596 quam
430 1569 490 1589 rem
507 1561 634 1589 multum
646 1562 834 1590 conferebant
844 1563 951 1591 Helena

1001 991 1063 1019 θησι
1086 985 1118 1012 τὸ
1143 982 1273 1020 διάδημα,
1295 983 1454 1016 τελέσαντος
1485 982 1517 1017 δὴ
1538 984 1584 1014 τάς
1610 984 1693 1021 εύχάς
1721 987 1825 1022 Θεοφυ-

1001 1027 1102 1056 λάκτου
1115 1030 1164 1056 τοῦ
1178 1027 1363 1066 πατριάρχου.
1384 1030 1474 1055 Δοκῶν
1500 1027 1529 1055 δέ
1551 1038 1593 1059 τις
1613 1031 1734 1065 γενναῖος
1761 1029 1826 1055 ἀνα-

1001 1076 1116 1111 φανῆναι
1132 1073 1176 1100 καὶ
1202 1074 1254 1099 τῶν
1270 1074 1305 1109 τῇ
1331 1071 1456 1109 βασιλείᾳ
1488 1071 1667 1110 διαφερόντων
1693 1071 1828 1108 ἐπιμελὲ-

1003 1128 1096 1155 στερον
1126 1115 1332 1153 ἀντιλήψεσθαι,
1360 1116 1382 1144 εί
1419 1117 1502 1152 μόνος
1528 1117 1666 1153 κατάρξαι,
1695 1115 1828 1153 μαλακώ-

1002 1172 1079 1200 τερος
1110 1161 1188 1200 ὤφθη
1212 1164 1262 1195 τῆς
1288 1161 1462 1197 ὑπολήψεως,
1490 1159 1573 1198 μηδὲν
1598 1160 1671 1196 ἄξιον
1701 1162 1749 1195 τῆς
1789 1161 1830 1193 εἰς

1004 1206 1083 1234 αὐτὸν
1108 1204 1275 1241 προσδοκίας
1300 1204 1512 1241 ἐπιδειξάμενος.
1529 1204 1609 1233 Οἷ¹νου
1625 1216 1656 1233 τε
1675 1206 1727 1244 γάρ
1740 1205 1827 1240 ἥττη-

1002 1261 1044 1286 το,
1060 1251 1105 1278 καὶ
1128 1253 1183 1278 τῶν
1204 1249 1339 1277 ἐπιπόνων
1363 1250 1396 1277 τὰ
1423 1249 1507 1288 ῥᾷστα
1529 1250 1680 1288 προέκρινε,
1705 1249 1828 1287 δυσπαρ-

1003 1296 1112 1330 αίτητός
1124 1305 1153 1322 τε
1167 1295 1200 1329 ἦν
1217 1294 1243 1322 ἐν
1261 1297 1320 1325 τοῖς
1345 1294 1495 1331 πταίσμασι
1518 1294 1563 1322 καὶ
1587 1295 1749 1331 ἀσυμπαθὴς
1776 1304 1829 1321 xcv

1004 1339 1116 1375 λαστὴς,
1133 1339 1279 1378 ἀδιάφορός
1307 1349 1337 1366 τε
1363 1339 1431 1376 πρὸς
1444 1339 1492 1370 τὰς
1507 1336 1648 1375 προϐολὰς
1676 1337 1729 1366 τῶν
1759 1338 1828 1377 ἆρχ-

1005 1387 1092 1422 ηγῶν,
1120 1384 1168 1412 οὐκ
1205 1382 1359 1420 ἀριστίνδην
1396 1383 1495 1415 ταύτας
1533 1383 1663 1415 ἰθύνεσθαι
1695 1383 1740 1410 καὶ
1766 1385 1828 1410 κατ’

1005 1427 1135 1466 ἔπιλογῆν
1176 1428 1288 1462 ἐθέλων,
1319 1427 1384 1465 ὅπερ
1414 1425 1490 1465 ἔργον
1515 1427 1570 1455 ἐστὶ
1601 1426 1828 1465 μεγαλοπρεποῦς

1004 1473 1136 1509 ἐξουσίας,
1158 1472 1232 1500 ἀλλά
1253 1474 1293 1508 τῷ
1318 1472 1504 1509 παρατυχόντι
1527 1472 1616 1510 ἀρχὴν
1645 1471 1827 1508 ἐμπιστεύων,

1005 1517 1167 1555 στρατηγίαν
1188 1517 1271 1554 τυχὸν
1302 1516 1319 1551 ἢ
1339 1515 1534 1554 πολιταρχίαν,
1563 1515 1763 1553 ἀδοκιμάστως,
1788 1517 1828 1546 ’ὡς

1005 1562 1034 1590 ἐκ
1062 1562 1160 1589 τούτου
1191 1559 1328 1597 συμϐῆναι
1362 1560 1446 1588 πάντα
1475 1561 1536 1587 τινὰ
1560 1559 1674 1598 χυδαῖον
1699 1561 1743 1588 καὶ
1770 1560 1828 1588 δια-

126 1607 260 1640 Augusta
274 1608 302 1633 et
318 1605 444 1633 Basilius
459 1605 705 1634 cubiculariorum
719 1607 907 1643 intimus,qui
923 1609 949 1636 id

1041 1604 1180 1642 ϐληιιένον
1197 1605 1234 1636 είς
1257 1606 1305 1636 τὰς
1332 1605 1460 1642 μεγίστας
1483 1607 1537 1632 τῶν
1560 1604 1710 1633 πολιτικῶν
1734 1605 1827 1643 ἀρχῶν

127 1649 255 1685 agebant
271 1652 304 1677 ut
318 1650 434 1678 venales
449 1653 548 1678 essent
563 1651 766 1686 magistratus.

1009 1650 1239 1690 προχειρίζεσθαι,
1260 1648 1354 1677 πολλά
1381 1650 1449 1687 πρὸς
1469 1651 1549 1677 τοῦτο
1574 1649 1756 1687 συνεργούσης
1783 1650 1828 1677 καὶ

127 1692 241 1728 Ἑλένης
268 1697 318 1728 τῆς
348 1693 430 1721 αὐτοῦ
457 1697 579 1731 γαμετῆς
606 1694 651 1721 καὶ
679 1694 823 1723 Βασιλείου
858 1699 906 1724 τοῦ
934 1695 1195 1737 παρακοιμωμὲνου,
1225 1693 1323 1725 ὠνίους
1349 1695 1397 1725 τὰς
1426 1694 1512 1731 ἀρχὰς
1540 1696 1628 1722 ποιεῖν
1658 1703 1828 1730 παρασκευα-

131 1738 175 1772 ζόν
179 1748 232 1765 των
237 1758 244 1765 .

163 1783 263 1820 Nequa
277 1785 376 1811 tamen
393 1792 514 1819 prorsus
529 1784 625 1812 omnis
654 1785 784 1820 praeclari
813 1786 952 1815 facinoris

128 1836 232 1864 expers
249 1828 302 1856 fuit
317 1829 527 1856 Constantinus
542 1837 548 1856 :
567 1837 658 1856 unum
674 1829 751 1857 enim
767 1831 890 1859 referam
906 1831 950 1859 di-

127 1881 219 1908 gnum
237 1873 364 1908 profecto
381 1873 586 1906 admiratione,
617 1876 647 1901 et
662 1875 740 1909 quod
768 1876 862 1903 multa
887 1876 952 1911 ejus

129 1921 246 1953 peccata
256 1918 412 1945 obscurare
424 1918 671 1953 possit.Scientias
682 1919 773 1954 enim,
787 1920 953 1948 arithmeti-

129 1961 782 1998 cam.musicam,astronomiam,geometriam
790 1964 954 1992 etomnium

131 2005 292 2041 principem
309 2005 537 2042 philosophiam,
550 2014 614 2041 quae
627 2008 689 2041 jam
710 2008 797 2044 longo
823 2011 954 2044 tempore

130 2051 166 2078 ob
182 2049 326 2078 incuriam
343 2053 370 2078 et
385 2050 530 2078 inscitiam
553 2050 764 2087 imperatorum
793 2053 954 2088 perierunt,

130 2103 184 2123 sua
199 2094 347 2123 industria
361 2095 725 2131 instauravit,conquisitis
742 2096 791 2132 qui
809 2097 838 2124 in
854 2098 955 2133 quovis

130 2147 235 2176 genere
250 2139 434 2173 excellerent,
449 2148 481 2167 ac
498 2140 666 2168 constitutis
683 2141 862 2175 doctoribus,
892 2144 953 2170 stu-

130 2184 279 2220 diosisque
293 2185 417 2220 receptis
433 2187 460 2212 et
476 2185 640 2213 conductis.
658 2186 719 2218 Quo
736 2185 844 2214 factum
860 2189 905 2214 est
923 2189 955 2214 ut

129 2229 226 2265 exigui
240 2228 381 2266 temporis
397 2230 522 2257 decursu
539 2229 673 2257 barbarie
702 2229 857 2266 proﬂigata
883 2231 954 2258 urbs

129 2273 237 2302 litteris
253 2274 392 2303 ﬂoruerit.
406 2273 592 2302 Sedentarias
608 2274 696 2302 etiam
712 2277 798 2310 atque
813 2275 952 2311 opiﬁcum

131 2321 207 2346 artes
220 2327 295 2346 cura;
312 2318 426 2353 habuit,
454 2326 656 2354 magnumque
672 2318 708 2346 iis
737 2319 952 2348 incrementum

131 2363 240 2391 attulit.
257 2364 326 2392 Pius
340 2372 408 2399 erga
426 2363 517 2391 Deum
547 2363 602 2390 fuit
630 2371 663 2390 ac
677 2362 817 2397 liberalis,
845 2366 877 2392 ut
904 2365 953 2399 qui

131 2416 284 2444 nunquam
301 2408 330 2436 in
347 2408 534 2443 processibus
549 2408 584 2435 ad
602 2407 670 2435 fana
686 2408 799 2444 legibus
816 2408 952 2437 ecclesia-

131 2452 213 2480 sticis
230 2452 315 2480 factis
331 2452 394 2480 sine
409 2452 505 2479 fructu
520 2453 548 2480 et
568 2459 689 2480 munere
703 2452 732 2480 in
763 2456 953 2490 conspectum

129 2497 179 2525 Dei
196 2497 317 2531 venerit,
334 2497 384 2525 sed
399 2497 520 2524 donaria
542 2497 645 2532 quovis
661 2499 791 2533 tempore
817 2497 954 2526 obtulerit

129 2542 284 2577 magniﬁca
296 2543 324 2569 et
335 2541 442 2569 Christi
451 2541 811 2577 amantemimperatorem
823 2542 956 2570 decentia

129 2586 257 2615 Gratiam
273 2593 392 2621 quoque
408 2585 508 2613 retulit
520 2586 593 2614 327
610 2586 645 2613 iis
661 2594 677 2613 a
690 2586 798 2622 quibus
813 2587 843 2613 in
859 2587 954 2614 detur-

128 2631 234 2660 bandis
260 2630 383 2667 imperio
409 2630 507 2658 uxoris
542 2630 682 2659 fratribus
709 2631 828 2667 adjutus
850 2631 953 2659 fuerat.

1041 1785 1078 1813 Οὐ
1092 1784 1247 1811 παντάπασι
1262 1781 1290 1810 Et
1314 1781 1429 1820 ἄμοιρος
1453 1783 1487 1817 ἦν
1509 1782 1553 1810 καὶ
1571 1783 1694 1820 πράξεων
1723 1783 1827 1820 ἀγαθῶν

1008 1831 1021 1857 ὁ
1047 1831 1260 1859 Κωνσταντῖνος.
1290 1828 1321 1855 Ἣ
1348 1827 1399 1864 γὰρ
1437 1827 1554 1865 ῥηθῆναι
1594 1827 1734 1864 μέλλουσα
1771 1828 1827 1862 ἀξι-

1006 1875 1120 1912 άγαστος
1144 1871 1210 1900 οὖσα
1232 1871 1277 1899 καὶ
1302 1872 1444 1908 θαυμαστὴ
1477 1871 1629 1899 ἐπισκιάσαι
1659 1871 1754 1909 ἷ¹σχυσι
1782 1872 1828 1899 καὶ

1008 1920 1167 1956 ἀμαυρῶσαι
1205 1915 1300 1944 πολλά
1335 1919 1389 1943 τῶν
1422 1916 1504 1943 αύτοῦ
1538 1915 1749 1953 ἐλαττωμάτων.
1774 1917 1828 1947 Τὰς

1006 1963 1057 2000 γὰρ
1095 1962 1256 1997 ἰπιστήμας,
1291 1960 1487 1998 ἀριθμητικὴν,
1522 1962 1665 1997 μουσικὴν,
1701 1961 1829 1999 ἀστρονο-

1010 2006 1089 2043 μίαν,
1127 2005 1313 2044 γεωμετρίαν,
1351 2005 1581 2042 στερεομετρίαν,
1622 2005 1667 2032 καὶ
1712 2006 1762 2039 τὴν
1803 2005 1828 2032 ἐν

1008 2052 1105 2082 πάσοις
1119 2048 1220 2087 ἔποχον
1235 2048 1410 2088 φιλοσοφίαν,
1427 2048 1456 2076 ἰκ
1474 2051 1578 2087 μακροῦ
1597 2050 1700 2087 χρόνου
1715 2049 1830 2086 ἀμελείᾳ

1008 2096 1053 2123 καὶ
1068 2095 1170 2132 ἀμαθίᾳ
1184 2097 1237 2122 τῶν
1251 2094 1420 2131 κρατούντων
1435 2093 1613 2125 ἀπολωλυίας
1623 2094 1711 2130 οἷκείᾳ
1725 2093 1828 2132 σπουδῇ

1009 2140 1185 2175 ἀνεκτήσατο,
1202 2138 1266 2170 τοὺς
1282 2138 1323 2177 ἐφ’
1339 2139 1437 2176 ἑκάστῃ
1452 2138 1555 2166 τούτων
1581 2138 1706 2176 ἀρίστους
1732 2149 1761 2166 τε
1785 2138 1829 2166 καὶ

1010 2183 1139 2221 δοκίμους
1154 2183 1322 2218 ἀναζητήσας
1333 2182 1378 2210 καὶ
1392 2183 1477 2220 εὑρὼν
1506 2182 1550 2210 καὶ
1574 2181 1754 2214 διδασκάλους
1769 2182 1829 2210 ἐπι-

1009 2229 1119 2264 στήσας,
1133 2227 1177 2255 καὶ
1192 2227 1255 2258 τοὺς
1270 2225 1434 2257 σπουδαίους
1445 2225 1650 2264 ἀποδεχόμενός
1665 2237 1694 2254 τε
1707 2226 1752 2255 καί
1768 2237 1829 2264 συγ-

1007 2275 1122 2312 κροτῶν.
1141 2272 1187 2300 Διὸ
1199 2272 1244 2299 καὶ
1259 2272 1309 2306 τὴν
1324 2271 1435 2309 ἀλογίαν
1456 2270 1593 2302 ἀπελάσας
1614 2271 1663 2299 οὐκ
1681 2271 1707 2299 ἐν
1733 2274 1828 2309 μακρῷ

1007 2320 1047 2354 τῷ
1062 2317 1154 2355 χρόνῳ
1168 2316 1211 2344 ἐπὶ
1236 2316 1266 2343 τὸ
1290 2315 1471 2354 λογικώτεσον
1493 2315 1690 2354 μετεῤῥύθμισε
1716 2316 1748 2343 τὸ
1777 2326 1829 2343 πο-

1008 2361 1133 2398 λίτευμα.
1164 2359 1338 2397 Ἐπεμελήθη
1380 2359 1410 2387 δὶ
1446 2360 1491 2387 καὶ
1521 2361 1576 2387 τῶν
1611 2359 1749 2397 βαναύσων
1785 2361 1829 2388 καὶ

1008 2405 1200 2445 χειρωνάκτων
1227 2406 1344 2442 τεχνῶν,
1360 2404 1403 2431 καὶ
1430 2404 1468 2436 εἷς
1496 2403 1617 2431 ἰπίδοσιν
1636 2403 1756 2442 μεγάλην
1785 2405 1827 2432 καὶ

1007 2451 1107 2482 ταύτας
1147 2450 1290 2487 ἀνήνεγκεν
1307 2470 1313 2476 .
1343 2449 1393 2476 Ἦν
1437 2447 1465 2476 ’ὁὶ
1511 2448 1556 2476 καὶ
1595 2448 1629 2476 τὰ
1659 2449 1728 2487 πρὸς
1766 2449 1829 2477 Θεὸν

1010 2493 1124 2528 εὐσεϐὴς
1139 2493 1185 2522 καὶ
1205 2492 1365 2532 φιλότιμος,
1382 2492 1520 2530 μηδέποτε
1542 2493 1566 2521 ἓν
1591 2495 1649 2524 ταῖς
1674 2494 1742 2530 πρὸς
1768 2494 1830 2522 Θεὸν

1009 2542 1136 2571 τυπικαῖς
1163 2540 1216 2566 τῶν
1244 2538 1321 2570 θείων
1351 2537 1421 2566 ναῶν
1458 2537 1649 2575 προσελεύσεσι
1683 2539 1760 2569 κενὸς
1787 2538 1830 2566 καὶ

1011 2583 1132 2620 ἄκαρπος
1149 2583 1242 2622 ὀφθεὶς
1256 2585 1296 2620 τῷ
1319 2585 1386 2619 θεῷ,
1402 2582 1465 2610 ἀλλ’
1481 2583 1636 2619 ἀναθήμασι
1662 2581 1831 2620 δωρούμενος

1014 2627 1232 2667 μεγαλοπρεπέσι
1259 2627 1305 2656 καὶ
1331 2627 1504 2667 φιλοχρίστῳ
1536 2625 1642 2664 βασιλεῖ
1673 2628 1830 2665 πρέπουσιν.

724 2714 908 2744 XYLANDRI
927 2715 971 2743 ET
989 2713 1101 2743 GOARI
1119 2713 1236 2743 NOTIE.

163 2789 219 2827 (87)
236 2788 416 2826 Hellesponti
431 2786 540 2816 insula.
559 2787 648 2816 Gesn.

1042 2785 1098 2822 (88)
1113 2786 1145 2814 In
1159 2785 1262 2813 eadem
1276 2782 1462 2819 Propontide.
1475 2782 1564 2811 Gesn.
