1928 3047
77 133 123 166 6i
656 133 930 164 HISTORIARUM
953 131 1224 163 GOMPENDIUM.
1754 132 1794 161 62

77 199 239 236 Ἠμείψατο
265 198 295 226 δὲ
317 199 362 226 καὶ
391 198 455 231 τοὺς
482 200 693 237 συνεργήσαντας
733 198 807 235 αὖτῷ
846 199 914 236 πρὸς

1012 207 1045 226 .m
1062 198 1187 226 Bardam
1212 197 1339 226 Phocam
1364 197 1499 233 magistri
1522 197 1633 226 honore
1655 198 1794 233 dignatus

78 244 137 278 τὴν
170 246 224 271 τῶν
261 242 483 283 γυναικαδέλφων
531 244 685 282 καθαίρεσιν
727 243 820 271 ταῖσδε
853 246 913 274 ταῖς

81 288 266 326 εὐεργεσίαις,
287 287 393 326 Βάρδαν
424 289 470 326 μὲν
499 289 544 315 τὸν
576 292 674 316 Φωκᾶν
704 289 850 326 μάγιστρον
876 298 915 315 τι-

83 335 179 369 μήσας
207 333 252 360 καὶ
283 332 444 370 δομὲστικον
473 335 526 361 τῶν
551 332 661 371 σχολῶν
685 337 734 368 τῆς
751 332 913 367 Ἀνατολῆς,

82 377 245 416 Νικηφόρον
268 377 296 405 δὲ
316 378 360 405 καὶ
378 379 479 405 Λέοντα
493 377 557 408 τοὺς
571 377 668 405 τούτου
690 377 775 412 υἱοὺς,
791 378 836 405 τὸν
867 377 913 414 μὲν

78 425 140 449 τῶν
167 422 355 450 Ἀνατολικῶν
380 423 530 461 στρατηγὸν
554 422 601 450 τὸν
626 422 796 460 Νικηφόρον,
811 422 856 449 τὸν
887 420 916 449 δὲ

80 470 136 502 τῆς
182 466 377 498 Καππαδοκίας
419 467 465 494 τὸν
507 466 608 495 Λέοντα
656 467 913 504 προχειρισάμενος,

79 511 129 538 καὶ
148 513 348 540 Κωνσταντῐνον
366 511 474 549 θάτερον
492 513 542 538 νῶν
571 511 637 539 υἱῶν
663 513 714 546 τῆς
745 509 913 546 Σελευκείας,

81 556 230 583 Βασίλειον
261 555 290 584 δὶ
314 556 361 583 τὸν
390 556 516 584 Ηετεινὸν
555 555 669 594 ἔξαρχον
706 559 756 591 τῆς
791 554 914 593 μεγάλης

81 600 234 638 ἑταιρείας.
252 602 294 636 [Ρ.
310 601 373 637 636]
390 601 526 637 Μαριανὸν
544 599 572 628 Si
587 601 631 628 τὸν
650 600 782 639 Ἀργυρὸν
806 600 916 636 κόμητα

79 647 136 672 τοῦ
153 643 274 673 στάϐλου
289 645 333 672 καὶ
348 645 393 673 τὸν
409 645 560 683 Κουρτίκην
582 645 716 680 Μανουήλ
742 648 790 680 τῆς
821 644 916 682 βίγλας

81 688 282 728 δρουγγάριην.
318 689 506 727 Ἐξευνοόχισε
544 688 572 717 δὲ
609 689 653 717 καὶ
690 689 830 726 Ῥωμανὸν
866 691 915 716 τοῖ’)

969 244 1164 272 domesticum
1190 243 1358 271 scholarum
1383 243 1508 271 Orientis
1532 243 1694 277 constituit,
1710 243 1792 271 Nice-

971 289 1095 324 phorum
1113 291 1140 316 et
1155 288 1289 322 Leonem,
1305 289 1370 323 ejus
1393 288 1480 321 ﬁlios,
1496 288 1575 316 hunc
1594 288 1793 324 Cappadociae,

969 333 1054 360 illum
1070 332 1261 360 Orientalium
1277 333 1382 360 ducem
1398 332 1547 367 creavit,et
1557 333 1792 366 Constantinum,

969 377 1086 405 tertium
1102 377 1166 412 ejus
1194 377 1297 412 ﬁlium,
1323 377 1460 405 Seleuciae.
1482 377 1621 413 praefecit,
1650 376 1792 405 Basilium

971 422 1124 449 Volucrem
1142 430 1252 457 magna
1267 421 1415 449 sodalitati
1429 422 1589 458 praposuit
1603 432 1610 456 ;
1628 421 1792 450 Marianum

970 467 1112 502 Argyr-um
1142 466 1280 494 comitem
1309 466 1427 500 stabuli,
1456 466 1624 494 Manuelum
1645 466 1791 495 Curticem

969 511 1073 546 vigiliae
1089 511 1254 547 designavit
1268 510 1458 546 drungarium
1472 519 1478 545 ;
1492 511 1656 539 Romanum
1671 510 1795 546 Stepha-

971 555 999 582 ni
1017 555 1110 583 ﬁlium
1127 555 1273 590 castravit,
1289 565 1355 583 cum
1372 556 1422 591 qui
1438 559 1540 592 postea
1555 555 1720 591 Augustifcr
1733 556 1794 583 fac-

971 602 1018 627 tus
1041 602 1094 634 est,
1111 599 1240 635 itemque
1263 599 1418 634 Basilium,
1444 602 1575 628 Romano
1599 600 1661 627 seni
1678 609 1692 628 e
1711 608 1794 628 serva

970 647 1092 677 natum;
1109 646 1137 672 et
1161 644 1346 677 Michaelum,
1362 644 1525 672 Christiferi
1550 644 1672 673 Cesaris
1687 644 1792 678 ﬁlium,

970 688 1108 716 clericum
1125 689 1202 716 fecit.

85 735 229 773 Στεφάνου
258 735 392 770 υἱὸν,τὸν
422 735 565 771 μετέπειτα
593 732 791 773 σεϐαστοφόρον
818 733 973 771 γενόμενον,
989 730 1027 760 ἔτι
1057 731 1085 760 δὲ
1113 732 1157 760 καὶ
1184 731 1326 760 Βασίλειον
1353 733 1398 760 τὸν
1429 733 1460 760 ἒν.
1487 731 1590 768 δούλης
1612 733 1795 770 ἀποτεχθέντα

91 781 226 815 Ρωμανῷ
241 781 281 815 τῷ
295 778 412 818 γέροντι·
431 777 547 816 Μιχαὴλ
564 777 592 806 δὶ
606 780 652 806 τὸν
672 779 730 806 υἱὸν
747 778 936 817 Χριστοφόρου
951 779 999 804 τοῦ
1016 776 1149 814 βασιλέως
1166 776 1290 815 ἀπέκειρε
1303 776 1448 815 κληρικόν.

121 822 344 860 ’Ᾱδαμαντίνοις,
362 822 407 858 δι’,
422 824 459 855 ὡς
475 822 555 860 ᾤετο,
571 822 683 859 δεσμοῖς
697 824 746 858 τὴν
779 822 917 861 βασιλείαν

84 867 325 906 ἀσφαλισάμενος,
351 868 396 895 καὶ
426 871 512 895 πᾶσαν
544 868 659 905 ὑποψίαν
689 867 917 904 ἀποσεισάμενος,

83 913 131 940 καὶ
165 911 243 948 δόξας
272 913 298 940 ἒ]
324 915 365 949 τῷ
395 912 511 940 ἀσφαλεῖ
533 914 703 947 καθεστάναι,
731 915 829 950 μικροῦ
863 911 917 939 δεῖν

1009 824 1081 850 Cum
1110 825 1206 850 autem
1236 823 1384 850 videretur
1412 823 1570 858 imperium
1596 822 1794 851 adamantinis

972 866 1097 894 vinculis
1113 866 1258 894 muniisse
1283 869 1311 894 et
1326 867 1424 895 omnia
1447 870 1586 903 suspecta
1610 868 1748 896 amolitus
1764 867 1793 894 in

973 913 1035 939 tuto
1051 912 1302 947 consistere,pene
1317 911 1347 939 in
1363 920 1514 940 summum
1531 912 1609 941 venit
1624 912 1793 947 discrimen,

89 956 264 985 ἰκινδύνευσι
293 956 352 984 δυσὶ
387 957 523 994 μεγίσταις
559 955 719 989 ἐπιϐουλαῖς
752 957 916 995 περιπεσών.

1014 956 1139 992 plicibus
1170 956 1278 991 petitus
1306 957 1432 989 insidiis,
1449 965 1517 984 nam
1545 961 1575 985 et
1603 957 1795 993 Theophanes

90 1001 236 1038 Θεοφάνης
261 1012 290 1028 τε
317 1001 368 1039 γὰρ
393 1001 407 1028 ὁ
431 1001 678 1040 παρακοιμώμενος
707 999 845 1037 ἐϐουλήθη
875 1002 922 1028 τὸν

89 1043 249 1082 πρεσϐύτην
277 1046 414 1082 Ῥωμανὸν
443 1045 472 1073 lx
498 1050 547 1080 τῆς
575 1047 658 1081 νήσου
685 1046 801 1084 ΙΙρώτης
826 1045 864 1077 εἲς
891 1046 922 1073 τὸ

88 1090 228 1118 παλάτιον
244 1091 363 1129 ἀγαγεῖν,
377 1091 421 1117 καὶ
437 1089 539 1122 ἄλλους
556 1090 605 1118 οὐκ
634 1090 744 1129 ὀλίγους
767 1089 838 1129 ἔχων
866 1102 924 1117 συν-

91 1135 216 1174 ίστορας·
246 1135 292 1162 καί
320 1145 390 1166 τινες
416 1133 445 1162 δὲ
472 1133 571 1172 ἕτεροι,
601 1134 665 1170 ἤτοι
700 1136 773 1162 Λέων
804 1136 817 1162 ὁ
848 1134 922 1163 Κλά-

91 1178 160 1213 δων,
179 1179 332 1218 Γρηγόριος
350 1180 363 1206 ὁ
378 1178 522 1216 Μακεδὼν,
539 1180 583 1207 καὶ
613 1178 756 1210 Θεοδόσιος
785 1180 799 1207 ὁ
815 1179 924 1217 πρῶτος

89 1226 146 1251 τῶν
177 1226 227 1251 τοῦ
255 1223 392 1262 Στεφάνου
420 1224 597 1261 ἱπποκόμων,
613 1225 654 1252 καὶ
687 1224 842 1259 Ἰωάννηςὸ
864 1224 922 1262 ῥαί-

89 1278 181 1304 κτωρ,
195 1269 243 1296 τὸν
261 1269 395 1307 Στέφανον
417 1266 613 1296 ἐϐουλεύσαντο
629 1268 658 1296 ἐκ
683 1268 842 1304 Μιτυλήνης
857 1268 922 1306 ἀγα-

89 1315 149 1350 γεῖν
168 1313 214 1339 καὶ
235 1314 270 1349 τῇ
296 1312 422 1350 βασιλείᾳ
443 1312 643 1350 ἐγκαθιδρῦσαι.
660 1312 738 1342 Ἀλλ’
763 1313 814 1340 ὑπό
841 1324 921 1340 τινων

91 1359 269 1393 συνωμοτῶν
314 1357 486 1394 μηνυθέντων
517 1360 571 1385 τῶν
606 1357 798 1395 βουλευμάτων
833 1358 846 1384 ὀ
875 1357 922 1393 μὲν

93 1401 240 1440 Θεοφάνης
265 1401 395 1440 ἐξωρίσθη
422 1401 467 1429 σὺν
492 1404 550 1433 τοῖς
574 1402 656 1429 αὐτοῦ
672 1404 823 1440 συνεργοῖς,
840 1402 865 1429 οἱ
895 1401 924 1429 δὲ

92 1448 142 1473 τοῦ
175 1447 313 1485 Στεφάνου
339 1445 561 1483 ἀντιποιούμενοι
585 1447 727 1486 τυφθέντες
752 1446 797 1474 καὶ
820 1445 923 1484 δημευ-

93 1489 199 1524 θέντες,
215 1490 259 1517 καὶ
275 1491 322 1522 τὰς
335 1490 410 1529 ῥῖνας
423 1490 570 1527 τμηθέντες
587 1490 779 1529 ἐξωρίσθησαν.

131 1535 175 1563 Οὗ
192 1533 317 1563 διελιπον
345 1534 373 1562 δὲ
401 1535 446 1563 καὶ
471 1536 497 1562 οἱ
522 1533 775 1573 Τοῦρκοιεὶσϐολὰς
806 1535 844 1567 εἰς
872 1537 921 1571 τήν

94 1579 243 1615 Ῥωμαίων
257 1579 416 1616 ποιούμενοι
432 1580 477 1607 καὶ
492 1579 593 1616 ταύτην
610 1579 747 1618 δῃοῦντες,
767 1581 865 1618 μέχρις
893 1581 923 1607 οὗ

93 1622 289 1658 Βουλοσουόἢς
305 1624 319 1651 ὁ
334 1624 437 1652 τούτων
452 1624 575 1662 ἀρχηγὸς
600 1625 650 1659 τήν
678 1623 731 1652 τῶν
754 1626 921 1663 Χριστιανῶν
938 1642 959 1675 C

93 1668 189 1696 πίστιν
216 1668 379 1703 ἀσπάζεσθαι
410 1668 565 1707 ὑποκριθεὶς
585 1668 744 1708 κατειλήφει
769 1670 817 1704 τήν
848 1672 923 1698 Κων-

95 1713 248 1740 σταντίνου·
265 1713 310 1740 καὶ
335 1713 492 1751 ﬁat-inlaesi:
510 1713 562 1741 ὑπὸ
590 1716 639 1741 τοῦ
667 1713 801 1751 βασιλέως
831 1713 924 1741 ἀναδὲ-

94 1768 179 1795 χεται
201 1758 415 1792 Κωνσταντίνου,
439 1759 474 1795 τῇ
499 1760 551 1785 τῶν
578 1758 727 1796 πατρικίων
751 1758 811 1795 ἀξίᾳ
840 1769 924 1796 τιμη-

96 1803 152 1833 Θεὶς
182 1801 228 1830 καὶ
250 1801 384 1830 πλείστων
419 1802 571 1840 χρημάτων
603 1803 720 1840 ὑπάρξας
749 1802 854 1840 κύριος,
878 1804 924 1831 εἴτ’

95 1845 178 1878 αὖθις
206 1844 298 1874 οἷ’καδε
327 1846 507 1883 ὑποστρέψας.
523 1847 589 1875 Μετ’
605 1847 637 1874 οὐ
664 1846 735 1874 πολὺ
752 1846 780 1874 δὲ
809 1847 852 1874 καὶ
878 1851 925 1875 Γυ-

96 1890 159 1924 λᾶς,
179 1890 273 1929 ἅρχων
289 1890 326 1918 ὢν
340 1891 386 1918 καὶ
401 1891 482 1922 αὐτὸς
504 1893 559 1918 τῶν
586 1891 725 1929 Τούρκων,
752 1891 858 1919 εἴσεισιν
886 1892 924 1923 είς

96 1936 147 1970 τήν
169 1933 299 1973 βασιλίδα
312 1934 356 1962 καὶ
375 1935 542 1973 βαπτίζεται,
562 1937 617 1963 τῶν
639 1935 709 1963 ’ίσων
734 1936 856 1973 ἀξιωθεὶς
879 1937 926 1964 καῖ

97 1980 182 2010 αὑτὸς
207 1980 367 2017 εὐεργεσιῶν
399 1979 445 2007 καὶ
480 1982 579 2012 τιμῶν.
607 1977 766 2009 Ἀνελάϐετο
799 1979 827 2007 δὲ
868 1982 925 2017 μεθ’

96 2025 197 2052 ἑαυτοῦ
225 2024 269 2052 καί
297 2035 357 2052 τινα
382 2025 503 2062 μοναχὸν
527 2025 658 2063 ’ἱερόθεον
687 2024 817 2062 τοῦνομα,
848 2025 924 2061 δόξαν

96 2067 244 2100 εὐλαϐείας
272 2067 380 2107 ἔχοντα,
411 2068 556 2097 ἐπίσκοπον
598 2069 729 2107 Τουρκίας
765 2070 839 2106 παρὰ
876 2072 925 2097 τοῦ

97 2112 294 2153 Θεοφυλάκτου
322 2113 561 2151 χειροτονηθέντα,
597 2114 626 2145 ’ὸς
661 2113 746 2142 ἐκεῖσε
780 2113 926 2151 γενόμενος

97 2157 225 2189 πολλοὺς
241 2158 294 2185 ἀπὸ
310 2161 360 2192 τῆς
384 2155 553 2196 βαρϐαρικῆς
580 2157 689 2194 πλάνης
718 2158 756 2190 εἷς
782 2158 827 2186 τὸν
856 2162 926 2196 Χρι-

99 2202 261 2238 στιανισμὸν
290 2202 472 2240 ἆπανήγαγεν.
504 2202 585 2231 Ἀλλ’
615 2203 628 2230 ὁ
659 2203 707 2239 μὲν
747 2202 834 2234 Γυλᾶς
872 2203 926 2231 ἐνέ-

101 2257 179 2284 μεινε
201 2248 236 2284 τῇ
259 2246 358 2281 πίστει,
375 2247 438 2284 μήτ’
463 2246 542 2278 αὐτὸς
566 2245 663 2286 ἕφοδόν
684 2257 750 2275 ποτε
770 2247 838 2275 κατὰ
860 2248 926 2275 Ῥω-

103 2291 191 2328 μαίων
203 2291 374 2326 πεποιηκὼς,
393 2292 462 2328 μήτε
484 2291 548 2323 τοὺς
570 2291 771 2328 ἁλισκομένους
799 2293 926 2329 Χριστια-

976 1001 1175 1028 cubicularius
1199 1001 1234 1028 de
1250 1001 1380 1029 Romano
1395 1010 1429 1029 ex
1455 1001 1552 1029 insula
1567 1002 1651 1030 Prota
1666 1003 1695 1030 in
1717 1002 1797 1038 pala'

978 1045 1050 1073 tium
1080 1045 1244 1073 reducendo
1274 1045 1397 1073 consilia
1424 1046 1570 1080 tractavit,
1587 1046 1688 1075 multis
1709 1047 1797 1074 etiam

978 1090 1042 1118 aliis
1058 1090 1193 1118 consciis.
1209 1092 1246 1118 Et
1269 1090 1318 1118 alii
1343 1090 1475 1125 quidam,
1492 1099 1596 1127 nempe
1621 1092 1674 1119 Leo
1698 1091 1797 1126 Clado,

978 1134 1136 1170 Gregorius
1161 1134 1291 1168 Macedo,
1312 1135 1495 1163 Theodosius
1518 1136 1658 1171 Stephani
1682 1138 1798 1172 protos-

978 1181 1079 1212 lratop,
1105 1181 1133 1206 et
1160 1179 1289 1206 Joannes
1318 1181 1423 1213 rector,
1452 1180 1634 1216 Stephanum
1661 1180 1799 1216 Mitylene.

978 1231 1112 1250 revocare
1137 1225 1166 1250 et
1190 1223 1348 1259 imperium
1379 1225 1403 1251 ei
1430 1225 1583 1252 restituere
1608 1225 1700 1253 moliti
1718 1227 1797 1252 sunt.

978 1269 1045 1301 Quae
1061 1268 1185 1296 consilia
1200 1277 1265 1296 cum
1282 1271 1380 1296 essent
1395 1278 1412 1296 a
1427 1269 1604 1304 quibusdam
1621 1270 1798 1305 conjuratio-

979 1321 1048 1340 num
1065 1312 1258 1349 popularibus
1283 1314 1406 1346 detecta,
1421 1313 1614 1350 Theophanes
1629 1315 1706 1342 328
1731 1323 1798 1342 cum

979 1358 1040 1385 suis
1066 1357 1154 1385 sociis
1179 1360 1223 1385 est
1247 1357 1390 1393 relegatus
1407 1367 1414 1386 :
1431 1358 1481 1394 qui
1502 1367 1566 1386 vero
1593 1359 1734 1394 Stephani
1750 1367 1798 1386 ne-

977 1401 1090 1437 gotium
1124 1405 1325 1438 susceperant,
1353 1403 1496 1430 verberati
1526 1406 1606 1438 sunt,
1641 1403 1717 1431 bona
1750 1412 1800 1431 e0-

979 1455 1044 1474 rum
1067 1446 1228 1482 publicata,
1242 1449 1270 1474 et
1298 1447 1419 1475 naribus
1448 1447 1577 1483 praecisis
1605 1448 1634 1475 in
1663 1447 1800 1476 exsilium

978 1491 1045 1518 acti.

1014 1535 1153 1564 Caeterum
1169 1537 1252 1563 Turci
1271 1545 1328 1564 non
1348 1539 1415 1564 ante
1439 1537 1527 1564 ﬁnem
1553 1537 1684 1565 fecerunt
1699 1537 1728 1564 in
1744 1539 1800 1564 Ro-

979 1588 1080 1607 manas
1096 1580 1222 1608 ditiones
1237 1581 1404 1617 grassandi,
1421 1590 1508 1617 quam
1525 1581 1684 1610 Bulosudes
1699 1590 1800 1609 eorum

980 1623 1116 1659 princeps
1137 1625 1223 1652 ﬁdem
1240 1633 1271 1653 se
1287 1625 1422 1661 amplecti
1445 1625 1641 1654 Christianam
1659 1625 1802 1654 simulans

978 1668 1077 1704 Cpolin
1093 1668 1183 1703 venit,
1200 1669 1424 1705 baptizatusque
1447 1670 1487 1697 ibi
1510 1679 1526 1698 a
1540 1670 1734 1698 Constantino
1758 1673 1803 1698 est

979 1715 1128 1748 exceptus,
1154 1713 1189 1740 ab
1213 1721 1306 1749 eoque
1328 1714 1441 1749 patricii
1466 1715 1609 1751 dignitate
1633 1718 1661 1743 et
1686 1715 1802 1751 magnis

979 1757 1065 1785 donis
1080 1760 1202 1785 ornatus
1213 1758 1382 1793 ditatusque
1391 1759 1510 1786 domum
1524 1759 1618 1787 rediit.
1635 1759 1698 1787 Non
1709 1759 1802 1787 multo

981 1804 1046 1838 post
1060 1802 1158 1838 Gylas,
1174 1802 1237 1838 ipse
1252 1811 1369 1838 quoque
1384 1803 1526 1832 Turcicus
1543 1804 1688 1840 princeps,
1699 1805 1800 1832 eodem

980 1854 1012 1873 se
1035 1847 1168 1881 ejusdem
1192 1847 1234 1875 rei
1258 1855 1348 1875 causa
1369 1848 1498 1882 confert;
1529 1849 1751 1884 baptizatusque
1775 1853 1804 1877 et

980 1892 1080 1919 eodem
1091 1899 1149 1927 quo
1160 1891 1240 1926 prior
1250 1892 1336 1920 modo
1348 1894 1489 1920 tractatus
1509 1893 1687 1920 monachum
1703 1901 1802 1921 secum

981 1935 1102 1963 abduxit
1117 1935 1437 1972 Hierotheum,pietatis
1453 1937 1529 1964 fama
1544 1936 1699 1971 celebrem,
1715 1946 1802 1973 quem

980 1981 1090 2008 Turcize
1102 1980 1273 2016 episcopum
1297 1981 1530 2017 Theopbylactus
1547 1981 1713 2017 patriarcha
1727 1982 1803 2010 desi-

981 2025 1090 2060 gnavit.
1109 2025 1193 2061 Isque
1209 2028 1240 2053 ut
1263 2026 1293 2053 in
1318 2026 1455 2054 Turciam
1478 2026 1566 2060 venit,
1584 2026 1692 2054 mullos
1707 2036 1724 2054 a
1738 2027 1803 2055 bar-

981 2069 1080 2097 barica
1097 2069 1196 2097 fraude
1211 2070 1247 2097 ad
1263 2070 1459 2098 Christianum
1476 2071 1646 2107 religionem
1662 2071 1802 2099 traduxit.

982 2116 1021 2141 Ac
1036 2114 1123 2150 Gylas
1138 2114 1256 2149 quidem
1273 2115 1301 2141 in
1317 2115 1374 2142 ﬁde
1393 2115 1572 2150 permansit;
1589 2117 1617 2143 et
1632 2123 1726 2151 neque
1742 2115 1803 2151 ipse

981 2158 1011 2185 in
1028 2158 1175 2186 Romanos
1200 2158 1409 2194 impressiones
1424 2159 1501 2192 fecit,
1517 2161 1544 2187 et
1559 2160 1689 2196 captivos
1703 2160 1804 2188 Chris-

982 2203 1079 2230 tianos
1104 2211 1204 2231 emens
1229 2204 1350 2238 curavit,
1375 2203 1598 2240 libertatemque
1613 2204 1649 2232 iis
1664 2204 1802 2232 reddidit.

982 2247 1142 2276 Bolosudes
1158 2249 1255 2276 autem
1272 2249 1365 2283 pactis
1381 2257 1444 2284 qua:
1469 2257 1536 2276 cum
1553 2251 1610 2277 Deo
1636 2249 1742 2277 inierat
1757 2257 1803 2277 re—

982 2292 1094 2327 scissis,
1111 2300 1186 2327 stepe
1202 2300 1268 2320 cum
1285 2293 1422 2320 omnibus
1438 2293 1499 2321 suis
1515 2293 1545 2320 in
1560 2293 1707 2321 Romanos
1721 2301 1804 2329 expe-

100 2336 163 2367 νοὸς
207 2334 399 2372 ἀτημελήτους
441 2335 503 2370 ἐῶν,
546 2335 611 2364 ἀλλ’
652 2336 834 2373 ἐξωνούμενος
883 2337 920 2365 κα

1014 2337 1121 2364 tionem
1139 2337 1367 2372 suscepit.Quod
1385 2337 1462 2365 idem
1477 2339 1580 2366 contra
1595 2338 1721 2365 Francos
1737 2340 1800 2365 ten-

101 2379 260 2417 ἆπιμελείας
288 2380 368 2415 ἀξιῶν
403 2380 447 2408 καὶ
484 2379 645 2419 ἐλευθερῶν.
676 2379 869 2416 Βουλοσουδής
897 2380 926 2409 δὶ

100 2426 146 2456 τὰς
174 2425 243 2462 πρὸς
268 2425 332 2452 Θεὸν
362 2425 495 2460 συνθήκας
533 2425 675 2461 ἠθετηκὼς
713 2425 850 2457 πολλάκις
877 2426 923 2453 σὺν

979 2384 1046 2409 tans
1062 2383 1164 2417 captus
1193 2384 1222 2409 et
1242 2381 1278 2409 ab
1293 2390 1394 2410 eorum
1421 2390 1487 2418 rege
1508 2382 1621 2411 Joanne
1646 2383 1675 2411 in
1701 2383 1800 2418 palum

980 2427 1104 2455 sufﬁxus
1118 2428 1171 2454 est.

101 2471 178 2498 παντὶ
208 2472 248 2506 τῷ
273 2469 341 2497 ἔθνει
363 2470 430 2498 κατὰ
455 2471 598 2507 Ῥωμαίων
619 2469 743 2506 ἐξήλασε.
769 2471 804 2498 Τὸ
829 2469 851 2498 δ’
873 2470 938 2498 αὐτὸ
960 2473 1040 2498 τοῦτο
1059 2470 1104 2498 καὶ
1124 2469 1191 2497 κατὰ
1211 2471 1346 2508 Φράγγων
1362 2474 1475 2505 ποιῆσαι
1490 2469 1641 2506 διανοηθεὶς
1657 2471 1702 2498 καὶ
1718 2470 1801 2502 ἁλοὺς

100 2514 315 2548 ἀνεσκολοπίσθη
335 2514 385 2541 ὑπὸ
401 2514 527 2541 Ἰωάννου
544 2515 600 2551 (89)
613 2516 662 2542 τοῦ
680 2514 814 2552 βασιλέως
827 2514 925 2544 αὐτῶν.

134 2560 182 2587 Καὶ
198 2560 216 2594 ἡ
232 2561 281 2586 τοῦ
297 2569 363 2586 ποτε
390 2559 458 2586 κατὰ
482 2559 625 2596 Ῥωμαίων
651 2558 847 2590 ἐκπλεύσαντος
874 2558 924 2596 ἄρ-

99 2614 198 2642 χοντος
217 2606 272 2632 τῶν
296 2604 362 2634 Ῥὼς
385 2605 502 2641 γαμετὴ.
529 2604 617 2642 ’Έλγα
640 2602 772 2641 τοῦνομα,
797 2606 845 2631 τοῦ
879 2604 924 2631 ἀν-

100 2647 160 2687 δρὸς
187 2649 272 2684 αὐτῆς
302 2647 483 2680 ἀποθανόντος
513 2649 676 2687 παρεγένετο
704 2649 729 2676 ἰν
751 2650 922 2677 Κωνσταντι-

1014 2561 1090 2589 829
1108 2561 1194 2588 Porro
1217 2559 1287 2597 Elge
1314 2562 1472 2588 Rossorum
1495 2561 1636 2597 principis
1653 2569 1735 2594 uxor,
1751 2560 1802 2596 qui

978 2605 1103 2633 classem
1133 2605 1161 2632 in
1190 2607 1337 2632 Romanos
1367 2605 1498 2638 duxerat,
1529 2606 1636 2633 marito
1663 2605 1801 2633 defuncto

977 2650 1078 2686 Cpolin
1095 2649 1190 2684 venit;
1207 2652 1235 2678 et
1251 2649 1476 2686 baptizata,cum
1493 2658 1633 2687 magnum
1649 2658 1721 2678 verae
1739 2650 1799 2685 pie-

692 2730 884 2760 XYLANDRI
902 2731 946 2760 ET
965 2730 1076 2760 GOARI
1095 2730 1211 2759 NOTIE.

136 2800 191 2835 (89)
211 2799 255 2827 Ab
269 2798 382 2827 Othone
396 2798 585 2836 imperatore,
600 2799 703 2829 scribit
717 2800 916 2837 Curopalates,
931 2800 979 2830 cui
993 2799 1100 2829 veritas
1115 2798 1242 2828 historiae
1258 2798 1426 2827 subscribit.
1442 2799 1532 2828 Gen.
