1936 3048
131 71 168 99 67

799 65 958 96 GEORGII
980 64 1151 96 GEDRENI

1795 61 1840 92 68

130 136 200 163 sunt
215 134 307 162 facere
318 133 428 166 omisit,
444 132 554 169 gradus
571 131 784 160 ecclesiasticos
798 133 827 159 et
843 131 941 167 episco

1033 141 1072 166 εν,
1088 129 1185 161 ὦνίους
1204 129 1344 166 προτιθεὶς
1367 128 1431 160 τοὺς
1453 131 1504 163 τῆς
1528 127 1694 163 Ἐλκλησίας
1712 127 1838 166 βαθμοὺς

131 187 235 216 porum
252 178 410 206 electiones
423 176 846 213 venumdans,aliaque;agens
861 176 957 204 aliena

130 224 189 252 veri
208 222 377 259 patriarchae
393 222 500 257 ofﬁcio,
515 221 618 248 insano
645 229 789 256 equorum
814 221 911 248 studio
927 222 956 248 et

130 268 319 296 venationum
351 266 493 302 perditus,
521 265 671 300 multaque
701 265 757 292 alia
786 265 956 292 indecenter

130 313 316 341 committens
330 323 337 345 ;
350 319 413 347 quae
425 310 596 346 singulatim
622 318 757 337 enarrare
769 312 797 336 et
816 310 954 337 inconve-

130 358 214 386 niens
228 360 255 385 et
272 357 354 384 nefas
370 358 424 383 est.
450 355 547 383 Unum
573 363 625 390 par
649 356 693 382 est
718 355 951 388 commemorari,

130 403 336 438 argumentum
353 401 447 437 ipsius
464 400 540 427 male
555 399 682 427 instituti
698 399 951 434 animi.Equorum

130 447 327 483 parandorum
357 453 456 472 amore
482 444 592 471 infrzsni
624 444 786 477 tenebatur,
805 444 953 479 ferturque

132 491 271 519 habuisse
295 489 371 517 ultra
394 490 451 516 duo
475 497 617 524 equorum
644 488 745 515 millia.
776 488 813 515 Iis
839 487 952 515 alendis

130 538 270 572 perpetuo
285 537 347 562 erat
370 534 511 561 intentus.
527 533 626 568 Neque
650 541 716 561 vero
740 533 774 560 iis
798 533 906 560 fmnum
925 535 953 560 et

131 581 273 608 hordeum
290 578 468 615 proponebat
484 578 640 612 edendum,
658 578 708 606 sed
730 580 875 605 metarum
894 578 951 604 fru-

129 628 205 658 ctus,
220 624 318 652 thasia
332 625 361 651 et
377 622 498 659 pistaciu
514 631 545 650 ac
568 622 725 658 palmulas,
743 630 813 649 uvas
838 630 951 657 passas,

129 669 346 704 curicas,eaque
356 667 455 695 omnia
465 666 706 700 lectissima,vino
719 666 951 702 fragrantissimo

129 715 289 750 temperata
305 713 382 740 383
398 711 533 740 admistis
549 711 636 738 ctiam
652 719 745 743 croco,
754 711 951 744 cinnamomo,

129 759 260 786 balsamo
269 757 393 793 aliisque
402 756 593 784 aromatibus.
603 755 746 784 Memoriae
756 755 896 783 traditum
909 758 953 783 est

129 804 154 831 ei
171 802 329 838 aliquando
354 801 531 829 sacriﬁcanti
558 809 668 836 magnae
691 809 779 828 omne
795 799 952 827 Dominicm

129 847 233 883 quinta
249 846 330 881 feria,
347 849 375 874 et
387 846 448 881 jam
463 853 563 881 preces
579 845 785 881 mysteriorum
807 845 951 880 recitanti,

127 891 332 928 supervenisse
356 899 423 919 eum
439 891 486 918 cui
513 898 656 926 equorum
673 898 742 917 cura
766 890 802 916 ab
822 889 885 925 ipso
903 889 950 916 de-

129 937 268 964 mandata
283 935 549 970 fuerat,l&3tumque
566 933 699 962 attulisse
717 934 950 969 nuntium,quod

127 980 314 1008 nobilissima
346 987 490 1015 equarum
524 979 696 1017 peperisset,
730 978 830 1006 addito
862 978 950 1006 etiam

127 1033 208 1060 eque
224 1024 352 1052 nomine.
370 1023 567 1051 Patriarcham
593 1031 650 1058 prae
677 1022 768 1049 nimio
787 1022 903 1058 gaudio,
920 1030 950 1049 re

128 1077 212 1098 sacra
222 1071 371 1104 utcunque
382 1067 525 1102 absoluta,
536 1067 571 1094 ad
583 1067 764 1094 Cosmidium
777 1066 949 1100 accurrisse,

128 1114 249 1150 visoque
266 1113 344 1149 pullo
360 1120 461 1140 recens
476 1111 562 1146 edito,
580 1114 608 1139 et
623 1111 761 1139 satiatum
782 1111 949 1147 spectaculo

129 1158 208 1186 bruti
219 1158 248 1185 in
259 1166 397 1193 magnum
409 1156 551 1192 templum
565 1156 732 1189 rediisse,ut
744 1157 778 1183 de
789 1155 949 1183 Servatoris

128 1203 220 1230 nostri
232 1211 283 1239 pro
295 1202 380 1230 nobis
393 1201 511 1229 tolerato
527 1201 672 1237 supplicio
683 1201 859 1236 hymnorum
875 1200 949 1227 reci-

127 1247 266 1275 tationem
284 1247 319 1274 ad
337 1246 423 1274 ﬁnem
443 1246 623 1282 perduceret.
641 1245 714 1277 Quin
741 1247 768 1272 et
791 1244 870 1272 hunc
887 1253 949 1272 mo-

127 1300 186 1320 rcm
218 1291 389 1324 introduxit,
411 1289 461 1326 qui
489 1290 635 1325 hodieque
661 1289 782 1324 obtinet,
813 1289 888 1325 quod
919 1289 948 1316 in

127 1335 291 1371 splendidis
316 1337 404 1370 atque
420 1334 602 1361 solemnibus
629 1333 832 1361 festivitatibus
849 1336 905 1361 Deo
921 1335 948 1360 et

127 1382 297 1407 sanctorum
322 1378 515 1406 recordationi
540 1378 570 1405 ﬁt
593 1378 770 1405 contumelia
786 1386 837 1413 per
859 1378 948 1405 fmdas

128 1423 290 1451 cantilenas
307 1431 339 1450 ac
366 1423 443 1450 risus
467 1426 494 1449 et
516 1422 638 1450 insanos
662 1421 814 1454 clamores,
840 1422 948 1457 quibus

125 1468 267 1496 adhibitis
292 1467 383 1495 sancti
410 1466 510 1502 hymni
534 1469 700 1500 cantantur,
727 1474 800 1502 quos
824 1474 840 1493 a
864 1466 948 1493 nobis

1009 174 1055 202 καὶ
1069 175 1117 205 τὰς
1133 171 1274 212 προϐαλὰς
1297 176 1350 201 τῶν
1376 173 1540 211 ἀρχιερέων,
1557 173 1602 200 καὶ
1618 171 1690 201 ἄλλα
1706 173 1835 211 πράττων

1011 219 1059 246 ὅσα
1073 221 1132 249 τοῖς
1151 218 1294 254 ἆΛηθινοῖς
1320 219 1492 255 ἀρχιερεῦσιν
1514 217 1661 246 ἀπεοικότα
1673 216 1836 255 ἐτύγχανεν,

1010 264 1172 300 ἱππομανῶν
1190 263 1234 290 καὶ
1254 262 1426 300 κυνηγεσίοις
1451 261 1685 300 ἐνασχολούμενος
1708 262 1754 289 καὶ
1770 262 1836 290 λοι-

1008 309 1060 339 πὰς
1077 308 1206 344 ἀπρεπεῖς
1235 306 1466 344 διαπραττόμενος
1490 307 1611 344 πράξεις,
1635 307 1666 338 ἃς
1691 307 1758 334 κατὰ
1783 307 1835 343 μὲ-

1009 363 1055 391 ρος
1076 352 1199 387 διεξιέναι
1224 352 1270 379 σὺν
1285 354 1324 388 τῷ
1339 352 1456 390 ἀπρεπεῖ
1479 352 1522 379 καὶ
1549 352 1687 388 ἀθέμιτον.
1707 355 1777 382 Μιᾶς
1804 350 1836 379 δὲ

1008 396 1113 425 δίκαιον
1138 397 1341 433 ἐπεμνησθῆναι
1387 396 1424 427 εἷς
1453 394 1562 431 ἔνδειξιν
1587 399 1637 431 τῆς
1667 395 1835 424 ἀπαιδεύτου

1006 442 1121 479 γνώμης
1137 440 1230 469 αὐτοῦ.
1261 442 1349 479 Ἔρως
1378 441 1458 468 αὑτὸν
1487 443 1614 478 κατεῖχεν
1644 439 1757 478 ἄσχετος
1781 445 1835 476 τῆς

1006 487 1059 514 τῶν
1082 485 1176 513 ’ίππων
1205 485 1336 521 κτήσεως,
1366 485 1411 512 καὶ
1441 485 1547 523 λέγεται
1582 485 1646 521 ὑπὲρ
1675 484 1834 523 δισχιλίους

1006 530 1178 569 πορίσασθαι,
1195 531 1232 558 ὧν
1255 533 1306 564 τῆς
1330 529 1448 566 κομιδῆς
1475 529 1520 557 Sui
1541 530 1641 557 παντὸς
1665 525 1853 568 ἐφρόντιζε-η’

1007 576 1037 603 οὐ
1053 576 1153 613 χόρτον
1181 574 1274 606 αδτοῖς
1301 574 1458 612 παρατιθεὶς
1488 575 1532 602 καὶ
1562 575 1665 612 κριθὰς,
1690 575 1784 602 κώνων
1803 574 1835 603 δὲ

1005 620 1128 658 καρποὺς
1164 621 1220 656 (96)
1248 619 1293 646 καὶ
1335 619 1414 646 θάσια
1442 620 1497 656 (97)
1513 619 1557 646 καὶ
1591 620 1666 657 [639]
1692 620 1832 654 πιστάκια,

1006 665 1045 693 ἔτι
1063 664 1091 692 δὲ
1107 664 1236 704 φοινίκων
1252 664 1297 691 καὶ
1320 662 1457 703 παφίδιον
1483 664 1528 691 καὶ
1554 663 1676 702 ἰσχάδων
1701 664 1734 691 τὰ
1749 663 1834 692 λιπα-

1008 711 1122 748 ρώτερα,
1153 707 1327 744 εὖωδεστάτῳ
1356 707 1422 744 οτίνῳ
1452 708 1558 746 μιγνὺς,
1587 708 1632 735 καὶ
1659 708 1756 745 κρόκον
1786 709 1834 736 καὶ

1007 765 1184 792 κινναμωμον
1200 755 1246 782 καὶ
1279 754 1418 792 βάλσαμον
1448 754 1492 781 καὶ
1522 751 1598 792 ἕτερα
1624 754 1756 792 ἀρώματα
1771 757 1835 786 τοῖς

1009 800 1113 837 ῥηθεῖσι
1143 798 1303 838 συμφύρων,
1342 799 1446 835 ὲκαστῳ
1479 801 1532 826 τῶν
1573 797 1666 826 ’ίππων
1692 799 1832 836 παρετίθει

1009 845 1121 883 βρῶσιν.
1139 844 1208 872 Φασὶ
1225 843 1249 870 δ’
1274 844 1314 871 ὅτι
1341 842 1547 881 λειτουργοῦν-τί
1575 854 1641 871 ποτε
1669 843 1743 880 αὐτῷ
1764 843 1834 871 κατὰ

1005 890 1055 923 τήν
1072 888 1195 926 μεγάλην
1210 887 1258 915 τοῦ
1274 888 1346 920 θείου
1371 887 1481 915 δείπνου
1506 888 1634 924 πέμπτην
1648 887 1763 926 ἡμέραν,
1783 889 1832 916 καὶ

1006 933 1053 964 τὰς
1066 933 1148 971 εὐχὰς
1162 931 1216 968 ’ἤδη
1240 935 1292 960 τῶν
1317 932 1473 970 μυστηρίων
1502 933 1726 970 ἀναγινώσκοντι,
1750 933 1763 960 ὁ
1778 933 1830 967 τήν

1006 976 1163 1014 ἐπιμέλειαν
1178 988 1233 1004 των
1254 976 1347 1004 ’ίππων
1371 976 1604 1014 ἐπιτετραμμένος
1629 976 1753 1008 διάκονος
1769 977 1831 1004 ἑπι-

1006 1023 1070 1053 στᾶς
1095 1021 1250 1060 εὐαγγέλιον
1275 1021 1364 1058 τούτῳ
1387 1022 1542 1058 κεκόμικεν,
1569 1022 1606 1052 ὡς
1631 1020 1682 1059 ἄρα
1705 1025 1833 1049 τετοκυῖα

1006 1066 1047 1102 εἴη
1069 1067 1086 1102 ἠ
1104 1065 1292 1103 ἐπισημοτάτη
1319 1063 1432 1105 φορϐἀς,
1461 1067 1589 1103 προσθεὶς
1616 1066 1661 1094 καὶ
1685 1067 1716 1094 τὸ
1732 1067 1832 1103 ὄνομα,

1005 1112 1036 1140 '0
1052 1110 1074 1139 δ’
1092 1111 1144 1138 ὑπὸ
1159 1111 1338 1149 περιχαρείας
1353 1111 1384 1138 τὸ
1407 1114 1458 1145 τῆς
1482 1111 1554 1143 θείας
1577 1110 1747 1149 λειτουργίας
1764 1111 1831 1138 ὑπό-

1005 1155 1102 1183 λοιπον
1134 1155 1172 1186 ὡς
1196 1153 1289 1193 ἔτυχεν
1317 1154 1498 1192 ἐκπληρώσας
1522 1153 1655 1193 δρομαῖος
1678 1156 1831 1193 ἀφικνεῖται

1004 1201 1073 1237 πρὸς
1102 1201 1133 1227 τὸ
1158 1199 1319 1236 Κοσμίδιον⁹
1340 1199 1384 1227 καὶ
1413 1200 1459 1227 τὸν
1481 1200 1612 1237 τεχθέντα
1633 1199 1726 1228 πῶλον
1743 1201 1830 1238 ἑωρα-

1004 1245 1060 1276 κὼς
1073 1245 1117 1272 καὶ
1141 1247 1189 1272 τοῦ
1213 1244 1317 1281 ἀλόγου
1343 1245 1476 1281 θεάματος
1506 1243 1673 1282 ἐμφορηθεὶς
1699 1244 1828 1283 ὖπέστρε-

1004 1291 1050 1326 ψεν
1075 1289 1112 1320 είς
1141 1289 1190 1324 τὴν
1221 1287 1348 1326 Μεγάλην
1378 1288 1554 1324 Ἐκκλησίαν,
1583 1289 1632 1323 τήν
1662 1291 1717 1316 τῶν
1745 1289 1828 1327 ἁγίων

1003 1336 1096 1366 παθῶν
1121 1335 1170 1360 τοῦ
1212 1336 1340 1370 Σωτῆρος
1381 1334 1461 1369 ἡμῶν
1503 1333 1548 1360 καὶ
1581 1335 1647 1360 Θεοῦ
1677 1333 1826 1361 ἐκτελέσων

1004 1377 1154 1415 ὕμνῳὸίαν.
1171 1379 1268 1416 Ἔργον
1297 1377 1397 1405 ἐκείνου
1420 1377 1466 1404 καὶ
1494 1378 1526 1405 τὸ
1552 1380 1598 1404 νῦν
1625 1380 1740 1415 κρατοῦν
1757 1376 1829 1412 ἔθος,

1005 1423 1030 1451 ἐν
1053 1425 1112 1453 ταῖς
1141 1422 1281 1459 λαμπραῖς
1310 1422 1354 1449 καὶ
1385 1421 1564 1458 δημοτελέσιν
1587 1423 1692 1460 ἑορταῖς
1719 1421 1829 1460 ὑϐρίζε-

1005 1469 1063 1494 σθαι
1074 1467 1120 1494 τὸν
1137 1467 1200 1493 Θεὸν
1216 1467 1260 1493 καὶ
1291 1466 1338 1497 τὰς
1366 1469 1419 1494 τῶν
1445 1466 1529 1504 ἁγίων
1557 1468 1666 1503 μνήμας
1681 1466 1725 1495 διὰ
1748 1467 1827 1506 λυγι-

124 1512 278 1548 oportebat
299 1512 386 1539 corda
408 1511 591 1545 compunctis
621 1513 707 1546 atque
735 1510 868 1538 contritis
897 1519 943 1546 prc

1033 1513 1113 1539 ιάτων
1130 1511 1256 1548 ἀπρεπῶν
1274 1510 1318 1538 καί
1343 1510 1470 1549 γελώτων
1491 1511 1535 1539 καὶ
1561 1512 1726 1549 παραφόρων
1743 1523 1828 1551 κραυ-

123 1559 224 1584 nostra
241 1556 335 1584 salute
357 1556 413 1583 Deo
438 1555 544 1582 otl'erri.
562 1555 597 1582 At
612 1554 661 1582 ille
685 1557 760 1582 coetu
787 1555 946 1591 ﬂagitiosm

122 1610 188 1628 rum
215 1601 369 1628 hominum
385 1602 494 1633 coacto,
511 1600 605 1635 iisque
629 1599 764 1635 praefecto
789 1599 946 1635 Euthymio

120 1646 259 1682 quodam,
277 1653 361 1680 quem
379 1644 552 1681 cognomine
565 1646 680 1672 Casnen
705 1643 902 1680 appellabant,
918 1646 946 1671 et

120 1691 155 1718 ab
175 1690 239 1726 ipso
254 1693 297 1717 est
313 1689 492 1717 domesticus
507 1688 609 1724 templi
625 1688 946 1721 constitutus,diaboli-

119 1743 169 1762 cas
185 1734 258 1762 istas
274 1734 453 1766 saltationes,
471 1734 612 1760 obscuras
631 1733 863 1765 vociferationes,
880 1741 946 1760 can-

121 1778 316 1813 tilenasquee
339 1777 432 1806 triviis
461 1779 490 1805 et
518 1777 711 1813 lupanaribus
740 1778 845 1812 petitas
873 1780 945 1805 tunc

121 1823 252 1850 adhiberi
267 1822 469 1851 instituit.Hac
484 1823 549 1850 vita;
565 1830 638 1850 usus
654 1822 765 1849 ratione
784 1822 896 1850 interiit
911 1830 945 1850 ex

121 1868 219 1902 inepta
243 1868 423 1903 equitatione
447 1867 482 1894 ad
507 1875 623 1894 murum
650 1867 806 1902 quemdam
835 1867 945 1894 mariti-

119 1920 198 1939 mum
216 1912 352 1939 afﬂictus.
369 1912 410 1939 Ex
434 1920 492 1947 quo
508 1920 576 1938 casu
594 1912 672 1938 334
688 1920 754 1938 cum
771 1912 944 1946 sanguinem

119 1956 281 1984 vomuisset
297 1965 330 1983 ac
355 1956 507 1983 biennium
524 1956 627 1983 morbo
651 1956 835 1983 conﬂictatus
856 1959 943 1988 esset,

118 2009 195 2036 aqua
211 2001 354 2028 intercute
369 2001 532 2028 exstinctus
545 2002 599 2027 est.

114 2045 158 2071 καί
187 2044 254 2080 αἷμα
280 2043 422 2081 ἀναγαγὼν
453 2041 498 2070 διὰ
520 2045 567 2070 τοῦ
599 2043 744 2079 στὸματος.
776 2043 836 2071 Ἐπὶ
866 2042 914 2070 δύο
948 2043 971 2072 δ’

118 2099 194 2124 τησε.

1001 1559 1056 1594 γῶν
1075 1556 1248 1592 τελουμένων
1276 1557 1330 1583 τῶν
1361 1556 1439 1582 θείων
1470 1555 1574 1592 ὕμνων,
1604 1556 1650 1587 οὕς
1681 1555 1733 1584 ἔδει
1760 1558 1828 1593 μετᾶ

1001 1601 1166 1636 κατανύξεως
1194 1601 1238 1628 καὶ
1268 1603 1423 1638 συτριμμοῦ
1452 1599 1562 1638 καρδίας
1593 1602 1659 1639 ὑπὲρ
1687 1605 1738 1636 τῆς
1766 1603 1827 1630 ἑαυ-

999 1649 1052 1674 τῶν
1082 1647 1157 1682 ἡμᾶς
1185 1645 1321 1683 σωτηρίας
1357 1645 1518 1684 προσφέρειν
1547 1648 1587 1682 τῷ
1616 1649 1686 1682 Θεῷ.
1716 1646 1826 1681 Πλῆθος

999 1691 1049 1728 γὰρ
1080 1689 1280 1726 συστησάμενος
1318 1689 1473 1727 ἒπιρρήτων
1506 1689 1610 1728 ἀνδρῶν
1638 1691 1682 1718 καὶ
1712 1689 1825 1730 ἔξαρχον

1000 1735 1092 1766 αὐτοῖς
1109 1734 1255 1769 ἐπιστήσας
1281 1733 1418 1771 Εὐθύμιόν
1439 1745 1498 1762 τινα
1525 1738 1636 1768 Κασνῆν
1662 1735 1826 1774 λεγόμενον,

999 1779 1029 1806 άν
1045 1779 1125 1810 αὐτὸς
1142 1778 1302 1815 δομὲστικον
1316 1783 1366 1814 τῆς
1382 1779 1547 1814 Ἑκκλησίας
1570 1781 1628 1815 (98)
1643 1779 1825 1817 προ-ὂϐάλετο,

998 1824 1042 1851 καὶ
1058 1823 1106 1854 τὰς
1122 1824 1263 1854 σατανικὰς
1288 1824 1419 1861 ἀρχήσεις
1448 1824 1493 1851 καὶ
1520 1825 1567 1855 τὰς
1596 1824 1720 1861 ἀσήμους
1743 1836 1824 1863 κραυ-

998 1868 1047 1905 γὰς
1075 1867 1120 1894 καὶ
1148 1867 1181 1894 τὰ
1207 1867 1237 1895 ἐκ
1263 1867 1378 1904 τριόδων
1416 1868 1461 1896 καὶ
1491 1869 1698 1906 χαμαιτυπείων
1729 1870 1823 1907 ἠρανι-

1000 1912 1085 1948 σμένα
1112 1910 1218 1948 ᾄσματα
1255 1912 1392 1944 τελεῖσθαι
1435 1911 1564 1948 ἓδίδαξεν.
1595 1913 1689 1944 Οὕτως
1719 1912 1748 1941 δὲ
1764 1914 1824 1951 βιο-

998 1956 1083 1984 τεύων
1099 1957 1274 1995 καταστρέφει
1289 1956 1336 1984 τὸν
1368 1957 1427 1994 βίον
1455 1956 1480 1984 ἓν
1505 1959 1544 1992 τῷ
1573 1957 1694 1989 ἀτάκτως
1711 1959 1823 1993 ἱππάζε-

1004 2002 1074 2034 σθαι,
1105 1999 1130 2027 ἕν
1158 2011 1211 2028 τινι
1239 2001 1326 2038 τείχει
1351 2003 1405 2028 τῶν
1430 2002 1655 2038 παραθαλασσίων
1687 2003 1825 2040 θραυσθεὶς

999 2043 1045 2080 ἔτη
1086 2044 1303 2082 νοσηλευόμενος
1331 2045 1376 2073 καὶ
1407 2044 1495 2084 ὑδέρῳ
1523 2047 1676 2084 περιπεσὼν
1707 2046 1824 2075 ἐτελεύ-

154 2134 263 2162 Eadem
292 2133 462 2168 indictione,
493 2133 578 2161 tertia
606 2133 714 2169 Aprilis
743 2133 800 2166 die,
821 2133 850 2160 in
880 2133 943 2169 ejus

1035 2133 1082 2162 Καὶ
1099 2136 1295 2172 χειροτονεῖται
1320 2135 1388 2162 κατὰ
1409 2135 1460 2169 τὴν
1485 2135 1579 2173 τρίτην
1593 2138 1641 2163 τοῦ
1657 2136 1823 2174 ’Δπριλλίου

115 2179 212 2207 locum
230 2177 376 2205 sufﬁcitur
385 2177 557 2214 Polyeuctus
569 2178 743 2210 monachus,
761 2178 840 2214 Cpoli
858 2181 944 2206 natus

116 2226 205 2259 atque
231 2223 383 2254 educatus,
400 2225 546 2250 castratos
562 2231 578 2250 a
594 2222 774 2258 parentibus,
796 2222 942 2259 longoque

113 2271 248 2303 tempore
264 2267 427 2295 monastica
443 2267 502 2294 vita
518 2275 585 2295 cum
600 2266 687 2294 laude
704 2267 831 2302 functus,
849 2268 941 2303 impe-

117 2315 215 2340 ratore
241 2321 308 2340 eum
339 2312 376 2339 ob
403 2312 573 2347 gravitatem
601 2319 716 2338 morum
741 2313 769 2338 et
795 2311 941 2348 insignem

115 2357 295 2393 sapientiam
312 2359 400 2393 atque
413 2355 594 2392 paupertatis
605 2364 695 2383 causa
710 2364 743 2383 eo
755 2356 941 2392 provehente.

118 2402 191 2430 Huic
207 2409 265 2429 non
292 2401 447 2435 Heracleae,
464 2404 497 2429 ut
520 2409 585 2428 mos
604 2401 725 2434 ferebat,
741 2401 790 2428 sed
816 2401 942 2429 Basilius

1001 2178 1098 2214 μηνὸς,
1129 2179 1178 2212 τῆς
1203 2178 1283 2213 αὐτῆς
1307 2177 1487 2213 ίνδικτιῶνος,
1512 2179 1568 2207 ἀντ’
1591 2180 1676 2207 αὐτοῦ
1696 2182 1824 2219 πατριάρ-

995 2232 1050 2260 χης
1073 2221 1243 2254 Πολύευκτος
1270 2224 1402 2260 μοναχὸς,
1431 2228 1481 2258 τῆς
1511 2224 1824 2258 Κωνσταντινουπόλεως

996 2267 1040 2294 καὶ
1057 2266 1166 2303 θρέμμα
1180 2267 1325 2304 τυγχάνων
1352 2268 1396 2294 καὶ
1420 2267 1566 2304 παίδευμα,
1583 2269 1634 2297 ὑπὸ
1648 2272 1702 2296 τῶν
1723 2270 1822 2308 γονίων

999 2311 1044 2347 μὲν
1062 2311 1258 2350 ιύνουχισθιὶς,
1275 2311 1318 2338 ἐπὶ
1344 2312 1429 2340 πολὺν
1453 2311 1481 2340 δὲ
1505 2313 1604 2350 χρόνον
1634 2313 1668 2351 τῇ
1689 2313 1822 2352 μοναδικῇ

997 2355 1124 2394 πολιτιίῃ
1152 2355 1354 2394 ἐκδιαπρὲψας·
1386 2357 1414 2385 ὃν
1439 2358 1454 2385 ὁ
1486 2357 1613 2396 βασιλεὺς
1644 2357 1688 2386 διὰ
1714 2360 1746 2387 τὸ
1774 2362 1822 2387 τοῦ

997 2398 1082 2433 ἥθοῦς
1093 2401 1191 2437 σεμνὸν
1207 2402 1251 2429 καὶ
1266 2402 1297 2429 τὸ
1319 2403 1370 2434 τῆς
1399 2403 1494 2441 σοφίας
1518 2400 1691 2440 ὑπερϐάλλον
1713 2404 1757 2432 καὶ
1773 2405 1821 2439 τὴν

711 2481 899 2510 XYLANDRI
920 2482 963 2509 ET
982 2481 1092 2509 GOARI
1113 2482 1228 2510 NOT/E.

151 2551 208 2586 (96)
225 2551 300 2579 Vidit
315 2551 344 2578 in
364 2549 463 2577 Lexico
478 2549 624 2586 Xylander
638 2551 737 2582 κῶνον,
754 2557 828 2578 areae
844 2555 943 2577 metum

115 2588 145 2614 et
157 2585 286 2622 pium-um
310 2588 431 2622 fmclum
456 2585 643 2619 signiﬁcare;
666 2585 816 2621 palearum
843 2589 943 2613 metam

115 2622 172 2650 sibi
188 2622 286 2657 elegit,
304 2623 439 2657 pinorum
456 2630 522 2649 vero
539 2622 654 2649 fructus
682 2622 817 2657 permisit
831 2622 943 2649 inscius

115 2658 329 2694 Theophylacti
340 2658 434 2694 equis.
452 2657 542 2694 Gesn.

150 2693 208 2729 (97)
223 2693 303 2732 filias
325 2693 507 2732 λεπτοκαρύα,
524 2701 614 2721 nuces
642 2693 767 2722 Ponticas
793 2701 843 2721 seu
870 2693 944 2721 avel-

116 2729 198 2757 lane.
217 2730 306 2759 Gom.

1033 2550 1089 2588 (98)
1106 2550 1236 2588 Praeterit
1261 2550 1340 2579 hunc
1356 2550 1508 2579 ofﬁcialem
1537 2552 1687 2588 catalogus
1709 2554 1820 2588 Codini,

998 2586 1356 2624 geminumdomeslicum
1371 2590 1469 2614 noster
1483 2587 1600 2624 exhibet
1614 2586 1662 2615 τόὖ
1680 2587 1766 2624 δεξιοῦ
1780 2586 1821 2617 καί

997 2622 1056 2663 τοῦ.
1076 2620 1218 2663 εὐωνύμου
1244 2624 1341 2663 χοροῦ,
1374 2622 1541 2663 primarium
1571 2620 1824 2663 videlicet'dexlri

998 2659 1162 2697 {inisti-ique
1177 2659 1254 2686 chori
1268 2664 1415 2697 cantarem,
1431 2659 1540 2697 quibus
1555 2660 1632 2687 alius
1645 2663 1699 2697 τῷν
1713 2660 1822 2697 ψαλτῶν

999 2690 1160 2733 δρμεστικος
1174 2696 1362 2733 praeponitur,
1379 2690 1517 2723 omnibus
1535 2690 1747 2733 πρωτοψάλτης.
1766 2698 1820 2726 Ευ-

999 2728 1182 2767 οὴοιοεὶυωῖ
1191 2728 1280 2759 ῦολιι.
