1928 3047
39 85 76 114 69
604 85 875 118 HISTORIABUM
898 86 1172 117 GOMPENDIUM.
1703 87 1743 117 70

37 151 225 187 ἆκτημοσύνην
245 154 400 190 χειροτονεῖ
428 150 612 189 πατριάρχην,
639 151 670 179 οὖ
698 153 746 179 τοῦ
775 152 856 190 Ἥρα-

954 160 1051 180 εειιτθω
1067 152 1224 188 episcopus
1240 161 1346 180 manus
1361 153 1590 190 imposnit,quod
1602 154 1744 190 Nicepho-

36 195 136 231 κλείοις,
153 196 190 227 ὡς
206 194 278 231 ἔθος,
294 195 367 224 ἀλλὰ
381 198 429 223 τοῦ
454 197 617 233 Καισαρείας
643 196 788 225 Βασιλείου
811 197 860 231 τὴν

36 240 202 278 χειροθεσίαν
228 240 464 277 πεπληρωκότος.
489 241 649 279 Νικηφόρος
672 241 741 278 γὰρ,
770 241 784 268 ὁ
812 243 863 275 τῆς

37 285 198 322 Ἡρακλείας
221 284 366 322 πρόεδρος,
395 287 434 322 τῷ
462 284 569 323 βασιλεῖ
591 285 658 313 κατά
690 296 715 312 τι
744 295 862 322 προσκε-

38 329 157 365 κρουκὼς
173 329 205 356 οὐ
221 330 400 367 συνεχωρήθη
417 330 466 364 τὴν
487 330 658 367 χειροθεσίαν
683 331 860 366 ποιήσασθαι.

38 376 109 405 Ὂθεν
126 374 171 401 καὶ
186 373 273 411 ψόγος
290 373 344 412 οὐχ
355 375 369 401 ὸ
383 375 477 412 τυχὼν
493 372 660 412 προσετρίϐη
687 374 717 402 οὐ
733 376 773 410 τῷ
794 384 862 412 προ-

37 419 157 455 τρέψαντι
190 419 273 454 μόνον
305 419 350 446 καὶ
378 421 419 454 τῷ
445 419 687 456 χειροθετήσαντι,
717 418 790 446 ἀλλὰ
818 419 862 445 καὶ

39 463 106 498 αὐτῷ
129 465 170 499 τῷ
194 463 416 500 χειροτονηθέντι
441 463 478 494 ὡς
502 462 709 500 καταδιξαμὲνῳ
723 464 773 498 τήν
795 464 862 490 ἀκα-

37 508 152 534 νόνιστον
193 506 295 542 ταύτην
347 508 543 545 χειροθεσίαν.
591 507 797 544 Χειροτονηθεὶς
839 503 863 535 δ’

38 552 108 588 ὅμως
146 551 191 579 καὶ
229 551 485 589 παρρησιασάμενος
518 552 567 586 τὴν
596 551 725 588 ἀλήθειαν
751 551 860 586 πολλὴν

36 595 210 633 καταδρομὴν
244 595 363 624 ἐποιεῖτο
386 600 437 631 τῆς
468 595 624 632 πλεονεξίας
647 599 701 624 τῶν
727 599 862 634 συγγενῶν

36 643 79 668 τοῦ
103 638 258 678 πρεσϐύτοτ
285 641 439 677 Ῥωμανοῦ,
469 642 511 677 [Ρ.
528 642 591 678 640]
620 642 668 668 κάν
693 643 733 677 τῷ
750 640 862 679 μεγάλῳ

38 683 169 722 Σαϐϐάτῳ
181 685 229 713 τὸν
254 685 368 723 βασιλὲα
396 685 434 717 εἷς
461 686 510 720 τὴν
540 685 670 724 Μεγάλην
700 685 862 721 Ἐκκλησίαν

36 730 146 762 ἐλθόντα
176 729 254 767 ἐνῆγε
279 729 348 766 πρὸς
363 730 412 764 τὴν
437 732 490 757 τῶν
513 731 690 768 πραχθέντων
713 728 860 765 ἐκδίκησιν.

35 777 119 813 Ὅπερ
136 774 190 812 οὐχ
204 772 294 809 ἡδέως
308 774 388 806 οὗτος
409 773 526 809 ἐδέξατο.
545 773 634 802 Ἀλλὰ
657 774 701 802 καὶ
718 774 860 806 Βασίλειος

36 819 132 856 ὁμετὰ
155 821 239 846 ταῦτα
263 819 523 856 παρακοιμώμενος,
548 819 561 846 ὁ
588 819 640 846 ἀπὸ
670 817 773 852 δούλης
796 829 860 857 τεχ-

34 865 87 894 Osi:
125 864 165 900 τῷ
201 861 340 901 πρεσϐύτῃ
378 864 524 900 Ῥωμανῷ.
559 863 672 899 Ἑλένην
699 864 748 898 τήν
779 864 860 891 αὐττῦ

35 908 154 946 ἀδελφὴν
175 907 221 935 καὶ
245 906 386 934 δέσποιναν
412 907 662 944 ὖποποιησάμενος,
691 907 763 935 οὕτω
791 918 859 945 παρ-

36 952 160 980 εσκεύασε
188 952 233 979 καὶ
259 951 368 986 διεθηκε
393 952 439 979 τὸν
462 953 678 985 Κωνσταντῖνον,
710 953 747 989 μὴ
779 963 862 988 μετα-

36 998 173 1034 γινώσκειν
193 996 276 1033 μόνον
291 996 334 1024 ἐπὶ
349 999 384 1029 τῆ
399 998 447 1023 τοῦ
463 996 635 1035 πατριάρχου
649 994 863 1034 προϐολῇ,ἆλλᾶι

918 205 968 224 rus
983 197 1050 232 (hoc
1062 196 1139 224 enim
1157 205 1262 224 nomen
1278 197 1423 225 Heracleae
1437 198 1554 233 przesuli
1571 199 1654 233 erat),
1671 199 1741 234 quia

917 241 946 269 in
963 242 1091 278 quadam
1107 250 1137 268 re
1153 241 1285 269 animum
1301 242 1486 277 imperatoris
1500 242 1739 276 oﬂ'endisset,non

918 286 1071 313 sinebatur
1087 294 1193 313 manus
1207 285 1368 321 imponere.
1385 286 1452 318 Qua:
1477 294 1526 313 rex
1551 286 1742 322 vituperatio-

918 339 984 358 nem
1002 331 1079 358 haud
1097 331 1246 365 vulgarem
1264 330 1384 366 paravit,
1397 339 1454 358 non
1471 331 1640 366 imperatori
1656 332 1741 359 modo

918 377 947 402 et
972 375 1091 407 Basilio,
1116 375 1166 403 sed
1196 377 1224 402 et
1252 375 1308 410 ipsi
1338 374 1504 411 Polyeucto,
1532 376 1611 411 quod
1640 379 1742 404 contra

918 427 1017 447 sacros
1032 427 1158 447 canones
1169 427 1200 447 se
1215 419 1343 447 ordinari
1360 427 1466 455 passus
1482 422 1569 448 esset.
1580 420 1629 448 Hic
1644 422 1741 448 tamen

916 464 958 491 ita
973 464 1154 500 designatus,
1169 464 1319 492 veritatem
1338 463 1426 492 libere
1453 465 1613 500 professus,
1641 465 1742 493 multis

917 509 1049 536 invectus
1081 510 1125 536 est
1157 508 1186 535 in
1216 508 1366 536 avaritiam
1397 511 1587 544 cognatorum
1618 510 1740 538 Romani

916 553 1002 581 senis.
1010 553 1042 580 Et
1053 553 1082 580 in
1095 560 1200 588 magno
1209 553 1332 580 Sabbato
1343 553 1550 588 imperatorem
1559 554 1588 581 in
1600 562 1741 590 magnum

915 597 1057 632 templum
1069 597 1232 625 venientem
1245 598 1278 624 ad
1288 597 1434 633 judicium
1445 606 1544 625 eorum
1555 599 1743 634 quaafuerant

917 644 981 670 acta
995 642 1189 670 exercendum
1214 641 1349 670 hortatus
1374 644 1428 670 est.
1456 645 1518 670 Non
1545 646 1662 678 gratum
1687 644 1742 672 hoc

916 687 1086 723 imperatori
1103 686 1168 714 fuit.
1185 687 1239 714 Sed
1255 689 1284 713 et
1300 686 1487 722 Basilius,qui
1505 687 1743 716 deindeintimus

917 731 1116 759 cubicularius
1148 731 1241 758 factus
1270 733 1323 763 est,
1351 731 1428 758 senis
1457 732 1578 759 Romani
1606 740 1640 759 ex
1661 741 1745 761 serva

917 776 1005 809 ﬁlius,
1021 785 1072 812 per
1087 784 1215 803 sororem
1239 784 1323 803 suam
1351 775 1488 804 Helenam
1513 777 1675 812 Augustam
1702 777 1743 805 ita

916 820 1098 848 Constantini
1114 820 1245 848 animum
1260 820 1400 856 affecit,ut
1415 829 1473 848 non
1489 821 1563 849 835
1577 822 1663 849 modo
1675 830 1742 850 cum

915 865 951 893 ad
971 865 1201 901 patriarchatum
1223 865 1409 901 Polycuctum
1426 865 1606 901 promovisse
1621 867 1743 902 poenite-

916 912 969 944 ret,
986 910 1034 937 sed
1052 912 1080 937 et
1095 910 1130 937 de
1146 918 1178 937 eo
1195 917 1246 945 per
1261 909 1443 937 occasionem
1460 909 1621 945 dejiciendo
1637 911 1744 946 cogita-

917 956 970 982 ret.
989 955 1022 981 Et
1037 955 1071 981 ad
1088 961 1151 981 eam
1169 961 1230 981 rem
1248 954 1447 988 suﬁ'undebat,
1464 954 1540 989 quod
1557 954 1649 988 aiunt,
1663 955 1745 991 frigi-

918 998 985 1025 dam
997 998 1167 1025 Theodorus
1183 997 1274 1032 Cyzici
1287 998 1454 1034 episcopus.

36 1043 76 1069 καὶ
95 1044 186 1076 ζητεῖν
201 1041 328 1080 ἀφορμὴν
343 1043 402 1072 πῶς
417 1041 447 1068 ἂν
463 1041 543 1069 αὐτὸν
563 1041 712 1079 καταγάγοι
738 1043 786 1068 τοῦ
802 1041 909 1079 θρόνου,
924 1041 1017 1069 πολλὰ
1030 1039 1073 1069 καὶ
1090 1040 1232 1080 Θεοδώρου
1246 1043 1294 1069 τοῦ
1311 1041 1426 1076 Κυζίκου
1441 1042 1499 1069 κατ’
1524 1041 1606 1069 αὐτοῦ
1630 1040 1744 1080 διερεθί-

38 1089 127 1121 ζοντος
141 1088 248 1114 τοῦτον.

67 1133 168 1168 Ὥσπερ
185 1129 214 1157 δὲ
228 1131 277 1157 τοῦ
297 1128 400 1168 χρὸνου
425 1129 681 1169 φιλοτιμησαμένου
705 1130 773 1157 κατὰ
798 1140 862 1158 ταυ-

35 1177 76 1204 τὸν
97 1175 300 1213 ὁμογνώμονας
325 1173 504 1210 ἐπιδείξασθαι
530 1175 714 1212 πατριάρχας,
743 1173 787 1202 καὶ
812 1175 863 1209 τὴν

35 1223 84 1248 τῶν
100 1219 236 1257 ἐσπερίων
264 1218 409 1255 Ῥωμαίων
437 1220 493 1253 (99)
513 1218 673 1254 Ἐκκλησίαν
689 1218 785 1246 ’ίθόνειν
803 1217 863 1246 ἔλα-

36 1275 79 1303 χεν
96 1265 228 1298 Ἰωάννης
243 1264 257 1291 ὁ
273 1265 321 1290 τοῦ
337 1260 503 1301 Ἀλϐερίχου
520 1263 576 1294 υἱὸς
603 1265 652 1300 (1),
682 1263 750 1301 πρὸς
775 1266 861 1290 πᾶσαν

37 1309 176 1347 ἀσέλγειαν
199 1308 244 1335 καὶ
267 1307 360 1335 κακίαν
388 1308 518 1346 ὑπάρχων
539 1307 698 1345 ἒπιῤῥεπής’
715 1307 744 1334 δν
774 1311 861 1336 Ὥτως

36 1355 47 1381 ὁ
61 1357 113 1380 τῶν
129 1352 264 1391 Φράγγων
283 1351 410 1390 βασιλεὺς
426 1351 561 1383 ἀπελάσας
576 1350 667 1390 ἕτερον
685 1352 863 1390 ἀντεισήγαγε

37 1399 65 1435 τῇ
80 1397 236 1432 Ἐκκλησία
250 1397 378 1433 ποιμένα.

67 1443 96 1471 Ὁ
113 1441 143 1469 δὲ
170 1441 341 1471 Πολύευκτος
362 1442 402 1476 τῷ
423 1440 525 1478 πρώτῳ
548 1443 598 1475 τῆς
622 1440 752 1478 ἱερατείας
781 1440 863 1468 αὐτοῦ

37 1487 128 1525 χρόνῳ
155 1489 217 1517 τοῖς
249 1486 333 1524 ἱεροῖς
356 1485 457 1521 ἐνέταξε
488 1484 633 1523 διπτύχοις
658 1485 793 1521 Εὐθυμίου
815 1487 863 1513 τοῦ

36 1532 208 1570 πατριάρχου
234 1530 265 1557 τὸ
291 1527 388 1566 ὄνομα,
412 1532 460 1557 τοῦ
479 1530 524 1557 τὸν
544 1529 656 1567 βασιλέα
670 1530 771 1557 Λέοντα
787 1528 860 1565 δεξα-

36 1577 116 1614 μένου
143 1576 182 1607 εἷς
201 1574 353 1609 κοινωνίαν,
379 1574 497 1610 ὁπηνίκα
517 1576 566 1610 τήν
587 1576 717 1612 τετάρτην
744 1574 861 1612 ἠγάγετο

32 1622 208 1660 γυναῖκα
224 1619 295 1658 Ηρὸς
307 1618 387 1646 τοῦτό
401 1630 472 1650 τινες
484 1621 537 1646 τῶν
555 1618 704 1657 ἀρχιερέων
721 1620 789 1657 πρὸς
805 1619 864 1646 ὀλί-

33 1677 80 1704 γον
96 1664 261 1700 ἀντέστησαν
288 1663 327 1700 τῷ
355 1662 519 1700 Πολυεύκτῳ
551 1664 588 1699 μὴ
604 1667 755 1692 κοινωνεῖν.
776 1663 865 1691 Ἀλλὰ

32 1712 89 1739 κατ’
113 1710 211 1747 ὀλίγον
226 1708 266 1745 τῷ
279 1710 327 1736 τοῦ
342 1710 506 1746 κρατοῦντος
522 1708 757 1744 ἀκολουθήσαντες
778 1707 862 1746 θελή-

38 1766 99 1792 ματι
115 1754 227 1793 γέλωτα
240 1753 378 1791 παρέσχον
393 1755 452 1784 τοῖς
466 1752 695 1791 διακρινομένοις.

70 1845 166 1882 ’Ἐχθη
184 1842 213 1871 δὲ
227 1843 296 1870 κατᾶ
309 1842 354 1870 τὸν
370 1842 450 1870 αὐτὸν
468 1842 560 1880 καιρὸν
585 1842 630 1869 καί
657 1843 674 1877 ἡ
702 1841 781 1879 τιμία
802 1842 864 1880 χεὶρ

36 1892 82 1917 τοῦ
104 1887 271 1926 Προδρόμου
287 1887 324 1918 είς
340 1888 389 1921 τήν
408 1885 535 1925 βασιλίδα
550 1887 575 1922 ἐξ
602 1886 783 1924 Ἀντιοχείας,
798 1887 865 1914 ἀπο-

40 1934 175 1961 κλαπεῖσα
207 1931 280 1968 παρά
315 1942 389 1962 τινος
418 1930 544 1958 διακόνου
577 1928 640 1959 Ἰὼϐ
668 1930 801 1968 τοῦνομα·
831 1931 865 1966 ἤν

40 1975 246 2005 καταλαϐοῦσαν
270 1976 320 2011 τὴν
346 1974 509 2011 Χαλκηδόνα
525 1976 538 2003 ὁ
565 1974 692 2014 βασιλεὺς
715 1976 764 2010 τὴν
788 1976 864 2013 βασι-

42 2022 118 2056 λικὴν
151 2021 294 2058 ἐκπέμψας
328 2021 440 2058 τριήρη.
470 2020 514 2047 καὶ
543 2023 592 2055 τῆς
621 2020 776 2057 συγκλήτου
803 2019 865 2048 ὅσον

41 2067 174 2103 ἐπίσημον
189 2064 343 2101 ἐξελθόντος
367 2064 412 2092 καὶ
439 2066 486 2092 τοῦ
505 2064 677 2103 πατριάρχου
693 2064 866 2093 Πολυεύκτου

41 2111 82 2138 σὺν
99 2110 183 2139 παντὶ
197 2112 238 2146 τῷ
261 2109 358 2147 κλήρῳ
379 2109 447 2145 μετὰ
473 2112 566 2146 κηρῶν
589 2109 634 2136 καὶ
652 2108 804 2146 λαμπάδων
820 2109 865 2136 καὶ

40 2155 229 2192 θυμιαμάτων,
246 2154 284 2185 εἷς
297 2154 330 2181 τὰ
345 2153 471 2191 βασίλεια
485 2153 597 2191 ἤγαγεν.

71 2202 101 2229 Ὁ
127 2199 158 2227 δὲ
181 2201 235 2226 τῶν
264 2197 374 2236 σχολῶν
405 2197 566 2235 δομέστικος
591 2196 691 2236 βάρδας
716 2198 784 2225 κατὰ
811 2200 864 2226 τῶν

952 1133 1087 1159 Ceterum
1117 1131 1201 1167 quasi
1226 1132 1249 1159 si
1276 1133 1392 1167 tempus
1417 1131 1446 1159 in
1475 1140 1508 1159 eo
1536 1131 1683 1160 laboraret
1711 1135 1742 1160 ut

918 1176 1027 1204 summi
1050 1176 1202 1212 pontifices
1226 1176 1357 1211 ejusdem
1383 1176 1533 1203 sententia:
1562 1180 1741 1212 crearentur,

917 1222 1054 1248 Romamn
1070 1220 1198 1248 ecclesia:
1223 1220 1324 1248 eodem
1352 1223 1483 1256 tempore
1509 1221 1663 1257 praefectus
1689 1222 1745 1249 fuit

917 1265 1046 1292 Joannes
1061 1264 1186 1292 Alberici
1203 1265 1289 1298 filius,
1302 1264 1389 1292 homo
1405 1265 1440 1292 ad
1457 1273 1574 1292 omnem
1592 1265 1743 1294 lasciviam

917 1319 951 1339 ac
976 1309 1118 1337 malitiam
1149 1318 1330 1346 propensus;
1358 1318 1443 1345 quem
1470 1309 1536 1337 Otto
1565 1310 1741 1338 Francorum

917 1354 1076 1390 imperator
1104 1353 1225 1390 expulit,
1255 1353 1405 1389 aliumque
1434 1353 1561 1382 ecclesiae
1593 1357 1740 1390 pastorem

917 1398 1082 1426 constituit.

953 1443 1126 1478 Polyeuclus
1142 1442 1236 1477 primo
1252 1442 1297 1470 sui
1313 1442 1527 1477 patriarcbatus
1553 1451 1628 1470 anno
1653 1445 1741 1480 Euty-

917 1487 974 1514 chii
993 1486 1163 1523 patriarchas
1179 1495 1284 1514 nomen
1311 1487 1340 1514 in
1366 1495 1465 1514 sacras
1492 1487 1608 1514 tabulas
1632 1487 1743 1521 retulit,

918 1532 981 1567 ejus
998 1531 1047 1567 qui
1064 1531 1270 1566 imperatorem
1288 1531 1413 1558 Leonem
1429 1531 1463 1558 ad
1488 1539 1637 1558 sacrorum
1663 1540 1743 1559 com-

918 1575 1146 1603 municationem
1164 1575 1334 1609 admiserat,
1347 1583 1413 1602 cum
1430 1575 1455 1603 is
1472 1578 1607 1611 quartam
1623 1585 1741 1604 uxorem

917 1620 1136 1648 duxisset.Eam
1153 1619 1188 1647 ob
1205 1627 1265 1647 rem
1283 1619 1404 1655 quidam
1421 1628 1607 1648 summorum
1624 1621 1744 1656 pontifi-

917 1673 984 1692 cum
993 1663 1164 1700 aliquandiu
1181 1663 1338 1691 noluerunt
1348 1672 1395 1692 res
1405 1672 1504 1692 sacras
1514 1672 1580 1692 cum
1591 1664 1745 1701 Polyeucto

918 1717 1091 1737 communes
1119 1709 1226 1736 habere
1258 1716 1265 1735 :
1296 1716 1362 1735 mox
1391 1709 1574 1743 imperatoris
1601 1709 1743 1737 voluntati

918 1754 1114 1789 obsequentes
1131 1753 1269 1780 ridendos
1286 1760 1317 1780 se
1333 1752 1566 1788 disceptantibus
1579 1755 1743 1782 controver-

919 1798 993 1827 siam
1008 1798 1214 1826 exhibuerunt.

955 1843 1012 1870 Sub
1029 1843 1104 1870 idem
1120 1845 1238 1878 tempus
1254 1842 1418 1870 venerantia
1434 1842 1622 1878 praecursoria
1638 1851 1744 1871 manus

920 1887 1075 1915 Antiochia
1090 1886 1190 1922 Cpolin
1208 1886 1296 1914 allata
1311 1889 1364 1918 est.
1380 1889 1516 1922 surrepta
1531 1887 1566 1914 ab
1581 1887 1654 1915 Jobo
1671 1895 1744 1922 quo-

920 1932 988 1959 dam
1019 1932 1151 1959 diacono.
1178 1932 1217 1959 Ea
1242 1940 1308 1959 cum
1334 1931 1496 1967 appulisset
1521 1931 1745 1960 Chalcedonam.

920 1977 1081 2012 Imperator
1095 1984 1179 2004 suam
1195 1976 1294 2003 emisit
1309 1975 1458 2003 triremem
1486 1984 1492 2003 :
1519 1978 1547 2003 et
1570 1975 1747 2004 illustriores

920 2023 1071 2049 senatores
1086 2021 1281 2056 praecedentes
1297 2020 1411 2048 obviam
1435 2028 1502 2047 cum
1530 2021 1694 2055 patriarcha
1719 2023 1748 2048 et

921 2066 1056 2093 universo
1072 2065 1148 2092 clero
1165 2073 1230 2092 cum
1248 2065 1339 2093 cereis
1356 2064 1466 2092 facibus
1478 2066 1505 2092 et
1515 2065 1665 2092 sufﬁtibus
1681 2073 1744 2093 eam

921 2110 951 2138 in
967 2109 1110 2146 palatium
1127 2110 1323 2137 deduxerunt.

957 2199 1034 2226 386
1066 2198 1185 2226 Interim
1220 2199 1330 2226 Bardas
1363 2198 1532 2226 scholarum
1568 2198 1748 2226 domesticus

41 2245 110 2280 ἑῴων
134 2245 296 2282 Ἀγαρηνῶν
325 2242 519 2280 ἐκσνρατεύσας
538 2242 568 2270 τὸ
599 2242 624 2269 ἓν
653 2243 732 2270 ποσὶν
763 2243 863 2270 ἅπαντα

957 2242 1103 2279 peditione
1132 2243 1162 2270 in
1193 2242 1349 2270 orientales
1379 2244 1526 2279 Agarenos
1561 2243 1635 2270 facta
1664 2243 1749 2270 obvia

39 2289 251 2327 κατεστρέψατο,
277 2287 347 2316 ἐλὼν
369 2287 413 2315 καὶ
445 2287 561 2326 φρούρια
589 2287 687 2322 ἱκανὰ,
717 2286 866 2326 ἐκπολιορ-

39 2335 121 2370 κήσας
137 2333 185 2361 καὶ
210 2334 259 2368 τὴν
276 2330 440 2371 περιϐόητον
472 2331 600 2360 ’Δδαπαν.
629 2333 659 2361 Ὁ
685 2331 714 2359 δὶ
741 2331 868 2370 βασιλεὺς

41 2379 214 2417 βουλόμενος.
225 2377 271 2405 καὶ
286 2381 350 2409 τούς
371 2376 396 2404 ἐν
423 2377 458 2415 τῇ
478 2378 575 2415 Κρήτῃ
601 2376 775 2415 Σαρακηνοὺς
804 2388 867 2405 συν-

38 2425 107 2460 ιχῶς
125 2421 353 2461 ἰκσ-τρατεύοντας
376 2421 420 2449 καὶ
443 2421 477 2449 τὰ
491 2420 611 2459 παράλια
634 2425 685 2453 τὶς
706 2422 864 2458 Ῥωμαῖκῆς

923 2297 1045 2324 quaeque
1096 2288 1231 2323 vastavit,
1284 2288 1430 2324 permulta
1481 2287 1601 2315 castella
1652 2287 1747 2323 cepit,

922 2333 1078 2369 ipsamque
1102 2332 1174 2359 adeo
1203 2331 1330 2360 nobilem
1361 2332 1463 2360 urbem
1498 2333 1625 2368 Adapam
1658 2339 1748 2367 expu-

922 2377 1029 2413 gnavit.
1060 2378 1221 2412 Imperator
1254 2378 1354 2404 autem
1388 2376 1542 2404 Cretenses
1575 2376 1746 2411 Saracenos,

921 2421 970 2458 qui
999 2421 1099 2449 crebro
1127 2421 1290 2449 maritimas
1318 2421 1515 2449 Romanorum
1551 2419 1676 2448 ditiones
1706 2419 1750 2447 in-

637 2512 821 2541 XYLANDRI
841 2513 886 2541 ET
904 2511 1014 2540 GOARI
1034 2511 1148 2540 ΝΟΤιἘ.

67 2579 128 2614 (99)
151 2577 254 2610 Graeci,
281 2576 405 2604 Romani
436 2576 772 2614 imperiiusuccessores.
789 2576 865 2614 V'Pwr-

37 2612 133 2649 μείους
151 2614 288 2641 Romanos
301 2621 332 2640 se
348 2620 441 2648 usque
457 2613 486 2640 in
501 2612 675 2649 hodiernum
692 2612 768 2649 diem
783 2613 866 2649 jacti-

34 2652 183 2678 tax-erunt.
201 2651 289 2677 Veros
315 2650 413 2676 autem
440 2649 585 2683 Romanos,
611 2648 639 2675 id
665 2650 710 2675 est
736 2648 871 2682 Latinos,-

34 2686 157 2714 Cedreni
183 2693 251 2713 voce
276 2683 418 2720 ἑσπερίους
431 2683 584 2720 Ῥωμαίους
598 2683 755 2720 appellunt.
774 2683 864 2712 GOAR.

65 2723 107 2758 (4)
127 2723 155 2750 Is
179 2725 224 2750 est
245 2719 380 2758 Joannis
402 2720 452 2758 ΧΠ
478 2719 563 2758 papa.
581 2719 712 2758 _Alberici
736 2720 866 2748 consulis

36 2755 160 2787 Romani
177 2758 266 2792 filius,
282 2757 318 2784 de
334 2765 391 2792 quo
406 2756 471 2784 vide
480 2755 791 2784 historicos.0ttonem
808 2765 866 2784 ma-

921 2584 1013 2612 gnum
1029 2575 1226 2603 Romanorum
1241 2574 1447 2612 imperatorem
1460 2582 1556 2612 regem
1569 2574 1748 2612 Francorum

921 2610 1020 2645 vocat;
1038 2612 1073 2638 de
1089 2620 1146 2647 qua
1170 2619 1199 2638 re
1226 2619 1314 2646 supra
1344 2611 1454 2638 monui.
1485 2611 1545 2647 Cur
1557 2612 1655 2638 autem
1671 2610 1749 2637 hunc

922 2647 1076 2684 Polyeucto
1091 2647 1219 2675 similem
1236 2647 1323 2684 dicat,
1341 2655 1398 2674 non
1413 2647 1506 2684 video.
1524 2646 1590 2684 XvL.

957 2680 995 2718 (ξ)
1022 2684 1059 2711 De
1083 2691 1209 2718 quarum
1237 2682 1406 2718 nuptiarum
1428 2683 1495 2718 jure
1518 2682 1576 2710 vid.
1604 2680 1748 2708 Arcadius

921 2719 940 2746 l.
958 2728 1001 2755 νιι,
1012 2719 1192 2747 Concordiae.
1209 2719 1300 2746 GOAa.
