1928 3047
178 87 214 116 Ἠ
843 83 1002 115 GEORGII

1096 83 1194 114 mam
1707 64 1710 66 ’
1841 86 1880 116 12

177 149 364 177 cursionibus
379 148 530 180 vexabant,
546 147 667 183 cupiens
682 147 827 175 deterrere
843 155 1004 183 eorumque

1098 157 1110 178 ς
1127 145 1258 184 δῃοῦντας
1281 146 1327 174 καὶ
1352 146 1568 184 κατατρέχοντας
1591 143 1740 185 ἐκφοϐῆσαι
1764 146 1809 174 καὶ
1831 151 1882 182 τῆς

178 194 353 222 immodicos
370 193 496 228 impetus
512 191 845 228 reprim('re,maximum
859 192 1006 220 contrahit

177 238 333 266 exercitum
350 238 533 272 classemque
549 244 735 272 nequaquam
748 237 1004 268 contemnendam,

176 291 300 319 eamque
334 283 363 310 in
398 282 511 309 Cretam
545 281 677 316 emittit,
712 282 847 317 praefecto
880 283 932 309 toti
964 282 1005 309 rei

176 327 366 357 Constantino
383 326 504 363 patricio
529 325 671 361 Gongyla,
695 325 863 354 effeminato
887 326 1005 354 homine

176 375 205 400 et
235 373 265 400 in
291 371 395 399 umbra
419 371 541 398 educato
571 369 698 405 bellique
732 370 844 406 ignaro,
879 379 936 398 uno
970 370 1006 397 de

177 417 315 454 palatinis
341 414 540 443 cubiculariis.
556 416 583 442 Is
599 415 628 441 in
644 416 758 441 Cretam
775 415 897 450 trajecta
912 415 1007 443 classe

177 461 248 490 nihil
265 462 338 489 duce
353 460 476 495 dignum
491 458 566 494 egit;
580 467 647 486 nam
665 466 759 494 neque
774 462 871 487 castra
886 460 1002 501 muniit,

177 513 272 541 neque
297 503 495 540 speculatores
521 505 572 530 aut
595 502 793 538 exploratores
809 504 971 537 collocavit,
988 513 1005 531 a

177 551 286 586 quibus
309 550 345 576 de
369 548 564 576 Barbarorum
591 548 716 575 adventu
744 551 921 582 moneretur,
942 557 1006 584 quae

178 603 244 623 eum
262 593 379 621 incuria
395 593 424 620 in
440 600 592 620 summum
609 592 730 619 adduxit
745 593 919 628 perieulum.
934 593 1005 621 Nam

176 640 323 667 insulares
363 637 497 665 socordia
530 639 559 663 et
593 636 741 671 imperitia
765 637 888 665 Romani
923 637 1006 665 ducis

179 683 371 720 deprehensa,
401 685 565 718 opportuno
593 683 677 716 capto
700 684 831 718 tempore
859 684 1006 710 Romanos

179 729 277 757 subito
301 727 407 761 adorti,
434 725 514 753 nullo
540 725 655 761 negotio
681 726 836 760 fuderunt;
863 727 1007 762 multique

178 773 284 801 borum
302 771 351 800 alii
368 770 455 806 capti,
472 770 520 797 alii
539 771 612 798 ferro
638 770 816 806 interempti,
834 774 863 798 et
886 771 1007 806 reliquis

179 817 365 854 fugientibus
380 819 476 843 castra
491 823 607 850 quoque
622 823 739 842 summo
755 823 820 843 cum
838 818 1006 843 nostrorum

179 846 320 890 dedecore
354 863 439 896 capta
473 846 648 895 sdatilpse
678 860 765 887 etiam
792 860 950 896 Congylius
976 860 1005 888 in
1022 846 1044 877 Β

178 906 309 935 hostium
328 906 503 942 potestatem
518 903 655 937 venisset,
669 904 726 931 nisi
742 913 758 931 a
773 913 864 932 cuneo
882 905 1004 932 famulo-

180 960 245 979 rum
263 953 380 986 ereptus
395 952 425 977 et
439 949 468 976 in
485 949 582 976 navim
598 948 764 985 praetoriam
782 949 886 977 fuisset
909 949 1004 986 impo-

179 996 265 1024 situs.

215 1139 278 1167 lam
294 1138 444 1166 Romanus
462 1135 649 1172 imperatoris
675 1135 752 1163 ﬁlius
779 1135 908 1163 adultior
931 1135 1006 1163 ferre

180 1192 238 1211 non
260 1185 371 1218 poterat
395 1190 411 1209 a
437 1183 517 1217 patre
542 1181 616 1208 337
635 1189 680 1208 res
695 1180 864 1215 gubernari,
880 1180 1005 1216 ideoque

178 1236 245 1256 eum
262 1235 371 1254 veneno
397 1226 497 1254 tollere
523 1225 635 1259 statuit,
662 1226 779 1253 conseia
804 1225 891 1253 etiam
916 1233 1005 1253 uxore

177 1281 232 1301 sua
247 1272 387 1307 cauponis
401 1271 470 1298 filia.
482 1272 641 1306 Eapropter
656 1279 723 1298 cum
740 1269 824 1298 vellet
839 1270 1004 1298 Constanti-

179 1326 234 1346 nus
251 1317 498 1345 medicamentum
517 1323 644 1350 purgans
660 1315 769 1348 bibere,
793 1315 898 1342 lethale
922 1323 1005 1343 vene-

179 1371 250 1390 num
282 1362 308 1389 ei
341 1363 461 1396 parant;
493 1359 729 1396 persuadentque
761 1359 866 1387 Nicetae
896 1368 1003 1387 mensas

180 1406 355 1435 administro
370 1407 403 1432 ut
417 1404 446 1432 id
462 1404 607 1432 infundat.
626 1404 787 1438 Imperator
799 1412 865 1431 cum
887 1404 950 1439 jam
975 1404 1003 1432 id

179 1453 257 1479 esset
274 1448 574 1484 hausturus,positurn
592 1450 658 1475 ante
673 1456 771 1475 sacras
787 1448 1004 1484 imagines,sive

181 1495 299 1523 fortuito
327 1494 387 1522 sive
416 1493 515 1520 dedita
542 1501 629 1527 opera
668 1492 779 1527 lapsus,
810 1493 904 1528 poculi
939 1494 1004 1529 ejus

179 1541 319 1575 majorem
355 1541 468 1574 partem
503 1537 616 1571 effudit,
643 1537 798 1572 Reliquum
824 1540 942 1573 epotum
967 1538 1003 1566 ob
1019 1529 1040 1564 C

179 1585 356 1622 paucitatem
371 1583 465 1611 visum
481 1585 525 1610 est
541 1591 637 1610 carere
653 1582 836 1617 efﬁcacitate,
853 1585 882 1610 et
898 1582 1004 1610 nihilo-

178 1630 277 1658 minus
293 1631 391 1657 tamen
409 1627 618 1656 Constantinus
634 1627 714 1663 gravi
737 1627 838 1654 morbo
864 1627 1005 1655 lateribus

176 1674 296 1703 tentatis
312 1682 329 1701 a
343 1680 452 1701 veneno
469 1680 543 1707 aegre
559 1671 659 1700 evasit.

1059 191 1179 228 ἀσχέτου
1213 191 1345 228 ἀνακόψαι
1361 191 1461 229 ὁρμῆς,
1479 191 1591 228 στρατὸν
1606 191 1647 218 ὃτι
1663 190 1792 218 πλεῖστον
1816 191 1884 219 συλ-

1061 235 1138 272 λέξας
1166 234 1211 263 καὶ
1239 234 1337 263 στὸλον
1366 235 1527 272 εὐτρεπίσας
1557 235 1608 262 οὐκ
1641 235 1734 273 ἀγεννῆ
1754 235 1885 272 ἐκπέμπει

1059 281 1127 308 κατὰ
1153 283 1202 315 τῆς
1230 281 1336 315 νήσου,
1365 280 1514 317 στρατηγὸν
1556 279 1704 315 ἐπιστήσας
1732 282 1790 311 τοῖς
1819 283 1883 308 πᾶσι

1061 327 1258 352 Κωνσέαντῖνον
1281 324 1421 364 πατρίκιον
1458 325 1504 352 τὸν
1535 324 1696 362 Γογγύλην,
1736 323 1884 360 Θηλυδρίαν

1060 368 1201 407 ἄνθρωπον
1223 370 1268 396 καὶ
1284 373 1434 408 σκιατραφῆ
1457 369 1502 396 καὶ
1526 368 1747 407 ἀπειροπόλεμον
1772 369 1817 396 καὶ
1839 368 1885 397 ἓτα

1059 416 1113 441 τῶν
1128 414 1153 441 ἐν
1169 416 1209 450 τῷ
1223 413 1348 450 παλατίῳ
1364 412 1582 451 θαλαμηπόλων·
1614 413 1642 444 ὅς
1669 414 1706 444 εἰς
1734 414 1784 448 τήν
1804 416 1883 448 νῆσον

1060 458 1220 496 περαιωθεὶς
1242 459 1287 486 καὶ
1315 457 1398 495 μηδὲν
1433 457 1507 493 ἄξιον
1542 457 1758 495 διαπραξάμενος
1788 468 1885 496 στρατ-

1059 505 1155 541 τηγοῦ,
1188 504 1258 540 μήτο
1273 501 1477 541 στρατοπεδείαν
1505 503 1658 539 πηξάμενος
1672 501 1791 542 ἀσφαλῆ,
1818 503 1885 538 μήτε

1061 547 1177 578 σκοποὺς
1193 546 1339 582 ἐπιστήσας
1368 547 1413 574 καὶ
1436 548 1621 584 κατοπτῆρας,
1641 548 1679 584 [Ρ.
1697 547 1761 583 641]
1777 546 1822 574 καὶ
1851 546 1885 573 δι’

1061 593 1149 620 αὐτῶν
1179 592 1227 623 τὰς
1261 589 1426 629 βαρϐαρικὰς
1462 590 1650 630 φυλαξάμενος
1679 590 1805 630 ἐφόδους,
1830 601 1886 618 κιν-

1061 632 1133 673 δύνῳ
1149 635 1270 674 μεγίστῳ
1294 635 1460 674 περιπίπτει.
1478 636 1511 664 Οἱ
1526 636 1576 674 γὰρ
1592 638 1723 670 νησιῶται
1738 635 1788 670 τὴν
1813 636 1886 663 ἀπει-

1061 681 1119 719 ρίαν
1149 681 1194 709 καὶ
1223 681 1272 715 τὴν
1313 680 1442 717 ἀμέλειαν
1469 679 1667 715 κατανοηκότες
1697 682 1746 707 τοῦ
1775 690 1887 717 στρατη-

1061 728 1122 764 γοῦ,
1139 725 1232 763 καιρὸν
1259 725 1470 760 ἒπιζητήσαντες
1497 723 1652 760 ἐπιτήδειον
1678 724 1803 763 ἐξαίφνης
1829 723 1887 751 ἐπι-

1060 771 1177 798 τίθενται
1200 773 1240 806 τῷ
1263 770 1454 808 στρατεύματι,
1487 769 1531 796 καὶ
1558 769 1702 806 τρέπονται
1733 769 1781 805 μὲν
1806 771 1885 797 τοῦτο

1063 815 1171 854 ῥᾳδίως,
1188 815 1224 844 ὡς
1240 813 1363 846 πολλοὺς
1385 816 1438 841 τῶν
1461 814 1607 849 Ῥωμαίων
1634 811 1814 851 αἱχμαλωσίᾷ
1842 814 1885 840 καὶ

1061 860 1148 897 σιήρῳ
1172 857 1388 896 διαμερισθῆναι,
1414 857 1548 895 κατέσχον
1565 856 1594 885 δὲ
1612 857 1657 884 καὶ
1681 857 1712 884 τὸ
1737 858 1884 895 στρατόπε-

1060 903 1104 931 δον
1132 903 1214 936 αὐτὸ,
1244 905 1297 930 τῶν
1329 902 1472 939 Ῥωμαίων
1502 902 1650 940 αἰσχίστως
1677 902 1884 941 ἀποφυγόντων.

1060 950 1167 986 Μικροῦ
1183 946 1205 975 δ’
1221 948 1250 975 ἂν
1275 947 1348 974 ὲάΛω
1372 947 1417 974 καὶ
1433 947 1447 974 ὁ
1468 946 1633 984 Γογγύλιος,
1650 946 1672 973 εί
1703 947 1741 982 μή
1756 946 1884 973 συνασπί-

1059 1003 1150 1023 σαντες
1179 993 1204 1019 οὶ
1232 992 1392 1030 θεράποντες
1420 991 1592 1029 ἐξεῤῥύσαντο
1622 991 1701 1018 αὑτὸν
1717 994 1771 1025 τῆς
1799 990 1886 1028 αἰχμ-

1059 1036 1188 1071 αλωσίας,
1215 1037 1259 1064 καὶ
1289 1036 1327 1068 εἷς
1355 1037 1406 1070 τὴν
1433 1035 1586 1073 ναυαρχίδα
1613 1032 1811 1072 ἐμϐιϐάσαντες
1834 1033 1886 1062 διε-

1060 1081 1179 1109 σώσαντο
1184 1103 1190 1109 .

1094 1135 1235 1171 Ῥωμανὸς
1265 1133 1293 1162 δὲ
1315 1134 1329 1161 ὁ
1357 1136 1406 1161 τοῦ
1433 1132 1568 1171 βασιλέως
1598 1132 1800 1162 Κωνσταντίνου
1829 1133 1886 1164 υίὸς

1058 1179 1223 1217 τελεωτὲρις
1248 1177 1302 1214 ἤδη
1334 1179 1472 1216 ἁψάμενος
1501 1177 1624 1213 ἡλικίας,
1653 1177 1697 1205 καὶ
1730 1179 1768 1214 μὴ
1798 1178 1882 1215 φέρων

1059 1225 1123 1262 ὁρᾷν
1142 1225 1174 1251 τὰ
1202 1224 1347 1260 πράγματα
1374 1223 1425 1250 ὑπὸ
1450 1225 1498 1251 τοῦ
1523 1222 1624 1260 πατρὸς
1654 1222 1737 1250 αὐτοῦ
1765 1221 1882 1249 διοικού-

1061 1279 1150 1305 μενα,
1180 1267 1314 1306 φαρμάκῳ
1344 1266 1438 1295 τοῦτον
1469 1266 1591 1295 ἐκποδὼν
1619 1268 1785 1302 ποιήσασθαι
1811 1265 1883 1293 ἐϐου-

1059 1313 1184 1347 λεύσατο,
1214 1311 1315 1348 εἶδήσει
1341 1312 1450 1347 καὶτῆς
1475 1312 1558 1339 αὐτοῦ
1574 1313 1696 1349 γαμετῆς
1718 1315 1770 1346 τῆς
1794 1322 1881 1346 καπη-

1059 1357 1145 1390 λίδος,
1158 1357 1316 1388 Μέλλοντος
1332 1357 1383 1394 γὰρ
1398 1359 1446 1384 τοῦ
1475 1356 1676 1385 Κωνσταντίνου
1701 1357 1880 1394 καθαρτήριον

1058 1403 1134 1439 πόμα
1159 1400 1263 1437 λαϐεῖν,
1290 1401 1414 1432 λαθόντες
1438 1402 1516 1428 οὗτοι
1541 1400 1709 1438 δηλητήριον
1725 1400 1814 1437 τούτῳ
1829 1400 1883 1428 ἐκέ-

1059 1458 1153 1485 ρασαν,
1181 1447 1225 1474 καὶ
1265 1447 1383 1481 Νικήταν
1422 1446 1467 1473 τὸν
1498 1445 1540 1473 ἐπὶ
1570 1449 1620 1481 τῆς
1649 1445 1788 1483 τραπέζης
1815 1455 1882 1482 παρ-

1059 1493 1164 1519 ἐπεισαν
1182 1490 1276 1528 ἐγχέαι
1304 1493 1384 1518 τοῦτο
1412 1492 1453 1526 τῷ
1478 1489 1594 1527 βασιλεῖ.
1612 1489 1726 1518 Μέλκων
1746 1489 1774 1517 δὲ
1788 1489 1886 1521 ἐκεῖνος

1060 1536 1124 1563 αὐτὸ
1142 1533 1233 1563 λαϐεῖν
1250 1534 1373 1571 κείμενον
1389 1533 1542 1572 ἔμπροσθεν
1556 1537 1609 1562 τῶν
1638 1536 1745 1562 σεπτῶν
1767 1534 1886 1569 εἰκόνων,

1061 1579 1113 1607 tif-ce
1125 1580 1197 1618 τύχῃ
1215 1579 1267 1606 τινὶ
1295 1580 1346 1606 εἶτε
1368 1579 1413 1606 καὶ
1430 1578 1560 1610 ἑκουσίως
1577 1578 1728 1614 ὀλισθήσας
1757 1578 1786 1605 τὸ
1807 1578 1887 1606 πλέον

1060 1625 1159 1663 ἐξέχεε.
1186 1625 1221 1652 Τὸ
1251 1623 1280 1651 δὲ
1310 1624 1406 1650 Λοιπὸν
1433 1623 1513 1655 ποθὲν
1539 1623 1589 1650 ὑπὸ
1613 1625 1662 1650 τοῦ
1691 1623 1887 1650 Κωνσταντίνου

1061 1670 1141 1708 ἀργὸν
1161 1670 1244 1709 ἐφάνη
1269 1669 1313 1697 καὶ
1341 1667 1489 1707 ἄπρακτον,
1521 1667 1565 1696 διὰ
1593 1669 1642 1703 τὴν
1675 1668 1826 1706 ὀλιγότητα
1840 1669 1888 1702 τὴν

176 1718 278 1746 οἰκείαν
294 1714 432 1745 ἀποϐαλὸν
452 1716 595 1754 ἐνέργειαν.
615 1716 690 1750 Πλὴν
715 1715 759 1742 καί
776 1714 862 1746 οὕτως
879 1715 892 1742 ὁ
911 1716 1115 1746 Κωνσταντῖνος
1142 1715 1222 1751 μόλις
1238 1713 1424 1752 περιγενέσθαι
1436 1713 1562 1752 ’ίσχυσεῃ
1583 1713 1783 1751 ἐπισκήψαντος
1798 1712 1830 1748 δὴ
1840 1715 1886 1740 τοῦ

177 1762 350 1801 δηλητηρίου
367 1761 393 1790 ἐν
407 1763 440 1798 τῇ
457 1761 561 1797 πλευρᾷ
577 1761 658 1787 αὺτοῦ
673 1761 718 1787 καὶ
734 1763 823 1792 κακῶς
841 1759 1000 1797 διαθεμένου
1015 1759 1106 1789 αὐτόν.

212 1820 294 1846 Anno
310 1817 426 1854 imperii
442 1816 626 1845 Constantini
645 1816 687 1847 t5,
711 1816 802 1843 mensi
829 1815 1004 1851 Septembri,

174 1863 334 1891 indictione
356 1863 381 1897 3,
400 1871 476 1889 anno
507 1861 609 1888 mundi
625 1861 705 1894 6/168,
724 1861 871 1896 profectus
888 1863 932 1888 est
946 1861 1006 1887 im-

173 1911 291 1945 perator
306 1909 342 1936 ad
360 1907 516 1944 Olympum
534 1908 672 1939 montem,
690 1905 718 1932 in
736 1905 874 1941 speciem,
897 1908 929 1933 ut
955 1914 1005 1941 pa-

173 1956 253 1982 trum
269 1953 318 1990 qui
336 1953 373 1980 ibi
385 1952 521 1979 vivebant
532 1949 819 1985 compreeationibus
831 1953 962 1978 armatus
975 1950 1004 1978 in

175 1998 287 2034 Syriam
304 1998 405 2024 contra
420 1996 582 2023 Saracenos
599 1994 843 2030 proficisceretur,
860 2003 889 2021 re
905 1997 1004 2022 autem

175 2043 251 2079 ipsa,
268 2043 301 2069 ut
316 2049 383 2068 cum
400 2039 552 2068 Theodoro
576 2037 668 2073 Cyzici
693 2038 839 2074 episcopo,
865 2039 914 2074 qui
941 2041 1004 2066 tum

175 2087 214 2115 ibi
232 2087 366 2121 degebat,
380 2085 415 2112 de
429 2083 581 2119 Polyeueto
596 2082 758 2117 dejicienrlo
771 2082 893 2111 consilia
905 2083 1002 2112 iniret.

176 2132 245 2159 Inde
260 2131 319 2158 sive
335 2129 465 2165 corporis
481 2127 626 2160 vitio,sive
642 2135 744 2154 rursus
769 2135 785 2154 a
810 2127 868 2154 filio
895 2128 1003 2163 petitus

174 2183 295 2209 veneno,
312 2173 463 2202 doloribus
479 2173 630 2206 correptus
642 2170 788 2205 discessit,
801 2173 829 2198 et
844 2172 899 2199 sub
917 2173 1003 2200 finem

174 2219 307 2248 Oetohris
318 2219 347 2246 in
361 2218 462 2245 lectica
475 2216 575 2251 Cpolin
589 2218 753 2251 reportatus
764 2217 819 2250 est,
829 2224 861 2243 ac
873 2216 1004 2244 consiliis

175 2265 237 2292 suis
250 2264 359 2292 exitum
371 2261 484 2289 nullum
493 2260 658 2288 consecutis
668 2262 894 2295 mortuus,nona
902 2261 1005 2289 dieNo-

175 2308 386 2341 vembris,vixit
396 2314 488 2334 annos
497 2305 714 2340 quinquaginta
723 2307 883 2340 quatuoret
891 2314 1005 2333 menses

174 2355 243 2386 duo,
257 2352 422 2388 imperavit,
440 2350 517 2378 338
532 2349 652 2384 collegis
669 2353 758 2384 patre,
776 2349 937 2378 Alexandro
954 2359 1004 2386 pa—

173 2401 239 2425 truo
251 2400 279 2425 et
289 2399 381 2424 matre
393 2403 457 2427 sua,
469 2402 561 2422 annos
578 2393 729 2426 tredecim,
748 2402 851 2422 rursus
867 2402 933 2422 eum
949 2397 1004 2422 Ro-

174 2450 261 2470 mano
274 2442 383 2476 injuste
395 2439 551 2474 imperium
565 2438 669 2473 adepto
682 2446 774 2466 annos
785 2437 888 2474 viginti
905 2447 965 2473 sex,
977 2441 1006 2467 et

175 2487 224 2514 illo
236 2486 372 2515 submoto
380 2482 804 2519 annosquindecim.Sepultus
813 2483 949 2519 cstjuxta
959 2492 1006 2520 pa-

175 2535 249 2559 trem
258 2529 402 2558 suum.Ad
413 2530 575 2556 extremum
586 2535 680 2562 usque
690 2526 828 2562 spiritum
838 2529 1007 2556 succensuit

177 2575 340 2612 Polyeueto,
353 2577 380 2601 et
391 2574 456 2608 ejus
468 2571 680 2607 depositionem
693 2571 792 2598 animo
804 2572 934 2607 agitavit.
948 2572 1006 2600 Ali-

176 2622 412 2656 quotantequam
421 2618 583 2644 moreretur
590 2615 774 2650 diebus,post
781 2623 930 2652 vesperam
938 2617 1009 2652 lapi-

175 2666 226 2694 des
235 2665 270 2692 de
278 2662 397 2691 sublimi
404 2661 558 2689 confertim
568 2660 597 2688 in
609 2660 703 2696 ipsius
714 2660 834 2688 domum
843 2661 1006 2689 vehementi

175 2718 244 2738 cum
260 2709 372 2744 impetu
384 2706 506 2741 conjeeti
521 2707 670 2742 ingentem
683 2705 839 2734 ediderunt
851 2706 1006 2742 fragorem.

177 2756 255 2787 Quos
272 2751 481 2782 Constantinus
499 2753 608 2787 putans
624 2759 640 2778 a
655 2750 815 2778 ccenaeulis
840 2751 1009 2786 Magnaurae

1098 1817 1136 1842 ιε’.
1155 1813 1184 1842 δὲ
1203 1813 1297 1852 χρόνῳ
1325 1814 1374 1847 τῆς
1401 1813 1483 1840 αὐτοῦ
1511 1811 1662 1849 βασιλείας,
1691 1812 1760 1840 κατὰ
1781 1812 1812 1840 τὸ
1838 1815 1887 1838 Σε-

1060 1857 1214 1896 πτέμϐριον
1233 1861 1306 1895 μῆνα
1320 1859 1369 1890 τῆς
1386 1858 1412 1895 γ’
1428 1856 1610 1890 ίνδικτιῶνος,
1636 1857 1660 1884 ἐν
1691 1854 1743 1884 ἔτει
1767 1858 1889 1893 κοσμικῷ

1060 1904 1150 1941 ,ςυξηκ
1178 1903 1257 1939 ἔξεισι
1288 1904 1486 1933 Κωνσταντῖνος
1515 1902 1529 1929 ὁ
1561 1901 1688 1939 βασιλεὺς
1718 1901 1743 1929 ἐν
1772 1903 1810 1937 τῷ
1841 1902 1889 1927 τοῦ

1061 1948 1203 1984 Ὀλύμπου
1227 1945 1294 1985 ὄρει,
1310 1949 1349 1983 τῷ
1373 1947 1419 1983 μὲν
1445 1945 1532 1974 δοκεῖν
1546 1949 1605 1977 ταῖς
1623 1948 1676 1973 τῶν
1704 1945 1789 1973 ἐκεῖσε
1805 1944 1888 1973 ΙΙατέ-

1060 2003 1115 2030 ρωτ
1142 1993 1235 2031 εὐχαῖς
1256 1995 1456 2030 θωρακισθῆναι
1480 1991 1525 2018 καὶ
1552 1991 1609 2027 μετ’
1634 1990 1722 2018 αὐτῶν
1746 1990 1812 2017 κατᾶ
1835 1993 1886 2016 Σα-

1060 2040 1182 2075 ρακηνῶν
1207 2036 1237 2064 ἐκ
1267 2036 1352 2074 Συρίᾳ
1381 2036 1580 2074 ἐκστρατεῦσαι,
1619 2033 1718 2069 ἀληθεῖ
1751 2033 1779 2062 δὲ
1811 2033 1887 2070 ,λόγῳ

1059 2083 1190 2116 ὲνιυθῆναι
1230 2079 1363 2117 Θεοδώρῳ
1391 2083 1430 2116 τῷ
1457 2083 1507 2116 τῆς
1539 2079 1653 2114 Κυζίκου
1686 2077 1886 2117 προεδρεύοντι,

1059 2126 1144 2154 ἐκεῖσε
1166 2126 1229 2153 τότε
1249 2125 1295 2156 τὰς
1328 2123 1467 2163 διατριϐὰς
1487 2125 1660 2161 ποιουμένῳ,
1691 2124 1735 2151 καὶ
1765 2123 1822 2160 μετ’
1844 2121 1884 2156 αὖ,

1020 2191 1042 2223 D
1057 2174 1105 2198 τοῦ
1121 2171 1183 2208 περὶ
1211 2173 1261 2204 τῆς
1284 2170 1465 2207 καθαιρέσεως
1493 2171 1541 2196 τοῦ
1571 2168 1746 2196 Πολυεύκτου
1771 2166 1885 2206 βουλεύ-

1114 2221 1121 2223 .
1203 2215 1231 2223 ΙΝ
1264 2217 1275 2222 υ
1377 2215 1389 2220 ⁴⁶
1496 2213 1501 2223 Υ
1662 2212 1674 2223 ν
1827 2222 1838 2223 7
1852 2213 1883 2223 ,,7

1059 2221 1165 2247 σασοαι.
1202 2215 1305 2242 Ἐκεῖσε
1342 2215 1406 2251 γοῦν
1443 2213 1600 2251 γενόμενος,
1647 2212 1701 2240 εἴτε
1744 2213 1885 2248 σωματικῇ

1060 2259 1241 2296 πλημμελείᾳ
1271 2257 1322 2286 εἲίτε
1351 2256 1435 2285 πάλιν
1451 2257 1502 2284 ὑπὸ
1519 2260 1568 2284 τοῦ
1584 2256 1680 2289 παιδὸς
1704 2255 1886 2294 φαρμαχθεῖς,

1062 2303 1234 2340 ὀδυνώμενος
1252 2303 1422 2340 ἀνεχώρηοε,
1452 2301 1616 2336 κλινοπετής
1646 2312 1675 2328 τε
1703 2302 1770 2328 κατὰ
1799 2301 1827 2328 τὸ
1849 2300 1888 2327 τὲ-

1061 2348 1109 2380 λος
1139 2351 1185 2376 τοῦ
1215 2345 1381 2385 Ὀκτωϐρίου
1405 2347 1454 2381 τήν
1484 2344 1611 2384 βασιλίδα
1626 2343 1771 2381 κατέλαϐε,
1796 2344 1839 2372 καὶ
1855 2345 1887 2381 τῇ

1063 2398 1082 2426 0’
1109 2396 1156 2421 τοῦ
1186 2391 1340 2430 Νοεμϐρίου
1364 2392 1448 2428 μηνὸς
1475 2390 1599 2426 τελευτᾷ,
1630 2390 1754 2428 ἄπρακτα
1781 2390 1814 2417 τὰ
1845 2389 1887 2426 βε-

1062 2436 1232 2474 ϐουλευμένα
1248 2436 1348 2472 λιπὼν,
1367 2437 1448 2471 ζήσας
1466 2436 1568 2463 ἅπαντα
1587 2435 1633 2462 τὸν
1655 2437 1704 2469 τῆς
1738 2436 1810 2468 ζωῆς
1839 2433 1886 2460 αὖε

1061 2485 1108 2510 τοῦ
1124 2482 1223 2520 χρόνον
1241 2480 1287 2517 ἔτη
1303 2480 1340 2508 νδ¹
1365 2481 1408 2508 καὶ
1428 2483 1514 2517 μῆνας
1533 2480 1565 2517 β’,
1595 2477 1813 2516 συμϐασιλεύσας
1840 2477 1885 2513 μὲν

1060 2530 1100 2564 τῷ
1124 2527 1204 2565 πατρὶ
1229 2527 1274 2554 καὶ
1298 2524 1472 2561 Ἀλεξάνδρῳ
1487 2527 1526 2560 τῷ
1541 2524 1603 2561 θείῳ
1625 2524 1669 2551 καὶ
1684 2525 1718 2560 τῇ
1735 2522 1816 2550 αὐτοῦ
1833 2532 1885 2558 μη-

1060 2572 1103 2610 τρὶ
1120 2571 1166 2606 ἔτη
1186 2572 1228 2609 ιγ’,
1249 2572 1326 2602 αὖθις
1350 2569 1380 2597 δὲ
1403 2571 1442 2605 τῷ
1465 2570 1600 2605 Ῥωμαιθῷ
1622 2569 1815 2605 τυραννήσαντι
1840 2564 1885 2600 ἕτη

1062 2617 1113 2651 κς’,
1139 2616 1183 2644 καὶ
1210 2615 1277 2652 μετὰ
1301 2616 1351 2650 τὴν
1375 2613 1478 2641 ἐκείνου
1501 2617 1551 2648 τῆς
1589 2612 1727 2651 βασιλείας
1755 2610 1886 2639 ἔκπτωσιν

1066 2661 1270 2699 μονοκρατήσας
1304 2659 1351 2694 ἔτη
1377 2662 1417 2687 ιε’.
1444 2658 1576 2686 ϐάπτεται
1605 2657 1633 2686 δὲ
1662 2657 1749 2684 Οανὼν
1780 2655 1825 2683 σὺν
1850 2657 1887 2690 τῷ

1064 2705 1157 2741 οἷ’κείῳ
1181 2705 1272 2742 πατρὶ,
1307 2704 1389 2741 μέχρι
1419 2701 1574 2733 τελευταίας
1603 2703 1738 2736 ἀναπνοῆς
1770 2700 1886 2738 ἐγκοτῶν

1063 2752 1104 2786 τῷ
1139 2749 1302 2785 Πολυεύκτῳ
1323 2749 1367 2776 καὶ
1389 2748 1439 2782 τὴν
1471 2747 1552 2775 αὐτοῦ
1582 2747 1732 2784 καθαίρεσιν
1761 2743 1887 2785 φανταζό-
