1936 3048
56 98 101 127 73
640 97 915 129 HISTORIARUM
937 99 1199 130 COMPENDIUM
1208 122 1215 129 .
1743 101 1783 131 ’14

58 174 157 201 μενος.
185 165 242 202 Πρὸ
269 163 299 192 δὶ
322 175 405 192 τινων
433 165 545 203 ἡμερῶν
572 167 623 199 τῆς
647 163 728 191 αὐτοῦ
755 162 895 207 τελευτῆς,

986 165 1070 199 ιΓΕΓΓί,
1087 173 1139 201 per
1153 165 1268 201 aliquot
1281 168 1382 194 noctes
1400 167 1545 205 Acustodes
1569 166 1732 200 collocavit,
1760 167 1785 195 si

57 208 108 236 ἐπί
137 220 198 236 τινα
226 209 327 246 χρόνον
354 209 465 246 συχνὸν,
493 209 608 247 ἑσπέρας
631 206 897 245 καταλαμϐανούσης

57 253 142 281 λίθοι
160 254 260 285 ἄνωθεν
283 253 487 290 ἐκπεμπόμενοι
511 254 556 281 καὶ
577 253 650 284 ἐντὸς
663 255 716 280 τῶν
733 253 815 280 αὐτοῦ
831 251 898 280 διαι-

58 298 199 334 τημάτων
219 299 263 325 σὺν
281 297 381 334 πολλῳ
407 298 492 336 ῥοίζῳ
517 298 663 329 πίπτοντες
691 297 823 332 ἐξαισίους
846 298 898 324 ἀπ-

60 343 179 370 ετὲλουν
202 343 332 374 κτύπους.
362 344 403 377 [Ρ.
433 344 496 379 642]
527 343 608 378 Δοξας
637 341 659 369 δ’
685 343 737 369 ἀπὸ
765 345 818 369 τῶν
847 346 896 376 τῆς

953 218 1040 245 quem
1066 218 1168 237 eorum
1197 219 1285 246 opera
1310 210 1529 246 deprehendere
1546 213 1644 246 posset
1658 212 1715 239 ista
1731 221 1782 239 au-

952 263 1018 282 sum
1034 255 1087 282 Sed
1106 255 1259 290 ignorabat
1276 255 1387 282 frustra
1402 264 1433 282 se
1450 255 1661 288 laborare,cum
1678 256 1706 283 id
1723 265 1781 284 non

953 299 988 326 ab
1011 299 1192 334 hominibus,
1220 300 1269 327 sed
1295 299 1466 328 sublimiore
1493 300 1592 336 aliqua
1619 301 1781 336 profectum

953 343 1037 370 fuerit
1056 346 1209 380 potestate.

61 387 228 425 ἎΙαγναῦρας
244 388 373 425 ὑπερῴων
403 387 516 418 τούτους
546 388 670 426 φέρεσθαι
701 386 822 426 φύλακας
850 386 894 413 ἐπὶ
918 385 1038 418 πολλαῖς
1068 387 1138 424 νυξὶν
1166 388 1312 426 ἀφώρισεν,
1338 390 1363 415 εἶ
1388 388 1441 415 πού
1457 398 1519 415 τινα
1534 386 1606 425 λαϐῇ
1622 391 1675 416 τῶν
1699 391 1780 418 τοῦτο

58 431 247 468 τολμώντων.
278 431 357 460 Ἀλλ’
389 430 470 460 ἔλαθε
500 442 586 468 ματην
616 434 730 459 πονῶν·

61 476 204 512 λούμενον
222 475 372 513 δυνάμεως.

99 522 293 553 Μεταστάντος
322 520 352 549 δὲ
375 523 423 549 τοῦ
451 522 655 549 Κωνστακτίνου
680 520 725 548 καὶ
753 521 821 557 πρὸς
844 521 893 554 τήν

60 565 167 598 ἐκεῖθεν
197 564 338 596 Sinam/ro:
367 567 540 600 κατάστασιν,

62 611 123 640 υἱὸς
153 610 287 648 ἰγκρατὴς
314 611 417 647 γίνεται
433 614 482 644 τῆς
494 611 594 648 ἀρχῆς.
611 611 662 639 Καὶ
679 609 814 648 ἄρχοντας
824 619 894 647 προ-

62 653 242 691 ϐαλλύμενος
271 654 412 686 εὐνοϊκοὺς
441 655 514 691 αὐτῷ
542 655 586 682 καὶ
612 654 816 692 θυμήρεις,καὶ
844 655 892 688 τήν

64 699 208 737 βασιλείαν
234 700 272 730 ὡς
299 699 361 734 ἐνῆν
388 700 596 737 κρατυνάμενος.
629 699 696 726 κατὰ
722 700 772 733 τὴν
799 699 895 736 ἑορτήν

61 747 112 771 τοῦ
130 745 227 782 Πάσχα
253 745 303 777 τῆς
328 743 412 778 αὐτῆς
434 748 457 782 γ’
483 743 650 774 ἶνδικτιῶνος
678 744 767 777 στέφει
789 743 895 770 καὶτὸν

62 789 123 816 υἱὸν
141 788 223 816 αὐτοῦ
241 787 365 826 βασιλέα,
383 788 427 816 διὰ
453 791 506 816 τῶν
533 791 634 826 χειρῶν
659 788 831 816 Πολυεύκτου
845 789 893 814 τοῦ

60 834 250 871 πατριάρχου,
266 833 292 861 ἐν
308 835 343 870 τῇ
369 833 483 871 Μεγάλῃ
510 832 671 868 Ἐκκλησία.
687 834 735 868 Τῷ
751 831 774 859 δ’
790 831 892 859 ἐπιόντι

60 876 114 905 ἔτει
143 878 261 905 τίκτεται
288 878 371 905 πάλιν
398 878 473 913 αὐτῷ
498 875 592 915 ἕτερος
620 878 677 907 υἱὸς
708 876 733 904 ἐν
757 879 816 907 τοῖς
840 878 894 903 τῶν

578 566 718 602 Ῥωμανὸς
756 566 769 592 ὁ
797 565 895 593 τούτου

62 925 163 960 Πηγῶν
192 922 348 956 παλατίοις,
378 923 407 949 ὃν
440 922 482 949 ἐπὶ
520 924 559 957 τῷ
589 922 670 958 πατρὶ
695 924 892 948 Κωνσταντῖνον

759 431 791 464 ἦν
820 431 869 468 γὰρ
896 432 928 459 τὸ
957 432 1102 469 γινόμενον
1131 432 1180 459 οὐκ
1209 433 1233 468 ἐξ
1262 433 1411 470 ἀνθρώπων
1441 432 1504 460 ἀλλ’
1527 432 1552 468 ἐξ
1568 433 1715 472 ὑπερτέρας
1737 445 1782 462 τε·

989 522 1146 558 Postquam
1177 531 1211 550 ex
1235 523 1289 550 hac
1312 523 1372 550 vita
1395 524 1531 558 migravit
1555 523 1777 559 Constantinus,

952 567 1029 594 (ilius
1039 568 1103 601 ejus
1114 567 1263 594 Romanus
1274 567 1431 602 imperium
1444 567 1612 603 capessit.ls
1624 569 1781 604 magistra-

950 612 1029 638 tibus
1044 611 1100 638 sibi
1117 611 1265 639 benevolis
1279 614 1365 647 atque
1381 612 1508 647 acceptis
1521 612 1700 649 constitutis,
1710 622 1779 641 con-

950 656 1065 684 firmato
1084 658 1115 684 ut
1128 665 1174 683 res
1190 656 1302 684 ferebat
1317 656 1451 692 imperio,
1468 657 1568 684 eadem
1588 657 1674 685 tertia
1700 657 1778 685 indi-

949 701 1055 734 ctione,
1079 701 1152 728 festo
1176 701 1326 728 Pascbatis
1349 701 1407 733 die,
1424 701 1483 728 filio
1499 710 1552 728 suo
1567 709 1704 730 coronam
1721 702 1777 730 im-

950 745 1124 781 peratoriam
1140 753 1227 781 opera
1242 745 1388 781 Polyeucti
1405 745 1577 781 patriarchae
1592 746 1719 782 imponit
1746 747 1775 774 in

949 792 1051 826 Magno
1066 789 1368 826 Templo.lnsequenti
1383 799 1460 818 anno
1477 798 1592 818 rursum
1607 790 1633 818 ei
1649 791 1728 819 ﬁlius
1745 791 1773 819 in

950 835 1080 862 Fontano
1095 835 1171 862 339
1188 834 1296 870 palatio
1312 835 1454 870 nascitur,
1469 843 1557 871 quem
1573 844 1589 863 a
1604 838 1685 871 patre
1700 837 1775 864 Con-

948 881 1113 906 stantinum
1131 879 1302 906 nominavit.
1320 881 1460 907 Ceterum
1476 880 1636 915 imperator
1657 880 1776 915 juvenis

947 923 1147 959 voluptatibus
1177 923 1303 956 deditus,
1327 932 1427 951 curam
1455 924 1621 960 reipublicae
1645 924 1773 960 Josepho

61 958 201 1004 ιῗινύμασε.
221 968 286 998 Νέος
299 966 321 994 δ’
346 966 382 994 ὢν
403 966 449 994 καὶ
475 966 629 998 εὐπαθείαις
653 966 744 993 ἑαυτὸν
762 964 891 993 ἰπιδεδω-

986 969 1086 996 imario
1101 977 1155 996 suo
1170 968 1350 996 cubiculario
1365 971 1558 1004 cognomento
1568 969 1681 1005 Bringie
1697 978 1775 997 com-

62 1013 118 1043 κὼς
136 1012 184 1042 τὰς
199 1014 252 1039 τῶν
278 1011 350 1039 ὅλων
380 1010 526 1050 φροντίδας
557 1011 658 1049 Ἰωσὴφ
688 1010 833 1048 ἐνεχείρισε
849 1012 888 1046 τῷ

60 1057 234 1095 πραιποσίτῳ
258 1057 302 1085 καὶ
329 1056 580 1095 παρακοιμωμὲνῳ,
597 1057 620 1092 ᾦ
646 1055 755 1093 βρίγγας
782 1056 798 1089 ἡ
820 1055 888 1082 ἐπω-

59 1102 156 1138 νυμία.
175 1101 260 1132 Αὐτός
273 1100 301 1129 δὲ
317 1100 394 1128 οὐδὲν
419 1100 490 1128 ἄλλο
515 1100 558 1128 διὰ
582 1099 724 1139 φροντίδος
741 1098 840 1137 εἶχενῆ
858 1099 888 1126 τὸ

63 1148 122 1183 μεθ’
142 1146 331 1184 ὴταιρηκότων
355 1145 399 1173 καὶ
429 1144 553 1183 βεδήλων
580 1144 745 1182 ἀνδραρίων,
770 1144 814 1171 καὶ
837 1154 888 1180 μα-

60 1191 92 1229 γ.)
103 1190 188 1226 άὸων,
203 1191 248 1218 καὶ
266 1190 369 1227 μίμων,
386 1190 432 1217 καὶ
448 1189 644 1227 γελωτοποιῶν
667 1189 713 1220 τὰς
729 1187 888 1226 ἐκδεδιῃτη-

62 1236 144 1272 μένας
177 1234 352 1272 μιταδιώκειν
381 1237 435 1262 τῶν
470 1234 603 1271 πράξεων.
628 1234 724 1262 Τοίνυν
758 1234 803 1260 καὶ
823 1233 892 1268 κλη-

62 1279 137 1319 ρῑκὸν
153 1290 213 1307 τινα
241 1280 364 1314 Ἰωάννην
392 1279 522 1315 ίκτομίαν
553 1276 628 1312 ὅντα,
659 1277 704 1305 διά
728 1288 804 1308 τινας
832 1277 889 1304 ἀσξ-

66 1336 149 1362 μνους
166 1325 275 1362 πράξεις
297 1325 347 1351 ὑπὸ
372 1324 574 1351 Κωνσταντίνου
596 1325 645 1350 τοῦ
664 1323 797 1359 βασιλέως
813 1322 888 1349 ἀπει-

65 1370 194 1405 ληθέντα,
209 1370 253 1396 καὶ
271 1370 419 1406 μοναχικὸν
436 1367 640 1407 ἀμφιασάμενον
654 1368 760 1404 σχῆμα.
778 1366 821 1394 καὶ
844 1370 889 1402 μὲ-

67 1425 114 1453 χρι
131 1418 180 1449 τῆς
211 1413 311 1441 ἐκείνου
340 1413 527 1450 κρυπτόμενον
556 1411 696 1447 τελευτῆς,
713 1412 750 1442 ὡς
770 1409 824 1446 ἤδη
842 1411 890 1438 ἒπ-

69 1457 181 1487 ελάϐιτο
195 1461 246 1493 τῆς
262 1458 362 1496 ἀρχῆς,
375 1459 424 1485 τοῦ
437 1459 491 1484 τῶν
510 1459 638 1494 μοναχῶν
662 1455 798 1486 ἀποδύσας
817 1457 891 1493 σχή-

70 1515 153 1541 ματος
167 1503 213 1530 καὶ
228 1503 261 1530 τὰ
288 1505 342 1530 τῶν
372 1501 514 1539 κληρικῶν
542 1502 728 1540 μιταμφιάσας
747 1503 807 1531 τοῖς
833 1501 891 1527 ἔαυ-

67 1551 115 1577 τοῦ
145 1547 357 1584 θαλαμηπόλοις
382 1547 516 1581 κατέταξε.
547 1545 640 1581 Ζήλου
671 1544 699 1572 δὲ
727 1544 890 1580 πλησθεῖςὸ

69 1592 239 1623 Πολύευκτος
264 1591 351 1623 πολὺς
379 1592 412 1625 ἦν
450 1590 604 1628 ἐγκείμενος
641 1590 686 1617 καὶ
714 1592 754 1626 τῷ
784 1589 892 1627 βασιλεῖ

944 1013 1112 1048 misit:ipse
1128 1013 1156 1040 in
1175 1012 1262 1040 aliam
1279 1013 1390 1040 nullam
1408 1021 1468 1041 rem
1485 1013 1620 1041 incubuit
1635 1022 1722 1050 quam
1740 1017 1772 1042 ut

943 1065 1010 1085 cum
1026 1057 1147 1085 exoletis
1159 1065 1192 1085 ac
1216 1057 1341 1093 impuris
1366 1057 1627 1091 homuncionibus,
1652 1059 1769 1093 scortis,

943 1102 1043 1128 mimis
1055 1104 1142 1137 atque
1152 1102 1365 1137 scurris,vitam
1379 1103 1555 1138 transigeret
1564 1102 1771 1131 infamem.Ea-

943 1149 1062 1182 propter
1081 1146 1222 1174 Joannem
1248 1147 1407 1182 quemdam
1433 1147 1570 1175 clericum
1596 1148 1769 1184 spadonem,

944 1199 1031 1227 quem
1062 1191 1097 1218 ob
1123 1191 1220 1227 turpia
1244 1192 1379 1227 quaedam
1404 1192 1534 1220 facinora
1558 1193 1772 1220 Constantinus

944 1236 1104 1271 imperator
1120 1236 1305 1271 proturbaret
1333 1239 1361 1264 et
1390 1236 1568 1264 monachum
1599 1237 1715 1269 fecerat,
1745 1240 1773 1265 et

944 1280 993 1316 qui
1011 1288 1104 1315 usque
1120 1281 1155 1307 ad
1170 1280 1233 1316 ejus
1248 1283 1372 1308 mortem
1390 1281 1508 1308 abditus
1524 1281 1661 1316 latuerat,
1677 1282 1771 1318 impe-

944 1325 987 1352 rio
1004 1325 1114 1360 potitus
1138 1324 1271 1362 monachi
1298 1325 1402 1352 habitu
1426 1326 1515 1360 exuit,
1541 1325 1695 1362 clericique
1709 1325 1774 1353 red-

945 1368 1006 1395 dito
1023 1368 1131 1395 amictu
1146 1368 1223 1395 inter
1238 1360 1308 1395 suos
1323 1368 1433 1404 recepit
1447 1360 1656 1396 cubicularios:
1673 1371 1710 1396 At
1724 1369 1774 1396 Po-

945 1411 1089 1448 lyeuctus,
1102 1412 1186 1447 justa
1200 1412 1403 1447 indignatione
1418 1413 1562 1447 concitus,
1587 1413 1775 1440 vehementer

944 1456 1150 1492 imperatorem
1169 1457 1337 1491 urgebat,ut
1352 1465 1405 1484 sua
1420 1457 1532 1485 familia
1546 1457 1664 1492 ejiceret
1678 1457 1774 1485 homi-

946 1509 1011 1528 nem
1029 1501 1076 1535 qui
1091 1503 1189 1527 votum
1207 1501 1403 1528 monasticum
1420 1503 1573 1536 ejurasset.
1589 1502 1698 1530 Tamen
1715 1502 1774 1529 im-

946 1548 1077 1581 peratore
1111 1548 1278 1577 excusante.
1304 1546 1381 1581 quod
1417 1550 1535 1582 negaret
1568 1555 1635 1574 eum
1672 1554 1774 1574 revera

946 1589 1082 1618 monachi
1097 1590 1278 1617 conditiones
1295 1590 1461 1626 amplexum
1479 1593 1528 1618 aut
1543 1590 1585 1618 illi
1601 1591 1698 1626 generi
1710 1590 1775 1618 vitae

67 1636 247 1675 παρενοχλῶν
275 1639 325 1671 τῆς
360 1636 455 1663 ἑαυτοῦ
483 1635 623 1672 θεραπείας
651 1637 746 1662 τοῦτον
776 1635 888 1661 ἀπώσα-

1008 1634 1067 1661 ullo
1093 1634 1242 1661 sacerdote
1265 1635 1340 1662 votis
1364 1638 1568 1662 consecratum
1594 1635 1696 1670 fuisse,
1723 1635 1774 1662 sed

66 1689 126 1714 σίδαι
155 1682 191 1713 ὡς
220 1680 416 1717 ἐξομοσάμενον
454 1680 486 1707 τὸ
515 1682 569 1706 τῶν
610 1679 780 1715 μοναζόντων
807 1678 889 1715 ἐπάγ-

64 1727 163 1765 γελμα.
193 1725 311 1754 Ἐκείνου
328 1723 357 1752 δὶ
378 1724 608 1762 παραιτουμένου,
632 1724 677 1750 καὶ
695 1724 732 1759 μή
749 1725 807 1753 ταῖς
823 1723 891 1757 ἀλη-

65 1773 150 1803 θείαις
165 1771 314 1809 φάσκοντος
343 1768 498 1800 ἐνδεδύσθαι
523 1770 618 1795 τοῦτον
645 1768 676 1794 τὸ
703 1766 832 1805 σχῆμαῆ
848 1767 890 1794 εὐ-

66 1817 121 1854 χὴν
136 1815 208 1853 παρά
228 1825 302 1846 τινος
330 1816 383 1841 τῶν
413 1813 506 1850 ἱερέων
538 1810 630 1840 λαϐεῖν
653 1813 704 1848 (3),
719 1811 791 1839 ἀλλὰ
808 1812 890 1848 μόνον

68 1860 261 1898 ὑποκρίνασθαι
275 1859 320 1886 τὸν
349 1856 453 1894 μονάδα
484 1857 541 1894 βίον
570 1855 614 1884 διὰ
628 1857 674 1884 τὸν
694 1858 742 1883 τοῦ
759 1856 892 1893 βασιλέως

70 1903 165 1943 φόϐον,
204 1902 381 1939 ἐξαπατηθεὶς
424 1901 438 1928 ὁ
481 1900 651 1931 Πολύευκτος
687 1901 774 1938 ἀφῆκε
797 1902 892 1927 τοῦτον

946 1681 1062 1706 tantum
1078 1678 1136 1706 ista
1151 1680 1231 1705 metu
1245 1678 1433 1714 imperatoris
1447 1679 1616 1712 simulasse,
1633 1679 1776 1715 deceptus

946 1731 1012 1751 eum
1031 1723 1153 1750 missum
1180 1722 1258 1756 fecit,
1283 1723 1409 1758 .losepho
1434 1724 1521 1751 etiam
1549 1723 1720 1760 diligentem
1746 1723 1776 1750 in

946 1767 1001 1795 hac
1016 1776 1046 1795 re
1063 1769 1186 1795 navante
1201 1776 1331 1802 operam.
1350 1768 1391 1795 lta
1405 1768 1533 1796 Joannes
1549 1768 1598 1796 ille
1621 1776 1714 1804 usque
1740 1769 1774 1796 ad

948 1815 1072 1839 mortem
1098 1812 1221 1839 Romani
1244 1812 1394 1847 profanam
1421 1821 1494 1840 novo
1520 1812 1657 1840 instituto
1684 1813 1776 1840 vitam

949 1857 1041 1892 exegit
1059 1864 1066 1882 :
1083 1859 1199 1883 mortuo
1216 1863 1259 1889 eo,
1277 1865 1380 1883 rursus
1395 1857 1558 1884 monastico
1583 1856 1698 1884 velatus
1725 1856 1776 1884 ha-

949 1901 1024 1934 bitu,
1037 1901 1169 1928 animum
1185 1903 1282 1928 tamen
1299 1908 1356 1928 non
1374 1901 1505 1928 mutavit.

69 1948 162 1977 πολλὰ
176 1948 221 1975 καὶ
246 1950 294 1975 τοῦ
320 1946 422 1984 Ἰωσὴφ
443 1943 655 1976 σπουδάσαννος.
682 1945 733 1973 Καὶ
759 1943 838 1982 διῆγε
868 1954 951 1982 μεχρι
979 1947 1030 1979 τῆς
1058 1944 1187 1979 τελευτῆς
1211 1945 1351 1980 Ῥωμανοῧ
1374 1946 1515 1980 κοσμικῶς
1547 1946 1599 1979 ζῶν
1629 1945 1673 1971 καὶ
1706 1954 1776 1971 νεω-

69 1995 204 2031 τερικῶς·
222 1991 324 2020 ἐκείνου
352 1990 381 2018 δὶ
408 1989 621 2026 τελευτήσαντος
650 1990 680 2016 τὸ
711 1990 758 2026 μὶν
788 1993 885 2027 σχῆμα
917 1991 971 2017 τῶν
1011 1990 1151 2026 μοναστῶν
1191 1987 1367 2026 ἀμφιέννυται
1395 1988 1481 2024 αὖθις,
1509 1990 1559 2024 τὴν
1590 1987 1619 2016 δὲ
1647 1999 1677 2027 γε
1704 1989 1776 2026 γνώ-

73 2049 125 2075 μην
139 2037 221 2065 αὐτοϋ
237 2036 287 2064 οὐκ
300 2035 451 2070 ἧλλοίωσε.

103 2082 251 2118 Τούτῳτῷ
271 2079 323 2108 ἔτει
349 2079 506 2118 Νικηφόρον
539 2079 682 2116 μάγιστρον
709 2078 754 2105 τὸν
783 2080 891 2111 Φωκᾶν,

70 2127 226 2164 Sapio-1mm:
264 2123 318 2160 ἤδη
347 2121 575 2160 προϐεϐλημένον
619 2125 672 2150 τῶν
707 2122 818 2160 σχολῶν
843 2126 893 2157 τῆς

71 2171 219 2205 ’Λνατολῆς
249 2169 322 2206 παρὰ
350 2168 558 2196 Κωνο-ταντίνου
597 2169 644 2194 τοῦ
675 2167 820 2204 βασιλέως,
849 2167 893 2194 καὶ

70 2215 162 2244 πολλὰ
189 2213 307 2252 τρόπαια
335 2213 469 2248 στήσαντα
500 2212 567 2240 κατὰ
596 2214 650 2238 τῶν
671 2212 746 2247 ἑῴων
768 2215 892 2249 Σαρακη-

70 2264 132 2294 νῶν,
149 2259 253 2288 καὶτὸν
283 2268 312 2285 τε
339 2259 388 2292 τῆς
417 2258 523 2294 Ταρσοῦ
551 2256 659 2293 ἁμηρᾶν
673 2256 835 2292 Καραμόνην
849 2256 894 2283 καὶ

984 2079 1062 2106 840
1078 2079 1136 2106 Hoc
1151 2087 1228 2105 anno
1244 2078 1438 2113 Nicephorum
1456 2079 1583 2107 Phocam
1600 2079 1777 2115 magistrum

948 2126 977 2151 et
993 2123 1161 2151 scholarum
1177 2123 1368 2150 Orientalium
1385 2124 1580 2152 domesticum
1597 2133 1614 2152 a
1633 2125 1777 2152 Constan-

949 2168 1010 2195 tino
1027 2168 1203 2203 imperatore
1219 2170 1359 2200 creatum,
1376 2168 1426 2204 qui
1449 2169 1484 2196 de
1512 2168 1704 2197 orientalibus
1728 2171 1781 2195 Sa-

950 2212 1063 2240 racenis
1076 2212 1168 2240 multa
1180 2215 1324 2240 statuerat
1333 2213 1780 2252 tropaea,etTarsiCaramonem’

950 2257 1141 2284 Chabdanem
1181 2256 1309 2292 Chalepi,
1342 2257 1472 2285 Izethum
1501 2258 1628 2294 Tripolis
1666 2265 1782 2285 ameras

74 2303 181 2334 Χαὸδᾶν
200 2304 244 2332 τὸν
260 2305 308 2331 τοῦ
323 2301 417 2331 Χάλεπ
437 2302 482 2329 καὶ
499 2302 544 2330 τὸν
566 2300 724 2339 Τριπολεῶς
748 2302 820 2336 Ὶζῆθ
837 2301 896 2329 ὀλο-

986 2309 1075 2329 orsus
1114 2303 1345 2337 oompescuerat,
1375 2302 1536 2337 imperator
1573 2310 1639 2330 cum
1669 2301 1781 2329 delecto

74 2351 179 2388 σχὲρῶς
218 2347 430 2380 ταπεινώσαντα,
473 2346 575 2384 πέμπει
619 2346 687 2374 κατὰ
727 2349 781 2374 τῶν
813 2345 838 2373 ἐν
863 2347 897 2382 τῇ

75 2396 165 2434 Κρήτῃ
198 2394 374 2430 Σαρακηνῶν,
402 2390 510 2425 πλῆθος
548 2391 697 2419 ἑπικλέτων
725 2393 896 2429 στρατιωτῶν

75 2438 181 2470 ἐπιδοὺς
207 2437 281 2473 αὒτῷ
309 2437 353 2464 καὶ
396 2436 494 2464 στόλον
542 2436 758 2474 κατηρτισμένον
793 2434 896 2466 καλῶς.

75 2486 116 2522 [Ρ.
133 2484 194 2518 643]
212 2483 256 2511 Ἐν
271 2481 305 2518 τῇ
326 2482 402 2517 νήσῳ
418 2479 440 2508 δ’
467 2481 546 2512 οὗτος
576 2480 747 2518 περαιωθεὶς,
772 2480 816 2507 καὶ
832 2480 900 2507 κατᾶ

74 2529 123 2563 τήν
152 2528 263 2563 πρώτην
292 2523 426 2553 ἆποϐασιν
453 2527 569 2562 παροῦσι
598 2525 643 2552 καὶ
669 2523 808 2552 κωλύουσι
831 2534 899 2560 συμ-

76 2573 185 2603 πλακεὶς
213 2573 272 2601 τοῖς
300 2570 467 2608 Ἀγαρηνοῖς
503 2569 549 2596 καὶ
578 2569 692 2601 τούτους
719 2569 898 2606 τρεψάμενος,

953 2346 1080 2373 militum
1098 2346 1226 2374 exercitu
1242 2348 1270 2372 et
1286 2346 1375 2381 probe
1398 2346 1540 2373 adornata
1564 2347 1658 2373 classe
1682 2349 1783 2374 contra

952 2391 1107 2418 Cretenses
1123 2392 1282 2417 Saracenos
1298 2390 1545 2423 emittit.Phocas,
1558 2390 1653 2418 classe
1669 2390 1697 2417 in
1713 2392 1780 2419 Cre-

953 2437 1013 2462 tam
1029 2435 1162 2470 trajecta,
1179 2443 1243 2462 cum
1258 2435 1386 2470 primum
1403 2435 1526 2462 navibus
1540 2443 1609 2463 suos
1635 2435 1770 2462 educeret

952 2481 1104 2512 Agarenos
1119 2479 1272 2515 prohibere
1286 2487 1439 2514 aggressos
1451 2480 1552 2515 prcslio
1564 2479 1704 2513 fundit;et
1713 2487 1780 2507 cum

954 2524 1019 2560 ipse
1034 2526 1096 2552 tuto
1112 2523 1241 2551 insulam
1258 2524 1480 2558 egreditur,tum
1496 2532 1566 2552 suos
1581 2524 1692 2557 absque
1708 2523 1782 2559 peri-

956 2568 1023 2597 culo
1040 2569 1070 2597 in
1085 2577 1149 2597 eam
1165 2570 1307 2604 exportat.
1323 2568 1394 2596 Inde
1419 2569 1523 2597 castris
1545 2569 1662 2605 positis,
1688 2568 1784 2604 iisque

668 2655 856 2683 XYLANDRI
876 2655 921 2683 ET
941 2655 1052 2683 GOARI
1072 2655 1189 2683 NOTAE.

114 2734 151 2771 (3)
160 2733 248 2771 Manu
261 2728 519 2771 sacerdotisionga
530 2736 649 2762 precum
664 2727 904 2771 s‘e'rie‘praemj'ssa

81 2763 290 2800 consecrantur
318 2765 394 2802 apud
424 2764 539 2792 Graecos
565 2763 711 2798 monachi,
737 2764 772 2791 de
797 2763 904 2798 quibus

237 2831 368 2862 Panos.
392 2830 448 2860 Gn.
473 2829 593 2861 CXXII.

958 2726 1286 2763 Euchologium.Preces
1302 2725 1359 2754 illae
1374 2727 1533 2756 solemnem
1543 2729 1670 2756 reddunt
1681 2735 1784 2755 mona-

959 2763 1080 2791 chorum
1099 2762 1320 2799 prolessionem.
1337 2763 1498 2792 Balsamon.
1517 2767 1607 2793 Gom.

1603 2827 1622 2856 3
