1936 3048
140 82 181 113 ’15
812 80 949 112 GEORGl

1044 79 1163 112 DRENI
1807 83 1848 113 76

139 147 198 176 alta
211 147 301 183 fossa,
316 146 391 180 vallo
407 154 441 174 ac
455 146 529 183 palis
546 146 648 175 deﬁxis
663 147 949 181 communitis,nave:

1042 146 1099 178 51:6:
1112 157 1141 174 τε
1156 146 1284 185 ἀσφαλῶς
1311 145 1410 184 ἀπέϐη,
1426 148 1471 175 καὶ
1499 147 1546 175 τὸν
1571 148 1685 187 στρατὸν
1703 145 1846 176 ἀπεϐίϐα-

136 192 298 220 tutissimis
309 192 340 220 in
355 191 535 220 stationibus
549 192 712 224 continens,
723 192 860 220 omnibus
873 191 949 228 probi

1042 201 1066 219 >v
1093 190 1252 223 ἀκινδύνως.
1280 192 1393 230 Χάρακά
1423 202 1452 219 τε
1488 191 1534 219 οὖν
1564 192 1680 228 ἒπήξατο
1708 193 1850 231 καρτερὸν,

137 236 317 272 constitutis,
348 236 450 264 insula:
479 236 567 264 urbes
595 236 675 264 omni
701 236 729 263 vi
754 239 914 272 oppugnat,
931 245 947 264 a

1042 235 1112 274 ἱφρῳ
1146 236 1249 271 Βαθείᾳ,
1277 236 1321 263 καὶ
1351 236 1538 273 σταυρώμασι,
1565 236 1610 264 καῖ
1636 237 1787 268 πασσαλοις
1804 238 1844 275 (4)

137 284 249 318 septem
267 281 397 316 integros
413 289 464 317 per
479 289 592 308 menses
608 281 745 309 omnibus
758 281 902 308 machinis
927 289 949 308 ai

1042 282 1112 308 ιῦτον
1128 281 1334 317 κατοχυρώσας,
1359 281 1404 308 καὶ
1432 281 1477 308 τὸν
1502 280 1599 308 στόλον
1625 281 1651 309 ἐν
1680 282 1780 319 δρμοις
1794 292 1847 320 γα-

135 334 200 354 eam
217 333 278 354 rem
295 325 472 353 facientibus
487 334 560 353 usus
576 334 677 353 muros
693 325 949 361 prosternit,urbes

1042 325 1180 360 ηνοτάτοις
1196 325 1322 363 ὁρμίσας,
1349 325 1393 352 καὶ
1414 326 1500 353 πάντα
1520 326 1757 363 καταστησάμενος
1774 327 1843 354 κατᾶ

134 378 190 406 que
205 372 234 398 et
248 370 367 398 castella
381 370 408 397 vi
425 370 512 406 capit.
526 370 657 406 Septima
672 370 718 397 die
733 370 828 398 Martii
843 370 949 398 mensis

1042 369 1193 408 ὂᾶσςραλὲς,
1211 369 1324 407 ἐνεργῶς
1351 373 1453 404 ἥπτετο
1481 373 1531 404 τῆς
1558 370 1721 407 πολιορκίας
1743 373 1797 399 τῶν
1814 371 1840 399 ἐν

133 414 293 443 indictione
303 415 416 442 decima
427 415 725 450 quarta,Cbandacem
735 415 772 442 ab
782 414 945 442 insularibu

1042 416 1051 451 ᾗ
1067 415 1142 450 νήσῳ
1157 413 1277 448 πόλεων,
1302 414 1347 442 καὶ
1375 413 1409 442 δι’
1433 414 1506 442 ὅλων
1535 416 1555 450 ζ’
1570 417 1664 451 μηνῶν
1677 415 1776 448 πάσαις
1791 427 1844 452 μη-

133 459 410 493 vocatam,omnium
426 461 516 487 Crete
532 458 648 486 urbium
666 458 961 492 munitissimam,ex-

133 505 262 540 pugnat;
286 504 432 539 Curupem
456 503 560 530 insulas
587 511 729 537 emeram,
754 505 782 530 et
809 505 960 538 Anemam,

133 550 218 584 cujus
234 548 397 575 secundum
420 548 566 583 Curupam
593 555 710 575 summa
734 550 795 575 erat
821 549 960 583 potestas,

130 593 211 620 vivos
238 592 269 619 in
297 600 380 620 suam
408 593 583 628 potestatem
613 591 736 627 redigit;
766 593 886 627 totaque
897 592 960 627 jam

131 637 253 665 subacta
267 636 445 672 insula,ejus
461 636 672 664 constituenda}
688 644 777 664 causa
793 635 888 664 adhuc
906 636 960 663 ali-

131 681 201 717 quid
219 681 358 717 temporis
374 682 448 709 8M
468 681 509 708 ibi
529 681 642 716 exigere
667 680 782 708 statuit.
804 680 959 708 Enimvero

130 726 299 754 obtinuerat
313 725 392 754 fama
407 733 473 753 eum
489 725 653 753 Romanum
667 725 761 752 virum
779 725 829 760 qui
845 725 957 753 Cretam

130 772 209 798 esset
223 772 372 805 capturus,
386 769 552 798 necessario
567 770 654 797 etiam
678 769 802 805 imperio
826 772 958 797 Romano

130 815 303 851 potiturum.
335 815 437 850 Itaque
461 814 548 842 simul
575 816 663 850 atque
686 814 888 841 renuntiatum
915 817 957 841 est

130 859 245 888 Cretam
269 867 334 888 esse
363 861 490 895 captam,
517 859 667 887 Romanus
690 858 810 894 Josepbi
835 859 953 886 hortatu

132 904 224 932 mittit
250 904 300 940 qui
329 904 398 932 inde
426 903 622 939 Nicephorum
651 905 780 931 avocent.
806 903 909 931 Adhuc
923 903 954 931 in

131 951 215 977 Creta
229 957 262 976 eo
278 953 392 984 agente,
416 956 452 976 ne
476 949 586 976 Arabes
610 948 765 976 orientales
790 948 953 975 Romanam

130 993 271 1021 ditionem
287 993 655 1029 infestarent,Cbabdanus
671 993 816 1028 praecipue
836 992 954 1029 Cbalepi

130 1046 255 1069 amaras.
268 1037 312 1065 vir
327 1037 484 1066 bellicosus
499 1041 526 1065 et
540 1037 662 1073 reliquis
678 1038 836 1072 strenuior,
847 1039 954 1065 Roma-

128 1090 185 1110 nus
200 1082 324 1110 Leonem
340 1082 467 1110 Pbocam
483 1082 639 1118 Nicephori
653 1083 771 1110 fratrem
792 1082 954 1118 magisterii

127 1127 237 1155 honore
253 1128 390 1155 ornatum
401 1135 433 1155 eo
445 1127 534 1155 mittit
545 1135 578 1154 ac
589 1126 741 1154 domestici
755 1135 864 1154 munus
876 1127 955 1154 obire

124 1172 221 1208 jubet.
235 1172 272 1207 Is,
287 1173 320 1199 ut
334 1171 365 1199 in
381 1171 561 1207 provinciam
576 1171 665 1205 venit,
682 1171 839 1199 Cbabdano
856 1180 955 1199 occur-

128 1216 167 1243 rit
179 1216 215 1244 ad
231 1215 327 1243 locum
343 1216 389 1244 cui
406 1216 535 1244 Adrasso
560 1224 677 1250 nomen,
704 1215 864 1252 proelioque
886 1224 954 1243 con-

128 1269 249 1297 gressus
264 1260 355 1289 vincit
370 1269 403 1289 ac
418 1260 525 1288 fundit.
541 1261 580 1288 Eo
596 1261 625 1288 in
642 1260 742 1296 prmlio
757 1261 954 1296 Agarenorum

127 1305 354 1333 innumerabilis
369 1305 475 1333 cecidit
490 1305 775 1341 multitudo;reliqui
789 1305 866 1341 capti
882 1305 954 1341 Cpo-

129 1349 169 1377 lin
183 1352 254 1378 sunt
270 1349 364 1384 missi,
386 1352 468 1377 tanta
483 1349 567 1386 copia
587 1352 620 1377 ut
644 1350 736 1377 servis
748 1350 854 1377 domus
869 1351 956 1378 urba-

1017 462 1113 496 χαναῖς
1134 458 1358 496 πολιορκητικῶν
1383 459 1505 497 ὀργάνων
1536 460 1725 497 χρησάμενος,
1740 462 1784 489 καί
1810 461 1846 488 τὰ

1016 504 1097 541 τείχη
1117 503 1306 542 καταστρέφων
1334 505 1382 535 τάς
1409 515 1439 531 τε
1464 503 1560 535 πόλεις
1593 504 1639 532 καὶ
1667 505 1700 532 τὰ
1729 505 1845 544 φρούρια

1016 547 1194 585 ἐχειρώσατο.
1224 549 1265 585 Τῇ
1297 549 1317 582 ζ’
1344 547 1373 576 δὶ
1401 551 1449 576 τοῦ
1472 548 1595 587 Μαρτίου
1621 550 1719 586 μηνὸς,
1741 553 1791 585 τῆς
1808 549 1842 578 ιδ’

1016 591 1195 626 ἱνδικτιῶνος,
1212 592 1257 619 καὶ
1285 593 1335 627 τήν
1365 595 1457 620 πασῶν
1489 593 1665 631 ἆχυρωτὲραν
1692 593 1785 629 πόλιν,
1805 594 1839 629 ἤν

1017 636 1162 674 ἐγχωρίως
1189 635 1315 664 Χάνδακα
1346 636 1472 671 ἐκάλουν,
1501 638 1695 675 πεπορθηκὼς,
1722 639 1766 666 καὶ
1794 640 1841 667 τὸν

1015 681 1188 719 ἀμηρεύοντα
1225 685 1275 716 τῆς
1304 683 1387 717 νήσου
1424 682 1585 720 Κουροῦπην
1625 682 1712 717 ὄνομα
1749 681 1842 712 λαϐὼν

1013 726 1195 763 αἱχμάλωτον
1211 725 1256 753 καὶ
1284 726 1400 763 Ἀνεμᾶν
1425 727 1471 754 τὸν
1499 727 1557 763 μετ’
1578 727 1657 754 αὐτὸν
1674 727 1700 755 ἐν
1715 729 1749 765 τῇ
1766 729 1842 765 νήσῳ

1011 770 1196 807 πρωτεύοντα,
1226 770 1271 797 καὶ
1312 772 1360 805 τὴν
1397 775 1477 806 νῆσον
1517 771 1585 807 ὅλην
1617 771 1840 809 δουλωσάμενος,

1011 812 1112 851 ἔμελλε
1142 814 1190 851 μὶν
1216 814 1258 842 ἐπῖ
1284 814 1397 843 πλείονα
1413 815 1539 852 ἆμμεῖναι
1553 816 1653 854 χρόνον
1670 817 1715 844 καὶ
1731 817 1764 844 τὰ
1776 828 1827 845 κατ

1011 858 1094 893 αὐτὴν
1123 860 1348 895 καταστήσεσθαι.
1378 861 1482 896 Φήμης
1515 859 1543 888 δὲ
1569 861 1721 898 κρατούσης
1752 862 1789 893 ὡς
1818 862 1832 889 ὁ

1012 903 1124 940 μὲλλωο
1138 907 1284 942 κατασχεῖν
1310 904 1393 939 αὐτὴν
1417 905 1558 942 Ῥωμαῖος
1585 905 1653 943 ἀνὴρ
1672 905 1698 941 ἒξ
1713 905 1834 944 ἀνάγκης

1012 948 1165 987 βασιλεύσει
1195 949 1350 985 Ῥωμαίων,
1374 949 1429 986 ἅμα
1466 952 1506 986 τῷ
1536 951 1691 987 γνωσθῆναι
1712 951 1760 984 τήν
1785 954 1836 985 τῆς

1009 994 1096 1028 νήσου
1123 993 1286 1030 κατάσχεσιν
1315 996 1375 1024 ταῖς
1402 995 1450 1020 τοῦ
1479 994 1579 1032 Ἰωσὴφ
1611 995 1762 1029 ὑποθήκαις
1777 1005 1836 1022 πει-

1011 1037 1082 1070 σθεὶς
1111 1037 1124 1065 ό
1164 1037 1306 1074 Ῥωμανὸς
1337 1037 1556 1075 προσεκαλέσατο
1592 1039 1638 1066 τὸν
1678 1039 1833 1078 Νικηφόρον

1010 1082 1124 1114 ἐκεῖθννί
1154 1083 1214 1110 Ἔτι
1246 1080 1274 1110 δὲ
1299 1084 1348 1109 τοῦ
1372 1082 1529 1121 Νικηφόρου
1561 1085 1595 1120 τῇ
1624 1084 1719 1121 Κρήτῃ
1750 1083 1835 1111 ἐνδια-

1009 1124 1162 1163 τρίϐοντος,
1177 1126 1222 1154 ’ἱνα
1240 1127 1278 1163 μή
1294 1127 1343 1161 τὴν
1360 1127 1427 1164 ἑῴαν
1439 1128 1634 1165 κατατρέχοιεν
1651 1129 1677 1156 οἱ
1691 1132 1740 1163 τῆς
1755 1129 1834 1156 Ἀνα-

1008 1170 1097 1204 τολῆς
1117 1169 1236 1208 Ἄραϐες
1250 1171 1294 1198 καὶ
1326 1171 1431 1208 μᾶλλον
1462 1173 1476 1199 ὁ
1505 1170 1612 1200 Χαϐδᾶν
1642 1173 1719 1200 ὁτοῢ
1740 1173 1835 1201 Χάλεπ

1011 1216 1131 1253 ἆμηρᾶς,
1147 1215 1299 1252 πολεμικὸς
1314 1214 1350 1243 ὣν
1373 1216 1417 1244 καὶ
1445 1219 1497 1244 τῶν
1524 1216 1616 1244 ἄλλων
1634 1215 1833 1254 ὃραστηριώτε-

1010 1270 1067 1297 ρος,
1085 1261 1186 1288 Λέοντα
1200 1260 1248 1288 τὸν
1269 1263 1366 1288 Φωκᾶν
1385 1261 1430 1288 τὸν
1456 1263 1504 1289 τοῦ
1531 1261 1689 1300 Νικηφόρου
1715 1260 1832 1301 ἀδελφὸν

1012 1305 1159 1343 μάγιστρον
1175 1306 1294 1340 τιμήσας
1319 1306 1333 1332 ὁ
1355 1305 1496 1342 Ῥωμανὸς
1523 1307 1573 1341 τήν
1601 1308 1648 1334 τοῦ
1671 1305 1832 1343 δομεστίκου

1010 1347 1148 1377 διακονίαν
1175 1348 1275 1377 διέπειν
1306 1349 1471 1379 ἀπεστειλεν.
1499 1351 1586 1382 Οὗτος
1616 1349 1645 1378 δὶ
1669 1349 1831 1387 διαπεράσας

128 1403 172 1422 ne
186 1396 215 1422 et
231 1394 290 1430 agri
307 1394 415 1422 fuerint
429 1394 542 1430 repleti.
554 1394 755 1422 Cbalcedanus
771 1403 837 1422 cum
855 1395 949 1430 paucis

1047 1394 1054 1420 ἶ
1069 1396 1107 1430 τῷ
1122 1391 1229 1422 Χαϐδᾶν
1251 1396 1414 1430 συναντήσας
1430 1393 1456 1422 ἕν
1483 1405 1536 1422 τινι
1563 1395 1660 1432 χωρίῳ
1676 1394 1832 1432 Ἀνδρασσῷ

129 1438 288 1467 admodum
303 1447 426 1466 suorum
444 1439 511 1474 fuga
527 1438 645 1475 elapsus
666 1439 788 1467 domum
812 1440 949 1475 pervenit

1042 1438 1152 1476 γομὲνῳ
1176 1438 1300 1475 τρξπεται
1325 1439 1421 1466 τοῦτον
1450 1440 1518 1467 κατᾶ
1545 1440 1642 1477 κρὰτος
1666 1439 1711 1467 καί
1740 1440 1833 1479 ἀφανι-

126 1484 253 1511 Leonem
269 1483 300 1510 in
316 1483 418 1511 urbem
432 1491 580 1511 reversum
596 1483 755 1518 imperator
768 1484 890 1511 comiter
905 1485 949 1512 ad-

1042 1486 1073 1519 ιῷ
1087 1482 1257 1522 παραδίδωσι
1273 1493 1279 1499 ·
1295 1485 1348 1511 τῶν
1367 1484 1414 1520 μὲν
1441 1483 1466 1511 ἐν
1482 1485 1516 1521 τῇ
1536 1481 1679 1521 πόοσῦολῇ
1696 1484 1831 1512 πεσόντων

126 1527 248 1556 modum
261 1527 480 1563 honorificeque
494 1527 829 1564 excepit,triumpboque
843 1530 872 1555 et
884 1537 949 1564 prae-

1042 1527 1070 1555 ηδ’
1098 1520 1208 1564 ἀριθμῷ
1235 1525 1479 1564 καθυποϐληθῆναι
1505 1520 1689 1565 νδυναμένωνν·
1722 1531 1776 1557 τῶν
1805 1528 1834 1557 δὲ

126 1572 195 1601 miis
211 1572 310 1609 dignis
321 1574 528 1600 remuneratus
541 1571 743 1600 est.Honorem
757 1573 842 1600 etiam
854 1572 949 1600 habui

1042 1573 1134 1600 ιόντων
1152 1573 1196 1600 καὶ
1220 1572 1246 1600 ὲν
1270 1574 1304 1609 τῇ
1333 1572 1412 1600 πόλει
1440 1573 1616 1612 πεμφθέντων
1641 1575 1770 1601 τοσοῦτον
1800 1575 1832 1609 ἠν

127 1617 250 1653 reliquis
266 1617 544 1653 omnibus,quorum
561 1625 593 1645 eo
604 1616 682 1645 bello
693 1619 826 1653 spectata
836 1617 892 1645 fuit
904 1618 949 1645 vir

1057 1616 1166 1652 πλῆθος
1182 1617 1218 1648 ὡς
1234 1616 1380 1655 πληρῶσαι
1405 1615 1510 1645 δούλων
1531 1618 1576 1645 καὶ
1600 1617 1647 1649 τὰς
1671 1619 1780 1649 ἀστικὰς
1797 1618 1836 1646 οἶ-

125 1664 187 1696 tus,
203 1670 312 1697 eosque
326 1661 419 1690 evexit
438 1670 446 1689 :

1042 1673 1072 1693 ας
1085 1662 1129 1689 καὶ
1145 1661 1208 1692 τοὺς
1235 1661 1345 1700 ἀγρούς.
1374 1662 1465 1693 Μόνος
1495 1660 1524 1689 δὶ
1553 1662 1566 1690 ὁ
1588 1662 1692 1690 τούτων
1709 1663 1835 1700 ἀρχηγὸς

126 1703 235 1734 Χαϐδᾶν
263 1704 308 1733 σὺν
341 1704 448 1744 ὀλίγοις
477 1704 537 1733 λίαν
569 1706 616 1733 τὸν
643 1704 765 1732 κίνδυνον
796 1704 906 1743 διαδρὰς
932 1706 969 1738 εἷς
996 1707 1029 1734 τὰ
1049 1706 1137 1734 οἰκεῖα
1160 1705 1214 1741 ἤθη
1245 1706 1421 1742 ἀνεκομίσθη.
1438 1706 1603 1738 Εἷσελθόντα
1628 1706 1657 1734 δὲ
1672 1707 1717 1734 τὸν
1729 1708 1830 1735 Λέοντα

130 1749 205 1787 μάλα
226 1749 401 1790 φιλοφρόνως
430 1750 444 1777 ὁ
482 1749 609 1788 βασιλεὺς
651 1749 794 1785 ὑπεδέξατο
831 1749 973 1782 ἱπινικίοις
1010 1762 1040 1779 τε
1073 1748 1219 1788 θριάμϐοις
1247 1750 1377 1788 τετίμηκε
1405 1751 1449 1778 καὶ
1473 1753 1558 1789 γερῶν
1588 1753 1640 1778 τῶν
1668 1752 1727 1778 κατ’
1756 1751 1830 1787 ἀξίαν

127 1794 237 1830 ἠξίωσε,
254 1796 383 1832 τιμήσας,
398 1795 442 1823 καὶ
459 1792 639 1832 προϐιϐάσας,
655 1794 700 1822 καὶ
715 1796 814 1826 πάντας
824 1794 887 1825 τοῦς
903 1795 948 1822 σὺν
962 1796 1037 1832 αὐτῷ
1052 1795 1265 1832 ἀριστεύσαντας.

164 1841 330 1876 Imperante
359 1849 470 1868 annum
500 1841 663 1868 secundum
694 1841 834 1875 Romano,
865 1840 951 1868 multi

127 1893 228 1913 eorum
238 1885 288 1921 qui
300 1885 329 1912 in
339 1885 490 1921 republica
500 1887 583 1913 erant
594 1885 689 1921 primo
697 1885 951 1920 loco,insidiarum

125 1929 155 1957 in
171 1929 378 1966 imperatorem
394 1929 536 1966 comperti
552 1932 632 1957 sunt.
649 1930 789 1966 Princeps
805 1930 881 1958 342
897 1939 950 1957 au-

125 1976 248 2010 ctorque
258 1974 342 2010 conju
348 1974 469 2002 rationis
477 1973 532 2001 fuit
541 1973 664 2001 Basilius
671 1973 803 2002 Volucris
811 1974 952 2010 magister

125 2018 220 2046 socios
232 2018 343 2046 habens
354 2026 389 2045 ex
399 2017 565 2045 illustribus
576 2018 731 2053 patricium
744 2018 945 2052 Paschalium,

123 2062 280 2099 patricium
296 2062 421 2090 Bardam
438 2062 516 2090 Libis
531 2062 637 2097 ﬁlium,
653 2065 681 2090 et
696 2062 849 2090 Nicolaum
866 2062 950 2091 Chal-

123 2107 274 2135 cutzamJi
290 2108 527 2142 statuerant,quo
543 2106 590 2134 die
606 2106 666 2134 ludi
678 2109 826 2141 equestres
838 2107 949 2141 ﬁerent,

121 2151 328 2188 imperatorem
352 2159 369 2179 a
391 2150 498 2187 palatio
523 2151 749 2179 descendentem
782 2159 896 2185 necare,
920 2151 949 2179 in

1042 1841 1088 1876 Τῷ
1104 1839 1133 1867 δὲ
1149 1839 1266 1878 δευτέρῳ
1285 1838 1337 1867 ἔτει
1362 1843 1412 1875 τῆς
1436 1838 1574 1878 βαςιλείας
1596 1840 1740 1876 Ῥωμανοῦ
1761 1839 1831 1868 πολ-

1006 1883 1052 1912 λοὶ
1078 1887 1132 1912 τῶν
1165 1883 1386 1921 πολιτευομένων
1423 1883 1544 1912 ὶάλωσαν
1576 1882 1832 1917 ἐπιϐεϐουλευκότες

1006 1930 1086 1965 αὗεῷ.
1118 1929 1202 1967 Εἶχον
1232 1928 1260 1956 δὲ
1293 1929 1338 1956 καὶ
1376 1929 1553 1967 πρωτουργὸν
1590 1929 1635 1956 καὶ
1664 1930 1831 1966 πρωταίτιον

1005 1974 1148 2002 Βασίλειον
1181 1974 1327 2012 μάγιστρον
1363 1974 1408 2001 τὸν
1449 1973 1598 2011 λεγόμενον
1636 1974 1759 2001 Πετιινὸν
1787 1975 1831 2002 καὶ

1004 2029 1077 2049 τινας
1093 2017 1194 2050 ἀλλους
1221 2021 1274 2046 τῶν
1307 2018 1461 2055 ἐπισήμων,
1486 2020 1539 2046 τῶν
1563 2018 1705 2057 πατρίκιον
1723 2019 1832 2057 Πασχά-

1005 2061 1076 2099 λιον,
1093 2063 1138 2090 τὸν
1155 2063 1295 2099 πατρίκιον
1320 2062 1423 2100 Βάρδαν
1449 2063 1494 2090 τὸν
1526 2065 1574 2090 τοῦ
1596 2061 1690 2099 meae,
1715 2064 1760 2091 καὶ
1778 2067 1830 2091 Νι-

1005 2106 1105 2135 λόλαον
1120 2108 1167 2135 τὸν
1193 2107 1369 2142 Χαλκούτζην
1388 2117 1394 2124 ·
1420 2109 1494 2143 [644]
1517 2106 1614 2138 οἵτινες
1636 2105 1830 2135 ιῦουλεόσαντο

1003 2151 1071 2179 κατὰ
1098 2152 1146 2186 τήν
1177 2151 1281 2190 ἡμέραν
1306 2154 1360 2179 τῶν
1397 2152 1517 2179 ἱππικῶν
1554 2151 1666 2189 ἀγώνων
1703 2149 1830 2179 κατιόντα

123 2186 196 2224 solio
204 2196 269 2232 eius
284 2186 425 2224 Basiliam
433 2195 574 2224 collocare
580 2197 609 2224 et
619 2195 825 2232 imperatorem
838 2196 949 2232 procla-

1042 2196 1220 2234 ιχειρίσασθαι
1250 2197 1294 2224 τὸν
1325 2195 1449 2234 βσσιλέα,
1478 2195 1521 2223 καὶ
1545 2196 1591 2224 τὸν
1619 2195 1762 2224 Βασιλςιον
1785 2195 1829 2224 ἐπὶ

123 2249 214 2270 mare.
232 2241 287 2269 Sed
300 2240 437 2277 patefecit
448 2243 578 2269 Romano
589 2249 690 2268 eorum
716 2241 886 2268 institutum
902 2250 949 2269 so-

123 2286 187 2315 cius
203 2286 430 2323 conspirationis
443 2285 628 2321 Joannicius,
641 2285 759 2313 natione
775 2285 950 2313 Saracenus.

123 2331 224 2367 Itaque
235 2333 392 2367 antequam
406 2331 468 2359 dies
484 2330 606 2358 definita
621 2332 780 2366 appeteret,
793 2339 808 2358 a
822 2330 950 2366 Josepbo

121 2375 698 2412 comprebensi,convicti,crudelilerque
708 2375 879 2410 excruciati,
888 2375 950 2403 solo

119 2420 229 2448 Basilio
244 2423 410 2457 excepto;ea
426 2421 491 2456 ipsa
507 2419 644 2447 ludorum
659 2420 841 2456 equestrium
859 2419 904 2447 die
920 2420 948 2447 in

119 2465 273 2502 triumpho
287 2466 368 2495 ducti
385 2468 455 2494 sunt
470 2467 498 2493 et
512 2465 770 2501 relegati,rasoque
780 2465 875 2501 capite
889 2473 950 2493 mo-

1004 2243 1052 2269 τοῦ
1085 2240 1229 2279 βασιλικοῦ
1258 2240 1413 2272 καθίσαντες
1454 2241 1551 2279 θρόνου
1581 2240 1753 2279 ἀναγορεῦσαι
1779 2238 1829 2268 ϐα-

1005 2285 1092 2313 σιλέα.
1118 2284 1206 2314 Ἀλλὰ
1229 2289 1278 2320 τῆς
1303 2283 1454 2319 ἐπιϐουλῆς
1481 2284 1646 2322 μηνυθείσης
1661 2288 1700 2321 τῷ
1721 2286 1830 2323 βασιΛεῖ

1003 2330 1076 2368 παρά
1102 2341 1173 2362 τινος
1206 2332 1260 2358 τῶν
1301 2332 1477 2367 συνωμοτῶν.
1508 2330 1673 2358 Ἰωαννικίου
1695 2330 1828 2367 τοῦνομα,

1002 2378 1041 2411 τῷ
1065 2376 1134 2414 γένει
1165 2376 1338 2412 Σαρακηνοῦ,
1368 2374 1432 2412 πρὶν
1461 2375 1478 2410 ἦ
1506 2375 1556 2409 τὴν
1582 2375 1676 2412 κυρίαν
1702 2375 1828 2410 ἐνστῆναι

1002 2420 1180 2458 κρατηθέντες
1218 2419 1290 2457 παρὰ
1323 2421 1371 2446 τοῦ
1409 2419 1520 2458 Ἰωσὴφ,
1558 2419 1602 2447 καὶ
1641 2418 1826 2458 ἐλεγχθέντες,

1003 2465 1048 2492 καὶ
1086 2465 1198 2499 ἀπηνῶς
1243 2464 1408 2496 αἲκισθὲντες
1448 2464 1509 2491 ἄνευ
1547 2464 1632 2501 μόνου
1667 2466 1715 2492 τοῦ
1746 2466 1830 2493 Βασι-

717 2562 902 2591 XYLANDRI
925 2563 967 2591 ET
987 2562 1097 2591 GOARI
1117 2563 1233 2592 NOTAE.

156 2642 195 2678 (4)
211 2641 288 2670 Palis
303 2639 489 2678 nimirumin
501 2641 609 2678 terram
622 2639 728 2678 fixis,e_t
742 2639 831 2668 clavis
843 2638 948 2675 ligneis

121 2675 164 2707 ad.
174 2675 298 2706 invicem
313 2676 623 2713 tenacissimejunctis
634 2675 805 2713 :_E'ceu.'lpw1.1a
822 2683 948 2713 namque

120 2714 202 2751 palus
226 2716 280 2742 est.
309 2712 505 2751 Hesychius_:
533 2711 649 2751 ξταυροξ
676 2712 701 2751 οἱ
725 2711 947 2751 καταπεπηγότες

122 2745 270 2785 σκόλοπες,
289 2745 420 2787 χάρακας,
444 2745 488 2776 καί
511 2745 655 2776 πάνσα’τὰ
679 2747 781 2775 ἑστῶτα
801 2745 882 2783 ξύλα,
896 2746 948 2774 ἀπὸ

1004 2640 1052 2666 κοῦ
1068 2638 1172 2666 ἑστάναι
1200 2637 1218 2673 ἤ

1004 2675 1131 2703 stathius
1149 2685 1155 2704 :
1174 2674 1313 2706 Σκόλοπες
1334 2674 1401 2711 ὀρθὰ
1416 2674 1482 2711 ξύλα
1507 2674 1551 2702 καὶ
1573 2675 1643 2711 ὀξὲα,
1659 2674 1675 2701 ἃ
1691 2676 1735 2702 καὶ
1748 2685 1828 2702 σταυ-

1004 2710 1068 2748 ροὺς
1084 2711 1207 2740 ἐκάλουν.
1226 2712 1316 2740 GOAR.

1249 2638 1278 2666 ἐκ
1302 2640 1349 2665 τοῦ
1371 2637 1409 2669 εἷς
1432 2638 1481 2672 τὴν
1507 2638 1590 2685 αὔραν
1618 2639 1749 2671 ίστάσθαι.
1772 2640 1832 2667 Eu-

1339 2674 1397 2685 ’,I\\
1417 2674 1458 2685 D"
1577 2675 1611 2685 ιιι
1659 2674 1669 2683 ’1
1727 2676 1733 2683 ‘
