1936 3048
83 128 122 158 ’Π
654 125 927 158 HISTORIARUM
948 125 1223 159 GOMPENDIUM.
1751 133 1793 164 78

83 187 176 226 λείου,
203 193 248 221 καὶ
277 193 337 221 κατ’
364 192 447 228 αὐτὴν
487 193 538 228 τήν
569 193 674 231 ἡμέραν
714 194 763 220 τοῦ
805 192 906 230 ἀγῶνος

993 193 1052 221 mhi
1068 193 1146 222 facti.
1162 194 1335 230 Quanquam
1350 202 1385 223 ea
1401 195 1458 223 fuit
1478 195 1509 223 in
1533 196 1614 232 ipsos
1629 197 1795 234 imperato-

85 236 329 275 θριαμϐευθέντες,
369 237 457 276 ἒξορίᾳ
496 237 726 277 παρεπέμφῧησαν
764 238 809 264 καὶ
853 237 916 264 ἀπε-

85 283 210 321 κάρησαν
239 283 369 320 μοναχοί.
399 283 505 321 Χρόνον
535 282 564 311 δέ
586 293 646 310 τινα
674 281 778 321 βραχὺν
803 281 828 309 έν
845 282 914 318 αὐτῇ

84 327 343 365 ταλαιπωρηθέντες
369 329 556 363 ἇνεκΛήθησαν
585 327 786 366 φιλανθρώπως
819 327 915 358 αὐτοῖς

85 373 265 410 χρησαμένον
287 375 336 400 τοῦ
375 373 521 410 βασιλέως.
556 373 646 403 Μόνος
677 372 705 399 δὶ
733 371 871 402 Βαοίλειος
900 372 914 398 ὁ

86 417 211 448 Πετεινὸς
247 416 352 456 ἔκφρων
391 417 537 455 γενόμενος
571 416 744 452 ἐτελεύτησεν
777 416 803 444 έν
832 419 913 454 Προι-

970 238 1010 266 ris
1022 238 1202 274 humanitas,
1219 242 1252 267 ut
1266 239 1403 276 exiguum
1424 241 1566 276 temporis
1592 242 1728 271 miserias
1744 251 1794 272 ex-

970 283 1028 310 silii
1045 286 1179 319 expertos
1195 285 1381 312 revocaverit.
1399 285 1485 313 Solus
1510 285 1635 314 Basilius
1657 286 1793 316 Volueris

970 328 1085 355 insania
1100 331 1252 364 correptus
1275 329 1305 356 in
1322 331 1505 358 Proconneso
1520 331 1616 366 periit,
1634 340 1795 368 pmnasque

969 372 1049 400 dedit
1075 373 1182 408 proditi
1207 374 1397 402 Constantino
1422 382 1474 410 per
1495 375 1629 403 fraudem
1653 376 1794 412 Stephani

968 417 1166 452 imperatoris.

83 463 221 498 κοννήσῳ,
236 466 286 497 τῆς
302 461 381 497 δίκης
395 462 475 490 αὐτὸν
494 461 678 498 μετελθούσης
695 462 750 489 ἀνθ’
764 462 800 489 ὧν
813 460 914 492 δολίως
930 461 968 492 εις
986 460 1117 500 Στέφανον
1132 460 1278 498 ἐνεδείξατο
1293 462 1338 489 τὸν
1358 463 1482 500 βασιλέα,
1497 462 1682 501 προδεδωκὼς
1696 467 1792 493 τοῦτον

83 509 124 543 τῷ
141 506 343 543 Κωνπαντίνῳ,

118 551 157 579 Τά
170 550 199 578 δὲ
213 551 275 589 περὶ
289 551 336 579 τὸν
359 551 483 579 Ῑῐετεινὸν
508 551 553 578 καὶ
581 550 645 583 τοὺς
671 549 773 582 ἄλλους
803 549 869 578 ἰδὼν
899 551 913 578 ὁ

85 595 234 633 μάγιστρος
276 596 417 633 Ῥωμανὸς
456 597 470 623 ὁ
509 595 678 632 Σαρωνίτης,
716 595 758 623 ἐπὶ
800 594 912 632 θυγατρὶ

82 638 210 678 γαμϐρὸς
239 639 276 667 ὣν
306 643 446 677 Ῥωμανοῦ
470 640 607 678 γέροντος,
631 639 676 668 καὶ
703 640 740 676 μή
770 639 803 667 τὰ
828 639 912 676 ὅμοια

81 684 129 712 καὶ
160 684 241 715 αὐτὸς
269 685 350 716 πάθοι
379 682 528 723 φοϐηθεὶς,
565 685 749 723 φθονούμενος
784 683 829 711 διὰ
859 685 909 718 τὴν

82 730 180 757 ἑαυτοῦ
203 730 376 769 περιφάνειαν
396 730 441 758 καὶ
469 731 708 767 ὑποπτευόμενος,
737 731 786 764 τήν
815 730 909 757 ἑαυτοῦ

82 773 176 802 οὐσίαν
193 777 250 806 τοῖς
266 775 370 806 τέκνοις
391 774 429 807 ὡς
447 773 575 803 ἐϐούλετο
604 774 763 813 διαμερίσας
785 774 829 802 καὶ
858 775 908 808 τήν

82 819 236 847 ὑπόλοιπον
250 818 347 854 πένησι
360 818 510 856 διανείμας,
524 821 556 847 τὸ
585 822 639 847 τῶν
671 821 800 857 μοναχῶν
829 829 907 856 περι-

81 861 213 892 ϐάλλεται
241 863 361 901 ἔνδυμα.
399 864 448 892 Καὶ
477 864 503 892 ἐν
531 867 566 902 τῇ
595 867 636 901 τῷ
664 864 806 902 Ἑλεγμῶν
839 865 947 907 μονῇΒ

78 909 236 946 γενόμενος,
249 909 294 937 καὶ
315 910 414 947 χρόνον
442 910 540 947 συχνὸν
571 910 597 938 έν
628 909 696 947 αὐτῇ
724 909 902 947 παραμείνας,

82 954 134 981 ὑπὸ
147 956 201 981 τῶν
221 954 288 991 μετὰ
307 956 398 982 ταῦτα’
415 953 548 993 βασιλέων
573 954 694 991 ἐτιμήθη
709 953 904 993 διαφερόντως.

116 999 192 1026 Κατὰ
218 998 331 1030 τούτους
358 998 423 1030 τοὺς
452 999 569 1037 χρόνους
605 999 673 1036 ἀνήρ
710 1009 752 1030 τις
787 998 903 1036 ἀνεφάνη

80 1041 240 1081 Φιλώραιος
270 1043 451 1080 καλούμενος,
489 1044 658 1078 ὑπασπιοτής
701 1042 737 1070 ὢν
765 1044 906 1080 Ῥωμαιοῦ

82 1088 233 1126 μαγίοτρου
247 1089 295 1116 τοῦ
311 1088 444 1124 Μωσηλὶ,
469 1091 517 1116 τοῦ
547 1089 658 1126 ἐκγόνου
687 1089 830 1126 Ῥωμανοῦ
859 1091 907 1116 τοῦ

80 1133 218 1170 γέροντος.
248 1133 331 1164 Οὗτος
369 1131 469 1166 ἄνωθεν
493 1132 581 1161 ’ίππου
611 1133 750 1161 ὠκυτάτου
784 1132 826 1160 ἐπὶ
856 1134 906 1165 τῆς

81 1176 236 1217 έφεστρίδος
263 1177 406 1214 ἴστάμενος
442 1176 544 1216 ὄρθιος,
571 1178 615 1206 καὶ
636 1177 711 1217 ξίφος
737 1180 798 1208 ταῖς
827 1177 907 1216 χερσῖ

83 1222 233 1260 βαστάζων,
259 1225 308 1250 τοῦ
331 1221 420 1251 ’ίππου
434 1223 582 1261 τρέχοντος
594 1223 656 1250 ὅσον
673 1221 784 1250 ἐδύνατο
799 1221 908 1250 κυκλῶν

81 1267 158 1303 ἐπῄει
187 1267 232 1294 τὸν
263 1266 372 1304 εῧριπον
409 1271 459 1302 τῆς
487 1265 675 1304 ἱπποδρομίας
702 1267 824 1305 στρέφων
851 1265 907 1294 ἄνω

80 1311 125 1339 καὶ
148 1311 223 1338 κάτω
243 1311 274 1339 τὸ
299 1311 373 1350 ξίφος
388 1313 432 1339 καὶ
453 1310 517 1349 μηδ’
538 1310 613 1343 ὅλως
640 1311 842 1344 ὑπολισθαίνων
857 1312 906 1346 τῆς

80 1355 211 1387 στάσεως.

116 1400 251 1429 Ἐπέδωκε
273 1399 296 1428 δ’
327 1401 352 1428 ἐν
384 1403 444 1432 ταῖς
468 1400 587 1439 ἡμέραις
611 1400 721 1432 ταύτης
749 1400 794 1428 καὶ
821 1399 905 1427 πάλαι

80 1446 129 1480 τήν
158 1445 302 1482 Ῥωμαίων
325 1445 400 1473 έπιόν
423 1456 453 1474 τε
476 1446 520 1474 καὶ
550 1445 750 1482 λυμαινόμενον
779 1444 824 1472 καὶ
847 1443 906 1472 δια-

80 1490 189 1529 φθεῖρον
218 1489 282 1521 τοὺς
317 1490 381 1528 βόας
419 1491 449 1518 τὸ
479 1489 606 1527 λοιμικὸν
636 1490 734 1524 πάθος,
760 1489 775 1517 δ
801 1487 907 1528 κράϐρα

79 1534 288 1571 κατονομάζετε.
319 1535 388 1562 Φασὶ
416 1533 445 1562 δὲ
471 1535 520 1570 τὴν
551 1535 642 1573 ἀρχὴν
656 1537 737 1562 τοῦτο
752 1532 846 1562 λαϐεῖν
862 1533 905 1562 ἐπὶ

78 1581 134 1606 τῶν
161 1580 271 1618 ἡμερῶν
296 1581 345 1607 τοῦ
367 1580 496 1618 γέροντος
517 1580 669 1616 Ῥωμανοῦ.
699 1580 828 1617 Ἐγγιστα
854 1580 904 1614 γὰρ

79 1627 130 1658 τῆς
154 1626 203 1651 τοῦ
232 1625 327 1652 Βώνου
349 1625 508 1662 κινστέρνης
528 1625 671 1662 ἀναψυχὴν
701 1624 788 1660 έαυτῷ
801 1625 851 1655 τῆς
867 1629 908 1655 θε-

81 1672 159 1707 ρινῆς
176 1669 279 1705 θέρμης
308 1669 427 1696 παλάτια
455 1671 503 1696 τοῦ
529 1669 674 1706 Ῥωμανοῦ
711 1668 904 1706 ἀνιγείροντος,

80 1713 194 1740 καὶτῶν
211 1712 343 1750 Θεμελίων
367 1711 615 1750 καταϐαλλομένων
647 1713 710 1751 βοός
726 1723 804 1752 φασιν
830 1713 904 1751 εὑρε-

78 1761 159 1792 θῆναι
177 1757 348 1796 μαρμαρίνόυ
366 1758 499 1797 κεφαλὴν,
521 1759 553 1793 ἣν
571 1759 596 1786 οἱ
612 1758 735 1796 εὐρόντες
751 1757 906 1796 συντρίψαψ

75 1813 120 1835 τις
137 1802 175 1834 εἷς
187 1803 237 1837 τήν
253 1805 300 1830 τοῦ
310 1802 418 1830 τιτάνου
433 1803 544 1839 κάμινον
561 1800 755 1839 ἐμϐάλλουσιν.
772 1803 813 1839 Ἐξ
838 1801 906 1829 ἐκεί-

75 1858 125 1875 νου
142 1846 166 1875 δ’
180 1846 245 1885 ἄχρι
260 1849 314 1875 τῶν
330 1846 396 1885 τῇδε
412 1847 518 1885 χρόνων
537 1847 588 1875 οὑκ
602 1846 753 1874 ἐπαύσαντο
764 1849 906 1884 πανταχοῦ

73 1895 126 1927 τῆς
140 1895 194 1929 γῆς
209 1892 315 1927 ὁπόσην
331 1893 349 1926 ὴ
362 1894 416 1920 τῶν
434 1891 577 1929 Ῥωμαίων
605 1892 727 1930 περιέχιι
755 1890 906 1926 δυναστεία,

72 1937 110 1964 τὰ
124 1939 178 1964 τῶν
197 1937 268 1974 βοῶν
285 1936 483 1976 ςιαφθείρεσθαι
498 1937 573 1975 γένη.

112 1981 144 2009 Ὀ
174 1980 202 2008 δὲ
238 1982 380 2018 Ῥωμανὸς
416 1982 633 2019 παρορμώμενος
672 1980 722 2008 ὑπὸ
750 1983 800 2015 τῆς
825 1979 906 2008 αὐτοῦ

75 2026 205 2063 γυναικὸς
256 2029 425 2063 κατενεγκεῖν
469 2025 597 2063 ἐπειράθη
647 2027 701 2053 τῶν
760 2024 905 2062 βασιλείων

75 2070 191 2105 Ἑλένην
219 2080 248 2098 τι
275 2072 325 2106 τὴν
355 2071 459 2108 μητέρα
487 2071 532 2098 καὶ
561 2071 608 2102 τὰς
639 2069 777 2109 ἀδελφὰς,
805 2069 848 2097 καὶ
880 2069 905 2097 έν

75 2118 136 2146 τοῖς
162 2115 307 2147 παλατίοις
343 2118 398 2143 τῶν
432 2115 578 2154 Ἀνςιόχου
611 2115 774 2154 περιορίσαι.
805 2117 907 2142 Γνοῦσα

77 2159 106 2187 8‘s
136 2162 218 2187 τοῦτο
246 2161 264 2194 ἡ
281 2159 377 2194 Ἑλένη
392 2161 434 2196 [Ρ.
450 2161 515 2197 645]
538 2159 582 2188 καὶ
606 2161 674 2196 πρὸς
699 2160 813 2198 θρήνους
843 2169 907 2196 τρα-

77 2207 159 2232 πεῖσα
181 2204 227 2231 καὶ
257 2205 324 2242 ἀρὰς
353 2203 519 2240 έδυσώπησε,
539 2205 584 2232 τὸν
615 2205 683 2238 υἱὸν,
700 2201 908 2239 διευλαϐηθέντα

1004 551 1037 579 At
1062 551 1141 579 enim
1173 552 1315 588 magister
1353 554 1502 580 Romanus
1531 553 1675 588 Saronita,
1706 563 1794 590 gener

967 595 1046 624 senis
1074 596 1206 630 RomaniI
1231 605 1295 632 qua:
1324 597 1441 625 Volucri
1470 599 1498 625 et
1527 597 1594 626 aliis
1623 599 1791 628 evenissent

966 649 1099 674 cernens,
1116 640 1283 677 veritusque
1300 649 1334 669 ne
1351 641 1428 669 idem
1445 642 1501 670 sibi
1527 643 1707 679 contingeret
1721 644 1792 680 quia

965 686 1002 713 ob
1017 685 1203 721 splendorem
1219 694 1306 713 suum
1323 686 1438 714 invisus
1462 689 1675 723 suspectosque
1700 690 1789 730 esset,

964 739 1034 766 opes
1050 739 1119 758 suas
1135 738 1188 758 suo
1217 731 1358 758 arbitratu
1380 731 1455 759 inter
1475 731 1583 760 liberos
1600 740 1670 760 suos
1686 733 1789 761 distri-

965 774 1038 807 buit,
1053 777 1081 802 et
1097 775 1210 810 reliqua
1224 775 1403 811 pauperibus
1427 776 1569 812 elargitus
1592 776 1622 804 in
1640 780 1787 805 monaste-

964 818 1040 846 rium
1057 819 1195 855 Elegmon
1213 828 1244 848 se
1259 820 1393 852 contulit,
1413 820 1511 856 ibique
1536 821 1698 850 monachus
1714 822 1789 850 mul-

963 865 1008 891 tos
1024 872 1075 899 per
1089 864 1166 892 848
1182 873 1275 892 annos
1290 865 1369 900 vixit,
1385 867 1488 901 estque
1504 866 1539 893 ab
1556 866 1785 902 imperatoribus

961 908 1212 944 subsequentibus
1228 909 1258 936 in
1275 917 1382 946 magno
1398 909 1509 938 honore
1523 910 1656 940 habitus.

996 998 1050 1026 Per
1063 997 1140 1026 idem
1156 1000 1272 1035 tempus
1287 998 1331 1026 vir
1345 999 1466 1035 quidam
1491 1000 1604 1028 exstitit
1626 999 1784 1029 Philormus

963 1043 1091 1076 nomine,
1099 1043 1224 1079 stipator
1239 1043 1372 1079 magistri
1381 1045 1503 1072 Romani
1520 1044 1785 1081 Moselia,prognati

962 1096 980 1115 a
995 1088 1127 1115 Romano
1137 1096 1215 1116 sene.
1233 1089 1260 1116 Is
1276 1088 1320 1116 vir
1333 1088 1441 1124 injecta
1449 1092 1529 1117 veste
1544 1097 1620 1125 equo
1635 1089 1787 1118 celerrimo

962 1132 989 1160 ei
1014 1132 1172 1160 insistebat
1197 1135 1305 1166 rectus,
1331 1133 1462 1169 gladium
1492 1134 1631 1162 manibus
1655 1136 1785 1170 gestans,

963 1185 1049 1212 quem
1066 1185 1142 1213 equo
1165 1177 1394 1206 concitatissime
1418 1181 1554 1207 currente
1576 1181 1687 1212 rotans,
1704 1179 1785 1208 euri-

963 1229 1034 1257 pum
1050 1221 1122 1249 Cirei
1134 1223 1332 1258 percurrebat,
1348 1222 1478 1258 gladium
1495 1232 1615 1252 sursum
1630 1224 1786 1252 deorsum-

961 1274 1017 1301 que
1030 1274 1162 1300 versans,
1177 1269 1207 1295 et
1221 1275 1257 1295 ne
1273 1267 1429 1295 minimum
1446 1268 1564 1304 quidem
1589 1268 1711 1305 vestigio
1728 1277 1784 1297 suo

961 1310 1089 1338 elabens.

997 1401 1079 1428 Tunc
1093 1400 1182 1428 etiam
1198 1400 1326 1429 intendit
1340 1409 1404 1430 sese
1418 1401 1540 1430 morbus
1560 1402 1712 1439 pestilens,
1730 1410 1783 1431 no-

962 1445 1041 1473 mine
1065 1445 1179 1481 crebra,
1200 1446 1369 1481 jamdulum
1392 1446 1479 1475 boves
1503 1449 1702 1476 Romanorum
1726 1449 1786 1476 ten-

962 1492 1028 1518 tans
1045 1492 1132 1526 atque
1148 1490 1281 1526 perdens.
1300 1491 1408 1519 Ferunt
1423 1491 1453 1519 id
1478 1492 1600 1528 ccepisse
1621 1492 1785 1529 imperante

963 1535 1094 1563 Romano
1110 1543 1189 1563 sene.
1205 1535 1277 1564 Cum
1294 1536 1371 1564 enim
1389 1535 1519 1572 proxime
1535 1536 1608 1565 Boni
1628 1537 1784 1566 cisternam

962 1580 1105 1615 palatium
1121 1579 1169 1608 ille
1185 1580 1332 1613 conderet.
1351 1580 1379 1608 in
1400 1589 1458 1617 quo
1473 1589 1505 1609 se
1529 1581 1565 1609 ab
1587 1582 1691 1609 ardore
1715 1581 1786 1610 solis

961 1624 1060 1652 aestivo
1090 1624 1285 1661 refrigeraret,
1311 1625 1382 1653 dum
1412 1625 1605 1654 fundamenta
1633 1629 1785 1663 parantur,

960 1669 1101 1697 eﬁ'ossum
1116 1669 1216 1697 ferunt
1231 1669 1309 1697 bovis
1326 1669 1482 1698 marmorei
1498 1673 1595 1707 caput,
1611 1672 1690 1706 quod
1706 1671 1787 1699 abiis

961 1713 1011 1749 qui
1027 1716 1195 1750 repererant
1215 1714 1397 1742 confractum
1423 1717 1452 1742 et
1471 1715 1500 1742 in
1526 1715 1674 1744 fornacem
1690 1716 1786 1744 calca-

960 1758 1034 1786 riam
1050 1759 1191 1793 injectum
1206 1761 1260 1786 est.
1275 1759 1315 1786 Ex
1338 1767 1372 1787 eo
1396 1762 1527 1796 tempore
1546 1760 1575 1787 in
1600 1760 1678 1788 hunc
1694 1769 1788 1796 usque

961 1803 1039 1830 diem
1056 1802 1147 1837 pestis
1162 1805 1293 1830 armenta
1314 1804 1403 1831 boum
1419 1811 1471 1840 per
1493 1804 1660 1833 universam
1677 1805 1786 1833 Roma-

961 1856 1064 1875 norum
1082 1847 1220 1875 ditionem
1237 1847 1374 1876 infestare
1389 1857 1542 1884 nunquam
1558 1849 1657 1877 desiit.

998 1981 1085 2009 Porro
1100 1981 1260 2016 imperator
1275 1981 1375 2010 uxoris
1397 1981 1538 2010 instinctu
1564 1982 1704 2011 Helenam
1728 1991 1788 2011 ma-

962 2028 1037 2054 trem
1054 2028 1082 2053 et
1097 2033 1212 2053 sorores
1229 2034 1298 2053 suae
1314 2025 1381 2054 aula
1395 2034 1529 2054 amovere
1543 2029 1573 2054 et
1587 2027 1616 2054 in
1646 2027 1788 2063 palatium

963 2070 1100 2098 Antiochi
1117 2070 1245 2106 relegare
1261 2070 1376 2098 statuit.
1393 2071 1475 2104 Quod
1491 2071 1541 2099 ubi
1567 2072 1685 2100 rescivit
1709 2073 1789 2100 844

962 2114 1080 2149 Helena,
1098 2115 1132 2142 ad
1151 2115 1358 2150 quiritationes
1370 2119 1396 2142 et
1422 2116 1635 2144 exsecrationes
1650 2125 1791 2146 conversa

963 2159 1056 2187 filium
1073 2167 1174 2187 earum
1192 2161 1270 2187 metu
1288 2168 1305 2187 a
1331 2161 1480 2196 proposito
1506 2161 1658 2196 deterruit,
1688 2165 1790 2197 estque

963 2204 1142 2240 permissum
1156 2204 1180 2232 ei
1197 2206 1229 2231 ut
1242 2204 1271 2232 in
1284 2204 1392 2240 palatio
1407 2207 1547 2233 maneret.
1558 2207 1676 2234 Sorores
1691 2208 1790 2235 tamen

77 2249 125 2279 τὰς
153 2248 178 2285 ἐξ
204 2249 288 2282 αὐτῆς
310 2249 437 2287 κατάρας.
452 2249 530 2278 Ἀλλ’
558 2248 625 2284 αὕτη
645 2249 692 2286 μέν
715 2249 790 2284 είάῦη
821 2248 906 2284 μένειν

993 2256 1051 2276 )era
1064 2247 1196 2281 Joannis,
1213 2248 1264 2284 qui
1288 2249 1421 2276 Studiani
1447 2249 1617 2277 monasterii
1642 2253 1704 2278 erat
1719 2259 1791 2287 prs:-

77 2293 147 2321 κατᾶ
161 2293 266 2331 χώραν,
283 2294 330 2325 τὰς
347 2292 369 2321 δ’
386 2293 504 2330 ἀδελφὼ
530 2294 687 2332 καταγαγὼν
713 2292 758 2320 διὰ
780 2292 907 2320 Ἰωάννου

77 2337 268 2375 καθηγεμόνος
279 2341 334 2366 τῶν
360 2337 492 2366 Στουδίου
511 2339 636 2376 ἀπέκειρε
664 2338 796 2375 μοναχάς.
823 2338 858 2365 At
879 2335 907 2364 δὲ

81 2384 138 2420 ἅμα
152 2384 186 2419 τῇ
204 2383 382 2421 ὑποχωρήσει
410 2383 508 2411 τούτου
536 2383 586 2418 τήν
623 2383 776 2420 μοναχικήν
805 2381 906 2409 ἀποδω·-

81 2427 198 2463 σάμεναι
209 2427 309 2462 ἐσθῆτα
325 2427 511 2466 έκρεωφάγουν
528 2430 575 2465 (5).
591 2429 621 2456 Ἤ
639 2426 667 2455 δὲ
681 2427 778 2462 Ἑλένη
794 2428 828 2464 τῇ
852 2429 904 2454 τῶν

82 2472 237 2510 θυγατέρων
251 2475 398 2510 καταγωγῇ
419 2472 637 2510 περιαλγήσασα,
659 2473 704 2500 καὶ
731 2472 828 2509 μικρὸν
848 2471 906 2498 έπε-

81 2518 187 2552 ζήσασα
202 2517 313 2555 χρόνον,
323 2519 358 2554 τῇ
374 2521 396 2545 κ’
412 2520 460 2544 τοῦ
477 2515 664 2555 Σεπτεμϐρίου
691 2517 788 2553 μηνὸς,
813 2519 864 2550 τῆς
888 2516 910 2542 ε’

81 2561 252 2594 ῐνδικτιῶνος
267 2559 373 2590 ἀπεϐίω
388 2561 432 2589 καὶ
451 2561 599 2599 βασιλικῶς
615 2561 807 2598 έκκομισθεῖσα
822 2559 905 2599 ἐτάφη

83 2606 108 2634 έν
124 2608 160 2643 τῇ
172 2606 286 2644 λάρνακι
301 2608 350 2634 τοῦ
365 2605 475 2644 αατρός·

119 2652 275 2691 Νικηφόρος
306 2650 335 2679 δὲ
359 2652 373 2679 ὁ
410 2653 518 2686 Φωκᾶς,
548 2651 585 2682 ὡς
609 2649 759 2688 ἔμπροσθεν
788 2647 905 2687 εἴρηται,

963 2293 1067 2328 fectus,
1081 2292 1203 2320 abduxit
1218 2293 1377 2329 imperator
1391 2296 1420 2321 et
1442 2293 1602 2322 monochas
1619 2295 1706 2329 fecit;
1723 2303 1790 2331 quis

963 2338 1063 2365 statim
1082 2346 1114 2365 eo
1134 2337 1266 2374 digresso
1291 2340 1399 2366 vestem
1425 2338 1618 2367 monasticam
1643 2344 1786 2368 exuerunt

961 2385 990 2410 et
1006 2390 1107 2410 carnes
1124 2383 1349 2410 manducarunt.
1366 2382 1474 2410 Helena
1498 2383 1574 2411 ﬁlias
1596 2383 1663 2412 aula
1690 2388 1785 2414 motae

964 2427 1114 2462 agerrime
1137 2426 1216 2462 tulit,
1247 2435 1341 2464 neque
1365 2427 1414 2455 diu
1439 2428 1610 2464 supervixit,
1636 2430 1685 2457 sed
1707 2430 1785 2458 diem

964 2480 1050 2499 suum
1067 2472 1140 2499 obiit
1155 2471 1201 2499 die
1216 2473 1252 2499 2O
1261 2472 1450 2509 Septembris,
1467 2472 1627 2502 indictione
1647 2474 1674 2502 5.
1691 2474 1726 2502 Et
1740 2483 1789 2503 re-

963 2516 1023 2552 gali
1039 2516 1141 2544 funere
1156 2517 1232 2544 elata
1248 2516 1277 2544 in
1291 2525 1389 2544 arcam
1406 2517 1498 2553 patris
1513 2521 1558 2546 est
1573 2519 1734 2547 recondita.

1000 2649 1184 2685 Nicephorus
1198 2653 1296 2678 autem
1326 2651 1437 2680 Phocas
1461 2652 1554 2687 Creta,
1581 2652 1624 2681 uti
1649 2652 1781 2682 diximus

677 2730 866 2760 XYLANDRI
885 2730 932 2760 ET
951 2730 1062 2760 GOARI
1082 2730 1200 2759 NOTJE.

123 2800 164 2838 (5)
177 2800 345 2830 Nefandum
361 2799 516 2830 monachis
527 2799 634 2828 Grecis
648 2799 773 2835 facinus,
787 2798 875 2827 etiam
890 2798 1017 2835 aegrotis.
1031 2799 1120 2827 Goss.
