1928 3047
117 119 157 153 79
793 123 952 154 GEORGII
975 124 1144 155 GEDRENI
1783 126 1824 157 80

109 187 215 224 jussus
230 189 367 218 decedere
382 190 424 218 ita
439 192 484 218 est
500 192 530 218 ut
547 198 604 217 non
619 189 720 219 liceret
731 191 757 219 ei
773 190 874 226 Cpolin
891 191 935 218 in-

1035 190 1175 228 :a‘taxesic
1203 189 1233 217 ἐκ
1258 191 1370 227 Κρήτης
1398 189 1555 223 ἐπανελθεῖν
1576 191 1607 219 οὐ
1636 192 1820 229 συνεχωρήθη

115 233 151 261 de
166 233 260 261 redire
276 242 283 261 :
300 235 350 262 sed
367 235 539 263 mandatum
555 237 601 262 est
613 237 645 262 ut
666 243 733 262 cum
759 236 839 262 omni
856 243 938 262 exer-

115 279 173 306 citu
190 278 219 305 in
235 278 381 307 Orientem
397 279 545 307 transiret.
562 279 635 306 Nam
653 281 688 307 ab
713 282 831 315 accepta
858 279 939 307 clade

114 330 146 351 se
161 322 334 359 recolligens
350 324 528 351 Cbabdanus
538 324 602 358 jam
619 332 683 351 sese
698 324 838 359 erigebat,
856 331 938 351 cosc-

114 369 204 402 toque
219 368 254 395 ad
270 376 400 404 pugnam
416 369 520 395 idoneo
536 368 667 396 exercitu
693 369 818 403 jamjam
835 368 864 395 in
881 368 938 395 Ro-

115 419 219 439 manos
234 414 379 440 moturus.
396 413 468 440 Eum
485 412 608 444 Phocas,
624 412 653 439 in
672 413 784 448 Syriam
802 414 833 440 ut
849 412 937 446 venit,

114 456 212 492 prmlio
228 457 377 492 superavit
391 465 424 484 ac
440 457 526 490 fudit,
552 460 581 484 et
594 457 624 484 in
641 458 755 493 Syriam
769 457 938 485 interiorem

113 501 274 536 compulit;
292 501 393 528 urbem
409 501 576 529 Berrbuaam
589 505 707 536 excepta
718 510 783 529 arce
799 502 940 530 evastavit

114 553 298 581 magnasque
313 546 354 573 ibi
368 554 449 581 opes,
467 547 594 581 praedam
612 546 787 582 locupletem
817 549 846 573 et
862 546 939 574 mul-

113 593 158 617 tos
174 589 304 626 captivos
322 591 452 626 abduxit,
482 590 616 619 liberatis
644 591 733 618 etiam
761 593 790 618 et
817 591 938 618 domum

115 634 248 662 dimissis
279 634 453 663 Christianis
469 635 519 671 qui
547 635 588 663 ibi
614 635 720 671 captivi
749 635 859 663 detenti
876 635 939 663 fue-

116 681 191 707 rant.

150 815 233 842 Anno
249 814 429 842 mundi64‘7l
442 816 577 842 mortuus
592 817 637 842 est
649 814 799 842 Romanus
814 813 938 850 impera-

115 861 171 892 tor,
186 858 221 886 45
235 859 282 887 die
297 859 392 887 Martii
407 859 483 887 345
500 859 622 893 mensis,
643 858 802 886 indictione
816 859 939 891 6,snnos

116 907 204 931 natus
217 904 262 931 24.
276 904 435 939 Imperavit
444 912 537 931 annos
552 904 569 931 3
585 911 701 931 menses
717 904 733 930 4
744 903 807 931 dies
820 903 847 930 5.
864 905 938 930 Mor-

115 948 154 975 tis
169 956 288 976 causam
304 948 352 976 alii
368 948 460 975 fuisse
476 948 606 981 tradunt,
630 948 708 984 quod
737 947 889 975 luxuriosa
912 949 941 974 et

117 992 319 1029 voluptatibus
335 992 432 1020 dedita
455 993 516 1020 vita
534 992 742 1028 corpusculum
758 991 917 1020 attrivisset
933 1000 939 1019 ε

120 1037 170 1064 alii
199 1044 309 1065 veneno
337 1037 513 1064 exstinctum
541 1039 657 1072 putant.
688 1036 848 1072 Imperium
878 1037 942 1071 ejus

121 1085 215 1109 morte
229 1081 264 1110 ad
281 1081 421 1109 Basilium
437 1084 465 1108 et
478 1081 700 1109 Constantinum
717 1081 812 1116 ipsius
827 1081 903 1108 ﬁlios
916 1082 944 1107 et

121 1134 222 1154 eorum
239 1130 360 1154 matrem
376 1125 624 1161 Theophanonem
640 1126 745 1159 rediit;
763 1133 829 1160 quae
853 1124 943 1152 biduo

122 1173 188 1199 ante
205 1172 328 1198 mortem
345 1170 442 1198 mariti
458 1170 548 1197 ﬁliam
564 1178 681 1205 quoque
697 1170 876 1206 peper1t,cui
889 1171 943 1196 An-

121 1224 166 1243 nae
181 1223 289 1243 nomen
306 1215 445 1242 fecerunt.
455 1215 574 1242 Statura
588 1215 645 1242 fuit
660 1214 810 1242 Romanus
827 1221 944 1249 magna,

120 1267 287 1296 quanquam
301 1262 384 1295 patre
395 1259 501 1291 minor,
524 1259 641 1294 ingenio
667 1258 780 1293 placido
805 1266 838 1285 ac
861 1266 943 1285 man-

120 1306 213 1338 sueto,
230 1306 258 1332 et
273 1304 460 1331 mediocriter
474 1303 642 1336 animatus;
659 1306 688 1330 et
716 1303 853 1338 quamvis
882 1305 945 1330 erat

117 1349 247 1385 juvenis,
263 1348 335 1376 satis
350 1347 394 1374 illi
409 1350 508 1375 tamen
537 1347 643 1375 fuisset
661 1347 771 1383 ingenii
787 1355 820 1374 ac
836 1347 945 1382 perspi-

122 1393 207 1422 cacize
222 1394 259 1421 ad
275 1392 488 1428 rempublicam
505 1392 738 1428 gubernandam,
755 1394 779 1420 si
795 1392 821 1419 ei
836 1392 865 1419 id
895 1400 947 1427 per

122 1438 249 1466 famulos
262 1437 407 1470 licuisset,
424 1437 474 1472 qui
490 1445 556 1464 cum
569 1436 751 1472 juvenilibus
778 1436 945 1472 cupiditati-

122 1483 177 1510 bus
193 1489 225 1510 ac
241 1481 349 1509 studiis
364 1481 496 1509 deditum
512 1489 577 1508 esse
585 1481 787 1515 voluerunt,ut
801 1481 857 1516 ipsi
874 1489 946 1508 rem-

122 1526 271 1562 publicam
286 1528 446 1554 tractantes
457 1526 588 1561 ingentes
600 1526 787 1553 corraderent
801 1533 871 1560 opes
887 1534 894 1559 ;
906 1528 947 1552 at-

995 234 1122 262 εἷσελθεῖν
1140 235 1178 266 εἰς
1192 235 1242 269 τὴν
1263 234 1468 272 βασιλεύουσαν,
1488 235 1551 264 ἀλλ’
1581 236 1607 264 ἐν
1635 239 1670 273 τῇ
1686 237 1820 273 ’Λνατολῇ

993 279 1137 315 ἐκελεύσθη
1173 279 1368 317 παραγενέσθαι
1399 280 1466 316 μετὰ
1488 281 1586 312 παντὸς
1616 283 1664 308 τοῦ
1693 283 1820 318 στρατοῦ.

994 321 1209 360 Ἀναλαμϐάνων
1234 325 1284 362 γὰρ
1321 324 1413 351 ἑαυτὸν
1440 324 1470 352 ἐκ
1502 326 1552 360 τῆς
1579 326 1711 363 προτέρας
1736 325 1823 360 ἥττης

995 369 1008 395 6
1037 366 1143 396 Χαϐὃᾶν
1177 369 1318 407 ἀναφέρειν
1344 367 1445 404 ἤρξατο
1483 369 1588 405 πάλιν,
1625 370 1670 398 καὶ
1708 370 1822 407 στρατὸν

994 411 1144 449 ἀξιόμαχον
1171 413 1309 450 ἡθροικὼς
1327 434 1334 447 ,
1363 412 1550 450 προσδόκιμος
1580 415 1612 448 ἦν
1647 414 1823 449 ἐπιθήσεσθαι

993 459 1051 488 τοῖς
1073 456 1216 493 Ῥωμαίων
1244 456 1360 495 ἄρχουσί
1384 468 1413 485 τε
1434 458 1479 485 καὶ
1503 457 1670 496 πράγμασιν.
1688 457 1767 486 Ἀλλ’
1795 458 1823 486 ἐν

994 501 1079 539 Συρίᾳ
1094 502 1239 538 γενόμενος
1266 502 1279 528 6
1302 505 1411 537 Φωκᾶς,
1435 502 1480 529 καὶ
1498 501 1610 538 σταδαίᾳ
1627 503 1703 541 μάχῃ
1724 502 1822 531 τοῦτον

993 545 1170 583 τρεψάμενος,
1196 546 1240 573 καὶ
1261 546 1329 574 κατὰ
1356 546 1454 583 κράτος
1479 548 1598 582 ἡττήσας
1613 569 1620 581 ,
1655 548 1698 575 καί
1727 548 1765 579 είς
1789 549 1824 575 τὰ

994 589 1121 628 ἱνδότιρα
1144 593 1195 625 τῆς
1216 593 1315 628 Συρίας
1331 591 1480 626 ἀπελάσας,
1506 593 1555 626 τὴν
1582 591 1663 619 πόλιν
1691 592 1822 630 Βὲῤῥοιαν

994 634 1155 672 ἐξεπόρθησε
1171 633 1237 672 δίχα
1251 639 1301 670 τῆς
1316 631 1502 671 ἆκροπόλεως,
1517 636 1562 663 καὶ
1588 635 1675 664 πολὺν
1701 637 1822 664 πλοῦτον

994 678 1068 706 λείαν
1083 680 1128 707 καὶ
1153 679 1350 717 αίχμαλώτους
1376 678 1481 714 ἔλαϐεν,
1500 680 1683 718 ἐλευθερώσας
1697 681 1741 709 καί
1756 682 1823 713 τοὺς

994 723 1079 751 ἐκεῖσε
1092 721 1221 760 δεσμίους
1232 724 1432 762 κατεχομένους
1441 724 1618 763 Χριστιανοὺς
1632 726 1677 753 καὶ
1692 725 1733 753 ἰπ²
1744 724 1823 753 οἷᾶου

994 767 1144 805 ἐκπέμψας.

1032 813 1059 840 ιε’
1076 811 1104 840 δὲ
1120 812 1244 851 Μαρτίου
1270 814 1368 849 μηνὸς,
1383 817 1434 848 τῆς
1451 815 1472 846 ς’
1501 813 1681 848 ἷνδικτιῶνος,
1712 814 1738 842 ἐν
1766 814 1823 843 ἔτει

993 858 1084 894 (quod,
1099 856 1408 894 ὶτελεύτησιῬωμανὸς
1429 859 1443 885 ὁ
1475 857 1614 896 βασιλεὺς,
1642 857 1708 886 ἐτῶν
1738 859 1824 897 ὑπάρ-

995 912 1053 940 χων
1070 900 1121 936 κδ’,
1141 901 1301 939 βασιλεύσας
1326 902 1371 937 ἔτη
1404 903 1437 939 ιγ’
1453 904 1490 938 (6)
1522 906 1609 939 μῆνας
1635 902 1658 930 δ’
1679 904 1724 931 καὶ
1750 904 1822 940 ἡμά-

996 956 1044 984 ρας
1060 947 1088 981 ε’,
1118 947 1156 977 ὡς
1188 946 1234 982 μέν
1264 957 1345 980 τινες,
1365 947 1397 974 τὸ
1413 947 1509 974 ἑαυτοῦ
1526 947 1633 985 σαρκίον
1650 958 1822 985 προκατανα-

996 990 1087 1022 λώσας
1116 993 1175 1021 ταῖς
1191 990 1343 1029 αῗ’σχίσταις
1358 991 1402 1018 καὶ
1427 990 1587 1030 φιληδόννις
1616 993 1752 1029 πράξεσιν,
1784 993 1824 1024 ὡς

997 1034 1124 1074 δ’ἓτερος
1141 1032 1200 1073 ἔχει
1228 1035 1322 1074 λόγος,
1353 1037 1506 1075 φαρμάκοις
1535 1036 1695 1075 ἀναιρεθείς.
1725 1036 1823 1065 Διαδὲ-

998 1090 1094 1117 χονται
1124 1079 1153 1107 δὲ
1180 1081 1229 1115 τήν
1246 1080 1328 1108 αὐτοῦ
1346 1080 1484 1117 βασιλείαν
1503 1081 1643 1112 Βασίλειος
1670 1081 1714 1109 καὶ
1744 1083 1827 1110 Κων-

999 1127 1136 1155 σταντῖνος
1162 1125 1187 1152 οὶ
1217 1123 1311 1156 παῖδες
1336 1125 1418 1152 αὐτοῦ
1446 1125 1492 1152 σὺν
1519 1128 1652 1164 Θεοφανοῖ
1673 1128 1708 1163 τῇ
1740 1126 1826 1164 μητρὶ

998 1169 1139 1206 τεχθείσης
1159 1168 1233 1205 αύτῷ
1251 1169 1296 1196 καὶ
1324 1170 1456 1207 θυγατρὸς
1484 1170 1536 1207 πρὸ
1564 1169 1611 1198 δύο
1634 1170 1745 1208 ἡμερῶν
1774 1175 1827 1206 τῆς

1000 1213 1081 1241 αὐτοῦ
1109 1213 1261 1249 τελευτῆς,
1291 1214 1321 1248 ἣν
1353 1214 1444 1241 ’Δνναν
1474 1215 1617 1251 ὠνόμασαν
1636 1238 1642 1244 .
1675 1216 1726 1243 Ἦν
1756 1214 1785 1243 δὲ
1813 1216 1828 1243 ὁ

999 1259 1150 1294 Ῥωμανὸς,
1168 1258 1250 1295 μέγας
1264 1259 1313 1293 τὴν
1330 1257 1453 1293 ἡλικίαν,
1483 1259 1506 1286 εἰ
1530 1260 1575 1286 καὶ
1590 1259 1710 1287 ἐλάττων
1725 1260 1758 1294 ἦν
1773 1262 1824 1288 τοῦ

998 1304 1110 1340 πατρὸς,
1139 1303 1170 1330 τὸ
1199 1303 1266 1337 ἦθος
1293 1304 1396 1340 ἡμερον
1425 1302 1497 1340 ἔχων
1523 1303 1567 1331 καὶ
1592 1307 1689 1341 πρᾶον,
1720 1304 1764 1331 καὶ
1794 1305 1829 1332 τὸ

1000 1347 1128 1386 φρόνημα
1155 1347 1274 1384 μέτριον.
1306 1347 1408 1385 Καίπερ
1439 1346 1468 1375 δὲ
1483 1348 1542 1379 νέος
1559 1346 1607 1382 ὢν,
1622 1348 1753 1386 ἀγχίνους
1777 1349 1824 1383 ἦν,

999 1391 1043 1419 καὶ
1075 1391 1147 1426 ὀξὺς,
1178 1391 1222 1418 καὶ
1259 1392 1293 1419 τὰ
1318 1391 1448 1419 πολιτικὰ
1485 1389 1616 1430 κυϐερνᾷν
1646 1392 1824 1429 ἱκανώτατος,

1001 1435 1074 1473 εἰπερ
1091 1434 1141 1473 ἄρα
1156 1439 1338 1474 συνεχωρεῖτο
1352 1436 1425 1473 παρὰ
1453 1439 1506 1464 τῶν
1533 1435 1715 1474 θεραπόντων.
1740 1436 1830 1466 Ἀλλὰ

999 1483 1094 1508 τοῦτον
1112 1481 1138 1507 οἱ
1163 1479 1325 1507 οἰκειότατοι
1349 1483 1408 1511 ταῖς
1429 1484 1479 1515 τῆς
1493 1481 1620 1517 νεότητος
1647 1480 1831 1514 ἐκδεδωκότες

1002 1526 1112 1562 ὁρμαῖς,
1125 1523 1161 1551 τίν’
1187 1525 1284 1552 ἐκεῖνοι
1308 1524 1342 1551 τὰ
1363 1525 1442 1552 κοινὰ
1465 1525 1602 1562 μετιόντες
1616 1525 1735 1554 πλοῦτον
1756 1527 1830 1565 ἄφα-

121 1579 178 1607 que
194 1571 247 1599 hac
262 1570 375 1598 ratione
388 1578 455 1598 eum
471 1569 609 1605 ignavum
634 1572 662 1598 et
684 1570 808 1598 inertem
825 1569 940 1605 redege-

1035 1580 1044 1596 ν
1075 1569 1341 1607 ἀποθησαυρίσωσιν,
1366 1569 1541 1607 ἀνενὲργητον
1565 1569 1609 1597 καὶ
1639 1569 1827 1605 ἀνεπιτήδειον

121 1617 201 1643 runt.

156 1660 264 1688 Eadem
280 1660 298 1687 6
313 1659 484 1693 indictione,
497 1667 597 1686 mense
609 1658 796 1694 Aprilijussu
808 1659 946 1695 Augustae

119 1704 303 1740 Nicephorus
318 1704 430 1732 Phocus
455 1703 558 1739 Cpolin
588 1703 678 1737 venit,
707 1703 845 1739 Josepbo,
873 1704 949 1734 utet

120 1751 198 1784 ante,
215 1757 250 1777 ne
265 1748 320 1776 hoc
336 1749 419 1776 ﬁeret
433 1748 577 1776 obstante.
602 1747 690 1775 Duxit
718 1748 901 1784 triumphum
916 1747 947 1774 in

119 1794 347 1827 Circo,inl‘erens
363 1793 393 1820 in
406 1800 439 1820 eo
455 1792 606 1821 Cretensia
616 1794 645 1820 et
660 1792 862 1821 Berrhceensis
877 1801 946 1828 spo-

119 1838 160 1867 lia
185 1838 292 1866 Attulit
320 1841 349 1865 et
380 1839 494 1873 partem
522 1837 679 1872 quamdam
708 1837 799 1864 vestis
825 1837 947 1864 Joannis

121 1883 272 1919 Baptista),
306 1890 396 1918 quem
421 1881 562 1910 Berrhmze
597 1882 756 1917 repositam
786 1881 945 1909 invenerat.

122 1928 270 1956 Metuebat
284 1927 362 1955 hunc
374 1927 495 1962 Bringas
507 1929 536 1954 et
547 1929 718 1961 suspectum
734 1926 863 1953 habebat
876 1934 882 1953 :
895 1927 946 1954 sed

122 1972 304 2008 Nicephorus
320 1979 387 1999 eum
404 1971 508 1998 callide
522 1971 611 1998 elusit
624 1970 679 1997 hoc
692 1970 945 1998 commento.Pho-

122 2026 182 2050 cas,
193 2017 271 2044 846
286 2018 438 2051 assumpto
454 2023 513 2043 uno
533 2023 655 2042 suorum
684 2014 872 2050 stipatorum,
889 2015 944 2042 sub

120 2062 224 2090 horam
241 2060 355 2097 prandii
372 2060 406 2088 ad
422 2059 542 2087 domum
570 2059 691 2094 Josephi
722 2066 785 2086 sese
810 2058 942 2087 confert:

120 2105 246 2142 pulsatis
256 2104 498 2139 foribus,janitori
509 2104 628 2131 mandat
637 2108 666 2131 ut
674 2111 705 2131 se
711 2103 813 2131 adesse
824 2103 943 2132 domino

118 2148 523 2183 indicet.AdmissusJosepho
529 2147 651 2176 seorsim
657 2148 784 2175 abducto
791 2148 941 2176 indusium

119 2202 152 2222 ex
168 2194 235 2229 pilis
251 2195 420 2221 contextum
436 2193 574 2227 ostendit,
592 2193 819 2227 juramentoqna
834 2193 941 2220 conﬁr-

118 2241 179 2267 mat
194 2246 225 2267 se
240 2238 306 2265 vitae
322 2237 491 2265 monasticm
501 2237 640 2272 cupidum
650 2237 826 2272 jampridem
838 2237 939 2265 fuisse:
956 2249 979 2281 Ι)

115 2292 178 2312 eam
195 2283 285 2319 hujus
301 2282 399 2310 seaculi
423 2281 502 2310 curis
527 2281 689 2317 repudiatis
714 2281 866 2315 initurum,
882 2282 939 2310 nisi

114 2327 222 2356 fuisset
234 2326 332 2355 studio
343 2329 371 2354 et
385 2326 442 2354 lida
456 2326 485 2353 in
495 2325 720 2354 Constantinum
736 2328 765 2353 et
776 2326 941 2354 Romanum

115 2381 171 2399 sua
185 2371 413 2407 impeditus.Sed
430 2378 460 2398 se
472 2370 559 2406 paulo
576 2372 642 2406 post
657 2370 834 2398 desiderium
852 2379 938 2398 suum

115 2415 656 2452 impleturum.Submissecontendere
667 2415 773 2448 abipso
786 2423 820 2443 ne
833 2416 940 2443 frustra

115 2462 151 2489 de
166 2469 197 2489 se
211 2460 340 2488 alienum
354 2459 463 2495 aliquid
479 2460 655 2495 suspicetur.
671 2460 729 2488 Hoc
744 2460 805 2488 viso
817 2461 939 2497 Bringas

114 2505 215 2533 statim
230 2504 332 2532 Phocis
343 2504 379 2531 sd
395 2503 484 2539 pedes
499 2504 604 2531 accidit
619 2507 648 2531 et
667 2504 781 2531 veniam
798 2504 939 2541 ﬂagitavit

114 2549 263 2586 pollicitus
279 2547 389 2576 nemini
404 2555 435 2575 se
451 2547 612 2584 quidquam
630 2548 666 2575 de
681 2556 714 2575 eo
730 2548 868 2576 deferenti
880 2557 939 2577 cre-

114 2593 256 2622 diturum.
268 2592 416 2621 Metuebat
424 2592 699 2629 etiamSlephanum
707 2592 830 2621 Romani
843 2593 935 2622 ﬁlium

1000 1613 1170 1652 ἀπεφήναντο
1175 1635 1181 1642 .

1038 1656 1193 1694 Ἀπριλλίῴ
1235 1657 1263 1685 δὲ
1294 1657 1377 1694 μηνὶ,
1402 1661 1452 1693 τῆς
1483 1658 1566 1693 αὐτῆς
1595 1659 1617 1691 ς’
1647 1658 1828 1694 ἷνδικτιῶνος,

1002 1701 1109 1730 εἷ’σεισιν
1139 1703 1153 1730 6
1183 1705 1281 1733 Φωκᾶς
1312 1702 1468 1741 Νικηφόρος
1493 1705 1527 1735 τῆ
1543 1704 1591 1737 τῆς
1608 1701 1752 1738 δεσποίνης
1780 1714 1830 1731 κε-

1003 1746 1102 1780 λεύσει,
1131 1749 1179 1774 τοῦ
1202 1747 1301 1786 Ἰωσὴφ
1324 1747 1444 1785 καθάπερ
1476 1748 1520 1774 καὶ
1546 1747 1631 1775 πάλαι
1659 1747 1830 1784 κωλύοντος,

1002 1791 1027 1819 ἐν
1045 1791 1341 1819 Κωνσταντινουπόλει·
1371 1792 1416 1819 καὶ
1446 1791 1498 1820 ἀπὸ
1513 1794 1566 1820 τῶν
1584 1791 1613 1819 ἐκ
1638 1796 1688 1827 τῆς
1715 1794 1830 1829 Κρήτης

1002 1836 1129 1874 λαφύρων
1146 1836 1189 1863 καὶ
1214 1839 1263 1870 τῆς
1287 1835 1418 1874 Βερῥοίας
1442 1834 1633 1873 ἐθριάμϐευσεν
1657 1836 1683 1864 ἂν
1712 1838 1751 1873 τῷ
1781 1838 1831 1865 ἱπ-

1001 1878 1135 1917 ποδρόμῳ
1168 1879 1283 1916 κομίσας
1313 1880 1358 1908 καὶ
1398 1881 1478 1919 μέρος
1507 1891 1533 1908 τι
1567 1883 1616 1909 τοῦ
1640 1882 1753 1919 ἱματίου
1779 1884 1832 1910 τοῖ’)

1001 1926 1154 1953 Βαπτιστοῦ
1191 1924 1342 1960 Ἰωάννου,
1380 1925 1445 1963 ὅπερ
1484 1925 1556 1963 ιῦρεν
1595 1925 1620 1953 ἐν
1648 1929 1681 1961 τῆ
1711 1926 1832 1964 Βερῥοίᾳ

1000 1969 1218 2006 ἐναποκείμενον.
1249 1971 1290 2004 [Ρν
1312 1970 1375 2005 646]
1398 1972 1498 1998 Τοῦτον
1529 1969 1558 1997 δὲ
1593 1969 1687 1998 ἐδεδίει
1716 1971 1761 1998 καὶ
1793 1970 1832 1998 δι’

1001 2014 1116 2051 ὑποψίας
1132 2015 1203 2051 εἶχεν
1229 2015 1243 2041 6
1269 2014 1396 2052 Βρίγγας·
1424 2013 1488 2042 ἀλλ’
1518 2014 1646 2046 ὑπούλως
1663 2014 1742 2046 οὗτος
1761 2016 1829 2043 ὑπο-

997 2058 1159 2096 κρενάμενος
1175 2058 1337 2095 ἐξαπατῆσαι
1366 2061 1461 2086 τοῦτον
1493 2058 1588 2098 ἴσχυσε
1607 2058 1701 2098 τρόπῳ
1715 2060 1829 2097 τοιῷδε.

998 2105 1062 2132 Ἕνα
1085 2103 1146 2131 τινὰ
1168 2106 1220 2131 τῶν
1250 2104 1422 2131 ὑπασπιστῶν
1451 2103 1574 2142 εἰληφὼς
1596 2105 1610 2132 6
1637 2108 1736 2136 Φωκᾶς
1763 2107 1828 2144 περὶ

998 2148 1068 2186 ὥραν
1089 2148 1199 2186 ἀρίστου
1224 2148 1261 2179 είς
1287 2148 1331 2175 τὸν
1359 2148 1433 2175 οἶκον
1461 2148 1550 2176 ἄπεισι
1578 2151 1627 2176 τοῦ
1643 2150 1754 2188 Ἰωσὴφ,
1781 2151 1830 2177 καὶ

994 2192 1080 2229 κόψας
1105 2193 1154 2226 τὴν
1184 2192 1264 2230 θύραν
1297 2192 1370 2223 ὅστις
1402 2192 1442 2228 εἴη
1491 2193 1601 2229 μηνύειν
1638 2193 1761 2221 ἐκέλευσε
1786 2197 1830 2230 τῷ

995 2238 1116 2274 θυρωρῷ,
1161 2236 1334 2271 Μηνύσαντος
1370 2236 1399 2264 δὲ
1431 2236 1582 2269 κελευσθεὶς
1613 2237 1750 2271 ἐπείσεισι,
1779 2240 1827 2266 καὶ

994 2282 1054 2309 κατ’
1081 2280 1150 2308 ἰδίαν
1179 2279 1345 2317 παραλαϐὼν
1379 2281 1424 2308 τὸν
1454 2282 1555 2319 Ἰωσὴφ
1585 2280 1719 2310 δείκνυσιν
1748 2283 1827 2311 αὐτῶ

993 2326 1114 2364 τρίχινον
1129 2322 1243 2362 ἔνδυμα,
1261 2325 1326 2362 ὅπερ
1344 2324 1449 2353 ἔνδοθεν
1474 2328 1528 2353 τῶν
1544 2326 1661 2362 ἱματίων
1675 2327 1824 2366 ἠμφίεστο²

994 2369 1038 2397 καὶ
1056 2371 1114 2406 μεθ’
1137 2370 1224 2406 ὅρκων
1239 2368 1466 2408 ἐπληροφὸρησεν
1490 2370 1527 2401 ὡς
1543 2371 1592 2405 τὴν
1608 2373 1662 2398 τῶν
1693 2374 1823 2409 μοναχῶν

993 2414 1181 2451 ἀσπαζόμενος
1213 2413 1351 2441 πολιτείαν
1391 2413 1476 2441 πάλαι
1513 2414 1544 2442 ἂν
1580 2413 1758 2453 περιεϐάλετο
1791 2417 1824 2444 τὸ

993 2463 1090 2496 σχῆμα
1112 2458 1157 2486 καὶ
1180 2460 1232 2485 τῶν
1265 2458 1400 2496 βιωτικῶν
1427 2458 1589 2497 ὑπεξήγαγιν
1614 2459 1707 2487 ἑαυτὸν
1736 2470 1823 2499 φρον-

991 2503 1085 2539 τίδων,
1110 2503 1132 2530 εἱ
1158 2503 1195 2539 μὴ
1222 2501 1334 2540 ἐπέσχεν
1363 2502 1442 2530 αὐτὸν
1467 2504 1484 2538 ἡ
1506 2505 1558 2530 τῶν
1578 2502 1714 2541 βασιλέων
1738 2515 1823 2542 προσ-

991 2549 1089 2575 πάθεια
1123 2547 1324 2575 Κωνσταντίνου
1358 2547 1403 2574 καὶ
1426 2548 1592 2584 Ῥωμανοῦ,
1627 2548 1672 2575 καὶ
1708 2547 1821 2585 μέλλειν

991 2592 1053 2620 ὅσον
1070 2592 1147 2620 οὔπω
1167 2592 1211 2619 τὸν
1238 2591 1337 2619 οἰκεῖον
1363 2591 1539 2630 ἐκπληρῶσαι
1564 2593 1675 2620 σκοπόν·
1706 2593 1750 2620 καὶ
1782 2594 1822 2630 μή

705 2660 888 2689 XYLANDRI
907 2662 954 2690 ET
974 2661 1084 2690 GOARI
1104 2660 1219 2689 NOT/E.

146 2720 186 2755 (6)
202 2719 318 2747 Falsum
335 2726 401 2746 esse
425 2718 501 2755 hanc
531 2718 713 2746 numeralem
743 2721 853 2753 notam,
880 2728 937 2747 non

111 2754 241 2784 Zonaras
257 2755 407 2788 modo,sed
424 2754 518 2782 multo
534 2755 642 2782 certius
657 2762 848 2782 numerorum
865 2755 939 2783 ratio

113 2793 207 2821 docet.
225 2791 329 2820 Confer
344 2791 422 2819 enim
439 2791 518 2819 hunc
533 2798 643 2818 annum
655 2798 723 2819 cum
743 2799 819 2819 anno
836 2791 886 2827 qui
902 2791 938 2819 ad

995 2721 1118 2746 mortem
1131 2717 1316 2747 Constantini
1332 2718 1422 2753 patris
1439 2719 1503 2754 ejus
1518 2720 1563 2746 est
1587 2719 1757 2754 adnotatus,
1774 2720 1822 2748 in-

994 2755 1093 2819 ;{enies
1110 2754 1456 2783 intervallum‘annorum
1482 2763 1539 2783 non
1568 2755 1697 2791 amplius
1715 2756 1820 2784 trium.

1023 2799 1067 2819 γι..

1023 2799 1067 2819 Υι..
