1936 3048
129 121 170 152 83
805 120 964 152 GEORGII
986 120 1157 152 GEDRENI
1799 120 1839 150 84

170 188 272 216 Fertur
295 189 325 215 et
346 187 422 216 alius
452 187 509 215 hac
533 188 569 216 de
593 196 634 220 re,
662 187 747 224 isque
780 187 958 223 probabilior

1050 187 1098 214 Καὶ
1130 188 1169 219 εἷς
1199 187 1247 223 μὲν
1275 186 1357 225 λόγος
1385 187 1491 226 φέρεται
1521 184 1621 222 οὕτως,
1649 184 1740 224 ἕτερος
1768 184 1808 220 Si,
1825 186 1839 213 ὁ
1876 192 1879 195 ‘

134 240 232 261 sermo
247 241 254 260 :
268 232 447 268 jampridem
464 240 531 260 eum
548 231 710 268 cupiditate
724 231 851 268 imperii,
868 241 962 268 neque

134 279 234 305 tamen
247 279 308 305 tam
324 277 414 313 hujus
429 285 517 313 quam
528 277 725 313 Theophanus
736 278 871 313 Augusta:
883 286 962 305 amo-

136 330 168 349 re
184 321 335 358 ﬂagrasse,
351 329 419 349 cum
435 330 492 357 qua
517 324 545 350 et
560 321 722 350 collocutus
747 322 833 350 fuerit
848 331 915 350 cum
931 323 960 350 in

136 367 207 394 urbe
223 369 332 402 ageret,
349 368 377 394 et
393 375 470 402 saepe
496 367 531 395 ad
550 375 614 394 eam
638 367 814 394 Michaelum
839 375 961 395 suorum

134 410 314 439 famulorum
341 411 519 439 fidissimum
549 411 682 440 miserit:
706 411 795 447 idque
823 411 961 448 Bringam

135 455 376 491 deprehendisse,
392 458 421 484 et
435 456 472 484 ob
486 455 516 484 id
531 456 717 492 suspiciones
741 456 881 484 adversus
894 465 962 485 eum

137 500 316 536 concepisse.

172 543 380 580 Designatione
402 544 504 573 Phocus
528 545 609 582 Cpoli
625 546 798 574 annuntiata
816 546 963 582 rebusque

137 589 331 624 conturbatis,
346 589 504 625 Josephus,
521 590 571 626 qui
596 599 695 618 ruram
718 590 850 618 omnium
867 599 964 619 rerum

139 633 314 668 sustinebat,
331 633 421 661 animi
437 634 611 670 augebatur,
629 643 724 671 neque
747 635 820 663 satis
835 635 963 663 invenie-

139 678 188 705 bat
204 677 275 713 quid
287 678 400 705 consilii
412 681 594 715 sequeretur,
610 688 677 707 cum
693 687 728 707 ne
752 680 829 707 cives
845 680 963 715 quidem

141 722 166 750 ei
182 722 256 750 bene
271 722 388 757 vellent,
402 723 510 758 quibus
525 732 556 751 se
571 724 653 752 aditu
670 724 820 752 difﬁcilem
837 725 964 761 praebere

141 767 351 795 commovisset.
368 768 440 795 Cum
463 770 561 796 autem
577 769 653 796 349
678 769 869 804 Nicephorus,
897 770 964 797 uni-

142 820 225 839 verso
236 811 363 840 exercitu
374 812 480 840 faustis
490 812 749 841 acclamationibus
759 816 962 849 prosequente,

1015 242 1060 259 και
1077 230 1166 259 δοκῶν
1186 231 1376 269 ἀληθέστερος,
1397 232 1435 262 ὡς
1458 231 1546 259 πολὺν
1567 230 1648 259 ὥδινε
1671 231 1773 268 χρόνον
1787 231 1838 265 τήν

1015 280 1064 311 τῆς
1096 276 1235 313 βασιλείας
1265 276 1420 313 ἐπιθυμίαν,
1441 277 1487 304 καὶ
1511 276 1541 303 οὗ
1563 278 1692 304 τοσοῦτον
1715 275 1793 303 αὐτὸν
1824 276 1838 303 ὁ

1015 321 1115 356 ταύτης
1130 319 1199 357 ἔρως
1219 320 1359 360 ἑξέφλιγεν
1385 320 1447 348 ὅσον
1471 322 1485 348 ὁ
1508 324 1558 355 τῆς
1576 319 1717 358 βασιλίδος
1732 323 1838 359 Θεοφα-

1016 368 1088 401 νοῦς,
1103 363 1249 403 ἐντυχόντα
1275 376 1305 393 τε
1329 366 1397 401 αὐτῇ
1419 365 1463 393 ὅτε
1494 367 1528 402 τῇ
1556 364 1733 402 βαςιλευούσῃ
1751 363 1838 402 διῆγε,

1016 410 1061 437 καὶ
1072 409 1207 441 πολλάκις
1223 411 1290 448 πρὸς
1314 409 1397 444 αύτὴν
1418 409 1595 446 ἔκπὲμψαντα
1609 410 1654 437 τὸν
1672 409 1838 437 οἰκειότατον

1018 455 1155 493 ὐπηρέτην
1186 454 1268 482 αὐτοῦ
1296 453 1423 492 Μιχαήλ.
1449 456 1536 483 Τοῦτο
1565 455 1615 492 γὰρ
1643 455 1840 492 καταφωράσας

1018 500 1032 526 ὁ
1046 499 1160 537 Βρίγγας
1172 499 1301 530 ύπόπτως
1320 497 1434 527 διέκειτο
1450 499 1518 536 πρὸς
1533 498 1625 527 αὐτόν.

1052 547 1107 578 Τῆς
1139 545 1229 572 τοίνυν
1271 543 1445 582 ἀναρρήσεως
1483 543 1565 571 αὐτοῦ
1600 543 1783 583 φημισθείονης
1814 543 1841 571 ἐν

1018 588 1314 624 Κωνσταντινουπόλει,
1340 589 1385 616 καὶ
1409 590 1462 615 τῶν
1492 589 1658 626 πραγμάτων
1678 588 1703 615 ἰν
1733 590 1841 626 ταραχῇ

1017 634 1204 669 καθεστώτων,
1222 634 1235 661 ὁ
1259 635 1309 669 τὴν
1335 632 1467 672 φροντίδα
1493 635 1546 660 τῶν
1571 633 1645 660 ὅλων
1660 634 1844 670 ἀνεζωσμένος

1018 678 1119 717 Ἰωο-ἧφ
1153 678 1261 716 ἠγωνία
1286 678 1331 706 καὶ
1361 677 1521 716 διηπορεῖτο
1550 677 1677 717 αφοδρῶς
1706 677 1721 705 ὅ
1746 688 1773 704 τι
1797 677 1842 705 καὶ

1020 721 1151 760 δράσειεν,
1181 723 1222 750 δτι
1253 721 1323 759 μηδὶ
1348 726 1407 754 τοῖς
1438 722 1566 754 πολίταις
1595 721 1687 754 εὔνους
1703 723 1737 757 ἦν
1751 721 1796 750 διὰ
1809 722 1841 750 τὸ

1020 765 1219 796 δυσέντευκτον.
1249 767 1436 799 Κατελθόντος
1464 766 1493 794 δὲ
1515 766 1540 794 ἒν
1564 767 1752 805 Χρυσουπόλει
1774 767 1842 803 μετᾶ

1019 813 1118 843 παντὸς
1139 814 1187 839 τοῦ
1212 815 1325 850 στρατοῦ
1349 812 1507 851 Νικηφόρου
1530 813 1580 839 τοῦ
1605 814 1688 839 Φωκᾶ
1713 812 1771 848 μετ’
1795 811 1840 839 εὗ-

143 855 331 892 Chrysopoiin
357 856 494 892 venisset,
511 858 546 885 de
562 857 738 893 imperatam
762 858 861 894 aliquo
884 859 958 887 desi-

1029 859 1142 895 miitﬁiv,
1167 854 1347 884 ἐϐουλεύσατο
1372 858 1385 884 ὁ
1411 857 1526 894 Βρίγγας
1552 855 1665 895 βασιλέα
1687 856 1748 884 τινὰ
1771 866 1842 894 προ-

143 901 258 937 gnando
272 901 419 937 Josephus
430 901 579 938 cogitavit,
596 905 677 930 ratus
693 911 727 930 ea
742 904 853 931 ratione
867 912 898 932 se
913 904 966 931 im-

145 947 245 981 petum
273 945 402 974 militum
432 949 612 975 retusurum.
639 947 683 975 Ad
714 948 852 975 nuntium
882 957 966 984 porro

142 989 229 1017 delati
246 990 345 1018 Phocae
372 991 488 1027 imperii
504 991 593 1027 hujus
617 994 699 1027 pater
723 993 841 1026 Bardas,
857 995 919 1020 tum
937 993 966 1020 in

141 1035 213 1062 urbe
228 1034 474 1071 degens,supplex
492 1035 521 1063 in
539 1036 678 1072 Magnum
695 1037 851 1073 Templum
866 1039 966 1065 confu-

139 1078 200 1115 git;
218 1079 274 1107 Leo
298 1081 397 1108 autem
413 1080 504 1108 frater
517 1080 682 1116 Nicephori,
699 1081 815 1109 tametsi
830 1084 966 1110 accurate

137 1123 369 1158 custodiebatur,
386 1127 485 1152 tamen
512 1124 588 1152 clam
603 1133 634 1153 se
650 1126 791 1153 subduxit
809 1129 838 1153 et
853 1127 889 1154 ad
905 1127 965 1154 fra-

134 1170 209 1195 trem
221 1169 362 1204 pervenit.
379 1169 430 1197 His
441 1169 483 1197 ita
495 1169 568 1197 actis
580 1169 708 1197 concidit
721 1171 819 1198 animo
830 1171 963 1207 Bringas,

134 1214 163 1240 et
178 1213 207 1240 in
223 1213 350 1241 summis
365 1213 452 1241 haesit
467 1213 767 1243 difﬁcultatibus.Non
783 1215 861 1243 enim
877 1219 964 1252 aptus

134 1260 196 1285 erat
210 1257 246 1285 ad
258 1257 484 1286 demulcendam
495 1258 669 1294 periculosis
680 1261 864 1295 temporibus
887 1260 963 1288 mul-

133 1302 357 1337 titudinem,sed
366 1303 416 1330 ubi
424 1304 576 1339 oportebat
583 1303 695 1333 blandis
702 1305 890 1334 sermonibus
897 1307 964 1334 adu'

135 1345 282 1382 landoque
297 1355 362 1374 eam
377 1347 657 1385 demitigare,magis
673 1351 863 1385 exasperabat
875 1353 962 1384 atque

136 1391 282 1418 irritabat.
309 1391 352 1419 Ita
376 1394 439 1419 tum
465 1400 582 1428 quoque
606 1393 743 1421 omnibus
768 1394 797 1421 in
823 1394 960 1430 Magnum

134 1435 291 1471 Templum
316 1436 570 1472 concurrentibus,
587 1438 722 1473 superbis
747 1440 834 1474 atque
849 1439 961 1474 asperis

134 1479 229 1507 verbis
246 1480 388 1516 populum
412 1483 444 1508 ut
459 1484 632 1516 perterreret
647 1490 654 1510 :
671 1483 741 1518 Ego,
758 1483 864 1518 inquit,
881 1492 960 1511 com-

134 1532 254 1560 pescam
265 1527 392 1552 vestram
405 1525 542 1553 ferociam
554 1529 642 1562 atque
651 1527 880 1562 impudentiam:
891 1537 956 1556 nam

132 1569 260 1596 efﬁciam
275 1570 307 1596 ut
323 1569 400 1605 quod
418 1578 470 1605 pro
490 1570 667 1599 nomismate
682 1571 790 1599 emitur
804 1572 956 1606 frumenti,

131 1614 161 1641 in
177 1612 245 1641 sinu
260 1612 347 1641 liceat
361 1615 486 1649 portare.
505 1625 518 1639 ››
535 1615 638 1643 Actum
654 1615 709 1644 hoc
724 1616 771 1644 die
792 1617 955 1653 Dominica,

132 1666 210 1685 nona
232 1658 366 1693 Augusti.
384 1658 505 1694 Vesperi
522 1659 612 1695 hujus
636 1660 730 1696 ipsius
756 1661 813 1689 diei
829 1662 957 1690 Basilius

132 1702 318 1730 Constantini
333 1702 519 1738 imperatoris
543 1704 743 1733 cubicularius
758 1706 892 1741 intimus,
907 1707 956 1734 Jo-

133 1747 224 1782 sepho
233 1746 572 1782 infensissimus,amicis
587 1757 619 1776 ac
629 1749 802 1786 propinquis
813 1751 876 1779 suis
887 1759 956 1779 suos

135 1791 299 1827 adjungens
324 1792 401 1821 850
419 1793 556 1827 famulos,
573 1802 625 1830 per
638 1794 746 1822 multas
763 1795 844 1823 urbis
859 1799 956 1832 partes

132 1835 255 1863 dimittit
268 1836 299 1864 in
324 1837 558 1865 adversariorum
583 1839 696 1867 domos.
714 1838 736 1867 li
751 1848 768 1867 a
783 1840 879 1875 prima
898 1841 956 1868 diei

131 1879 207 1908 lunai
231 1880 304 1910 hora
319 1890 414 1917 usque
429 1882 466 1909 ad
481 1886 593 1911 sextam
618 1883 761 1919 plurimas
781 1885 887 1913 civium
905 1886 955 1913 do-

131 1933 205 1960 mos,
230 1925 366 1962 interque
389 1927 441 1954 bas
464 1927 585 1963 Josephi
612 1928 655 1956 vel
681 1929 867 1965 praecipuam,
894 1929 956 1958 solo

129 1972 330 2006 aequaverunt.
356 1972 456 2006 Neque
480 1973 597 1999 tantum
621 1971 782 2000 illustrium
808 1976 837 2002 et
858 1974 888 2001 in
915 1983 957 2002 re-

129 2013 249 2050 publica
263 2014 446 2043 Versantium
463 2015 549 2049 aedes,
564 2024 665 2044 eorum
682 2018 732 2052 qui
748 2019 895 2046 adversari
912 2019 955 2046 vi-

128 2058 339 2093 debantur,sed
355 2061 383 2086 et
398 2059 568 2088 tenuiorum
580 2061 740 2089 innumerae
751 2062 954 2090 diruebantur.

129 2103 162 2130 Et
175 2102 200 2130 si
215 2103 262 2130 cui
278 2103 348 2131 olim
364 2103 476 2139 aliquid
501 2113 568 2132 cum
585 2105 676 2133 altero
700 2106 854 2134 discordiae
869 2107 957 2135 inter-

130 2147 280 2182 cessisset,
309 2147 335 2175 is
361 2150 424 2176 tum
454 2149 572 2177 turbam
601 2150 827 2186 incompositam
855 2160 955 2179 secum

127 2191 249 2220 trahens
265 2191 382 2220 nemine
408 2192 542 2222 obstante
557 2203 624 2222 eum
649 2195 798 2230 perdebat.
814 2195 955 2232 Multique

1022 899 1161 930 ϐαλέσθαι,
1180 900 1225 928 διὰ
1238 901 1336 929 τούτου
1359 901 1485 938 οἶομενος
1506 901 1552 929 τὸν
1574 901 1654 929 τόνον
1671 900 1781 929 ἐκλῦσαι
1791 903 1842 933 τῆς

1022 946 1112 983 ὁρμῆς
1134 948 1182 974 τοῦ
1212 949 1337 984 στρατοῦ.
1366 944 1441 977 Τέως
1470 945 1499 973 8‘s
1526 950 1576 980 τῆς
1603 945 1788 983 ἀκαρῥήσιως,
1805 947 1844 977 ὡς

1022 990 1147 1026 εἴπομεν,
1163 993 1211 1018 τοῦ
1232 994 1316 1018 Φωκᾶ
1339 992 1499 1029 γενομένης,
1523 990 1626 1028 Βάρδας
1652 991 1698 1027 μὲν
1716 991 1729 1018 ὁ
1742 990 1843 1018 τούτου

1021 1036 1110 1073 πατὴρ
1138 1034 1230 1073 (ἔτυχε
1271 1037 1322 1074 γὰρ
1360 1034 1491 1073 ἐνδημῶγ
1526 1037 1560 1072 τῇ
1592 1033 1724 1073 βασιλίδι)
1753 1035 1843 1070 ἱκέτης

1021 1079 1173 1117 εἰσέρχεται
1196 1080 1264 1117 πρὸς
1289 1084 1338 1115 τῆν
1359 1078 1487 1117 Μεγάλην
1512 1079 1657 1114 ἐκκλησίαν
1677 1091 1683 1097 ·
1712 1080 1787 1107 Λὲυιν
1814 1078 1843 1107 δὲ

1020 1124 1034 1151 ὁ
1059 1123 1160 1151 ἐκείνου
1190 1123 1318 1163 ἀδελφὸς,
1354 1124 1451 1161 καίπερ
1477 1123 1680 1164 φυλαττόμενος
1709 1121 1841 1161 ἀκριϐῶς,

1021 1167 1110 1200 λαθὼν
1139 1168 1242 1206 ἀπέδρα
1269 1169 1313 1196 καὶ
1342 1171 1382 1205 τῷ
1406 1168 1497 1205 οἷ’κειῳ
1526 1169 1618 1204 ἡνώθη
1647 1169 1779 1206 ὁμαίμονι
1802 1167 1841 1196 Οὗ

1018 1213 1163 1250 γενομένου
1188 1212 1303 1251 παρείθη
1319 1214 1368 1248 τήν
1393 1214 1486 1251 ψυχὴν
1511 1213 1555 1241 καὶ
1572 1212 1598 1240 ἐν
1613 1213 1684 1250 πάσῃ
1698 1212 1842 1250 ἀμηχανίᾳ

1017 1257 1063 1285 καί
1093 1255 1171 1295 φόϐῳ
1199 1258 1313 1293 κατέστη
1342 1258 1356 1286 ὁ
1383 1257 1510 1296 Βρίγγας.
1534 1258 1584 1286 Ἦν
1609 1257 1659 1295 γὰρ
1687 1258 1731 1284 καὶ
1748 1258 1841 1285 ἀνεπι-

1016 1300 1125 1337 τήδειος
1157 1303 1192 1339 (9)
1221 1302 1246 1329 ἐν
1269 1304 1375 1340 καιροῖς
1398 1301 1542 1333 δυσκόλοις
1567 1299 1653 1339 ὄχλον
1677 1303 1841 1329 κοΛακεῦσαι

1016 1346 1060 1373 καὶ
1076 1345 1343 1385 καταδημαγωγῆσαι
1371 1347 1500 1381 πλῆθος·
1528 1345 1587 1374 δέον
1617 1346 1669 1383 γὰρ
1693 1347 1841 1382 προσηνέσι

1017 1389 1112 1429 λόγοις
1126 1391 1170 1418 καὶ
1186 1392 1363 1422 Θωπευτικοῖς
1379 1392 1428 1426 τὴν
1452 1393 1501 1418 τοῦ
1513 1390 1636 1426 πλήθους
1651 1390 1840 1427 καταμαλάξαι

1015 1435 1105 1472 ὁρμὴν
1122 1437 1195 1472 [648]
1225 1436 1239 1463 ὁ
1264 1434 1292 1463 δὲ
1320 1435 1425 1472 μᾶλλον
1451 1435 1607 1473 ἐξετράχυνε
1635 1436 1680 1463 καὶ
1704 1434 1835 1473 ἠγρίωσε.

1017 1481 1126 1508 Πάντων
1139 1481 1188 1518 γὰρ
1205 1480 1231 1508 ἐν
1255 1482 1290 1517 τῇ
1320 1480 1433 1518 Μιγᾶλῃ
1463 1480 1664 1518 συντρεχόντων
1679 1479 1839 1516 ξκκκλησίᾳ,

1014 1524 1095 1555 αὐτὸς
1118 1525 1150 1552 τὸ
1176 1524 1282 1559 πλῆθος
1306 1523 1472 1561 ἱκδιιματῶν
1493 1524 1593 1562 λόγους
1605 1524 1741 1563 ἐπαφῆκεν
1758 1525 1840 1562 ὑπερ-

1014 1568 1134 1608 ηφάνους
1147 1579 1175 1596 τε
1193 1570 1238 1596 καὶ
1265 1572 1379 1607 τραχεῖς
1395 1579 1402 1586 ’
1423 1580 1434 1594 ι
1449 1569 1530 1607 Ἐγὼ,
1556 1570 1654 1606 φήσας,
1673 1569 1838 1597 καταπαύσω

1013 1613 1088 1650 ὑμῶν
1101 1614 1150 1648 τήν
1175 1614 1328 1650 ἰταμότητα
1354 1614 1400 1642 καὶ
1424 1613 1615 1652 ἀναισχυντίαν
1632 1623 1638 1629 ·
1660 1612 1768 1648 ποιήσω
1783 1614 1835 1652 γὰρ

1010 1659 1056 1686 τὸν
1083 1661 1131 1686 τοῦ
1159 1659 1328 1695 νομίσματος
1354 1658 1527 1695 ὠνουμὲνους
1551 1661 1624 1686 σῖτον
1653 1658 1834 1696 ἀποφέρεσθαι

1012 1702 1037 1730 ἐν
1067 1705 1106 1738 τῷ
1130 1701 1236 1739 κόλπῳ.
1256 1715 1270 1728 ››
1297 1703 1379 1730 Οὸπω
1404 1703 1544 1740 παρῆλθεν
1574 1701 1730 1740 ὁλόκληρος
1744 1703 1835 1741 ἡμέρᾳ

1011 1747 1055 1785 ἀφ’
1081 1747 1112 1774 οὗ
1148 1749 1228 1775 τοῦτο
1267 1747 1358 1785 ε’ίρηκε
1399 1748 1532 1784 (Κυριακὴ
1571 1747 1621 1786 γὰρ
1648 1748 1692 1783 ἦν,
1718 1747 1829 1783 ἐννάτην

1011 1791 1127 1830 ἄγοντος
1154 1795 1202 1820 τοῦ
1227 1791 1383 1830 Αίιγούστου
1407 1793 1516 1829 μηνὸς),
1531 1792 1576 1819 καὶ
1598 1793 1633 1828 τῇ
1658 1792 1756 1829 ἑσπέρᾳ
1779 1796 1830 1827 τῆς

1011 1837 1094 1872 αὑτῆς
1121 1837 1227 1873 ἡμέρας
1256 1837 1395 1868 Βασίλειος
1419 1837 1433 1864 ὁ
1461 1837 1660 1864 Κωνσταντίνου
1684 1839 1733 1864 τοῦ
1754 1837 1831 1873 βασι-

1011 1881 1080 1913 λέως
1096 1882 1353 1920 παρακοιμώμενος,
1379 1880 1514 1918 δυσμενὴς
1541 1881 1586 1908 καὶ
1603 1880 1729 1919 ἔχθιστος
1745 1879 1781 1908 ὤν
1793 1883 1831 1917 τῷ

1010 1926 1122 1966 Ἰωσὴφ,
1151 1929 1209 1957 τοῖς
1233 1927 1329 1954 ἑαυτοῦ
1358 1925 1451 1964 φίλοις
1479 1925 1524 1953 κάἱ
1553 1926 1688 1964 συγγενέσι
1710 1926 1774 1954 τοὺς
1791 1926 1832 1953 oi-

1009 1970 1098 2002 κείους
1127 1971 1259 2007 συμμίξας
1288 1971 1452 2008 θεράποντας
1478 1970 1546 1998 κατὰ
1569 1970 1662 1998 πολλὰ
1689 1971 1757 2008 μὲρη
1781 1973 1830 2005 τῆς

1009 2013 1117 2046 πόλεως
1131 2016 1273 2053 πέπομφεν
1297 2015 1335 2047 εἰς
1359 2015 1422 2046 τοὺς
1448 2015 1541 2046 οἴκους
1560 2017 1612 2042 τῶν
1637 2015 1831 2052 ἀντιπραττόν-

1009 2070 1062 2087 των
1079 2059 1162 2096 αὑτῷ.
1180 2061 1228 2087 Καὶ
1255 2059 1307 2087 ἀπὸ
1333 2060 1442 2096 τρώτης
1464 2060 1535 2096 ὥρας
1557 2063 1609 2094 τῆς
1625 2058 1748 2098 δευτέρας
1760 2059 1832 2096 ἠμε-

1011 2114 1058 2142 ρας
1076 2104 1174 2143 μέχρις
1187 2103 1267 2140 ἕκτης
1296 2105 1475 2143 κατέστρεψαν
1505 2103 1551 2132 καὶ
1567 2102 1728 2143 ἐξηδάφισαν
1745 2104 1833 2137 οῗκίας

1010 2148 1137 2180 πλείστας
1161 2151 1215 2177 τῶν
1245 2148 1378 2186 πολιτῶν,
1409 2149 1445 2176 ὧν
1474 2147 1656 2186 ἐπισημοτέρδ
1682 2148 1716 2183 ἧν
1740 2150 1757 2183 ἡ
1783 2150 1832 2176 τοῦ

1012 2195 1109 2232 Ἰωσήρ
1126 2204 1132 2210 ·
1162 2194 1193 2221 ού
1221 2194 1272 2232 γὰρ
1304 2194 1384 2231 μόνον
1410 2196 1464 2221 τῶν
1489 2191 1649 2221 ἀντιϐαίνειν
1680 2191 1832 2221 δοκούντων

128 2237 160 2264 in
171 2236 227 2265 hoc
237 2237 368 2265 tumultu
377 2238 466 2266 etiam
483 2238 618 2267 homines
629 2240 723 2267 necati
739 2242 818 2268 sunt.
835 2241 955 2269 Interim

1029 2242 1132 2278 ἀφανῶν
1159 2240 1204 2266 καὶ
1224 2238 1374 2266 πολιτικῶν
1409 2238 1523 2276 ἀνδρῶν,
1549 2237 1622 2265 ἀλλὰ
1644 2238 1689 2265 καὶ
1717 2237 1830 2266 πολλῶν

131 2289 181 2317 per
197 2282 279 2310 urbis
295 2281 416 2318 plateas,
434 2283 496 2311 fora
511 2291 545 2311 ac
559 2284 741 2319 angiportus,
758 2284 955 2321 Nicephorum

130 2326 303 2355 Callinicum
319 2327 480 2364 (praeclaris
504 2328 629 2364 potitum
655 2329 796 2365 victoriis)
815 2330 956 2358 inclama-

132 2371 212 2398 bant.
241 2373 309 2405 Quze
338 2372 410 2400 dum
438 2375 592 2409 geruntur,
616 2373 726 2401 Bardas
750 2382 765 2401 e
789 2375 908 2410 templo,
924 2375 954 2402 in

129 2416 208 2451 quod
222 2415 309 2451 paulo
333 2419 402 2445 ante
417 2416 541 2452 supplex
565 2418 771 2446 miserabiliter
788 2420 956 2454 confugerat

128 2462 156 2487 et
172 2462 302 2488 extrema
318 2461 375 2488 sibi
402 2461 558 2489 imminere
582 2464 710 2498 putarat,
726 2463 824 2499 prodit
838 2471 846 2490 :
863 2466 891 2491 et
906 2464 954 2492 Jo-

127 2504 238 2540 sephus
253 2504 357 2533 salutis
373 2514 432 2533 suae
448 2509 510 2534 tum
527 2506 668 2542 incertus,
685 2508 734 2544 qui
751 2508 837 2536 modo
852 2509 893 2536 ita
907 2508 953 2537 in-

127 2548 195 2577 ﬂate
203 2549 432 2585 superbierat,in
445 2550 473 2578 id
485 2550 576 2578 miser
587 2554 672 2587 atque
687 2552 848 2588 deprecans
861 2554 953 2581 subit.

125 2593 213 2622 Porro
242 2593 370 2623 Basilius
396 2595 596 2624 cubicularius
625 2605 691 2624 cum
726 2597 789 2625 suis
819 2597 953 2626 triremes

1010 2283 1104 2312 ἄλλων
1120 2283 1322 2320 εύτελιστὲρων,
1350 2284 1386 2310 ὧν
1413 2282 1462 2310 οὐκ
1482 2282 1633 2320 ἀριθμητὸν
1653 2283 1686 2317 ἧν
1708 2283 1740 2310 τὸ
1759 2282 1832 2317 πλῆ-

1011 2330 1067 2364 θος,
1095 2329 1315 2366 κατεστράφησαν
1354 2327 1438 2355 οἰκίαι
1456 2337 1463 2344 '
1488 2327 1510 2363 ᾧ
1537 2328 1588 2365 γάρ
1622 2337 1688 2354 ποτε
1717 2326 1833 2366 διαφορᾶ

1013 2374 1078 2410 μετά
1092 2384 1165 2404 τινος
1185 2373 1230 2407 ἦν,
1259 2372 1365 2406 πλῆθος
1390 2371 1510 2400 ἀτάκτων
1537 2372 1595 2408 μεθ’
1610 2371 1708 2398 εαυτοῦ
1733 2371 1833 2408 ἐπαγό-

1013 2429 1092 2454 μενος
1107 2417 1224 2454 μηδενὸς
1251 2416 1408 2447 κωλύοντος
1429 2416 1525 2444 τοῦτον
1549 2415 1672 2455 ἠφάνιζε.
1689 2415 1795 2444 Πολλοὶ
1811 2414 1835 2443 δ’

1010 2462 1036 2490 ἐν
1065 2464 1098 2499 τῇ
1126 2462 1238 2498 τοιαύτῃ
1271 2461 1364 2497 ἀταξίᾳ
1401 2460 1445 2488 καί
1473 2460 1610 2498 ἅνθρωποι
1640 2460 1832 2499 ἐφονεύθησαν.

1008 2507 1097 2536 Ταῦτύ
1127 2505 1156 2534 δὲ
1182 2507 1322 2537 ποιοῦντες
1346 2505 1371 2532 ἐν
1396 2507 1457 2536 ταῖς
1481 2504 1622 2536 πλατείαις
1650 2508 1700 2540 τῆς
1724 2503 1832 2536 πόλεως

1009 2551 1163 2590 λεωφόροις
1186 2548 1212 2578 ἔν
1236 2561 1265 2578 τε
1289 2553 1349 2581 ταῖς
1372 2549 1485 2588 ἀγοραῖς
1506 2549 1532 2578 ἔν
1561 2560 1590 2577 τε
1613 2552 1670 2580 τοῖς
1685 2552 1834 2581 στενωποῖς

1007 2596 1166 2635 Νικηφόρον
1186 2596 1357 2635 όνιυφήμουν
1383 2594 1557 2624 Καλλίνικον.
1587 2596 1672 2622 Τοῦτο
1695 2594 1726 2621 τὸ
1755 2590 1833 2632 ἔργον

720 2682 910 2711 XYLANDRI
929 2682 974 2711 ET
993 2681 1102 2711 GOARI
1120 2683 1237 2712 NOTzE.

164 2751 203 2788 (9)
219 2752 251 2781 In
280 2753 422 2793 margine.
446 2754 591 2793 rTotoii'roc‘
611 2754 643 2793 ἦν
671 2755 760 2793 καὶῗρ
785 2755 953 2793 τυραννήσας

127 2786 217 2825 γέρων
232 2786 378 2828 προσεχεῖς
401 2789 503 2821 ἐκεῖνος
532 2786 714 2828 Ἀνδρόνικος.
730 2791 798 2820 Noti
819 2786 900 2820 sunt.
917 2786 952 2820 de

1007 2755 1091 2792 plebe
1114 2765 1216 2785 versus
1240 2754 1360 2792 Lucani,
1378 2754 1486 2792 quibus
1502 2753 1629 2792 rBringas
1652 2751 1833 2792 contrariqu

1007 2788 1087 2821 inalo
1101 2801 1156 2822 suo
1171 2792 1240 2821 fecit
1256 2800 1263 2820 :
1281 2791 1372 2820 Nescit
1384 2788 1480 2827 plebes
1491 2788 1590 2826 jejuni
1605 2791 1711 2818 timere.
1727 2788 1797 2817 XYL.
