1928 3047
100 130 142 161 85

680 129 952 163 HISTORIARUM
974 128 1247 160 COMPENDIUM.

1777 134 1816 164 86

100 195 188 234 ἂξάγει
229 197 278 233 μὲν
313 200 363 231 τῆς
401 195 533 234 Μεγάλης
569 196 713 232 ἐκκλησίας
750 195 856 234 Βάρδάν

1053 196 1156 228 rnat,et
1172 194 1359 230 imperatoria
1374 194 1460 223 etiam
1469 195 1564 225 celoce
1580 201 1732 235 assumpta
1747 207 1814 228 cum

100 242 206 279 πατέρα
236 243 284 268 τοῦ
315 244 409 275 Φωκᾶ,
439 240 544 281 φυγάδα
558 241 665 279 οἰκτρὸν
687 241 731 269 καὶ
748 242 811 268 ὅσον
828 239 934 267 οὐδέπω

99 287 146 314 τὸν
163 285 291 314 κίνδυνον
309 286 503 325 έκδεχόμενον,
524 288 570 315 τὸν
599 287 627 315 δὲ
655 288 755 326 Ἰωσήρ
779 287 826 314 τὸν
850 296 934 324 παρα-

100 333 290 369 κοιμώμενον⁴
319 333 365 360 τὸν
393 333 445 370 πρὸ
470 332 568 360 τούτου
600 332 707 370 μεγάλα
733 334 860 372 φυσῶντα
887 331 932 358 καὶ

99 376 302 415 ἐπαιρόμενον,
332 377 370 408 εἰς
400 377 483 412 αὐτὴν
514 377 662 416 ἀντεισάγει
692 377 784 412 ἱκέτην
814 375 930 403 ἐλεεινὸν

97 421 143 448 καὶ
161 419 318 460 ἀμφίϐολον
344 421 444 460 ἔχοντα
468 422 518 456 τήν
538 422 634 449 ἑαυτοῦ
663 422 810 460 σωτηρίαν.
840 420 873 449 Οἰ
903 419 932 447 δὲ

97 467 162 504 περὶ
183 467 230 494 τὸν
257 467 504 505 παρακοιμώμενον
529 466 669 495 Βασίλειον
697 468 820 504 τριήρεις
847 475 930 492 κατα-

96 512 275 543 σκευάσαντες
308 511 354 539 καὶ
385 511 431 539 τὸν
468 510 610 550 βασιλικὸν
632 511 777 550 εἰληφότες
801 510 931 547 δρόμωνα

97 556 168 592 μετᾶ
192 557 292 588 παντὸς
308 558 356 584 τοῦ
373 555 473 584 στόλου
488 558 662 594 περαιοῦνται
685 556 712 583 ὲν
726 553 928 593 Χρυσουπόλει,

93 600 141 627 καὶ
184 601 230 628 τὸν
267 601 422 640 Νικηφόρον
454 601 553 628 ἐκεῖθεν
590 598 788 636 ἀνάλαϐόμενοι
818 600 926 637 ἄγουσιν

991 242 1051 268 tota
1065 239 1158 268 classe
1182 240 1372 277 Chrysopolin
1388 241 1549 276 trajiciunt,
1566 245 1595 271 et
1619 243 1814 280 Nicephorum

988 285 1056 313 inde
1074 286 1108 313 ad
1125 285 1321 319 Hebdomum,
1338 286 1425 321 atque
1441 286 1508 314 hinc
1523 288 1603 315 omni
1626 289 1817 318 multitudine

989 330 1102 358 urbana
1125 330 1288 358 deducente
1313 339 1380 358 cum
1411 331 1516 359 faustis
1542 333 1814 369 acclamationibus,

987 374 1151 410 plausibus,
1169 374 1248 402 tubis
1273 383 1306 403 ac
1330 375 1473 411 cymbalis
1496 376 1615 412 publica
1639 386 1746 415 pompa
1764 387 1817 415 per

985 420 1112 447 Auream
1128 422 1244 456 portam
1257 420 1331 448 35]
1350 420 1379 448 in
1397 421 1500 448 urbem
1515 421 1677 451 ducunt.Ut
1691 423 1723 451 in
1735 425 1814 460 Mag-

987 473 1058 492 num
1074 464 1228 500 Templum
1244 467 1364 493 ventum
1380 467 1433 500 est,
1451 465 1625 503 Polyeuctus
1647 468 1815 504 patriarcha

985 509 1021 536 ad
1039 509 1092 537 hoc
1116 512 1305 545 comparatus
1320 519 1388 538 eum
1413 511 1442 538 in
1458 515 1596 548 suggesto
1622 512 1814 548 imperatoria

984 553 1108 590 insignit
1123 562 1240 588 corona,
1255 555 1301 583 die
1316 555 1600 592 dominico,Augusti
1617 557 1731 586 decimo
1747 567 1812 586 sex-

983 600 1023 632 to,
1039 598 1199 627 indictione
1215 601 1306 628 sexta.

93 645 133 675 εἷς
148 646 181 672 τὸ
196 643 346 682 Ἓϐδομον,
364 645 474 673 αὐτόθεν
487 656 517 673 τε
530 645 606 673 αὐτοί
620 656 650 672 τε
664 647 709 672 καί
724 648 775 676 πᾶς
792 645 806 672 ὀ
822 643 911 679 δῆμος
926 645 976 677 τῆς
991 642 1099 673 πόλεως
1119 644 1177 679 μετ’
1193 643 1348 681 εὐφημιῶν,
1366 644 1409 671 καὶ
1425 644 1541 682 κρότων,
1567 645 1613 672 καὶ
1639 645 1806 684 σαλπίγγων,

91 689 139 716 καί
154 687 304 726 συμϐάλων
321 689 456 727 δημοσίας
471 691 619 728 γενομένης
635 689 755 728 προόδου
772 688 816 716 διὰ
830 690 879 720 τῆς
892 690 998 725 Χρυοῆς
1015 687 1120 725 πόρτης
1135 687 1287 725 εἰσάγουσιν
1302 688 1339 719 εἰς
1354 689 1405 723 τὴν
1424 687 1561 726 βασιλίδα.
1578 690 1722 727 Γενόμενοι
1739 689 1768 718 δὲ
1783 691 1809 719 έν

90 736 126 770 τῇ
142 734 260 772 Μεγάλῃ
274 734 407 771 ἐκκλησίᾳ
430 735 603 764 Πολύευκτον
627 734 826 771 παρεσκεύασαν
852 733 898 760 τὸν
921 730 1109 769 πατριάρχην,
1125 731 1170 759 καὶ
1185 735 1224 768 τῷ
1241 732 1376 770 βασιλικῷ
1392 733 1471 761 αύτὸν
1486 736 1627 762 ταινιῶσσι
1643 734 1805 772 διαδήματι.

92 779 192 818 Στέφει
209 779 254 807 οὗν
267 782 363 807 τοῦτον
377 781 390 807 ὁ
403 780 573 811 ΠοΛύευκτος
590 780 614 807 ἐν
631 782 670 816 τῷ
684 778 792 816 ἅμϐωνι
807 780 856 811 τῆς
868 779 917 805 τοῦ
932 778 998 805 Θεοῦ
1013 776 1140 814 Μεγάλης
1154 776 1299 812 ἐκκλησίας
1313 777 1404 815 ἡμέρα
1433 777 1461 806 δὲ
1488 779 1521 814 ἦν
1548 780 1672 818 Κυριακή
1700 783 1731 813 ις’
1757 782 1806 809 τοῦ

90 824 255 862 Αὐγούστου
274 825 361 861 μηνὸς
377 823 501 863 ἄγοντος,
516 828 566 860 τῆς
584 825 605 856 ς’
621 823 802 855 ἰνδικτιῶνος.

127 877 307 911 Ἀποστείλας
337 877 366 906 δὲ
391 879 436 906 τὸν
464 879 586 916 μοναχὸν
610 878 655 906 καί
691 876 840 916 σόγκολλον
867 876 888 903 ’Δ

1042 878 1083 904 3st
1097 876 1158 905 haec
1182 877 1364 914 Nicephorus
1378 878 1539 914 imperatur
1557 879 1716 908 Antonium
1733 879 1803 908 Stu-

88 923 191 949 τώνιον
207 923 254 950 τὸν
273 922 422 958 Στουδίτην
438 923 487 958 τὴν
517 923 659 962 Θεεοφανὼ
687 924 741 950 τῶν
773 920 918 960 βασιλείων
937 941 941 945 .

89 964 270 1002 καταϐιϐάζει
285 967 331 995 καὶ
346 967 386 998 εἲς
401 968 433 995 τὸ
448 967 581 995 παλάτιον
606 966 654 995 τοῦ
679 966 795 1001 Πετρίου
820 965 921 1002 ἐκπέμ-

87 1020 146 1039 πει.
173 1011 242 1039 Μετ’
266 1011 359 1048 ὀλίγον
383 1010 412 1039 δὲ
435 1010 571 1049 έξόριοτον
598 1011 704 1046 τίθησιν
731 1010 776 1038 καὶ
801 1010 847 1037 τὸν
871 1019 920 1036 πα-

89 1055 420 1094 ρικοιμώμενονΊωσ-ὴφ
437 1055 462 1083 έν
491 1055 679 1094 Παφλαγονίᾳ,
710 1057 753 1092 [Ρ.
783 1055 847 1091 649]
875 1053 920 1082 καὶ

86 1099 166 1131 αὖθις
183 1101 244 1135 μετ’
270 1099 301 1127 οὗ
317 1099 404 1128 πολὺν
421 1101 521 1138 χρόνον
540 1097 714 1137 μεταῧιϐάζει
743 1097 769 1127 ἕν
798 1110 851 1126 τινι
870 1109 920 1135 μο-

85 1145 230 1181 ναστηρίῳ
258 1144 401 1182 λεγομένῳ
435 1147 484 1172 τοῖ’)
511 1145 688 1181 Ἀσηκρῆτις,
723 1145 748 1172 ὲν
778 1147 836 1175 τοῖς
866 1147 919 1171 Πυ-

86 1189 179 1221 θίοις·
212 1189 241 1220 ὃς
264 1189 309 1217 ἐπὶ
335 1189 382 1218 δύο
411 1189 494 1222 ’ὁλους
524 1190 610 1218 ἐκεῖσε
636 1189 806 1229 ἐπιδιατρίψας
831 1189 921 1217 ἐνιαυ-

83 1233 149 1264 τοὺς
177 1231 297 1263 ἆπεϐίω.
320 1235 476 1272 Χειροτονεῖ
506 1233 534 1263 δὲ
560 1236 606 1263 καὶ
630 1234 733 1272 Βάρδαν
748 1235 795 1263 τὸν
824 1235 920 1262 ἑαυτοῦ

85 1278 192 1316 πατέρα
222 1279 351 1317 Καίσαρα.
380 1281 419 1312 Τῆ
449 1279 477 1307 δὲ
505 1283 528 1308 κ’
544 1282 591 1308 τοῦ
607 1277 796 1317 Σεπτεμϐρίου
823 1279 919 1316 μηνὸς,

83 1323 114 1350 τὸ
130 1326 310 1361 προσωπεῖον
335 1324 380 1351 καὶ
408 1325 458 1359 τὴν
489 1326 592 1360 σκηνήν
622 1325 798 1362 ἀποθέμενος,
829 1323 920 1361 ἄγεται

83 1367 208 1404 νόμιμον
231 1369 353 1406 γαμετὴν
383 1369 431 1404 τὴν
459 1369 597 1408 Θεοφανώ.
624 1369 690 1397 Τότε
714 1368 743 1396 δὲ
763 1369 808 1396 καὶ
833 1370 918 1407 κρεῶν

83 1411 257 1450 ἀπεγεύσατο
275 1434 282 1447 ,
322 1413 454 1451 πρότερον
484 1413 656 1451 ἀπεχόμενος
686 1412 864 1452 κρεωδαισίας
893 1412 919 1448 ἐξ

82 1456 147 1484 ὅτου
179 1456 286 1494 Βάρόας
302 1458 317 1485 ὁ
332 1457 363 1485 έκ
383 1462 434 1492 τῆς
463 1459 596 1496 προτέρας
612 1458 693 1486 αὑτοῦ
709 1459 835 1496 γυναικὸς
851 1458 917 1485 ἀπο-

81 1501 193 1539 τιχθείς
223 1501 298 1538 αὖτῷ
327 1503 394 1537 υἱὸς,
419 1503 606 1539 ἱππαζόμενος
636 1503 661 1530 έν
690 1505 730 1539 τῷ
757 1501 844 1539 πεδίῳ
873 1502 918 1530 καὶ

81 1548 121 1581 τῷ
150 1545 250 1582 οῗκείῳ
277 1547 451 1584 προσπαίζων
482 1547 585 1584 ἆνεψίῷ
618 1550 657 1584 τῷ
684 1547 812 1585 Πλεύσῃ,
850 1546 917 1584 μετά

83 1589 201 1627 δόρατος
229 1590 342 1628 βληθεὶς
376 1591 508 1623 ἀκουσίως
533 1591 660 1628 τέθνηκε.
689 1593 776 1620 Τοῦτο
807 1590 836 1619 δὲ
863 1589 916 1618 εἴτε

82 1635 313 1673 ἐγκρατευόμενος
340 1635 424 1663 έποίει
452 1635 505 1664 εἷ’τε
531 1637 576 1664 καὶ
592 1635 683 1664 λαθεῖν
699 1635 762 1667 τοὺς
787 1637 916 1674 κρατοῦν-

81 1690 130 1710 τις
165 1679 390 1716 ὑποκρινόμενος,
436 1679 519 1716 μόνος
556 1679 586 1707 ἃν
628 1679 713 1714 εἰδείη
758 1679 825 1716 μετὰ
853 1680 917 1706 Θεὸν

81 1723 200 1755 ἐκεῖνος.
226 1726 278 1751 Τοῦ
302 1723 394 1762 γάμου
428 1723 457 1752 δὲ
481 1724 654 1756 τελεσθέντος
683 1724 710 1752 έν
729 1726 763 1761 τῇ
790 1723 858 1751 κατὰ
884 1724 916 1751 τὸ

80 1768 219 1797 παλάτιον
249 1769 295 1805 νέᾳ
331 1768 483 1805 ἐκκλησίᾳ,
513 1769 622 1807 ἐπείπερ
656 1767 778 1806 ἤμελλεν
810 1767 915 1799 εἴσοδος

79 1813 104 1841 έν
143 1816 188 1849 τῷ
224 1813 407 1851 θυσιαστηρίῳ
440 1814 574 1851 γενέσθαι,
604 1817 655 1848 τῆς
674 1813 767 1851 χειρὸς
791 1812 913 1850 κατέχων

80 1858 161 1886 αὐτὸν
179 1858 194 1886 ὁ
210 1857 382 1889 Πολύευκτος
410 1859 456 1885 καὶ
480 1860 540 1889 ταῖς
563 1858 650 1896 ἱεραῖς
671 1858 778 1895 ἐγγίσας
806 1857 914 1894 κιγκλί-

81 1913 121 1930 σιν
140 1925 147 1935 ,
180 1902 275 1930 εἷ’σεισι
304 1903 352 1939 μὶν
380 1902 461 1934 αὐτὸς
491 1902 529 1933 εἰς
556 1902 590 1930 τὰ
628 1901 730 1938 ἇίδυτα,
761 1902 861 1930 ἐκεῖνον
891 1899 915 1929 δ’

81 1947 217 1983 ὶξώθησεν
247 1945 356 1975 ὄπισθεν
375 1969 382 1983 ,
417 1947 534 1975 ἐπειπὼν
574 1948 612 1984 μή
641 1947 772 1985 πρότερον
802 1957 913 1984 συγχω-

80 1993 249 2029 ρηθήσεσθαι
285 1992 366 2020 αὐτὸν
405 1992 444 2024 εἰς
479 1992 510 2019 τὸ
549 1992 738 2029 θυσιαστήριον
769 1991 911 2026 εἰσελθεῖν,

79 2036 142 2072 πρὶν
175 2035 206 2064 ἃν
246 2035 353 2072 δέξηται
388 2036 513 2073 ἰπιτίμια
543 2035 815 2074 δευτερογαμούντων
843 2037 910 2073 (40)-

79 2081 222 2116 Ἐλύπησε
237 2079 266 2108 δὲ
281 2080 307 2108 έν
331 2081 420 2117 τούτῳ
443 2081 488 2109 τὸν
506 2081 673 2120 Νικηφόρον,
698 2081 744 2108 καὶ
770 2081 800 2108 οὐ
826 2079 911 2108 διέλι-

78 2136 124 2153 πεν
156 2125 277 2164 ἐγκοτῶν
308 2125 382 2162 αὖτῷ
413 2126 497 2164 μέχρι
525 2129 576 2160 τῆς
603 2125 743 2160 τελευτῆς,
770 2123 909 2152 Διεδέδοτο

80 2169 107 2198 δέ
133 2170 180 2197 καὶ
212 2169 294 2207 λόγος
323 2170 502 2208 ἁπανταχοῦ,
527 2169 556 2201 ὅς
585 2169 616 2197 οὐ
647 2172 752 2207 μικρῶς
773 2168 910 2207 διετάραξε

76 2215 126 2249 τὴν
153 2213 331 2249 Ἐκκλησίαν,
355 2215 448 2252 ὅτιπερ
473 2215 487 2242 ὁ
512 2214 668 2254 Νικηφόρος
694 2214 747 2242 ἀπὸ
767 2216 815 2242 τοῦ
830 2215 908 2251 ἁγίου

81 2246 273 2297 βαπτίσματος
288 2246 421 2297 ἀνάδοχος
434 2246 537 2298 έγένετο
619 2246 668 2294 τῆς
683 2261 835 2298 Θεοφανοῦς
849 2246 909 2290 tiqu
923 2246 948 2279 D

79 2303 195 2333 παίδων.
223 2303 328 2339 Ταύτης
353 2303 382 2332 δὶ
405 2307 455 2339 τῆς
479 2304 576 2343 φήμης
601 2304 637 2335 ὡς
653 2303 766 2342 εὐλόγοτ
782 2304 909 2343 ἀφορμῆς

79 2348 246 2387 δραξάμενος
262 2349 276 2376 ὁ
291 2347 463 2380 Πολύευκτος
479 2347 497 2384 ἢ
511 2349 680 2386 χωρισθῆναι
696 2349 776 2377 αὐτὸν
801 2349 908 2385 ἀπεμά-

78 2403 143 2431 χετο
158 2397 210 2428 τῆς
226 2393 352 2431 γυναικὸς
367 2393 436 2421 κατὰ
458 2393 504 2421 τὸν
527 2393 627 2421 κανόνα
650 2393 669 2428 ἢ
690 2395 738 2428 τῆς
764 2393 910 2429 ἐκκλησίας

78 2438 243 2475 ἀναχωρεῖν.
260 2438 294 2466 "0
310 2437 344 2472 δὴ
359 2437 404 2465 καὶ
420 2437 563 2473 πεποίηκε,
579 2441 629 2469 τῖς
644 2440 792 2477 Θεοφανοῦς
815 2438 909 2476 έξεχό-

80 2492 171 2518 μενος.
189 2481 432 2519 Συγκαλεσάμενος
453 2481 481 2510 δὶ
505 2482 570 2514 τοὺς
586 2481 770 2519 ένδημοῦντας
800 2483 908 2510 ἐπισκό-

77 2537 143 2558 πους
157 2526 184 2554 ἐν
214 2528 248 2563 τῇ
275 2526 355 2554 πόλει
379 2527 425 2554 καὶ
448 2526 511 2558 τοὺς
534 2531 585 2562 τῆς
609 2526 764 2565 συγκλήτου
781 2527 910 2566 λογάδας,

77 2571 170 2608 σκέψιν
195 2571 259 2609 περὶ
292 2570 390 2599 τούτου
414 2571 556 2609 προέθετο.
583 2572 684 2604 Πάντες
707 2571 736 2600 δὶ
761 2570 834 2599 οὗτοι
864 2574 911 2600 τοῦ

932 1561 954 1595 C

975 920 1067 948 ditem
1082 921 1261 950 monachum
1268 924 1298 950 et
1308 922 1471 957 syncellum
1480 923 1635 960 mittit,qui
1642 924 1802 952 aulaTheo-

975 965 1143 1000 phanonem
1171 967 1276 994 educat
1295 969 1324 995 et
1346 967 1376 994 in
1399 968 1541 1003 palatium
1556 969 1634 996 Petri
1657 969 1799 997 includat.

976 1009 1065 1038 Paulo
1082 1013 1149 1046 post
1165 1011 1328 1047 Josephum
1343 1011 1372 1039 in
1389 1012 1618 1049 Paphlagoniam
1635 1013 1754 1050 relegat,
1770 1016 1800 1041 et

975 1054 1043 1082 inde
1070 1063 1201 1088 rursum,
1219 1064 1277 1083 non
1303 1055 1390 1092 longo
1415 1057 1588 1093 interposito
1613 1060 1754 1094 tempore,
1770 1057 1801 1086 in

976 1101 1190 1128 monasterium
1213 1100 1243 1128 in
1269 1100 1383 1136 Pythiis
1407 1102 1485 1137 quod
1501 1103 1521 1129 Δ
1538 1102 1658 1130 secretis
1683 1102 1801 1137 dicitur,

977 1145 1027 1172 ubi
1044 1144 1068 1172 is
1086 1153 1136 1180 per
1150 1146 1225 1173 duos
1241 1153 1333 1173 annos
1358 1145 1480 1174 tolerata
1503 1147 1564 1175 vita
1579 1147 1662 1174 obiit.
1680 1147 1803 1175 Bardam

975 1197 1092 1225 quoque
1103 1192 1215 1225 patrem
1229 1198 1316 1217 suum
1331 1192 1472 1218 Caesarem
1483 1191 1722 1219 creat.Vicesima
1732 1192 1804 1228 Sep-

975 1234 1099 1262 tembris
1115 1235 1162 1262 die
1177 1234 1256 1262 larva
1271 1235 1404 1270 deposita
1420 1243 1540 1263 uxorem
1556 1235 1639 1263 duxit
1653 1236 1804 1272 Theopha-

976 1279 1177 1307 nonem.Tunc
1194 1281 1223 1306 et
1237 1287 1340 1307 carnes
1355 1279 1494 1315 gustavit,
1511 1288 1528 1308 a
1539 1280 1648 1316 quibus
1659 1280 1803 1309 hactenus

975 1324 1159 1352 abstinuerat
1174 1324 1210 1351 ab
1235 1332 1268 1352 eo
1289 1327 1431 1360 tempore,
1449 1333 1507 1360 quo
1533 1325 1644 1353 Bardas
1658 1334 1692 1353 ex
1708 1325 1802 1361 priore

975 1369 1100 1404 conjuge
1124 1368 1203 1396 ﬁlius
1227 1368 1333 1404 ipsius,
1350 1369 1381 1395 in
1402 1377 1505 1405 campo
1530 1369 1667 1404 equitans
1689 1372 1800 1398 etcum

974 1413 1105 1450 patruele
1112 1412 1509 1446 suoPleusaludens,hastaa
1519 1414 1636 1443 nolente
1647 1414 1722 1442 ictus
1734 1423 1801 1450 per-

974 1458 1017 1486 iit.
1033 1458 1180 1486 Feceritne
1188 1457 1243 1485 hoc
1253 1457 1436 1485 abstinentiae
1450 1466 1549 1494 causa,
1563 1467 1599 1486 an
1612 1460 1644 1486 ut
1654 1459 1696 1487 sic
1707 1459 1800 1494 impe-

973 1505 1086 1531 ratores
1093 1511 1146 1530 sua
1153 1502 1257 1530 concili
1263 1502 1402 1536 acelaret,
1412 1507 1515 1538 praeter
1527 1503 1623 1539 ipsum
1630 1503 1712 1532 solus
1722 1504 1802 1532 novit

975 1547 1192 1575 Deus.Peractis
1203 1547 1280 1575 352
1293 1555 1330 1574 nu
1336 1547 1439 1583 ptiisin
1448 1555 1522 1575 novo
1528 1548 1565 1575 ad
1572 1547 1713 1583 palatium
1725 1551 1801 1576 tem-

974 1591 1102 1628 plo,cum
1112 1592 1141 1618 in
1150 1591 1352 1619 sanctuarium
1359 1592 1718 1628 essetintrandum,manu
1732 1600 1801 1621 eum

971 1638 1074 1664 tenens
1090 1635 1272 1672 Polyeuctus,
1290 1637 1321 1663 ut
1337 1635 1372 1663 ad
1388 1644 1488 1663 sacros
1515 1636 1661 1664 cancellos
1676 1638 1798 1665 ventum

971 1683 1025 1716 est,
1043 1681 1106 1716 ipse
1121 1681 1151 1708 in
1167 1681 1288 1716 adytum
1305 1680 1407 1708 introit
1420 1683 1449 1709 et
1472 1681 1680 1717 imperatorem
1705 1681 1800 1717 repel-

972 1725 1014 1759 lit,
1030 1726 1130 1762 aitque
1147 1734 1205 1753 non
1221 1725 1428 1753 intromissum
1444 1725 1492 1758 iri,
1510 1726 1684 1762 priusquam
1699 1734 1800 1762 poenas

971 1778 1022 1805 pro
1047 1770 1185 1797 secundis
1212 1769 1324 1805 nuptiis
1349 1769 1465 1798 luisset.
1481 1769 1638 1798 Molestum
1662 1770 1717 1798 hoc
1744 1770 1800 1798 fuit

969 1814 1144 1850 Nicephoro,
1158 1816 1186 1842 et
1199 1814 1234 1842 ad
1250 1815 1340 1841 ﬁnem
1356 1822 1451 1849 usque
1466 1814 1531 1842 vita:
1555 1815 1713 1851 Polyeucto
1729 1823 1797 1843 suc-

969 1860 1093 1887 censuit.
1110 1859 1267 1887 Dicebatur
1290 1858 1377 1886 etiam
1395 1859 1506 1894 passim
1531 1867 1644 1892 rumor,
1661 1860 1717 1895 qui
1737 1868 1795 1887 non

968 1904 1089 1940 exiguas
1103 1903 1133 1930 in
1159 1903 1283 1931 ecclesia
1297 1904 1399 1931 turbas
1418 1904 1510 1939 dedit,
1527 1912 1619 1932 unum
1634 1904 1795 1932 liberorum

967 1948 1195 1984 Theophanonis
1211 1947 1302 1976 fuisse
1313 1956 1329 1975 a
1339 1948 1502 1983 Nicephoro
1518 1956 1533 1976 ο
1549 1956 1632 1976 sacro
1647 1948 1795 1984 baptismo

967 1995 1150 2029 susceptum.
1167 1992 1241 2020 Eum
1272 1995 1303 2020 ut
1328 1992 1491 2028 speciosam
1523 2001 1626 2021 ansam
1651 1993 1795 2029 arripiens

967 2038 1151 2073 Polyeuctus,
1176 2037 1382 2072 imperatorem
1412 2039 1464 2064 aut
1492 2037 1648 2072 repudiare
1674 2046 1794 2066 uxorem

963 2083 1049 2119 juxta
1060 2090 1149 2110 sacris
1160 2081 1380 2109 constitutionis
1392 2081 1596 2118 praescriptum
1609 2082 1714 2110 debere
1724 2090 1794 2110 con-

965 2126 1113 2160 tendebat,
1128 2128 1179 2153 aut
1193 2125 1317 2153 ecclesia
1333 2125 1490 2154 abstinere.
1508 2128 1604 2162 Atque
1620 2126 1675 2154 hoc
1694 2129 1793 2163 poste-

964 2171 1026 2199 rius
1041 2170 1108 2199 iecit
1133 2170 1316 2206 Nicephorus
1333 2169 1415 2198 uxori
1430 2170 1560 2198 deditus.
1577 2171 1612 2198 Et
1626 2171 1793 2199 convocatis

964 2216 1015 2252 qui
1030 2216 1060 2243 in
1076 2215 1148 2243 urbe
1163 2217 1226 2242 tum
1244 2214 1389 2250 peregrini
1406 2216 1489 2242 erant
1503 2215 1649 2251 episcopis
1664 2224 1697 2243 ac
1713 2215 1791 2244 dele-

964 2260 1019 2288 ctis
1034 2259 1231 2292 senatoribus,
1248 2267 1310 2286 rem
1325 2258 1367 2287 eis
1382 2259 1602 2287 deliberandam
1625 2260 1788 2295 proposuit.

964 2305 985 2334 li
998 2313 1099 2333 omnes
1111 2303 1351 2332 constitutionem
1358 2311 1422 2332 eam
1431 2303 1606 2340 Copronymi
1617 2311 1789 2340 esse,eaque

963 2350 1170 2386 imperatorem
1196 2357 1254 2376 non
1278 2348 1380 2382 teneri,
1406 2348 1689 2384 pronuntiaverunt;
1707 2349 1789 2377 libel-

964 2395 1087 2430 lumque
1108 2393 1303 2422 absolutionis
1318 2393 1519 2429 subscriptum
1535 2402 1552 2421 a
1566 2401 1598 2422 se
1623 2393 1679 2430 ipsi
1702 2394 1789 2422 dede-

966 2442 1045 2467 runt.
1057 2437 1256 2466 Nihilominus
1267 2440 1375 2473 tamen,
1390 2438 1602 2474 tergiversante
1612 2439 1788 2474 patriarcha,

966 2486 995 2512 et
1010 2492 1055 2511 res
1071 2491 1169 2511 sacras
1193 2490 1260 2510 cum
1282 2482 1460 2518 imperatore
1483 2490 1657 2511 communes
1683 2483 1791 2512 habere

967 2529 1131 2560 recusante,
1160 2527 1255 2555 Caesar
1287 2526 1375 2554 ﬁdem
1406 2527 1474 2555 fecit
1503 2527 1702 2564 Nicephorum
1732 2526 1794 2556 non'

966 2573 1059 2601 fuisse
1083 2574 1294 2608 susceptorem.
1311 2571 1367 2600 Sed
1394 2575 1422 2599 el
1445 2571 1595 2608 Stylianus
1617 2572 1790 2609 pontiﬁcum

678 2637 864 2666 XYLANDRI
883 2638 929 2667 ET
949 2637 1057 2667 GOARI
1076 2636 1191 2665 NOTIE.

110 2699 169 2736 (10)
184 2699 339 2736 Laudatur
354 2708 370 2727 a
380 2699 488 2728 Graecis
498 2699 829 2736 monogamia,bigamia
839 2700 910 2729 tole-

78 2737 161 2773 retur
188 2737 233 2773 et”
247 2735 403 2773 multatur,
417 2735 550 2773 τριγαμία
579 2735 675 2764 invisa
703 2735 757 2769 est,
777 2745 905 2773 τιτραγα-

81 2769 128 2833 Eia
138 2771 292 2813 prohibita
301 2774 347 2799 est
354 2769 485 2814 penitus.
501 2769 554 2800 Cui
563 2780 630 2800 vero
642 2780 735 2814 pinnae
751 2769 907 2833 subgieit'ur

100 2806 196 2833 ι-(αιεία
205 2807 220 2833 ‘I
229 2807 362 2833 hiannnll
383 2810 631 2833 sacramentorum
643 2808 761 2833 orbitati
773 2818 780 2833 :
817 2816 833 2833 θ
847 2816 906 2833 ana

100 2806 196 2844 ιγᾰμία
205 2807 220 2835 ‘I
229 2806 366 2837 biennsli
383 2810 631 2837 sacramentorum
642 2806 780 2844 orbitati;
797 2806 833 2837 de
847 2816 906 2844 qua

962 2699 1144 2741 Nicephorus
1167 2699 1198 2741 in
1222 2699 1401 2741 Ganpnibus,
1419 2698 1557 2741 Basilius,
1574 2698 1787 2741 Euchologium

960 2738 990 2764 et
1003 2735 1161 2764 canonistaa
1173 2735 1430 2764 Greciﬂationem
1442 2735 1467 2763 si
1478 2735 1788 2771 quaras,incontinen-

960 2772 1032 2801 tiam
1049 2771 1188 2800 cohibent
1199 2773 1229 2799 et
1244 2771 1382 2808 puniunt.
1400 2772 1490 2799 GOAR.
