1936 3048
139 112 180 143 87
811 114 971 147 GEORGII
993 114 1164 145 CEDRENI
1810 111 1852 141 88

137 181 334 217 palatinorum
358 178 495 215 princeps
510 179 579 215 (ipsi
594 183 787 217 protopapam
809 182 934 216 vocant),
951 190 967 208 a

1059 179 1215 217 ητρωνύμου
1244 178 1310 206 εἶναι
1334 177 1380 205 τὸν
1405 178 1490 214 νόμον
1515 174 1620 214 ἔλεγον,
1634 176 1678 203 καὶ
1693 174 1752 204 διον
1768 175 1852 203 αὐτὸν

138 234 197 261 quo
213 232 368 253 emanasse
393 224 449 251 iste
472 232 574 251 rumor
599 225 756 259 ferebatur,
777 235 874 254 coram
892 226 968 254 853

139 271 263 298 concilio
280 271 308 297 et
332 269 560 304 senatujuravit
586 278 616 297 se
633 279 726 306 neque
751 271 858 299 vidisse
874 278 968 307 neque

139 315 278 350 cuiquam
295 313 404 341 dixisse
429 313 504 347 quod
520 313 565 341 vel
581 314 691 342 Bardas
718 315 762 343 vel
786 315 968 350 Nicephorus

138 361 216 387 esset
241 359 337 386 factus
360 362 521 393 susceptor.
548 358 722 394 Polyeuctus
748 368 827 395 ergo,
851 358 969 387 tametsi

138 405 270 439 pejerare
294 402 462 438 Stylianum
478 404 556 430 certo
583 404 705 437 sciebat,
722 405 832 432 crimen
848 412 968 440 compa-

139 448 287 476 ternitatis
303 447 423 481 omisit;
439 449 468 474 et
483 447 533 482 qui
549 451 616 475 ante
633 449 756 484 urgebat
771 452 803 476 ut
815 449 850 476 ob
867 457 969 476 secun-

137 492 190 520 das
215 492 334 528 nuptias
357 500 443 527 paena
472 491 666 528 inﬂigeretur,
680 493 706 521 ei
728 501 845 529 quoque
861 501 968 529 magno

138 535 244 564 delicto
261 535 383 572 ignovit.

1026 226 1063 260 μή
1095 223 1273 262 φυλάττεσθαι
1303 221 1427 259 ἔκριναν.
1457 223 1537 250 Τοῦτ¹
1565 220 1616 259 ἄρα
1644 222 1688 248 καὶ
1718 218 1852 248 λίϐελλον

1024 269 1142 306 ἀφέσεως
1181 268 1386 306 ὐπογράψαντες
1428 266 1517 302 τούτῳ
1556 264 1760 294 ὶπιδεδώκασιν.
1790 266 1853 292 ’Ἐτι

1024 312 1059 340 δι’
1087 311 1310 349 ἀναϐαλλόμενον
1339 312 1385 339 τὸν
1415 310 1585 339 Πολύευκτον
1614 314 1780 344 κοινωνῆσαι
1811 313 1855 346 τῷ

1025 357 1161 396 βασιλεῖὸ
1191 359 1291 395 Καῖσαρ
1316 356 1543 394 ἰπληροφόρησεν
1572 355 1610 386 ὡς
1639 355 1690 382 οὐκ
1714 353 1855 391 ἀνάδοχος

1023 401 1142 440 γίγονεν.
1167 400 1257 429 Ἀλλὰ
1287 401 1332 428 καὶ
1359 400 1506 431 Στυλιανὸς
1536 400 1550 427 ὁ
1579 402 1765 436 πρωτοπαπᾶς
1795 400 1858 435 (11)

1022 449 1070 473 τοῦ
1105 445 1228 484 μεγάλου
1253 445 1408 479 παλατίου,
1439 445 1464 481 ἐξ
1497 445 1528 471 οὗ
1554 444 1665 482 πρώτου
1694 442 1804 481 ἐλέγετο
1835 445 1854 477 ἡ

1022 492 1134 527 τοιαύτη
1160 493 1239 530 φήμη
1267 490 1438 529 διαδραμεῖν,
1467 490 1582 517 ἐνώπιον
1607 488 1695 517 ἐλθὼν
1718 492 1767 523 τῆς
1790 499 1855 516 συν-

1023 535 1088 564 όδου
1112 537 1155 564 καὶ
1171 539 1222 568 τῆς
1235 534 1391 573 συγκλήτου
1418 534 1574 570 ἐξωμόσατο
1598 534 1661 570 μήτ’
1687 533 1753 561 ΐδεῖν
1783 533 1857 569 μήτε

137 581 206 618 πρός
220 591 296 610 τινας
312 579 430 607 ἀνειπεῖν
447 580 485 611 ὡς
501 578 551 618 ἄρα
567 579 672 617 Βάρδας
688 582 705 617 ἢ
723 582 890 620 Νικηφόρως
906 580 1041 618 ἀνάδοχος
1057 582 1173 619 γένοιτο.
1189 581 1220 609 Ὁ
1233 579 1261 608 δὲ
1286 579 1456 610 Πολύευκτος
1485 579 1581 616 καίπερ
1609 579 1730 617 φανερῶς
1759 577 1856 615 ἐπιορ-

136 627 237 652 κοῦντα
253 623 333 655 εἰδὼς
348 625 394 652 τὸν
411 623 571 659 Στυλιανὸν,
588 626 619 652 τὸ
633 629 683 660 τῆς
699 627 851 657 συντεκνίας
864 626 1073 663 συγκεχώρηκεν
1088 624 1226 663 ἔγκλημα,
1243 625 1287 652 καὶ
1303 626 1317 652 ὁ
1333 625 1419 652 παλαι
1444 623 1618 660 ἐνιστάμενος
1644 621 1859 660 ὃευτερογαμίας

140 669 277 706 ἐπιτίμιον
294 669 425 701 ἐπιθεῖναι
440 669 485 696 καὶ
501 669 531 696 τὸ
547 670 616 707 μέγα
630 672 710 698 τοῦτο
726 675 845 709 παρῆκεν
863 670 1022 708 ἁμάρτημα.

175 715 358 751 Nicephorus
370 723 446 742 anno
456 715 573 751 imperii
592 716 637 743 sui
656 716 750 751 primo
766 720 867 744 contra
882 717 967 744 Sara-

140 767 228 787 cenos
253 759 383 787 Siciliam
409 762 544 787 tenentes
559 761 667 788 emittit
682 769 749 788 cum
769 761 863 789 classe
878 764 906 789 et
921 770 970 788 va-

140 803 200 831 lido
213 803 341 831 exercitu
355 803 524 831 Manuelum
540 805 708 840 patricium,
725 807 859 841 spurium
873 806 968 833 ﬁlium

140 848 244 876 Leonis
253 848 349 884 patrui
361 849 418 881 sui,
436 849 485 884 qui
498 849 678 878 domesticus
692 850 859 878 scholarum
871 851 968 878 dictus

140 901 157 920 a
168 892 299 920 Romano
321 892 436 920 seniore
454 892 548 920 oculis
564 893 659 921 fuerat
677 895 817 922 orbatus:
832 895 967 922 dedecori

139 945 268 972 namque
280 937 336 964 sibi
358 937 418 965 fore
430 938 593 972 judicabat,
610 938 634 966 si
650 938 715 974 ipso
731 940 895 975 imperante
909 942 962 966 Ro-
979 932 1003 964 B

140 989 262 1009 manum
278 981 433 1017 imperium
451 982 560 1009 tributa
576 982 729 1011 Saracenis
749 983 882 1011 solveret.
910 984 966 1011 Res

139 1025 208 1062 ipsa
221 1025 352 1061 postulat
368 1028 400 1053 ut
414 1027 681 1063 exponamus,quid
699 1028 800 1055 tributi
814 1029 966 1056 Saracenis

140 1070 259 1098 solverit
281 1070 446 1098 Romanum
465 1070 631 1107 imperium,
654 1075 744 1108 atque
761 1073 838 1100 unde
862 1081 895 1100 ea
921 1080 966 1100 res

141 1114 259 1142 initium
276 1114 422 1142 habuerit.
439 1115 512 1142 Cum
537 1116 666 1143 Africani
683 1116 820 1144 Saraceni
843 1119 967 1153 Syracu-

145 1166 194 1186 sas
209 1158 534 1195 cepissent,imperante
549 1160 657 1188 Basilio
673 1161 967 1197 Macedone,reliquas

141 1203 230 1230 etiam
245 1203 333 1231 urbes
342 1206 518 1237 everterunt,
530 1206 590 1232 tota
601 1204 699 1232 insula
716 1205 967 1241 potiti,solamque

142 1247 322 1275 Panormum
348 1256 400 1283 pro
425 1256 490 1275 arce
514 1250 543 1276 et
567 1249 749 1284 receptaculo
777 1250 965 1285 reliquerunt.

142 1291 212 1319 Inde
221 1292 342 1327 profecti
353 1294 517 1328 oppositam
529 1294 726 1321 continentem
739 1298 967 1330 occupaverunt,

143 1336 329 1372 ulteriusque
339 1337 486 1372 progressi
499 1337 613 1365 insulas
623 1346 717 1374 usque
733 1339 767 1366 ad
786 1339 967 1375 Peloponne-

144 1388 211 1407 sum
227 1388 330 1408 omnes
344 1381 608 1417 vastabant,iieque
624 1382 743 1418 petituri
759 1383 846 1411 etiam
863 1393 966 1419 prope-

142 1424 220 1451 diem
235 1424 511 1456 credebauturﬂuw
527 1434 573 1453 res
586 1434 653 1454 cum
669 1428 794 1461 graviter
808 1428 966 1456 sollicitum

142 1471 253 1496 teneret
277 1468 430 1501 Basilium,
453 1471 482 1496 et
506 1469 531 1496 is
555 1473 698 1505 quaereret
720 1471 869 1500 hominem
902 1474 968 1501 huic

143 1512 309 1540 ministerio
324 1512 474 1546 idoneum,
491 1514 568 1542 854
584 1515 764 1550 Nicephorus
781 1516 890 1551 placuit
916 1526 967 1553 pa-

143 1556 247 1584 tricius
272 1558 301 1584 et
329 1557 508 1585 domesticus
534 1558 713 1594 scholarum,
731 1560 781 1596 qui
806 1569 968 1596 cognomen

1059 713 1218 754 Νικηφόρος
1256 713 1284 742 δὲ
1317 717 1356 750 τῷ
1393 714 1496 751 πρώτῳ
1524 715 1574 745 τῆς
1604 712 1685 739 αὐτοῦ
1711 710 1857 749 βασιλείας

1024 758 1076 786 ἔτει
1105 759 1236 796 ἐκπέμπει
1259 760 1328 786 κατὰ
1354 759 1407 786 τῶν
1435 757 1461 785 ἐν
1493 756 1605 792 Σικελίᾳ
1624 758 1790 793 Σαρακηνῶν
1807 757 1857 783 τὸν

1022 805 1166 842 πατρίκιον
1208 803 1342 838 Μανουήλ
1382 803 1427 830 καὶ
1461 802 1539 834 νόθον
1568 802 1625 829 υἱὸν
1658 799 1853 838 πατραδέλφου

1022 849 1104 876 αὐτοῦ
1133 848 1259 883 Λέοντος,
1289 849 1410 884 [P.650]
1438 849 1486 874 τοῦ
1514 846 1736 884 χρηματίσαντος
1763 844 1850 881 δομι-

1022 893 1116 921 σκτίκου
1152 895 1206 920 τῶν
1245 892 1356 930 σχολῶν
1397 892 1442 919 καὶ
1479 891 1522 918 ἐπὶ
1557 892 1697 927 Ῥωμανοῦ
1727 891 1776 917 τοῦ
1804 890 1848 928 γὲ-

1019 948 1113 976 ροντος
1139 937 1348 976 τυφλωθὲντος,
1376 936 1488 974 στρατὸν
1520 936 1594 972 αὐτῷ
1621 934 1752 967 δοὺς·καὶ
1781 934 1846 961 στό-

1021 981 1068 1010 λον
1100 983 1267 1019 ἀξιόμαχον·
1302 980 1408 1017 ἀδοξίαν
1438 981 1488 1019 γὰρ
1518 979 1604 1008 ἐδόκει
1633 976 1845 1017 προστρίϐεσθαι

1021 1027 1118 1063 ἑαυτῷ,
1142 1027 1166 1054 εἴ
1187 1026 1285 1054 τούτου
1309 1027 1470 1063 κρατοῦντος
1500 1027 1518 1060 ἡ
1543 1025 1686 1060 Ῥωμαίων
1719 1024 1847 1061 βασιλεία

1021 1070 1189 1110 δασμοφορεῖ
1209 1074 1268 1102 τοῖς
1303 1073 1493 1108 Σαρακηνοῖς.
1523 1069 1603 1097 Ἀλλ’
1637 1069 1781 1106 ἀναγκαῖον
1808 1068 1848 1095 εἲ-

1021 1119 1081 1143 πεῖν
1094 1114 1294 1153 ἐπιδραμόντας
1317 1115 1359 1146 τίς
1384 1116 1401 1149 ἡ
1426 1115 1494 1152 πρὸς
1520 1113 1583 1145 τοὺς
1611 1112 1786 1151 Σαρακηιοὺς
1799 1111 1848 1140 δα-

1023 1160 1169 1199 σμοφορία,
1194 1159 1237 1187 καὶ
1254 1160 1313 1191 ὅθεν
1339 1159 1437 1197 εἷ’ληφε
1459 1160 1508 1193 τὴν
1526 1159 1627 1197 ἀρχήν.
1657 1161 1712 1192 Τῆς
1739 1157 1849 1188 πόλεως

1020 1205 1070 1243 γὰρ
1098 1207 1152 1231 τῶν
1184 1207 1361 1242 Συρακουσῶν
1394 1204 1445 1231 ὑπὸ
1473 1206 1526 1230 τῶν
1558 1203 1583 1230 ἐν
1614 1204 1731 1241 Ἀφρικῇ
1763 1205 1848 1239 Σαρα-

1021 1251 1111 1284 κηνῶν
1126 1248 1247 1284 ἀλούσης
1270 1249 1313 1276 ἐπὶ
1340 1251 1394 1276 τῶν
1418 1248 1525 1286 χρόνων
1549 1246 1689 1285 βασιλείου
1713 1249 1762 1274 τοῦ
1787 1247 1847 1275 Μα-

1021 1292 1130 1324 κεδόνος
1145 1315 1150 1326 ,

1022 1338 1221 1375 κατασχεθῆναι
1245 1338 1290 1365 καὶ
1316 1338 1364 1368 τὰς
1394 1337 1478 1371 αὐτῆς
1504 1336 1600 1367 πόλεις
1629 1339 1846 1374 κατασκαφῆναι,

1020 1386 1070 1417 τῆς
1104 1382 1249 1419 Πανόρμου
1289 1382 1374 1418 μόνης
1414 1381 1660 1418 περιποιηθείσης,
1694 1380 1720 1415 ἐξ
1748 1380 1782 1415 ἧς
1807 1379 1845 1409 ὡς

1022 1427 1052 1454 ἔκ
1075 1437 1150 1457 τινος
1175 1426 1350 1464 ὁρμητηρίου
1376 1427 1534 1462 ὁρμώμενοι
1568 1426 1594 1452 οἱ
1620 1425 1768 1462 Ἀγαρηνοὶ
1795 1425 1846 1458 τὴν

1022 1471 1195 1508 ἀντιπέρςιιθεν
1219 1474 1270 1507 γῆν
1306 1471 1497 1505 ὲπεκτῆσαντο.
1528 1470 1645 1497 Ἐκεῖθεν
1675 1467 1704 1496 δὲ
1733 1467 1846 1506 διαπορ-

1024 1516 1186 1552 θμευόμενοι
1210 1515 1259 1547 τὰς
1282 1516 1380 1550 νήσους
1401 1513 1497 1551 ἐδῄουν
1532 1513 1598 1552 ἄχρι
1627 1512 1847 1549 Πελοποννήσου,

1024 1561 1068 1588 καὶ
1106 1561 1168 1587 ὅσον
1205 1558 1282 1587 οῧπω
1310 1558 1493 1597 προσδόκιμοι
1517 1559 1733 1597 παραστήσεσθαι
1767 1557 1858 1593 ἦσαν.’

1190 1293 1235 1320 καὶ
1263 1294 1314 1328 τήν
1343 1292 1411 1328 ὅλην
1442 1290 1540 1327 συνέϐη
1569 1295 1651 1327 νῆσον
1681 1291 1726 1318 ὐπ’
1756 1290 1846 1318 αὐτῶν

145 1600 247 1628 Phocea
255 1601 384 1637 gerebat,
393 1602 469 1637 quod
479 1602 600 1638 quidam
612 1603 705 1638 ipsius
717 1605 862 1639 majorum
879 1606 967 1633 rebus

1060 1606 1193 1642 μηχανῶν
1230 1603 1258 1631 δὲ
1292 1605 1306 1632 ὁ
1346 1603 1472 1641 βασιλεὺς
1511 1603 1664 1637 Βασίλειος,
1702 1603 1747 1630 καὶ
1775 1601 1847 1638 ἄξιον

146 1645 284 1680 praeclare
307 1646 399 1680 gestis
428 1647 523 1674 fuerat
544 1648 679 1675 meritus.
697 1648 748 1676 Hic
774 1649 969 1685 Nicephorus,

146 1689 301 1725 Nicephori
317 1690 502 1726 imperatoris
517 1700 598 1725 avus,
611 1692 698 1720 homo
713 1701 884 1729 generosus,
901 1703 969 1730 pru-

147 1734 221 1761 dens
232 1742 265 1761 ac
277 1734 342 1769 pius
353 1735 382 1762 in
392 1734 495 1768 Deum,
511 1738 539 1763 et
548 1744 617 1772 erga
628 1736 762 1765 homines
773 1738 885 1773 justus,
902 1747 969 1766 cum

145 1778 273 1806 exercitu
288 1778 317 1806 in
334 1779 463 1807 Siciliam
479 1780 639 1815 profectus,
651 1781 728 1808 brevi
743 1783 885 1818 temporis
900 1792 970 1819 spa-

146 1822 186 1850 tio
202 1822 285 1851 Italia
299 1825 458 1852 Saracenos
471 1824 591 1859 expulit,
607 1827 757 1862 coegitque
772 1835 822 1855 eos
845 1831 878 1855 ut
893 1836 925 1855 se
939 1828 969 1855 in

144 1866 245 1895 Sicilia
269 1868 464 1896 continerent.
481 1869 590 1897 Ferunt
605 1870 693 1898 Italos
718 1871 787 1899 huic
802 1872 863 1899 viro
878 1873 968 1900 eadem

144 1912 280 1946 posuisse
291 1913 326 1940 ad
338 1916 511 1948 perpetuam
523 1914 638 1942 virtutis
649 1915 713 1950 ejus
724 1916 969 1950 memoriam,non

145 1955 210 1984 ideo
226 1958 342 1984 tantum
359 1958 435 1992 quod
451 1966 501 1985 eos
517 1957 712 1993 liberavisset,
728 1961 779 1988 sed
795 1964 824 1988 et
838 1962 874 1988 ob
890 1961 969 1989 aliud

146 2000 337 2028 memorabile
352 2001 472 2028 factum.
487 2002 602 2030 Etenim
626 2003 750 2031 Romani
765 2005 886 2032 domum
902 2014 970 2033 cum

146 2044 266 2071 ductore
281 2053 335 2071 suo
346 2046 491 2073 reversuri
507 2047 616 2074 multos
628 2048 767 2076 Italorum
779 2049 971 2085 comprehen-

147 2088 338 2124 derant,quos
345 2089 481 2117 volebant
489 2090 518 2118 in
526 2091 695 2119 servitutem
705 2101 805 2120 secum
814 2094 968 2122 abducere.

146 2132 187 2160 Re
199 2135 348 2168 comperta
360 2133 552 2170 Nicephorus,
570 2135 643 2163 nihil
655 2137 756 2165 dicens
767 2146 861 2173 neque
878 2139 970 2167 ullam

145 2178 316 2213 suspicandi
341 2179 525 2207 occasionem
556 2182 697 2216 praebens,
716 2185 748 2209 ut
773 2184 969 2211 Brundusium

146 2223 191 2262 est
207 2225 377 2258 perventum
394 2223 473 2259 (inde
487 2225 565 2252 enim
591 2228 674 2252 erant
695 2226 724 2253 in
748 2226 892 2263 Illyricum
908 2230 969 2256 tra-

141 2266 341 2303 jecturi),ipse
353 2275 594 2304 unumquemque
609 2269 828 2299 classiariorum
844 2273 970 2308 singula-

145 2311 199 2338 tim
215 2311 245 2338 in
261 2311 359 2340 navim
375 2312 489 2349 ingredi
509 2314 601 2349 jussit
614 2316 642 2341 et
657 2315 807 2350 trajicere;
826 2319 914 2352 atque
929 2317 971 2345 sic

147 2355 236 2383 italos
252 2355 282 2383 in
302 2356 386 2384 Italia
410 2357 538 2393 reliquit.
555 2361 659 2386 Pacata
684 2360 787 2388 exinde
811 2361 866 2388 fuit
890 2361 972 2389 Italia

148 2408 242 2435 usque
260 2401 297 2428 ad
312 2400 471 2436 imperium
487 2403 671 2430 Constantini
687 2404 929 2441 Porphyrogeniti
944 2409 973 2434 et

147 2444 251 2472 matris
279 2445 352 2480 ejus.
372 2446 449 2473 Tum
478 2455 596 2475 rursum
623 2449 758 2477 Saraceni
786 2450 972 2486 insurgentes

147 2488 263 2517 Italiam
278 2490 396 2518 nemine
408 2491 581 2526 prohibente
592 2492 780 2522 infestarunt.
797 2497 832 2522 Et
847 2495 972 2530 impera-

146 2535 224 2561 tores
240 2533 506 2564 animadvertentes
522 2544 552 2564 se
570 2545 626 2564 non
644 2546 728 2573 pares
751 2547 817 2566 esse
836 2539 912 2567 bello
933 2540 972 2567 si-

146 2577 207 2605 mul
224 2581 326 2606 contra
340 2579 497 2608 orientales
512 2583 541 2608 et
553 2584 655 2610 contra
674 2583 870 2612 occidentales
886 2584 972 2612 Sara—

146 2630 235 2650 cenos
250 2624 387 2659 gerendo,
404 2625 566 2660 praesertim
582 2629 668 2663 rupto
683 2627 757 2656 355
773 2629 834 2664 jam
852 2629 940 2657 etiam
956 2638 978 2656 a»

1026 1650 1162 1686 ὑπηρέτην
1197 1649 1334 1684 ἀναζητῶν
1370 1652 1420 1683 τῆς
1453 1648 1581 1683 τοιαύτης
1610 1647 1773 1685 ὑπηρεσίας,
1801 1647 1847 1674 τὸν

1024 1694 1164 1731 πατρίκιον
1202 1691 1287 1731 ἔκρινε
1319 1693 1477 1731 Νικηφόρον
1515 1692 1560 1720 καὶ
1599 1691 1759 1728 δομέστικον
1793 1693 1847 1718 τῶν

1025 1738 1146 1776 σχολῶν,
1172 1737 1329 1773 ἆπωνυμίαν
1358 1738 1474 1776 φέροντα
1499 1739 1547 1764 τοῦ
1577 1739 1672 1770 Φωκᾶ,
1692 1735 1745 1763 ἀπό
1777 1745 1849 1766 τινος

1023 1785 1076 1810 τῶν
1097 1782 1239 1819 προγόνων
1256 1783 1338 1809 αὑτοῦ
1354 1781 1570 1819 ἀριστεύσαντος.
1588 1782 1701 1811 Dirum:
1717 1781 1731 1807 ὁ
1760 1783 1845 1815 Νικη-

1024 1827 1108 1866 φόρος
1123 1828 1155 1862 ἧν
1170 1829 1217 1854 τοῦ
1244 1825 1378 1864 βασιλέως
1400 1826 1567 1864 Νικηφόρου,
1586 1825 1652 1862 ἀνήρ
1667 1825 1790 1862 γενναῖός
1818 1835 1847 1852 τε

1023 1871 1067 1898 καὶ
1097 1871 1216 1905 συνετὸς,
1242 1871 1275 1898 τὰ
1289 1873 1357 1908 πρὸς
1373 1871 1436 1898 Θίόν
1466 1881 1495 1897 τε
1523 1867 1635 1904 εὐσεϐής
1661 1869 1705 1896 καὶ
1734 1869 1767 1896 τὰ
1781 1868 1847 1906 πρὸς

1024 1916 1182 1953 ἀνθρώπους
1197 1915 1311 1946 δίκαιος.
1328 1916 1413 1946 Οὗτος
1431 1914 1496 1952 μετά
1509 1925 1581 1945 τινος
1598 1916 1713 1951 στρατοῦ
1727 1913 1764 1943 εἷς
1781 1914 1847 1942 Ἰτα-

1025 1959 1084 1987 λίαν
1109 1960 1268 1998 περαιωθεὶς
1294 1959 1369 1990 ἐντὸς
1394 1959 1488 1997 ὀλίγου
1511 1958 1576 1989 τοὺς
1599 1957 1774 1994 Σαρακηνοὺς
1798 1960 1847 1992 τῆς

1025 2003 1142 2035 Ἰταλίας
1158 2003 1281 2039 ἀπήλασε
1293 2003 1339 2031 καί
1354 2003 1380 2031 ἐν
1398 2003 1511 2038 ΣικεΛία
1526 2004 1542 2037 ἡ
1560 2002 1685 2040 συχάζειν
1699 2003 1846 2039 ἠνάγκασε.

1024 2048 1124 2076 Τούτου
1149 2051 1196 2076 τοῦ
1221 2048 1318 2087 ἀνδρὸς
1338 2048 1380 2076 καὶ
1398 2048 1461 2075 ναὸν
1478 2047 1585 2084 λέγεται
1601 2046 1772 2083 δομήσασθαι
1787 2045 1849 2076 τοὺς

1025 2093 1144 2124 Ἰταλοὺς
1175 2093 1212 2125 εἷς
1239 2095 1348 2130 μνήμην
1375 2091 1494 2128 ἅληστοθ
1515 2095 1564 2126 τῆς
1581 2091 1663 2118 αὐτοῦ
1679 2091 1787 2128 ἀρετῆς,
1818 2089 1847 2117 οὐ

1025 2137 1070 2165 διὰ
1084 2139 1133 2172 τήν
1150 2137 1304 2175 ἐλευθερίαν
1321 2138 1419 2174 μόνην,
1444 2136 1517 2164 ἀλλὰ
1530 2136 1575 2163 καὶ
1591 2135 1626 2163 δι’
1653 2134 1744 2170 ἕτερον
1769 2132 1846 2171 ἔργον

1025 2183 1218 2221 ἀξιαφήγητον
1248 2183 1282 2211 Οἱ
1305 2182 1356 2220 γὰρ
1384 2182 1517 2217 Ῥωμαῖοι
1545 2180 1570 2208 ἐν
1599 2183 1639 2216 τῷ
1668 2179 1779 2216 μέλλειν
1807 2178 1847 2206 οἳ·

1024 2226 1088 2255 καδε
1117 2226 1293 2265 ὑποστρέφειν
1327 2226 1394 2262 μετὰ
1421 2228 1469 2253 τοῦ
1494 2227 1568 2264 σφῶν
1598 2226 1749 2262 στρατηγοῦ
1775 2222 1846 2250 πολ-

1026 2272 1090 2303 λοὺς
1117 2274 1171 2299 τῶν
1206 2271 1317 2300 Ἰταλῶν
1356 2271 1538 2308 κατασχόντες
1574 2268 1701 2297 ἔσπευδον
1732 2268 1847 2300 δούλους

1026 2317 1065 2347 εἷς
1092 2317 1140 2350 τὴν
1172 2317 1282 2354 περαίαν
1297 2312 1463 2342 διαϐιϐάσαι·
1494 2314 1525 2342 οὗ
1553 2313 1732 2352 γνωσθέντος,
1764 2311 1846 2350 μηδὲν

1025 2360 1098 2392 ὅλως
1114 2361 1228 2388 ιῖπὼνὸ
1257 2359 1413 2397 Νικηφόρος
1444 2358 1507 2396 μηδ’
1537 2359 1661 2386 ὑπόνοιαν
1676 2368 1736 2386 τινα
1768 2356 1848 2385 δεδω-

1026 2407 1080 2436 κὼς
1109 2406 1162 2444 πρὸ
1190 2407 1238 2432 τοῦ
1268 2405 1293 2432 ἐν
1331 2404 1478 2442 Βρεντεσίῳ
1515 2404 1634 2442 γενέσθαι
1661 2403 1772 2440 (ἐκεῖθεν
1798 2402 1848 2440 γὰρ

1027 2448 1143 2486 ἔμελλον
1173 2450 1241 2486 πρὸς
1269 2449 1318 2483 τήν
1347 2447 1486 2486 Ἰλλυρίδα
1510 2447 1669 2485 διαπερᾷν)·
1697 2447 1736 2477 ὡς
1765 2446 1849 2473 ἐκεῖσε

1027 2494 1161 2531 ἐγένοντο,
1178 2493 1257 2524 αὐτὸς
1283 2492 1318 2520 δι’
1342 2493 1437 2520 ἑαυτοῦ
1463 2491 1572 2520 ἕκαστον
1598 2494 1652 2520 τῶν
1678 2493 1847 2527 στρατιωτῶν

1027 2536 1181 2575 ἐμϐιϐάζων
1215 2541 1273 2569 τοῖς
1311 2537 1422 2569 πλοίοις
1461 2539 1544 2575 περᾷν
1581 2535 1772 2573 παρεσκεύαξε,
1805 2534 1848 2562 καὶ

1028 2582 1099 2610 οὕτω
1113 2582 1177 2614 τοὺς
1191 2583 1343 2621 ἐγχωρίους
1359 2581 1431 2610 εἴασε
1444 2584 1493 2617 τήν
1524 2582 1623 2609 ἑαυτῶν
1652 2581 1745 2618 χώραν
1765 2577 1850 2611 ἀδεῶς

1027 2631 1173 2656 κατοικεῖν.
1218 2627 1368 2656 Διετὶλεσιν
1411 2626 1457 2654 οὖν
1497 2625 1672 2664 εἰρηνεύουσα
1699 2626 1717 2660 ἡ
1747 2622 1849 2651 Ἰταλία

746 2692 928 2720 XYLANDRI
949 2692 993 2720 ET
1013 2691 1121 2721 GOARl
1139 2692 1256 2721 NOTIE.

182 2736 239 2772 (11)
250 2737 448 2777 Ἐσειςεὶανατηι
464 2739 570 2777 palatii
589 2741 820 2777 archipresbyter.
836 2741 972 2776 Speciose

147 2771 183 2800 do
199 2780 233 2801 eo
249 2773 381 2810 loquitur
394 2771 553 2811 Xylander,
561 2777 589 2804 et
601 2771 765 2812 pontiﬁcali:
774 2771 970 2813 palatinorum

1024 2741 1179 2778 principem
1203 2742 1282 2770 facit.
1297 2743 1455 2770 Strenuum
1481 2739 1624 2775 pontiﬁcii
1648 2737 1775 2766 nominis
1789 2737 1848 2765 vin-

1024 2777 1121 2807 dicem
1134 2778 1203 2814 agit.
1219 2780 1309 2806 Goaa.
