1928 3047
92 102 134 133 89
665 103 939 134 HISTORIARUM
962 102 1239 135 COMPENDIUM.
1418 108 1421 111 '
1765 105 1806 134 90

95 166 182 204 μέχρι
211 168 266 194 τῶν
296 167 402 205 χρόνων
430 170 478 196 τοῦ
509 169 768 207 Πορφυρογεννήτου
784 172 920 196 Κωνσταν-

1012 169 1115 206 ilgaris
1123 170 1238 205 l‘mdere,
1247 177 1348 206 pacem
1360 178 1427 198 cum
1438 170 1640 198 Siciliensibus
1651 170 1805 199 Saracenis

92 211 172 238 τίνοι)
196 211 242 238 καὶ
266 215 317 246 τῆς
345 212 427 240 αὐτοῦ
453 211 567 251 μητρός·
585 212 626 240 ἐπ’
651 213 758 241 ἐκείνων
785 212 813 241 δὲ
841 215 924 243 πάλιν

93 255 252 291 κινηθέντες
267 257 293 283 οἱ
309 257 463 295 Σαρακηνοὶ
481 256 594 294 μηδενὸς
617 257 771 289 κωλύοντος
792 259 841 293 τὴν
858 260 926 288 Ἰτα-

95 299 158 327 λίαν
188 301 366 339 κατέτρεχον.
393 301 549 333 Συνιδόντες
570 301 614 330 οὖν
642 303 667 330 οἱ
698 305 859 340 κρατοῦντες
888 304 924 336 ὡς

94 345 147 382 οὐγ
165 345 221 373 οἷοί
235 346 265 373 τέ
280 346 330 374 εἶσι
345 347 413 384 πρός
433 357 463 375 τε
485 347 548 378 τοὺς
572 347 657 384 ὲῲους
685 348 858 386 Σαρακηνοίις
879 349 924 376 καὶ

94 390 165 427 πρὸς
179 390 245 422 τοὺς
261 391 402 429 ἑσπερίους
419 391 552 429 ἀντέχειν,
567 391 622 428 ἤδη
652 392 696 420 καὶ
720 395 772 420 τῶν
802 392 923 432 Βουλγά-

94 444 149 472 ρων
171 435 220 467 τὰς
244 434 362 467 σπονδὰς
385 435 552 472 λελυκότων,
578 437 734 469 σπείσασθαι
763 437 924 475 ἐγνώκεισαν

95 480 166 515 μετὰ
193 482 250 508 τῶν
285 479 311 507 ἐν
343 480 456 516 Σικελίᾳ
487 483 665 519 Σαρακηνῶν.
696 483 837 520 Ἐγένοντο
878 482 923 510 οὖν

94 524 234 562 σύμφωνα
263 523 298 552 δι’
323 525 475 558 Εὐσταθίου
503 528 552 553 τοῦ
573 527 726 564 στρατη·ίοῦ
755 525 923 565 Καλαϐρίας,

93 569 156 600 ἑνὸς
186 567 265 598 ὄντος
294 572 348 597 τῶν
376 570 525 608 βασιλικῶν
549 569 767 607 Θαλαμηπόλων,
784 571 824 610 ἐφ’
840 572 862 608 ᾦ
879 571 924 600 δα-

94 612 167 649 σμὸν
182 612 291 648 ἰτήσιον
307 613 429 646 δίδοσθαι
454 617 512 646 τοῖς
537 618 706 654 Σαρακηνοῖς
733 616 848 654 χρυσίου
877 627 924 654 χι-

93 656 194 688 λιάδας
220 659 274 696 κβ’.
305 660 438 696 [Ρ.“651]
468 660 622 696 Γενομένων
653 658 681 687 δὲ
709 662 763 688 τῶν
803 660 925 688 σπονδῶν

92 702 226 738 Ἰωάννην
243 702 384 739 πατρίκιον
406 703 452 731 τὸν
483 703 600 740 ἐπίκλην
629 704 801 739 Μουζάλωνα
829 715 923 744 στρατ-

92 746 166 784 ηγὸν
195 750 245 782 τῆς
280 745 442 785 Καλαϐρίας
483 746 687 787 προύϐάλοντο,
717 750 747 781 ὃς
790 753 925 789 φορτικῶς

91 791 244 829 κατάρχων
282 794 336 820 τῶν
376 791 521 831 ἐγχωρίων
568 794 612 821 ὑπ’
641 793 729 821 αὐτῶν
771 795 922 833 ἀπεσφάγη,

93 836 357 890 προσχωρησάντων
367 839 412 890 ,τῷ
430 837 500 885 Αρηγὶ
523 835 723 875 Λογγιϐαρδίας
748 838 923 878 Δανδούλφῳ,
940 857 964 890 Β

92 881 239 917 Ῥωμανοῦ
269 883 318 909 τοῦ
345 881 472 920 γέροντος
498 883 557 919 ἄρτι
583 883 616 910 τὰ
644 887 768 921 σκῆπτρα
791 884 924 922 κατέχον-

93 935 142 955 τος
171 926 325 962 Ῥωμαίων.
353 927 409 965 Ὑφ’
438 927 468 954 οὗ
502 928 637 966 συμιρέρον
679 927 810 964 ἐνομίσθη
849 939 926 966 στρα-

95 969 198 1000 τιώτας
224 974 382 1009 πεμφθῆναι
428 972 496 1008 μετὰ
531 974 610 1008 νεῶν,
635 972 665 999 τὸ
699 972 850 1011 ἀπόῤῥαγεν
877 974 925 1008 τῆς

95 1012 234 1049 ὁλότητος
272 1015 354 1053 μέρος
387 1015 621 1048 ἐπανασώσασθαι.
658 1018 859 1055 Προσεπέμφθη
896 1017 925 1045 δὲ

97 1061 209 1095 Κοσμῖις
241 1059 382 1096 πατρίκιος
412 1060 635 1095 Θεσσαλονικεὺς,
658 1061 798 1100 γνώριμος
824 1062 860 1089 ὢν
886 1065 925 1098 τῷ

95 1102 268 1142 Δανδοόλφῳ
284 1105 351 1141 (12).
369 1105 420 1132 Καὶ
447 1106 608 1143 περαιωθεὶς
636 1106 714 1137 οὗτος
744 1107 782 1137 εἷς
808 1106 923 1135 Ἰταλίαν

92 1148 139 1175 καὶ
175 1150 216 1184 τῷ
252 1147 420 1189 Δανόούλφῳ
445 1150 580 1187 συμμίξας
609 1151 723 1188 παρῄνει
756 1151 924 1189 ἀποσχέσθαι

92 1195 145 1227 τῆς
176 1193 272 1231 χώρας
301 1194 445 1230 Ῥωμαίων
472 1195 517 1222 καὶ
553 1197 592 1230 τῷ
631 1195 738 1233 βασιλεῖ
769 1195 924 1234 συμφιλιω-

95 1240 178 1271 θῆναι
208 1238 253 1266 καὶ
275 1238 333 1265 ἀντὶ
362 1237 499 1275 πολεμίου
529 1239 609 1278 φίλον
640 1240 720 1268 αὐτὸν
742 1244 855 1275 ποιῆσαι
879 1241 924 1268 καὶ

94 1281 262 1320 σύμμαχον.
290 1283 522 1320 Ἀπαναινομένου
547 1283 575 1311 δὲ
597 1285 695 1312 τούτου
723 1285 754 1312 τὸ
773 1287 892 1322 πρῶτον,
910 1286 923 1313 ὃ

93 1330 208 1363 Κοσμᾶς
238 1327 308 1365 ἀνὴρ
342 1328 476 1367 φρόνιμος
505 1327 541 1356 ὢν
571 1329 615 1356 καὶ
647 1329 766 1362 συνετόςι
800 1341 812 1355 α
840 1331 923 1366 Ἐμοὶ

93 1371 156 1407 μὲν,
172 1372 232 1399 εἷπε
251 1373 319 1409 πρὸς
341 1373 387 1400 τὸν
413 1371 596 1412 Δανὸοὖλφον,
612 1373 693 1411 χρέος
717 1373 749 1407 ἦν
774 1375 808 1401 τὰ
834 1375 922 1410 σωτή-

91 1425 137 1452 ρια
165 1413 371 1452 συμϐουλεῦσαι
399 1419 439 1453 τῷ
464 1417 593 1456 φίλῳ-Εἰ
622 1417 644 1446 δ’
669 1418 748 1450 αὐτὸς
779 1419 922 1451 πεισθῆναί

92 1471 140 1496 μοι
175 1461 209 1488 οὗ
244 1460 331 1492 θέλεις
368 1461 401 1489 τὰ
439 1461 569 1497 λυσιτελῆ
608 1460 834 1499 συμϐουλεύοντι,
862 1463 923 1490 τότε

982 223 1155 250 cormponere
1172 217 1348 243 statuerunt.
1367 217 1546 250 Factumque
1560 217 1614 248 est,
1633 218 1732 250 agente
1744 223 1803 242 rem

981 259 1112 287 Eustatio
1140 259 1278 287 Calabria:
1308 260 1454 296 praefecto,
1475 267 1533 286 uno
1556 260 1590 286 de
1620 259 1805 294 imperatoris

980 304 1178 338 cubiculariis,
1200 307 1233 332 ut
1247 304 1398 332 Saracenis
1413 305 1553 332 darentur
1569 304 1670 331 tributi
1687 304 1805 331 nomine

981 349 1138 384 quotannis
1154 357 1309 377 aureorum
1324 350 1360 376 22
1376 349 1466 377 milia.
1483 349 1615 376 Firmata
1629 357 1700 384 pace
1714 349 1805 376 Joan-

979 401 1043 422 nem
1058 393 1213 430 patricium
1238 396 1431 430 cognomento
1455 393 1637 421 Muzalonem
1665 393 1803 421 Calabriae

979 439 1180 474 prefecerunt.
1198 439 1225 466 ls
1238 444 1304 466 cum
1322 447 1352 466 se
1369 438 1559 474 imperiosius
1574 438 1604 466 in
1621 438 1756 466 subditos
1770 446 1805 473 ge

979 485 1065 517 reret,
1081 486 1126 511 est
1140 483 1176 510 ab
1191 482 1228 511 iis
1246 483 1428 516 interfectus,
1456 485 1543 519 atque
1566 483 1586 510 ii
1612 491 1643 511 se
1660 483 1806 510 dederunt

979 527 1153 563 Dandulpho
1170 528 1227 563 regi
1245 528 1456 563 Longibardiae,
1478 536 1543 555 cum
1564 527 1628 562 jam
1652 527 1802 555 Romanus

979 572 1078 600 senior
1091 571 1250 608 imperium
1269 572 1440 608 accepisset.
1471 572 1522 600 Hic
1553 572 1702 599 Romanus
1731 571 1803 599 utile

980 617 1094 644 censuit
1106 619 1138 644 ut
1147 615 1239 644 missa
1249 616 1342 644 classe
1351 625 1418 652 pars
1431 616 1547 652 imperii
1559 616 1671 644 amissa
1681 623 1801 652 recupe-

979 661 1261 689 raretur.Praemittit
1277 662 1373 689 tamen
1385 661 1521 688 Cosmum
1538 660 1691 696 patricium
1708 661 1803 688 Thes-

978 706 1202 740 salonicensem,
1219 707 1320 733 notum
1338 705 1522 741 Dandulpho.
1541 706 1567 733 ls
1587 714 1655 733 cum
1671 705 1802 740 trajecis-

979 752 1023 778 set
1037 750 1066 777 in
1084 750 1208 783 Italiam,
1218 758 1285 777 cum
1300 750 1476 786 Dandulpho
1492 749 1653 777 collocutus
1667 749 1802 777 hortatur

981 797 1013 822 ut
1028 804 1044 822 ε
1059 795 1255 823 Romanorum
1273 795 1382 822 ditione
1407 794 1554 822 abstineat
1576 797 1605 822 et
1626 802 1692 822 cum
1707 793 1803 829 impe—

981 842 1075 867 ratore
1090 839 1185 867 fmdus
1201 839 1288 872 ineat,
1304 847 1431 875 eumque
1444 847 1494 874 pro
1511 839 1594 867 hoste
1610 839 1737 866 amicum
1751 846 1803 874 po-

980 885 1039 912 tius
1053 884 1224 919 sociumque
1239 884 1294 911 sibi
1311 883 1457 912 conciliet.
1475 883 1651 919 Dandulpho
1674 883 1802 919 primum

980 931 1121 956 renuente
1137 928 1268 963 Cosmus,
1285 930 1315 955 ut
1347 931 1409 956 erat
1424 928 1513 956 homo
1544 928 1682 963 prudens,
1703 937 1713 952 ε
1732 927 1803 955 Mihi

979 973 1108 1009 quidem,
1124 973 1230 1008 inquit,
1249 980 1367 1000 necesse
1390 976 1452 1000 erat
1476 972 1589 1000 homini
1614 972 1707 999 amico
1731 980 1803 1008 sug-

979 1026 1078 1053 gerere
1093 1017 1248 1045 consilium
1266 1017 1457 1045 salutare.Cui
1474 1017 1500 1044 si
1516 1019 1547 1044 tu
1561 1025 1663 1052 parere
1679 1025 1736 1044 non
1747 1017 1803 1050 vis,

978 1062 1125 1098 experiere
1142 1062 1248 1090 falsum
1265 1061 1354 1089 animi
1371 1065 1399 1089 te
1414 1062 1574 1089 admodum
1587 1061 1688 1096 fuisse,
1705 1061 1754 1088 ubi
1773 1063 1803 1088 te

979 1107 1161 1135 etnationsm
1173 1109 1264 1134 totam
1275 1106 1303 1134 in
1318 1114 1466 1134 summum
1477 1106 1634 1134 adduxeris
1644 1106 1799 1134 discrimen

979 1154 1006 1180 et
1019 1152 1114 1187 impar
1129 1155 1187 1179 tam
1204 1150 1330 1186 potentis
1346 1150 1462 1186 imperii
1478 1150 1588 1178 viribus
1605 1150 1803 1178 subsistendis

978 1197 1013 1224 de
1029 1196 1117 1223 rebus
1132 1196 1192 1223 tuis
1218 1195 1427 1230 desperaveris.
1452 1206 1466 1220 ››
1494 1194 1699 1230 Dandulpbus,
1724 1195 1801 1223 856

978 1240 1144 1275 intelligens
1152 1241 1287 1268 Cosmum
1304 1243 1380 1267 recte
1388 1239 1628 1275 monere,a‘ccipit
1643 1239 1799 1267 consilium

979 1287 1007 1313 et
1023 1285 1177 1312 fmdusicit
1189 1293 1195 1311 :
1206 1284 1340 1311 hortatur
1354 1283 1443 1311 etiam
1460 1284 1607 1319 principes
1620 1283 1799 1320 reliquarum

978 1338 1042 1365 quae
1056 1329 1222 1357 defecerant
1238 1328 1464 1364 provinciarum,
1487 1330 1519 1355 ut
1534 1328 1570 1356 ad
1600 1328 1726 1364 priorem
1754 1337 1800 1355 re-

978 1375 1066 1401 deant
1081 1376 1189 1402 statum
1217 1381 1366 1408 suumque
1391 1372 1597 1408 imperatorem
1628 1375 1799 1408 agnoscant.

978 1418 1027 1446 His
1043 1419 1116 1447 actis
1132 1426 1236 1446 rursus
1252 1418 1281 1445 in
1298 1417 1381 1445 Italia
1395 1425 1429 1445 ae
1449 1417 1644 1453 Longibardia
1659 1417 1718 1445 alta
1746 1425 1800 1453 pax

978 1466 1049 1491 erat.

87 1505 182 1541 γνώση
211 1508 262 1540 τῆς
290 1504 420 1540 ἀληθείας
451 1504 638 1544 διαμαρτήσας
667 1508 734 1534 κατά
762 1507 846 1543 πολὺ,
864 1508 926 1535 ὅταν
955 1506 1064 1534 σεαυτόν
1088 1517 1118 1534 τε
1143 1506 1187 1533 καὶ
1215 1505 1247 1533 τὸ
1281 1504 1355 1536 ἔθνος
1388 1505 1457 1533 ἅπαν
1480 1507 1539 1536 τοῖς
1571 1504 1709 1542 μεγίστοις
1738 1505 1805 1532 ὑπο-

87 1546 184 1576 ϐαλὼν
216 1548 351 1581 κινδύνοις
380 1550 584 1588 ἀπαγοριύσεις,
617 1552 654 1588 μὴ
684 1550 843 1588 δυνάμενος,
872 1552 940 1590 πρὸς
980 1551 1051 1579 οὕτω
1091 1550 1213 1588 μεγάλην
1253 1550 1297 1578 καὶ
1334 1550 1446 1588 ἰσχυρὰν
1484 1549 1683 1581 ἀντιτάττεσθαι
1723 1547 1801 1576 δυνα-

87 1593 191 1622 στείαν.
211 1606 226 1619 ››
241 1594 335 1625 Συνεὶς
365 1594 410 1622 οὖν
423 1596 437 1622 ὁ
454 1594 625 1635 Δανδοῦλφος
648 1598 682 1623 τὰ
707 1596 801 1624 δέοντα
829 1595 1025 1633 συμϐουλεύειν
1041 1596 1086 1623 τὸν
1102 1594 1254 1633 πατρίκιον,
1271 1594 1377 1630 ἐδέξατο
1393 1595 1442 1629 τήν
1458 1593 1611 1632 παραίνεσιν
1640 1594 1683 1621 καὶ
1714 1593 1802 1621 ἐσπεί-

86 1649 168 1674 σατο,
185 1640 353 1674 νουθετήσας
367 1639 494 1672 καὶτοὺς
508 1639 643 1678 ἄρχοντας
658 1641 711 1669 τῶν
738 1642 910 1669 ἀποστάντων
934 1640 1056 1678 θεμάτων
1077 1642 1111 1678 τῇ
1135 1640 1255 1678 προτέρᾳ
1276 1638 1460 1678 προσδραμεῖν
1483 1640 1556 1677 ἀρχῇ
1580 1638 1624 1666 καὶ
1653 1638 1698 1665 τὸν
1729 1641 1804 1676 σφῶν

86 1683 240 1720 έπιγνῶναι
273 1683 395 1721 βασιλέα,
425 1685 463 1712 ὧν
493 1684 654 1717 πεισθέντων
678 1686 773 1723 εἰρήνη
805 1687 900 1724 βαθεῖα
927 1685 1010 1713 πάλιν
1039 1687 1150 1723 κατεῖχε
1176 1685 1209 1712 τὰ
1224 1684 1249 1712 ἐν
1265 1684 1370 1720 ’[ταΛίᾳ
1383 1683 1427 1711 καὶ
1447 1680 1630 1721 Λογγιϐαρδίᾳ
1644 1682 1801 1720 πράγματα.

124 1729 154 1755 '0
181 1727 211 1756 ’δὲ
240 1730 295 1755 τῶν
321 1729 485 1767 Βουλγάρων
523 1731 647 1768 ἀρχηγὸς
677 1732 789 1767 Συμεὼν
827 1731 957 1766 πολλαί]

86 1774 161 1800 κατὰ
191 1773 336 1810 Ῥωμαίων
377 1775 477 1809 στήσας
518 1775 636 1812 τρόπαια
677 1776 722 1802 καί
765 1786 918 1815 φρονηματι

88 1818 166 1850 σθεὶς
196 1817 241 1845 ἐπὶ
273 1817 382 1849 τούτοις
408 1818 453 1846 καὶ
481 1819 531 1853 τήν
562 1819 706 1856 Ῥωμαίων
743 1820 921 1858 ὠνειροπόλει

91 1861 248 1899 βασιλείαν.
264 1862 360 1890 Τοίνυν
387 1863 455 1901 πρὸς
486 1863 611 1892 Φατλοῦν
636 1865 681 1892 τὸν
708 1863 840 1900 δυνάστην
867 1869 920 1894 τῶν

89 1910 209 1944 ’ᾊφρων
227 1906 369 1945 ἐκπέμψας
383 1908 564 1945 προετρέπετο
580 1908 678 1936 στόλον
694 1909 762 1937 κατὰ
773 1914 823 1944 τῆς
845 1911 922 1948 βασι-

90 1950 170 1982 λίδος
188 1952 346 1990 ἀναγαγεῖν,
364 1953 523 1990 ὑπισχνεῖτο
540 1952 568 1980 δὲ
592 1953 637 1981 καὶ
660 1954 742 1985 αὐτὸς
758 1953 802 1982 διὰ
816 1955 922 1992 Θρᾴκης

89 1995 183 2023 ἐλθεῖν
212 1995 302 2024 πολὺν
331 1996 376 2023 καὶ
407 1997 491 2035 βαρὺν
521 1998 634 2034 πρατὸν
668 1998 847 2036 ἐπαγόμενος,
876 2000 921 2027 καὶ

87 2039 247 2079 γενομένων
295 2041 338 2079 ὑφ’
359 2040 387 2068 ’ἐν
411 2043 465 2069 τῶν
504 2043 710 2080 στρατευμάτων
743 2041 787 2070 διά
815 2054 844 2071 τε
871 2045 921 2082 γῆς

87 2085 135 2112 καὶ
164 2084 307 2120 θαλάσσης
333 2084 546 2122 ἐκπολιορκῆσαι
571 2087 620 2121 τήν
648 2086 852 2125 βασιλεύουσαν,
877 2088 921 2115 καὶ

87 2130 136 2157 τὸν
174 2130 277 2165 ταύτης
312 2129 431 2157 πλοῦτον
471 2129 658 2167 διανείμασθαι
696 2131 738 2159 ἐπ’
768 2130 838 2167 ἴσης,
876 2133 919 2160 καὶ

87 2173 172 2200 αὐτὸν
204 2173 253 2210 μὶν
285 2173 327 2201 ἐπ’
356 2173 433 2201 οἴκου
469 2174 663 2209 ὑπονοστῆσαι,
693 2177 788 2203 τοῦτον
821 2174 850 2202 δὲ
886 2177 921 2213 τῇ

87 2217 384 2246 Κωνο-ταντινουπόλει
430 2218 601 2247 καταλιπεῖν,
635 2220 753 2251 ἜΛαθον
804 2218 850 2247 οὖν
895 2220 921 2247 οἱ

85 2262 246 2300 Βοόλγαροι
274 2262 341 2299 πρὸς
377 2263 427 2297 τήν
458 2263 591 2300 Ἀφρικὴν
626 2262 858 2298 ἀποπλεύσαντες,
875 2267 921 2292 καί

87 2306 220 2343 δόξαντος
244 2309 293 2334 τοῦ
323 2307 440 2344 Συμεὼν
469 2307 597 2345 ὠφέλιμα
624 2311 762 2346 παραινεῖν
793 2308 921 2347 εἷλήφασί

85 2362 165 2383 τινας
194 2351 374 2389 Σαρακηνοὺς
404 2351 574 2390 ἂλλογίμους
603 2352 672 2381 ὥστε
706 2352 862 2390 ἐμπεδῶσαι
888 2355 921 2382 τὰ

1012 1732 1131 1759 Interim
1160 1731 1278 1759 Simeon
1314 1730 1507 1766 Bulgarorum
1538 1729 1674 1765 princeps
1703 1729 1802 1757 animo

977 1776 1072 1804 elatus
1088 1776 1124 1804 ob
1141 1776 1250 1804 multas
1265 1776 1301 1803 de
1317 1775 1456 1803 Romanis
1480 1776 1643 1810 reportatae
1667 1773 1802 1802 victorius

977 1821 1134 1856 imperium
1147 1828 1264 1856 quoque
1273 1823 1437 1848 Romanum
1448 1819 1615 1854 animojam
1628 1818 1802 1854 occupabat.

976 1865 1065 1894 Mittit
1078 1865 1167 1900 igitur
1183 1865 1295 1901 legatos
1310 1865 1346 1892 ad
1366 1863 1557 1892 Phatlumum
1568 1863 1704 1890 Afrorum
1720 1863 1784 1898 prin
1794 1878 1802 1883 -

977 1909 1081 1944 cipem,
1097 1909 1292 1944 hortaturque
1308 1910 1340 1936 ut
1355 1908 1479 1936 classem
1495 1907 1530 1935 ad
1548 1906 1649 1943 Cpolin
1666 1906 1800 1934 adducat.

977 1954 1012 1982 Se
1028 1954 1129 1981 eodem
1145 1961 1196 1989 per
1226 1953 1381 1981 Thraciam
1410 1961 1477 1980 cum
1499 1951 1594 1980 valido
1623 1960 1657 1979 ac
1675 1951 1802 1987 .copioso

976 1999 1102 2027 exercitu
1114 2006 1303 2026 accessurum
1322 2006 1328 2025 :
1346 1998 1511 2033 conjunctis
1524 1997 1636 2024 viribus
1651 2004 1682 2024 se
1699 1996 1800 2023 urbem

976 2045 1054 2071 terra
1069 2043 1200 2078 marique
1215 2044 1442 2078 expugnaturos,
1459 2044 1488 2069 et
1502 2041 1621 2068 divitias
1637 2041 1699 2076 ejus
1708 2040 1801 2076 aequis

977 2087 1160 2123 portionibus
1176 2087 1253 2115 inter
1263 2095 1293 2115 se
1309 2087 1497 2120 divisuros,et
1509 2085 1663 2114 Saracenis
1679 2085 1799 2112 domum

976 2133 1100 2160 reversis
1115 2140 1146 2159 se
1159 2131 1259 2167 Cpolin
1274 2134 1467 2159 retenturum.
1484 2130 1601 2166 Bulgari
1626 2130 1708 2158 missi
1723 2129 1797 2158 clam

976 2177 1006 2204 in
1020 2177 1147 2204 Africam
1163 2177 1302 2212 navigant
1318 2185 1324 2204 :
1341 2179 1369 2204 et
1384 2175 1532 2209 Saraceni,
1554 2183 1621 2202 cum
1634 2175 1799 2210 judicarent

977 2220 1143 2248 Simeonem
1168 2220 1282 2248 utiliter
1311 2221 1473 2252 consulere,
1502 2219 1646 2255 quosdam
1676 2227 1796 2247 suorum

976 2265 1131 2301 primarios
1146 2265 1225 2294 viros
1237 2265 1356 2293 mittunt
1368 2273 1434 2293 cum
1450 2264 1596 2300 Bulgaria,
1613 2263 1664 2300 qui
1678 2266 1797 2299 pactum

976 2311 1160 2339 confirment.
1179 2313 1216 2338 Ea
1232 2310 1339 2346 legatio
1354 2310 1384 2337 in
1406 2310 1500 2337 reditu
1514 2318 1530 2337 a
1545 2307 1678 2336 Calabris
1706 2308 1799 2336 inter-

976 2357 1069 2391 cepta,
1086 2358 1114 2384 et
1128 2355 1247 2391 Bulgari
1262 2355 1457 2390 Saracenique
1473 2354 1491 2381 ii
1508 2354 1544 2382 ab
1568 2353 1615 2381 his
1638 2352 1737 2388 Cpolin
1762 2353 1798 2380 ad

88 2395 259 2450 δεδογμέναὲ
288 2397 332 2425 Ἐν
371 2398 412 2433 τῷ
451 2397 625 2436 ὑποστρέφειν
662 2396 691 2425 δὶ
727 2398 918 2436 περιπίπτουσι

1012 2403 1182 2437 ιροταίοτοω
1213 2400 1379 2428 Romanum
1406 2407 1506 2427 senem
1532 2397 1624 2426 missi.
1647 2398 1702 2432 Qui
1731 2406 1799 2426 cum

86 2444 147 2473 τοῖς
162 2438 321 2479 Καλαϐροῖς
348 2441 393 2469 καὶ
421 2441 490 2480 πρὸς
517 2442 548 2469 τὸ
576 2442 719 2477 Βυζάντιον
747 2444 920 2481 ἀναπέμπον-

976 2445 1133 2474 consilium
1149 2445 1222 2474 illud
1237 2445 1368 2473 hostium
1384 2444 1420 2472 de
1435 2444 1575 2473 societate
1590 2443 1721 2472 coeunda
1738 2451 1799 2479 per-

684 2511 876 2539 XYLANDRY
894 2512 940 2540 ET
959 2512 1069 2541 GOARI
1089 2513 1203 2542 NOT/E.

123 2558 183 2593 (12)
200 2558 380 2594 Temporum
395 2559 566 2596 supputatio
579 2562 607 2588 et
622 2559 684 2588 alia
698 2560 831 2596 quaedam
849 2568 920 2589 con-

85 2594 210 2629 jecturas
225 2602 271 2622 me
284 2597 400 2631 movent
411 2596 444 2631 ut
457 2595 533 2622 hunc
545 2597 661 2623 credam
674 2594 739 2624 esse
753 2604 820 2623 eum
833 2604 921 2631 quem

89 2631 227 2658 historici
242 2631 336 2667 nostri
354 2630 541 2666 Rudolphum
557 2635 672 2665 vocant,
689 2630 865 2667 Burgundiaa
880 2641 922 2660 re-
941 2643 945 2648 -

91 2674 171 2703 gem,
188 2669 217 2703 et
240 2666 332 2703 Italiae
355 2668 456 2694 contra
482 2668 703 2703 Berengarium.
730 2666 795 2696 Haec
819 2671 848 2696 et
864 2668 921 2696 alia

91 2702 187 2739 multa
202 2702 282 2730 haud
306 2704 417 2739 temere
437 2703 515 2738 apud
527 2702 599 2731 alios
623 2704 780 2739 scriptores
802 2703 920 2732 invene-

91 2738 141 2766 ris.
159 2738 239 2775 Χγι,
251 2753 288 2775 -τ
301 2735 472 2775 ῌανὸοιόλφῲ
487 2739 585 2775 potius
601 2735 748 2768 crederem
764 2739 920 2775 legendum

91 2774 212 2802 nomine
228 2773 340 2803 Latinis
355 2773 807 2813 usitaticie.Contemporaneuui
820 2778 919 2805 autem

974 2562 1164 2590 Constantino
1176 2560 1452 2597 octavo,Nicephoro
1467 2560 1536 2588 huic
1548 2559 1646 2586 Phocea
1657 2561 1685 2586 et
1692 2558 1796 2597 Joanni

975 2598 1093 2625 Zimisci
1109 2598 1270 2625 successori
1288 2596 1503 2632 Pandulphum.
1514 2597 1730 2632 Capuanumet
1744 2596 1795 2632 Br-

976 2637 1171 2661 neventanum
1184 2633 1356 2670 principem.
1374 2629 1451 2670 ῥῆγα
1463 2629 1663 2670 ᾼογγιϐαρδίας
1694 2630 1746 2658 hac
1762 2630 1796 2657 de

976 2677 1065 2696 causa.
1079 2672 1215 2697 vocatum
1230 2669 1265 2696 ab
1281 2667 1421 2701 rauctdre,
1446 2667 1531 2696 bella
1544 2667 1705 2696 etiamnum
1730 2674 1796 2693 cum

976 2705 1084 2733 Grecis
1099 2707 1246 2740 gerentem
1263 2707 1406 2732 memorat
1425 2705 1568 2732 Baronius
1593 2702 1679 2730 annis
1702 2701 1754 2728 957
1768 2703 1797 2728 et

973 2741 1026 2768 968
1042 2749 1076 2769 ex
1089 2741 1231 2777 Chronico
1247 2741 1503 2777 Longobardorum
1524 2740 1793 2769 Beneventanorum

973 2777 1151 2814 principum.
1168 2776 1255 2805 Gem.
