1928 3047
147 129 181 159 91
813 126 973 157 GEORGII
997 126 1168 157 CEDRENI
1816 129 1856 158 92

148 193 319 229 cepisset,ac
329 193 545 230 intelligeret,si
553 193 583 220 id
595 194 909 229 succederet,magnuu

1106 192 1174 228 μετά
1200 194 1254 220 τῶν
1295 193 1472 230 Σαρακηνῶν.
1496 191 1550 223 Οὓς
1589 190 1657 220 ἰδὼν
1685 192 1700 220 ὁ
1730 191 1856 230 βασιλεὺς

146 238 204 265 bus
214 238 276 266 suis
287 238 442 266 imminere
455 237 811 274 periculum,existimavit
825 237 879 265 sihi
890 238 972 265 Sara-

147 290 236 310 cenos
246 283 463 319 magniﬁcentia
472 285 501 310 et
508 283 657 310 beneficiis
666 283 701 310 ab
708 291 740 310 eo
749 282 886 309 instituto
895 281 970 309 351

147 335 212 354 esse
227 327 512 364 detrahendos.Ergo
522 327 637 355 datisiu
651 327 814 354 custodiam
827 326 972 362 Bulgaria,

147 371 308 399 Saracenos
324 371 488 407 splendidis
511 371 596 399 donis
623 371 724 404 alﬁcit,
749 371 908 406 missisque
923 378 974 405 per

147 424 196 444 eos
211 417 300 444 etiam
314 416 447 452 ipsorum
464 416 588 452 principi
606 416 700 443 xeniis
716 415 824 443 illaesos
839 415 972 448 dimittit,

142 461 287 497 jubetque
302 469 351 489 eos
369 461 488 489 domino
504 469 558 489 suo
574 461 680 496 dicere,
697 461 752 488 hoc
778 460 864 487 modo
880 460 973 495 impe-

147 507 258 533 ratores
276 506 424 533 Romanos
438 505 501 533 suis
515 505 652 533 hostibus
664 504 746 540 paria
757 505 864 532 referre
876 513 883 538 ;
899 506 928 532 et
938 504 973 532 de

147 558 245 578 annua
265 550 404 586 pensione
419 558 451 578 se
466 552 595 585 excusat,
615 549 784 577 dilationem
808 549 873 584 ejus
896 549 974 576 affir-

148 604 234 623 mans
254 604 312 624 non
327 596 426 624 studio
451 596 500 624 sed
518 596 555 623 ob
570 595 718 624 tumultus
742 597 813 623 tunc
837 595 873 623 iis
901 594 973 623 locis

147 642 227 668 ortos
244 641 360 669 factam.
370 641 489 669 Reversl
504 641 540 669 ad
557 648 644 668 suum
659 640 821 676 principem
836 639 974 668 Saraceni

146 689 297 721 exponunt
316 688 348 714 ut
363 695 380 713 ε.
405 686 536 714 Romano
566 685 674 713 fuerint
697 685 826 718 tractati,
850 685 974 720 ejusque

145 730 303 765 praedicata
317 730 494 759 liberalitate
509 731 586 758 dona
601 730 637 758 ab
662 738 696 758 eo
723 729 814 758 missa
835 729 972 758 offerunt.

145 774 213 806 Quas
228 775 328 803 omnia
340 775 382 803 ita
396 775 515 803 fuerunt
529 775 686 803 Phatlumo
701 778 795 810 grata,
823 776 856 802 ut
869 773 971 801 tributi

145 819 299 847 semissem
317 819 456 847 Romanis
471 820 644 852 dimitteret,
658 819 713 847 hoc
728 821 785 852 est,
801 819 837 846 de
851 818 887 845 22
902 817 971 846 mil-

144 863 223 892 libus
237 865 374 892 undecim
392 864 585 892 abscinderet.
602 865 633 892 Id
648 864 751 892 tributi
767 863 920 891 Saracenis
937 870 971 890 ex

144 916 177 936 eo
193 910 324 945 tempore
337 917 430 944 usque
445 909 480 937 ad
491 909 647 945 Nicephori
663 908 896 944 designationem
913 915 974 944 per-

144 953 275 981 solutum
293 954 355 981 fuit.
374 955 494 988 Quoties
509 953 538 981 in
556 954 715 989 provinciis
741 952 869 990 preteeti
895 953 974 980 fuere

144 998 287 1026 moderati
304 1001 392 1034 atque
404 999 491 1034 justi,
506 998 619 1026 subditi
637 1006 754 1034 quoque
782 997 973 1033 tranquillam

144 1046 266 1077 egerunt
276 1043 410 1077 vitam,et
425 1043 579 1071 Saracenis
594 1042 709 1078 placide
723 1042 971 1070 estsatisl‘actum.

145 1086 218 1114 Cum
227 1096 294 1115 vero
302 1088 404 1123 injusti
412 1090 440 1115 et
450 1088 529 1115 avari
541 1087 667 1123 praefecti
679 1090 777 1114 essent
789 1086 883 1114 interd
890 1086 973 1119 um,ii

152 1134 180 1158 et
188 1132 322 1160 subditos
331 1131 473 1160 vexabant
481 1134 508 1159 et
516 1139 616 1167 pacem
626 1139 691 1159 cum
703 1131 855 1159 Saracenis
869 1131 972 1158 initam

148 1176 373 1205 labefactabant.
398 1177 530 1212 Namque
545 1177 634 1205 etiam
650 1177 705 1204 sub
724 1175 972 1212 Porphyrogenito

145 1221 264 1249 Crenita
277 1221 403 1250 Cbaldiaa
419 1222 449 1249 iu
474 1222 607 1249 Calabria
635 1222 788 1257 praefectus
812 1221 972 1248 Saracenos

145 1266 297 1293 Africanos
310 1273 343 1293 ac
366 1266 545 1299 Sicilienses,
571 1266 682 1301 quibus
708 1266 745 1293 ob
772 1265 927 1301 penuriam
944 1267 973 1292 et

145 1309 254 1337 bellum
270 1319 287 1338 a
300 1311 517 1346 Cyrenensibus
533 1310 685 1337 Saracenis
709 1309 825 1337 illatum
842 1313 972 1337 extrema

144 1354 352 1388 imminebant,
368 1354 491 1382 avaritia
506 1354 582 1383 858
602 1355 709 1382 ductus
738 1353 912 1388 sublevavit,
944 1355 972 1382 et

144 1398 278 1426 subditos
294 1408 351 1426 non
368 1399 469 1427 leviter
481 1400 603 1427 vexavit.
624 1399 697 1426 Nam
714 1398 764 1426 vili
791 1399 884 1434 pretio
906 1406 971 1426 coe-

145 1451 227 1470 mens
243 1451 306 1478 quaa
320 1444 354 1470 ad
371 1443 462 1471 vitam
479 1443 683 1471 sustinendam
694 1445 779 1471 erant
794 1442 970 1477 necessaria,

143 1495 249 1523 magno
266 1496 299 1515 ca
317 1487 474 1516 Saracenis
485 1488 683 1523 vendidit,qui
699 1489 776 1523 quod
794 1496 864 1515 auro
881 1488 972 1515 abun-

143 1532 254 1559 dabant
267 1534 297 1559 et
311 1532 387 1560 fame
405 1531 542 1568 belloque
558 1531 898 1568 premerentur.libenler
908 1539 970 1567 pre-

1027 237 1177 273 (Ῥωμανὸς
1207 235 1235 264 δὲ
1262 237 1295 271 ἦν
1325 237 1340 264 ὁ
1369 237 1480 274 γέρων),
1502 238 1545 264 καὶ
1574 237 1625 271 τὴν
1654 238 1854 275 κοινοπραγίαν

1029 282 1120 318 μαθὼν
1150 280 1280 319 ἀκριϐῶς,
1295 282 1338 309 καὶ
1370 282 1407 314 ὡς
1436 282 1458 309 εἰ
1484 284 1565 310 τοῦτο
1593 283 1707 319 γένηται
1723 284 1857 318 κατανοή-

1028 336 1086 361 σας,
1102 326 1135 353 οὐ
1165 330 1276 365 μικραῖς
1304 327 1441 366 φροντίσιν
1472 327 1657 361 ὑποπισεῖται,
1690 326 1745 354 δεῖν
1775 327 1853 362 ᾠήθη

1030 371 1253 410 μεγαλοφροσύνῃ
1298 372 1342 399 καὶ
1386 371 1524 410 εὐεργεσίᾳ
1571 371 1635 403 τοὺς
1677 371 1855 409 Σαρακηνοὺς

1029 414 1200 453 ἀναχαιτίσαι
1233 419 1284 451 τῆς
1321 415 1461 452 παρούσης
1489 416 1589 453 ὁρμῆς.
1620 417 1662 453 [Ρ.
1692 417 1757 451 652]
1787 415 1856 447 Τοὺς

1031 460 1077 496 μὲν
1105 459 1152 488 οὗν
1180 460 1353 499 Βουλγάρους
1381 458 1456 488 ἔθετο
1491 460 1517 488 ἐν
1547 460 1669 500 φυλακῇ⁷
1699 460 1800 498 δώροις
1829 460 1856 488 δὲ

1028 505 1092 536 τοὺς
1118 505 1293 542 Σαρακηνοὺς
1331 504 1424 543 ἀδροῖς
1457 505 1726 544 φιλοτιμησάμενος,
1754 503 1794 533 ἔτι
1828 504 1856 533 δὲ

1027 549 1072 577 καὶ
1102 550 1173 586 ξένια
1201 552 1240 586 τῷ
1269 550 1356 577 αὐτῶν
1381 550 1522 587 ἐκπέμψας
1552 549 1671 588 δεσπότῃ
1702 549 1854 586 πολύτιμα,

1028 594 1139 626 ἀπαθεῖς
1180 597 1268 622 κακῶν
1314 593 1485 630 ἐξαπέστειλε
1502 618 1508 630 ,
1538 595 1647 634 φράζειν
1691 594 1777 622 ιῖπὼν
1818 596 1856 630 τῷ

1028 639 1116 676 κυρίῳ
1131 638 1218 666 αὐτῶν
1236 640 1273 671 ὡς
1299 639 1386 671 οὕτως
1409 637 1530 676 ἀμείϐειν
1547 638 1651 667 οἴδασιν
1677 640 1704 666 οἱ
1734 639 1856 677 βασιλεῖς

1027 684 1170 720 Ῥωμαίων
1201 683 1265 715 τοὺς
1295 684 1395 712 ἑαυτῶν
1421 683 1583 721 πολεμίους.
1598 683 1802 722 Ἀπελογίσατο
1828 682 1856 711 δὲ

1027 729 1072 756 καὶ
1100 729 1161 766 περὶ
1187 732 1237 764 τῆς
1269 728 1378 763 ἐτησίου
1417 728 1613 768 δασμοφορίας,
1642 729 1680 760 ὡς
1713 729 1765 756 οὐκ
1790 728 1855 756 ἀνα-

1027 770 1100 809 ϐολῇ
1116 775 1196 800 τοῦτο
1219 773 1263 800 καὶ
1292 772 1427 812 ὑπερθέσει
1457 773 1611 810 ὑστέρησεν,
1627 772 1703 801 ἀλλὰ
1732 771 1778 800 διὰ
1804 774 1853 808 τὴν

1026 816 1220 854 ἐπικρατοῦσαν
1248 820 1397 853 τηνικαῦτα
1424 818 1492 845 κατά
1518 818 1563 845 τὸν
1600 817 1686 845 τόπον
1716 818 1852 855 ταραχήν.

1027 861 1290 900 Ἐπαναδραμόντων
1317 862 1363 890 οὖν
1392 863 1460 900 πρὸς
1490 863 1537 890 τὸν
1579 862 1683 890 οἲκεῖον
1721 860 1852 897 δυνάστην

1027 909 1081 933 τῶν
1110 909 1287 944 Σαρακηνῶν,
1304 907 1349 934 καὶ
1379 907 1395 934 ἅ
1419 917 1449 934 τε
1469 907 1580 935 πάθοιεν
1597 907 1667 944 πρὸς
1695 908 1744 934 τοῦ
1776 907 1854 944 βασι-

1029 950 1099 982 λέως
1123 950 1333 990 διηγησαμένων
1361 954 1406 979 καὶ
1433 951 1482 983 τὰς
1510 951 1548 983 τίς
1586 951 1687 983 αὐτοὺς
1717 949 1854 990 φιλοφρο-

1028 997 1108 1027 σύνας
1137 995 1354 1032 ἐξυμνησάντων,
1382 994 1594 1024 ἀποδεδωκότων
1635 995 1666 1023 δὲ
1704 996 1749 1023 καὶ
1788 996 1852 1030 ἅπερ

1027 1040 1160 1078 ἐπήγοντο
1188 1041 1256 1078 πρὸς
1280 1041 1381 1068 ἐκεῖνον
1407 1039 1491 1079 δῶρα,
1507 1041 1600 1075 ἡσθεὶς
1617 1041 1631 1068 ὁ
1649 1039 1787 1076 Φατλοὺμ
1811 1039 1852 1067 ἐπὶ

1027 1088 1106 1112 πᾶσιν
1125 1086 1165 1117 οἷς
1188 1084 1298 1120 ἤκουσε,
1314 1087 1368 1112 τῶν
1390 1095 1420 1112 τι
1447 1085 1632 1124 ὀφειλομένων
1663 1085 1738 1120 αὐτῷ
1765 1084 1854 1123 φόρων

1027 1129 1060 1157 τὰ
1083 1130 1172 1166 ἡμίση
1200 1130 1347 1166 Ῥωμαίοις
1376 1129 1520 1168 ἐχαρίσατο
1549 1129 1593 1157 καὶ
1616 1130 1671 1157 ἀπὸ
1695 1131 1749 1157 τῶν
1767 1128 1852 1156 εἲόιοσι

1026 1174 1072 1201 καὶ
1101 1173 1149 1201 δύο
1178 1172 1313 1212 χιλιάδων
1343 1174 1390 1205 τὰς
1420 1173 1513 1202 ἕνδεκα
1540 1174 1696 1213 ἐκκέκοιρεν.
1715 1173 1851 1203 Ἐὂίδοντο

1027 1219 1072 1246 οὗν
1085 1219 1110 1254 ἐξ
1126 1218 1229 1247 ἐκείνου
1246 1219 1329 1257 μέχρι
1344 1223 1395 1253 τῆς
1423 1221 1472 1246 τοῦ
1500 1219 1663 1258 Νικηφόρου
1679 1219 1852 1257 ἀναῤῥήσεως

1025 1267 1084 1295 τοῖς
1111 1266 1281 1301 Σαρακηνοῖς
1309 1266 1402 1292 ταῦτα.
1430 1263 1520 1291 Ἀλλὰ
1558 1264 1774 1303 σωφρονούντων
1806 1264 1851 1300 μὶν

1026 1308 1168 1346 ἀρχόντων
1196 1308 1241 1336 καὶ
1271 1307 1382 1336 δικαίων
1409 1310 1469 1339 ταῖς
1507 1308 1613 1346 χώραις
1647 1307 1849 1346 τυγχανόντων,

1027 1353 1103 1381 αὐτοί
1132 1364 1161 1380 τε
1188 1354 1214 1380 οἱ
1241 1353 1390 1391 ἀρχόμενοι
1421 1353 1524 1381 ἄλυπον
1539 1353 1608 1390 ἦγον
1627 1353 1690 1390 βίον
1707 1353 1751 1380 καὶ
1768 1353 1849 1387 ζωὴν,

1026 1398 1069 1425 καὶ
1087 1399 1101 1425 ὁ
1117 1396 1219 1434 δασμὸς
1249 1397 1394 1425 ἀπεδίδοτο
1419 1401 1480 1428 τοῖς
1510 1400 1684 1435 Σαρακηνοῖς
1710 1397 1850 1434 ἀπραγμό-

1025 1453 1088 1474 νως.
1115 1442 1249 1477 Ὅπηνίκα
1274 1441 1297 1469 δ’
1327 1444 1344 1477 ἡ
1374 1442 1447 1480 ἀρχὴ
1479 1441 1582 1474 ἀδίκοις
1607 1442 1651 1470 καὶ
1678 1441 1851 1472 πλεονέκταις

1026 1486 1220 1521 ἐνεπιστεύετο,
1235 1486 1279 1514 καὶ
1294 1486 1326 1514 τὸ
1344 1487 1464 1522 ὑπήκοον
1479 1486 1635 1522 ἐκακοῦντο,
1651 1487 1699 1515 καὶ
1729 1487 1755 1514 αἱ
1784 1486 1850 1524 πρὸς

1025 1531 1087 1562 τοὺς
1117 1531 1292 1569 Σαρακηνοὺς
1327 1530 1442 1559 σπονδαὶ
1471 1530 1627 1560 διεσείοντο.
1657 1534 1710 1559 Καὶ
1738 1531 1788 1569 γὰρ
1817 1529 1849 1564 δὴ

143 1576 217 1603 tium
234 1576 358 1612 quodvis
376 1566 587 1611 pet-solvebant.
602 1578 711 1604 Verum
734 1576 802 1604 huic
815 1576 904 1604 Creuii

1086 1576 1101 1603 ἀ
1137 1566 1185 1603 τοῦ
1220 1566 1481 1615 Πορφυρογεννήτου
1511 1577 1525 1604 ὁ
1553 1576 1692 1614 Κρηδίτης
1732 1566 1847 1606 Χαλδίας

143 1621 332 1648 Constantino
346 1621 503 1656 imperium
528 1621 702 1657 abrogatum
729 1623 784 1652 est,
811 1621 904 1648 eidem

1112 1618 1270 1658 Καλαϐρίας
1319 1621 1467 1658 γενόμενος
1519 1622 1673 1659 στρατηγὸς
1721 1620 1784 1652 τοὺς
1824 1619 1847 1647 ἐν

142 1665 267 1701 pecunia
281 1665 419 1701 adempta
433 1667 488 1698 est,
505 1667 533 1692 et
547 1673 616 1693 cum
642 1665 784 1693 dedecore
812 1665 968 1693 consenuit

143 1711 233 1744 atque
239 1709 317 1737 diem
324 1718 408 1737 suum
414 1710 606 1738 obiit.Eodem
613 1709 690 1737 bello
697 1709 816 1737 Romani
823 1709 969 1746 Carthagi-

143 1761 249 1782 nensee
260 1755 395 1790 perfugas
402 1757 686 1790 susceperunt,qnos
693 1763 747 1790 neq
753 1763 787 1782 ue
795 1762 970 1790 repoposce-

142 1798 476 1835 runtCarthaginenses;
488 1802 516 1826 et
528 1799 673 1826 tributum
686 1801 825 1834 praeterea
837 1806 894 1826 non
905 1806 970 1826 exe-

146 1843 475 1879 geruntsolitum,veriti
488 1851 524 1870 ne
534 1843 653 1871 offensis
664 1844 802 1871 Romanis
813 1845 841 1870 et
851 1842 971 1870 alimen-

142 1890 239 1915 torum
250 1888 447 1924 parandorum
458 1887 625 1916 facultatem
634 1887 833 1915 adimentibus
841 1887 917 1914 fame
927 1895 972 1922 pe-

143 1931 331 1960 riclitandum
343 1935 430 1960 esset.
442 1933 510 1960 Post
525 1932 601 1960 bello
615 1933 746 1960 confecto
759 1932 933 1968 etperfugas
944 1934 972 1959 et

143 1976 288 2004 tributum
299 1977 528 2012 requisiverunt;
536 1979 564 2004 et
574 1976 723 2012 repulsam
737 1976 816 2012 passi
828 1984 898 2011 pace
906 1984 972 2003 con.

143 2021 208 2047 fusa
224 2020 384 2048 identidem
399 2020 564 2048 Calabriam
581 2020 675 2048 classe
690 2020 972 2056 infestaverunthL

144 2066 194 2092 tur
207 2064 416 2093 Constantinus
432 2073 502 2100 non,
519 2067 551 2093 ut
563 2073 645 2093 socer
655 2065 749 2101 ipsius
766 2065 972 2098 fecerat,Sara-

148 2117 236 2137 cenos
247 2109 371 2137 delinire
386 2112 415 2137 et
429 2118 529 2145 pacem
546 2118 613 2137 cum
625 2110 668 2137 eis
691 2118 830 2138 renovare
857 2109 970 2145 volens,

147 2154 198 2182 sed
216 2153 292 2181 bello
309 2154 406 2189 potius
422 2155 589 2188 decernere,
605 2154 764 2182 exercitum
779 2154 910 2182 validum
922 2163 972 2182 co-

144 2198 213 2234 egit,
229 2206 355 2234 eumque
380 2198 454 2226 duce
466 2198 589 2234 patricio
598 2198 744 2226 Malaceno
759 2198 790 2226 in
807 2198 971 2226 Calabriam

1022 1666 1138 1704 Ἀφρικῇ
1172 1665 1217 1693 καὶ
1258 1664 1370 1702 Σικελίᾳ
1411 1665 1586 1703 Σαρακηνοὺς
1618 1665 1772 1702 μέλλοντας
1801 1663 1845 1702 ἔρ-

1024 1708 1073 1745 δην
1106 1710 1156 1737 ὑπὸ
1184 1712 1232 1737 τοῦ
1257 1710 1341 1747 λιμοῦ
1357 1711 1402 1738 καὶ
1417 1712 1466 1738 τοῦ
1481 1709 1606 1747 πολέμου
1629 1713 1686 1738 τῶν
1703 1710 1728 1738 ἐν
1744 1711 1848 1747 Κυρήνῃ

1025 1757 1190 1792 Σαρακηνῶν
1219 1754 1404 1789 ἀπολωλέναι,
1431 1754 1465 1782 δι’
1492 1754 1591 1782 οἰκείαν
1621 1754 1781 1790 πλεονεξίαν
1805 1754 1847 1781 ἀν-

1025 1798 1156 1834 εκτήσατο
1185 1799 1230 1826 καὶ
1258 1798 1322 1830 τοὺς
1341 1799 1391 1826 ὑπὸ
1407 1802 1487 1837 χεῖρα
1512 1799 1543 1826 οὐ
1575 1799 1695 1838 μετρίως
1722 1799 1846 1826 ἐκάκωσε*

1025 1844 1111 1874 πάσας
1139 1843 1190 1882 γὰρ
1215 1844 1263 1874 τὰς
1291 1844 1359 1881 πρὸς
1384 1843 1416 1871 τὸ
1443 1845 1491 1880 ζῇν
1507 1843 1630 1882 ἀφορμὰς
1659 1843 1770 1874 sed»qu
1797 1843 1847 1870 ἀπὸ

1023 1890 1077 1916 τῶν
1108 1887 1250 1926 ἐγχωρίων
1280 1888 1432 1925 ὠνούμενος
1458 1887 1566 1916 πολλοῦ
1593 1891 1651 1920 τοῖς
1677 1890 1846 1927 Σαρακηνοῖς

1027 1932 1200 1970 ἐπίπρασκεν,
1225 1933 1411 1970 ἀπραγμόνως
1438 1933 1590 1971 παρέχουσι
1619 1934 1667 1964 τὰς
1699 1933 1782 1968 τιμὰς
1809 1934 1847 1968 τῷ

1026 1977 1148 2015 εὐπόρως
1178 1975 1250 2014 ἔχειν
1280 1976 1396 2014 χρυσίου
1426 1976 1470 2004 διὰ
1494 1979 1544 2012 τήν
1574 1977 1604 2005 ἐκ
1626 1980 1674 2005 τοῦ
1694 1977 1778 2014 λιμοῦ
1805 1975 1847 2004 καί

1025 2024 1078 2049 τῶν
1109 2020 1239 2058 πολέμων
1266 2021 1456 2060 στενοχωρίαν.
1487 2021 1563 2057 Πλὴν
1592 2023 1605 2050 ὁ
1637 2022 1686 2060 μὶν
1715 2021 1848 2061 Κρηνίτης

1029 2067 1080 2094 ὑπὸ
1094 2068 1142 2094 τοῦ
1158 2065 1360 2093 Κωνσταντίνου
1381 2065 1545 2103 παραλυθεὶς
1572 2070 1622 2102 τῆς
1650 2067 1740 2105 ἀρχῆς
1765 2066 1797 2094 τά
1820 2076 1848 2093 τε

1026 2112 1159 2149 χρήματα
1188 2110 1306 2149 ἀφῃρέθη
1338 2111 1396 2147 μετ’
1424 2111 1558 2148 αἶ’σχύνης
1585 2112 1630 2139 καὶ
1657 2111 1848 2149 καταγηράσας

1026 2154 1149 2187 ἀπέθανε·
1174 2155 1243 2182 κατὰ
1257 2153 1286 2182 δὲ
1308 2156 1354 2182 τὸν
1378 2157 1427 2182 τοῦ
1454 2155 1580 2192 πολέμου
1608 2156 1703 2194 καιρὸν
1731 2153 1847 2194 φυγάδας

1027 2199 1231 2238 Καρχηδονίους
1250 2199 1493 2236 αὐτομολήσαντας
1510 2200 1535 2227 οἱ
1558 2201 1690 2237 Ῥωμαῖοι
1716 2199 1846 2236 ἐδέξαντο,

145 2242 236 2276 misit,
253 2245 282 2270 et
295 2243 472 2279 conjungere
487 2252 517 2271 se
531 2251 599 2270 cum
615 2243 750 2279 praefecto
766 2244 828 2278 ejus
845 2243 903 2279 regi

1087 2243 1217 2282 οὐδαμῶς
1233 2243 1353 2285 διπῄτουν
1382 2245 1407 2272 οἱ
1432 2243 1631 2283 Καρχηδόνιοι.
1656 2244 1770 2274 Μᾶλλον
1801 2244 1846 2280 μὲν

140 2287 234 2323 jussit
248 2287 410 2322 Paschalio,
428 2288 514 2322 cujus
531 2287 617 2324 paulo
633 2290 700 2315 ante
716 2288 792 2316 facta
807 2288 971 2322 mentio,ac

144 2332 293 2359 communi
305 2340 393 2368 opera
403 2331 512 2360 bellum
524 2341 541 2360 a
552 2332 834 2368 Carthaginensibus
850 2335 878 2360 et
889 2333 971 2360 Sicut

145 2377 180 2405 lis
192 2377 306 2406 illatum
316 2378 615 2405 defendere.Prsefecit
630 2378 717 2405 etiam
735 2378 970 2414 Macrojoannem

145 2423 222 2451 859
231 2422 319 2450 classi
330 2430 417 2458 quam
430 2422 612 2450 mittebat.Hi
624 2430 691 2450 cum
706 2422 736 2450 in
751 2423 915 2451 Calabriam
927 2431 969 2451 ve-

147 2467 271 2501 nissent,
287 2467 516 2503 provincialibus
531 2467 688 2495 innumera
698 2467 863 2495 intulerunt
879 2467 972 2496 male-

148 2511 224 2544 ﬁcia,
236 2511 396 2546 expilantes
409 2519 458 2539 eos
469 2514 497 2538 et
511 2520 546 2539 ea
554 2512 694 2540 facientes
706 2520 769 2548 quis
784 2512 832 2539 vix
841 2512 897 2548 ipsi
907 2512 972 2541 hos-

145 2559 190 2584 tes
201 2558 285 2583 erant
299 2555 415 2583 facturi.
427 2557 494 2588 Quae
505 2558 538 2584 ut
553 2556 669 2584 rescivit
684 2564 798 2584 emeras
812 2556 970 2585 Saraceno-

146 2608 211 2628 rum
228 2599 409 2628 Abulcbares
423 2600 494 2635 (jam
509 2601 588 2628 enim
605 2600 780 2629 Phatlumus
796 2610 812 2629 e
827 2601 899 2630 vivis
923 2609 970 2630 ex-

147 2645 296 2680 cesserat),
310 2644 480 2673 cohortatus
496 2653 566 2673 suos
581 2653 617 2673 ne
632 2645 689 2673 sibi
705 2654 722 2674 a
737 2645 788 2674 tali
807 2648 971 2674 metuerent

146 2690 230 2718 hoste
245 2690 331 2725 cujus
343 2691 430 2717 tantae
446 2689 476 2717 in
491 2698 561 2718 suos
576 2692 675 2718 essent
688 2690 814 2726 injurias,
830 2691 970 2719 Romanis

145 2734 283 2769 occurrit,
306 2733 447 2770 gravique
476 2734 636 2763 commissa
664 2742 764 2771 pugna
806 2735 971 2772 pulcherri-

149 2787 228 2807 mam
243 2777 370 2807 obtinuit
383 2777 546 2814 vietoriam,
572 2779 645 2815 ipsis
667 2787 757 2816 prope
780 2779 872 2817 captis
886 2779 970 2808 duci-

146 2826 213 2853 “us.

1026 2289 1071 2317 οὖν
1101 2289 1146 2317 καὶ
1172 2289 1218 2317 τὸν
1246 2289 1352 2325 ἐτήσιον
1378 2288 1480 2326 δασμὸν
1497 2290 1680 2328 συνεχώρουν,
1697 2288 1847 2320 δεδοικότες

1027 2335 1065 2371 μή
1081 2344 1140 2365 πως
1155 2333 1315 2361 κωλύσωσιν
1333 2334 1358 2361 el.
1373 2334 1506 2370 Ῥωμαῖοι
1533 2333 1769 2366 σκανδαλισθέντες
1796 2333 1844 2366 τήν

1025 2381 1077 2406 τῶν
1093 2377 1257 2414 ἐπιτηδείων
1288 2378 1371 2413 ὠνὴν,
1387 2378 1432 2406 καὶ
1453 2377 1658 2406 κινδυνεύσωσιν
1687 2379 1760 2406 οὗτοι
1789 2376 1845 2404 δια-

1026 2424 1158 2462 φθαρῆναι
1183 2423 1269 2460 λιμῷ.
1298 2424 1423 2461 Ὕστερον
1457 2422 1486 2451 δὲ
1513 2425 1561 2452 τοῦ
1594 2422 1718 2460 πολέμου
1750 2421 1844 2450 διαλυ-

1026 2468 1116 2500 θέντος
1130 2467 1194 2498 τούς
1208 2478 1238 2495 τι
1262 2467 1434 2504 αὐτομόλους
1459 2467 1570 2503 ἐζήτουν
1597 2468 1641 2495 καὶ
1666 2468 1716 2502 τὴν
1745 2466 1844 2503 δασμο-

1026 2512 1132 2552 φορίαν.
1147 2511 1271 2547 Μηδενὸς
1288 2511 1316 2539 δὲ
1328 2513 1496 2550 παρέχοντος
1523 2513 1615 2544 αὐτοῖς
1644 2511 1767 2541 διέλυσαν
1795 2511 1844 2544 τὴν

1026 2556 1150 2595 εἷ’ρήνην,
1177 2556 1222 2584 καὶ
1264 2556 1459 2596 περαιούμενοι
1481 2558 1540 2590 καθ’
1564 2557 1677 2593 ἑκάστην
1704 2557 1752 2592 τήν
1791 2557 1844 2582 Κα-

1025 2598 1138 2639 λαϐρίαν
1154 2599 1261 2637 ἐδῄουν.
1279 2604 1479 2634 Κωνσταντῖνος
1493 2602 1583 2630 τοίνυν
1609 2603 1623 2630 ὁ
1651 2599 1775 2639 βασιλεὺς
1805 2599 1842 2636 μὴ

1026 2645 1152 2683 θελήσας,
1178 2646 1268 2685 ὥσπερ
1293 2647 1307 2674 ὁ
1323 2647 1450 2685 πενθερὸς
1479 2646 1572 2683 αὐτοῦ,
1590 2646 1736 2685 μειλιχίως
1765 2643 1844 2672 ὑπελ-

1025 2692 1080 2722 θεῖν
1105 2691 1171 2722 τοὺς
1201 2690 1377 2729 Σαρακηνοὺς
1403 2690 1448 2718 καὶ
1478 2692 1528 2726 τήν
1557 2690 1669 2729 εἰρήνην
1696 2687 1843 2718 ἀνανεώσα-

1025 2735 1096 2771 σθαι,
1124 2734 1196 2764 ἀλλὰ
1224 2735 1339 2773 πολέμῳ
1378 2735 1485 2773 μᾶλλον
1519 2737 1608 2774 κρῖναι
1638 2735 1671 2763 τὰ
1699 2734 1842 2772 πράγματα

1025 2778 1188 2816 διανοηθεὶς,
1217 2781 1259 2818 [Ρ.
1281 2781 1345 2818 653]
1373 2779 1485 2818 δύναμιν
1513 2779 1664 2819 ἀξιόμαχον
1691 2776 1844 2817 συναγείρας

1023 2825 1068 2853 καὶ
1095 2823 1218 2863 ἄρχοντα
1246 2824 1394 2861 ίπισαήσας
1423 2825 1514 2858 αὐτοῖς
1543 2825 1589 2853 τὸν
1615 2822 1755 2863 πατρίκιον
1783 2823 1842 2850 Μα-
