1928 3047
70 127 108 157 93
645 130 921 162 HISTORIARUM
942 129 1218 161 COMPENDIUM.
1740 130 1784 161 94

70 193 187 230 λακηνὸν
215 193 255 226 εἷς
293 191 450 232 Καλαϐρίαν
485 195 652 232 ἀπέστειλεν,
683 196 816 231 ινωθῆναι
849 194 979 226 κελεύσας
1011 197 1053 232 τῷ
1087 196 1232 233 στρατηγῷ
1266 195 1315 229 τῆς
1354 194 1450 232 χώρας
1475 194 1643 231 (Πασχάλιος
1671 193 1706 222 δι’
1735 195 1779 222 οὗ·

68 250 112 270 τος
141 240 187 273 ἧν,
205 239 219 266 ὁ
248 240 303 277 πρὸ
333 242 434 278 μικροῦ
459 241 664 278 μνημονευθεὶς)
681 241 725 269 καὶ
750 243 828 278 κοινῇ
861 241 918 277 μετ’
947 241 1029 268 αὐτοῦ
1063 238 1235 275 ἀναδέξασθαι
1259 239 1304 266 τὸν
1330 239 1403 277 παρὰ
1430 240 1483 266 τῶν
1508 237 1705 276 Καρχηδονίων
1734 240 1779 266 καὶ

70 284 191 311 Σικελῶν
219 283 406 322 ἔπισειόμενον
428 284 562 322 πόλεμον.
580 286 726 322 Ἑπέστησε
746 285 775 314 δὲ
798 286 842 313 καὶ
865 287 905 322 τῷ
929 285 1078 324 πεμφθέντι
1103 284 1193 320 στόλῳ
1212 285 1258 312 τὸν
1282 283 1492 321 Μακροϊωάννην
1509 284 1576 319 (13).
1593 282 1697 314 Οἵτινες
1712 285 1781 311 κατὰ

68 329 162 365 χώραν
176 328 322 365 γενόμενοι
339 328 422 368 μυρία
449 328 534 367 ἔδρων
551 329 589 361 εἰς
602 330 666 362 τοὺς
692 330 860 367 αὐτόχθονας
875 330 954 363 κακὰ,
971 328 1195 358 πλεονεκτοῦντες
1210 329 1253 355 καὶ
1280 327 1352 356 ἄλλα
1375 329 1517 358 ποιοῦντες
1539 327 1556 354 ἃ
1578 327 1624 354 καὶ
1650 326 1728 354 αὐτοὶ
1750 326 1781 354 ἃν

69 370 191 407 ὤκνησαν
208 373 235 400 οἱ
249 374 392 411 πολίμιοι.
409 377 495 402 Ταῦτα
515 374 668 412 πυθόμενος
684 376 698 402 ὁ
713 377 767 402 τῶν
784 376 949 411 Σαρακηνῶν
964 374 1072 411 ἀμηρᾶς
1089 371 1260 411 Ἀϐουλχαρὶ
1275 372 1341 409 (ἤδη
1357 373 1407 410 γὰρ
1432 373 1446 399 ὁ
1472 371 1607 408 Φατλοὺμ
1631 371 1781 407 ἐτεθνήκει)

67 417 109 444 καὶ
122 417 189 449 τοὺς
199 418 295 446 ἑαυτοῦ
308 419 526 457 παραθαρρύνας,
541 419 586 447 καὶ
605 421 642 456 μή
658 418 811 459 φοϐηθῆναι
825 418 988 455 παραινέσας
1002 418 1115 456 στρατὸν
1130 420 1242 446 τοιαῦτα
1257 418 1295 449 εἰς
1315 417 1379 448 τοὺς
1394 417 1512 448 οὶκείους
1528 415 1731 453 ινδεικνύμενον
1747 417 1780 443 τὰ

65 462 141 496 κακὰ,
170 462 294 499 πόλεμον
325 463 487 496 ὑπαντιάσας
512 464 649 499 συνίστησι
673 465 812 503 κραταιὸν,
835 464 879 492 καί
904 463 983 499 νίκην
1009 464 1095 502 ἤρατο
1121 463 1234 501 ἀρίστην
1257 473 1286 490 τε
1309 462 1354 490 καὶ
1377 461 1540 497 καλλίστην·
1564 463 1665 500 μικροῦ
1679 461 1730 500 γὰρ
1748 460 1778 489 ἂν

66 505 187 534 ἑάλωσαν
202 507 248 534 καὶ
265 508 291 535 οἱ
306 508 452 547 στρατηγοὶ
467 509 591 547 ζωγρίαι.

98 591 175 620 Μετὰ
188 591 218 620 δὲ
231 593 312 620 τοῦτο
328 595 532 625 Κωνσταντῖνος
560 594 574 622 ὁ
605 593 733 632 βασιλεὺς
762 595 888 630 Ἰωάννην

984 594 1153 622 Secundum
1177 593 1238 620 hmo
1254 593 1414 629 imperator
1438 593 1581 620 Joannem
1605 600 1623 619 a
1645 591 1778 627 secretis,

64 637 226 674 ἆσηκρῆτις,
241 637 289 664 τὸν
303 638 352 672 τήν
369 637 528 675 ἐπωνυμίαν
545 638 677 676 Πιλάτον,
694 640 757 678 περὶ
787 640 898 677 εἰρήνης

63 681 198 718 ἐκπέμπει
224 681 414 719 διαλεξόμενον
444 686 502 714 τοῖς
544 687 727 722 Σαρακηνοῖς.
760 683 895 716 Εἶωθότες

63 724 86 752 δ’
102 726 181 753 οὗτοι
198 727 237 762 μή
249 729 308 758 ταῖς
323 727 412 758 νίκαις
429 727 598 766 ἐπαίρεσθαι,
614 728 687 756 ἀλλὰ
705 730 755 764 τήν
784 729 896 767 εἰρήνην

60 771 104 797 καὶ
131 773 296 808 κρατοῦντες
333 771 509 808 ἀσπάζεσθαι,
537 773 687 811 προθύμως
726 774 896 809 ὑπήκουσαν,

60 815 105 842 καὶ
121 814 168 843 ἰπί
195 826 256 843 τινα
269 816 370 854 χρόνον
385 816 496 855 εἰρήνην
518 816 618 846 ἔθεντο.
636 818 744 847 Τούτου
770 817 799 846 δὲ
828 817 898 857 διερ-

63 859 202 896 ρυηκότος
219 859 302 888 πάλιν
324 859 503 898 διαπερῶντες
526 861 692 898 ἐλεηλάτουν
717 862 780 894 τοὺς
803 863 896 891 Καλα-

62 902 161 941 ϐρούς.
174 904 230 933 Καὶ
245 904 329 933 πάλιν
345 906 359 933 ὁ
375 909 575 938 Κωνσταντῖνος
597 906 712 945 δύναμιν
735 909 793 936 κατ’
808 908 894 936 αὐτῶν

65 948 110 976 καὶ
140 950 271 984 ναυτικὴν
298 950 429 987 ἐκπέμπει
455 951 499 978 καὶ
523 953 647 988 πεζικήν·
673 953 761 990 ἦρχον
788 951 817 980 δὶ
843 957 893 988 τῆς

66 993 114 1028 μὶν
142 997 274 1028 ναυτικῆς
303 993 444 1032 δυνάμεως
459 996 473 1023 ὁ
497 996 545 1030 τὴν
567 995 723 1033 ἐπωνυμίαν
750 995 894 1035 Κραμϐέας

64 1037 110 1064 καὶ
126 1038 142 1065 ὁ
157 1037 326 1076 Μωρολέων,
343 1038 503 1078 ἐστρατήγει
532 1038 561 1068 δὶ
582 1043 636 1068 τῶν
662 1043 750 1076 πεζῶν
767 1042 781 1068 ὁ
796 1041 892 1079 πατρί-

63 1092 123 1113 κιος
138 1083 279 1120 Ῥωμανός
294 1084 308 1110 ὁ
322 1084 469 1122 Ἀργυρός.
485 1084 630 1122 Γενόμενοι
654 1084 678 1112 δ’
704 1085 730 1113 ὲν
756 1085 892 1124 Ὑδροῦντι

63 1127 107 1153 καὶ
133 1127 183 1158 τὰς
214 1129 278 1160 ναῦς
303 1127 506 1163 νεωλκήσαντες
530 1129 725 1164 ηὐτρεπίζοντο
753 1131 821 1168 πρὸς
845 1131 890 1158 τὸν

64 1170 102 1201 εἰς
131 1170 260 1199 Σικελίαν
279 1171 434 1201 ἀπόπλουν.
458 1173 492 1202 Ol
516 1172 545 1200 δὲ
570 1174 721 1211 Σαρακῃνοὶ
754 1176 788 1207 τῆ
813 1175 892 1213 φήμῃ

63 1214 293 1254 διαταραχθέντες
308 1217 458 1254 (ἐπίσταται
472 1218 522 1255 γὰρ
546 1218 613 1253 αὕτη
638 1219 672 1246 τὰ
696 1219 781 1256 μικρὰ
809 1230 891 1256 μεγε-

63 1260 154 1291 θύνειν
167 1260 215 1288 καὶ
231 1261 266 1288 τὰ
278 1262 425 1300 πράγματα
451 1262 520 1300 πρὸς
544 1263 576 1290 τὸ
599 1260 785 1301 φοϐερώτερον
814 1263 889 1301 ἐξαγ-

61 1303 187 1342 γέλλειν)
202 1305 247 1332 καὶ
266 1307 303 1342 μή
320 1315 346 1333 τι
361 1308 467 1339 πάθωσι
483 1305 616 1339 δείσαντες
633 1307 678 1336 διὰ
691 1308 722 1336 τὸ
747 1307 889 1348 αἰφνιδίως

62 1348 158 1380 αὐταῖς
174 1349 373 1388 ἀπαρασκεύοις
388 1355 541 1388 γειτονῆσαι
565 1352 629 1384 τοὺς
652 1352 816 1389 πολεμίους,
831 1355 888 1381 Πομ

61 1395 130 1429 νικῷ
146 1392 257 1430 δείματι
274 1395 448 1432 συσχεθέντες
466 1396 511 1424 καὶ
533 1396 564 1424 τὸ
588 1396 689 1424 ἑαυτῶν
719 1397 888 1425 καταλιπόν-

60 1448 103 1468 τες
119 1437 305 1475 στρατόπεδον
322 1438 418 1478 ἔφυγον
434 1439 464 1468 ἐκ
475 1443 524 1468 τοῦ
540 1441 651 1478 Ῥηγίου
673 1441 718 1468 καὶ
747 1442 815 1478 πρὸς
837 1443 886 1477 τήν

60 1482 192 1510 Σικελίαν
221 1482 463 1522 διεπεραιώθησαν.
479 1485 524 1513 Ἐν
554 1483 582 1512 δὲ
605 1487 644 1521 τῷ
659 1486 726 1524 πρὸς
743 1486 886 1524 Πάνορμον

58 1529 200 1555 ἀποπλεῖν
224 1529 366 1567 βαρυτάτῳ
392 1532 511 1568 χειμῶνι
536 1530 736 1569 περιπεσόντες,
761 1531 806 1558 καὶ
834 1534 888 1559 τῶν

59 1575 173 1610 σκαφῶν
193 1573 246 1600 ὑπὸ
274 1575 322 1601 τοῦ
344 1573 485 1606 κλύδωνος
508 1572 715 1612 συντριϐέντων,
732 1574 837 1612 μᾶλλον
859 1574 888 1603 δὶ

59 1617 113 1644 ὑπὸ
129 1618 253 1654 Χριστοῦ
272 1620 321 1646 τοῦ
344 1621 411 1646 Θεοῦ
438 1621 486 1646 τοῦ
510 1620 574 1656 παρ’
585 1619 672 1647 αὐτῶν
704 1619 888 1657 βλασφημου-

59 1661 154 1697 μένου⁷
172 1660 340 1690 διολώλασιν
371 1663 495 1694 ἅπαντες.
518 1662 682 1691 Σπένδονται
711 1664 800 1691 τοίνυν
829 1667 887 1695 τοῖς

57 1705 224 1742 Ῥωμαίοις,
237 1707 280 1734 καὶ
299 1705 446 1745 διετηρήθη
472 1708 505 1735 τὰ
523 1711 573 1742 τῆς
594 1707 705 1746 εἰρήνης
730 1708 813 1746 μέχρι
836 1712 886 1744 τῆς

56 1750 238 1788 ἀναρρήσεως
262 1753 311 1778 τοῦ
337 1752 432 1780 Φωκὰ.
448 1755 530 1790 ’Ἄρτι
552 1751 574 1779 δ’
597 1753 675 1785 οὗτος
699 1753 888 1790 ἀναγορευθεὶς

59 1795 204 1832 βασιλεὺς,
241 1797 311 1834 πέρα
348 1795 442 1824 δεινῶν
474 1796 648 1835 ἡγησάμενος
678 1796 886 1836 δασμοφορῆσαι

57 1843 248 1878 Σαρακηνοῖς,
277 1841 323 1868 τὸν
351 1839 493 1876 Μανουήλ,
510 1841 548 1872 ὡς
575 1840 696 1878 ε’ίπομεν,
723 1841 886 1870 ἀποστέλλει

57 1885 128 1921 μετὰ
144 1883 289 1921 δυνάμεως
302 1887 361 1912 κατ’
375 1885 473 1914 αὐτῶν.
489 1886 576 1917 Οὗτος
601 1885 630 1913 δὲ
653 1886 713 1914 νὲαν
738 1887 809 1924 ἄγων
839 1887 888 1921 τὴν

57 1928 172 1964 ἡλικίαν
198 1930 242 1957 καὶ
281 1930 458 1968 στρατιώταις
489 1931 696 1968 κατατετάχθαι,
723 1931 755 1959 οὐ
781 1932 834 1967 μήν
857 1942 887 1969 γε

953 638 1129 674 cognomine
1144 637 1281 673 Pilatum,
1298 638 1333 665 ad
1357 638 1542 664 tractandam
1567 643 1634 663 cum
1658 638 1778 664 Sarace-

953 685 1000 712 nis
1017 684 1251 720 paciﬁcationem
1274 682 1366 711 misit.
1391 682 1445 714 Qui
1469 689 1535 709 cum
1559 681 1779 709 consuevissent

952 729 1082 757 victoriis
1099 737 1156 756 non
1173 728 1333 762 eil‘erri,sed
1349 735 1450 763 pacem
1466 726 1554 754 etiam
1571 725 1658 754 rebus
1674 733 1777 753 secun-

952 773 999 801 dis
1014 776 1158 809 expetere,
1175 773 1275 800 faciles
1289 780 1353 800 sese
1366 772 1392 799 ei
1408 771 1606 808 prwbuerunt,
1621 772 1650 798 et
1665 770 1702 798 ad
1717 778 1779 797 cer-

952 819 1016 846 tum
1028 821 1145 854 tempus
1157 817 1290 846 inducias
1302 817 1378 853 pacti
1390 815 1579 851 sunt.Elapso
1595 822 1628 842 eo
1644 816 1775 849 tempore

951 870 1069 890 rursum
1085 863 1160 890 mari
1175 861 1352 890 transmisso
1367 860 1530 889 Calabriam
1545 860 1696 887 vexarunt.
1715 859 1775 886 Ita-

951 915 1008 942 que
1024 907 1111 935 etiam
1126 907 1338 935 Constantinus
1361 908 1463 934 contra
1477 913 1527 933 eos
1550 903 1667 932 navales
1682 905 1775 931 terre-

950 953 1084 987 stresque
1093 951 1440 987 emisitcopias.Classem
1453 948 1774 982 ducebantCrambeas,

949 998 978 1024 et
993 996 1150 1030 Moroleon,
1167 996 1273 1024 alteras
1296 995 1437 1031 patricius
1462 994 1612 1021 Romanus
1636 994 1773 1028 Argyrus.

948 1041 1074 1076 Jamque
1083 1041 1112 1068 hi
1122 1041 1267 1069 Hidrunte
1280 1040 1404 1068 navibus
1419 1038 1573 1067 subductis
1584 1037 1619 1065 ad
1632 1037 1773 1073 navigan-

947 1086 1018 1113 dum
1033 1086 1063 1113 in
1080 1085 1209 1114 Siciliam
1221 1093 1286 1113 sese
1296 1085 1518 1121 parabant,cum
1535 1081 1672 1110 Saraceni
1682 1082 1772 1117 fama,

947 1139 1009 1166 qua:
1025 1139 1114 1166 parva
1130 1130 1310 1166 ampliﬁcare
1324 1132 1353 1157 et
1367 1128 1529 1157 terribilius
1551 1135 1671 1155 narrare
1686 1126 1770 1159 solet,

946 1175 1110 1211 perturbati
1119 1177 1147 1203 et
1155 1176 1229 1211 quod
1239 1175 1340 1203 hostes
1351 1174 1405 1202 sibi
1415 1171 1568 1209 imparatis
1581 1171 1681 1199 subito
1692 1171 1769 1198 860

946 1220 1126 1256 ingruerent,
1142 1220 1178 1247 de
1199 1219 1294 1247 salute
1308 1227 1363 1246 sua
1386 1217 1515 1252 solliciti,
1541 1215 1644 1252 panico
1660 1217 1769 1243 terrore

946 1265 1083 1292 concitati
1098 1268 1194 1292 castra
1204 1273 1259 1292 sua
1273 1264 1477 1296 deseruerunt,
1494 1261 1653 1296 relictoque
1679 1259 1768 1295 Regio

944 1309 1049 1345 fugain
1056 1308 1186 1337 Siciliam
1195 1306 1618 1341 contenderunt.Cumquejam
1627 1307 1768 1332 Panormo

942 1354 1122 1387 accederent,
1138 1353 1324 1381 atrocissima
1338 1352 1441 1380 oborta
1450 1349 1769 1386 tempestate,ejusque

943 1399 970 1426 vi
985 1400 1049 1433 (aut
1062 1398 1170 1427 Christi
1185 1399 1292 1431 verius,
1309 1396 1356 1425 cui
1371 1395 1414 1424 illi
1429 1395 1520 1431 impie
1544 1393 1768 1428 maledicebant)

944 1443 1067 1471 navibus
1084 1443 1218 1471 contritis
1234 1442 1362 1470 universi
1379 1441 1537 1477 perierunt.
1554 1439 1625 1466 Inde
1649 1445 1768 1465 rursum

943 1496 999 1524 pax
1015 1487 1091 1515 facta
1105 1495 1171 1515 cum
1188 1486 1339 1520 Romanis,
1351 1493 1415 1521 qua:
1429 1483 1546 1511 duravit
1561 1489 1654 1518 usque
1670 1481 1705 1508 ad
1719 1480 1768 1508 Ni-

942 1531 1060 1568 cephori
1072 1531 1239 1568 imperium.
1258 1534 1295 1565 Is,
1312 1529 1401 1558 simul
1416 1532 1506 1564 atque
1520 1526 1677 1563 imperium
1689 1533 1772 1553 acce-

943 1578 996 1613 pit,
1008 1585 1069 1605 rem
1079 1577 1318 1613 indignissimam
1331 1575 1503 1603 existimans
1509 1570 1666 1600 Saracenis
1677 1569 1770 1597 tribu-

942 1623 1006 1648 tum
1022 1622 1158 1657 pendere,
1173 1624 1273 1649 contra
1288 1628 1337 1648 eos
1353 1618 1534 1649 Manuelum,
1551 1619 1584 1644 ut
1596 1616 1658 1651 jam
1676 1622 1769 1650 supra

943 1666 1153 1701 diximus,cum
1164 1664 1256 1702 copiis
1266 1664 1347 1692 misit
1359 1672 1365 1691 :
1376 1659 1660 1696 Manuelus,juvenis
1670 1661 1699 1686 et
1711 1658 1768 1686 mi-

942 1709 1004 1738 litis
1019 1719 1108 1746 quam
1124 1710 1208 1738 ducis
1223 1709 1319 1738 ofﬁcio
1335 1707 1427 1736 multo
1439 1707 1545 1743 aptior,
1561 1704 1664 1732 multis
1679 1703 1766 1731 etiam

942 1754 1007 1783 aliis
1016 1755 1161 1783 obnoxius
1175 1754 1363 1790 vitiis,nequc
1378 1751 1545 1780 sanioribus
1559 1751 1767 1784 obtemperans

942 1800 1084 1836 consiliis,
1101 1802 1129 1828 et
1143 1808 1174 1828 se
1189 1799 1288 1836 ipsum
1304 1801 1332 1826 et
1347 1797 1505 1826 exercitum
1520 1797 1613 1823 totum
1629 1791 1767 1830 perdidit,

942 1844 1056 1880 asperis
1071 1845 1248 1880 quibusdam
1273 1843 1376 1871 Sicilia;
1391 1844 1420 1870 et
1444 1840 1530 1868 inviis
1547 1838 1618 1867 locis
1632 1836 1767 1865 inclusus

942 1892 1030 1924 atque
1045 1889 1134 1918 exitio
1149 1889 1313 1917 demersus.
1329 1888 1438 1922 Captus
1459 1884 1515 1913 fuit
1529 1883 1646 1911 Nicetes
1672 1889 1767 1909 eunu-

941 1934 1026 1969 chus,
1042 1933 1183 1970 patricius
1198 1942 1231 1961 ac
1241 1932 1346 1961 classis
1357 1929 1581 1966 drungarius,et
1595 1927 1626 1955 in
1641 1925 1766 1954 Africam

55 1973 100 2001 καὶ
129 1977 293 2012 στρατηγεῖν
323 1974 396 2010 ἄξιος
422 1973 471 2010 ὢν,
490 1975 620 2013 ὑπάρχων
639 1974 668 2003 δὶ
695 1976 739 2003 καὶ
770 1975 888 2007 πολλοῖς

988 1969 1114 2006 vinculis
1129 1979 1287 2006 abductus.

54 2016 155 2049 ἄλλοις
171 2019 268 2046 πάθεσι
283 2019 450 2057 κατάσχντος
463 2019 507 2046 καὶ
525 2018 610 2055 μηδεν
625 2021 679 2047 τῶν
695 2019 729 2047 τὰ
750 2020 865 2057 κρείττω
880 2018 1125 2057 συμϐουλευόντων
1147 2022 1387 2060 ἐπιστρεφόμενος.
1406 2021 1446 2054 [Ρ.
1461 2018 1526 2053 654]
1547 2015 1575 2044 ἓν
1597 2025 1653 2043 τισι
1672 2013 1769 2060 τόποις

50 2064 170 2100 τραχέσι
184 2073 215 2091 τε
228 2063 274 2091 καὶ
286 2061 429 2096 δυσϐάτοις
443 2067 494 2099 τῆς
509 2063 638 2096 Σικελίας
656 2064 723 2101 μετὰ
739 2065 839 2096 παντὸς
854 2065 1042 2098 ἀποκλεισθεὶς
1066 2069 1115 2094 τοῦ
1139 2057 1254 2105 στρατοῦ
1264 2057 1449 2103 -παραδίδοται
1476 2060 1667 2105 πανωλεθρίᾳέ
1677 2057 1768 2105 Ἑάλω

55 2105 83 2135 δὲ
107 2108 230 2146 ζωγρίας
258 2108 303 2136 καὶ
334 2109 452 2144 Νικήτας
484 2109 625 2146 πατρίκιος
656 2109 702 2136 καὶ
736 2111 785 2137 τοῦ
819 2109 918 2138 στόλου
950 2109 1131 2150 δρουγγάριος
1157 2103 1176 2139 ὁ.
1195 2111 1338 2148 εὐνοῦχος,
1358 2110 1404 2137 καὶ
1433 2108 1471 2139 εἰς
1498 2105 1631 2145 Ἀφρικὴν
1657 2103 1768 2150 δέσμιος

54 2153 205 2189 πέμπεται.
224 2153 274 2181 Καὶ
289 2153 303 2181 ὁ
321 2153 367 2190 μὲν
381 2153 514 2189 Μανουήλ
529 2154 660 2189 τοιαύτης
673 2151 754 2192 ἔτυχε
765 2156 815 2187 τῆς
829 2148 1028 2195 καταστροφῆς
1044 2148 1191 2194 παραίτιος
1220 2155 1358 2187 ἀπωλείας
1384 2153 1530 2192 γενόμενος
1552 2150 1598 2179 καὶ
1624 2148 1704 2177 παντὶ
1729 2150 1769 2184 τῷ

55 2207 176 2235 στρατῳ.

90 2242 122 2271 Ὁ
149 2241 179 2269 δὲ
198 2241 326 2280 βασιλεὺς
348 2242 376 2270 ἐν
403 2243 494 2280 τούτῳ
507 2245 546 2280 τῷ
561 2243 656 2282 χρόνῳ
672 2242 806 2280 ἐκπιμπει
820 2243 888 2271 κατά

56 2286 186 2318 Κιλικίας
220 2287 348 2323 Ἰωάννην
376 2288 525 2326 μάγιστρον
558 2288 603 2316 καὶ
636 2286 796 2325 δομέστικον
831 2291 885 2316 τῶν

56 2331 173 2370 σχολῶν
185 2335 238 2367 τῆς
253 2332 403 2368 Ἀνατολῆς
426 2332 481 2368 ἤδη
504 2331 742 2372 προϐεϐλημένον,
757 2333 804 2361 τὸν
825 2336 886 2368 Τζι-

58 2378 171 2413 μισκῆν.
203 2377 351 2414 Γενόμενος
384 2377 407 2405 δ’
431 2379 511 2409 οὗτος
546 2378 615 2416 πρὸς
648 2377 731 2406 πόλιν
758 2377 884 2415 ’¹Αδαναν,

55 2422 100 2450 καὶ
131 2421 242 2457 πλῆθος
271 2421 434 2451 καταλαϐὼν
462 2422 611 2452 ἐπιλέκτων
642 2423 799 2462 Ἀγαρηνῶν
826 2434 885 2451 συν-

55 2466 226 2505 ειλεγμένων
262 2467 292 2495 ἐκ
328 2468 418 2504 πάσης
451 2471 502 2504 τῆς
535 2467 672 2505 Κιλικίας,
701 2467 885 2505 συμπλέκεται

53 2512 146 2548 τούτῳ
170 2513 215 2540 καί
230 2513 356 2551 τρέπεται
381 2513 450 2540 κατὰ
472 2513 583 2551 κράτος.
599 2514 633 2542 Οἱ
664 2513 711 2550 μὲν
732 2512 777 2541 οὖν
803 2512 884 2541 ἄλλοι

53 2559 110 2584 τῶν
135 2557 296 2594 Ἀγαρηνῶν
323 2557 403 2594 νόμῳ
432 2557 559 2594 πολέμου
584 2558 784 2594 κατεκόπησαν·
803 2558 885 2596 μίρος

56 2599 85 2628 δὲ
113 2603 163 2629 τοῦ
194 2604 308 2640 στρατοῦ
338 2602 402 2630 ὡσεί
435 2601 654 2641 πεντακισχίλιοι
689 2602 736 2630 τὸν
769 2602 884 2640 ἀριθμὸν

55 2642 131 2677 ὄντες
160 2645 306 2685 φεύγουσιν
330 2646 369 2678 εἴς
396 2657 457 2675 τινα
481 2647 566 2686 λόφον
593 2644 724 2676 δύσϐατον
749 2647 795 2674 καὶ
816 2646 884 2675 ἀπό-

976 2246 1036 2274 Sub
1052 2246 1132 2275 idem
1147 2249 1265 2283 tempus
1281 2246 1442 2282 imperator
1455 2243 1486 2271 in
1501 2241 1634 2270 Ciliciam
1660 2238 1769 2267 emittit

940 2290 1084 2320 Joannem
1099 2290 1462 2326 Tzimiscem,magistrum
1477 2286 1671 2315 domesticum
1683 2284 1768 2312 scho-

941 2335 1037 2364 larum
1053 2336 1179 2365 Orientis
1191 2337 1255 2372 jam
1271 2337 1415 2364 creatum.
1443 2333 1471 2361 Is
1500 2339 1568 2360 cum
1597 2330 1634 2357 ad
1663 2328 1766 2356 Adana

941 2381 1132 2417 pervenisset,
1147 2382 1176 2408 in
1193 2380 1415 2409 multitudinem
1431 2377 1536 2405 incidit
1559 2383 1594 2403 ex
1616 2373 1697 2402 omni
1713 2373 1765 2400 de-

940 2425 1082 2454 lectorum
1098 2426 1196 2454 Cilicia
1211 2425 1286 2453 881
1304 2426 1514 2461 Agarenorum,
1542 2426 1668 2454 eamque
1692 2425 1765 2445 con-

939 2478 1060 2506 gressus
1076 2470 1325 2499 fundit.Hostibus
1339 2466 1587 2503 deletis,quinque
1597 2466 1696 2492 tamen
1710 2462 1766 2490 cir-

940 2515 1012 2543 citer
1026 2517 1225 2552 Agarenorum
1247 2514 1344 2542 millia
1357 2513 1426 2549 equi
1454 2510 1565 2540 relictis
1593 2508 1706 2545 pedites
1735 2506 1765 2534 in

940 2559 1044 2588 collem
1061 2561 1219 2597 quemdam
1237 2560 1419 2596 praeruptum
1443 2556 1611 2587 evaserunt,
1642 2552 1766 2587 ejusque

939 2607 1046 2633 natura
1057 2605 1122 2633 freti
1132 2605 1246 2633 fortiter
1256 2604 1401 2640 impetum
1416 2601 1547 2629 hostium
1559 2597 1764 2627 defenderunt.

939 2649 995 2677 Sed
1010 2649 1169 2678 Tzimisces
1185 2648 1366 2678 circumdato
1383 2645 1466 2680 colle,
1493 2644 1561 2681 quia
1584 2649 1674 2678 eques
1697 2647 1764 2668 cum

651 2737 837 2767 XYLANDRI
855 2739 902 2768 ΕΤ
921 2739 1031 2768 GOARI
1050 2739 1167 2768 NOTAE.

93 2796 152 2834 (13)
167 2796 314 2826 Joannem
330 2805 348 2826 a
362 2797 492 2834 corporis
511 2797 685 2835 proceritate
698 2796 742 2826 sio
756 2797 880 2827 dictum.
895 2798 986 2828 Goaa.
