1936 3048
158 112 198 142 95

834 113 994 144 GEORGII
1017 113 1187 145 CEDRENI

1833 111 1883 142 96

159 178 202 206 eis
218 186 275 206 non
292 180 408 214 poterat
420 178 685 214 congredi,pedites
701 179 744 207 ire
759 187 792 207 eo
807 179 985 214 suosjussit,

1079 190 1179 216 ημνον,
1199 179 1277 215 πεζοὶ
1299 179 1364 210 τοὺς
1386 178 1490 210 ’ίππους
1515 175 1675 214 ἀποϐάντες,
1689 178 1735 205 καὶ
1757 179 1793 214 τῇ
1823 181 1881 208 τοῦ

160 223 312 258 pedesque
329 231 378 250 eos
395 223 458 259 ipse
473 223 566 252 duxit.
592 223 682 253 Nemo
704 226 915 252 Saracenorum
931 227 987 252 ter-

159 276 230 304 gum
246 268 327 295 dedit
345 277 351 295 :
369 269 456 296 occisi
473 271 542 296 sunt
559 277 671 302 omnes,
688 272 717 297 et
736 270 849 297 cruoris
866 268 917 296 rivi
935 277 987 305 per

158 311 281 340 declivia
297 312 326 340 in
341 321 478 348 campum
496 313 654 346 ﬂuxerunt,
677 321 843 349 nomenque
865 313 932 341 colli
949 313 985 341 ab

159 359 263 384 eventu
281 356 402 392 factum,
419 360 451 385 ut
465 357 552 385 Collis
567 357 726 393 Sanguinis
742 357 987 394 appellaretur.ld

160 400 275 429 facinus
292 409 398 429 nomen
416 402 567 430 Tzimisca:
583 402 729 430 celebrius
748 403 887 438 reddidit,
902 405 986 431 Sara-

160 445 239 473 cenis
256 448 355 473 autem
371 454 460 474 causa
475 447 556 474 exitii
570 446 634 474 luit.

1043 224 1128 251 τόπου
1143 224 1325 263 θαρρήσαντες
1341 223 1463 260 εὐκαιρίᾳ
1493 223 1635 260 εὐρώστως
1657 222 1721 254 τοὺς
1745 221 1885 252 ἐπιόντας

1044 269 1190 305 ἠμύνοντο.
1207 268 1260 300 Οὓς
1276 269 1320 296 καὶ
1351 268 1557 306 περιστοιχίσας
1577 268 1592 295 ὁ
1607 267 1748 303 Ἰωάννης,
1764 266 1807 294 ὅτι
1835 267 1882 303 μή

1044 314 1103 349 μεθ’
1117 313 1209 341 ’ίππων
1234 315 1292 345 οἷός
1319 325 1349 341 τε
1379 314 1411 348 ἦν
1438 314 1532 344 αὐτοῖς
1558 310 1720 349 συμϐαλεῖν,
1745 313 1880 346 πεζεῦσαι

1043 358 1195 396 προστάξας
1219 358 1283 390 τοὺς
1304 359 1470 396 στρατιώτας
1496 358 1580 386 ἄνεισι
1606 357 1663 393 μετ“
1679 356 1767 384 αὐτῶν
1789 356 1881 390 πεζὸς

1045 403 1089 430 καὶ
1117 403 1206 436 αὐτός.
1235 404 1284 432 Καὶ
1312 402 1566 441 καταγωνισάμενος
1595 402 1698 432 πάντας
1727 399 1878 440 ἀπέσφαξε,

1043 450 1114 475 νῶτα
1131 447 1249 486 μηδερὸς
1267 447 1429 482 δεδωκότος,
1447 448 1484 479 ὡς
1499 447 1590 486 ῥεῦσαι
1606 445 1651 474 διὰ
1671 448 1721 474 τοῦ
1751 447 1877 483 πρανοῦς

161 489 199 520 εἷς
227 490 258 516 τὸ
279 488 372 517 πεδίον
395 495 426 517 το
448 491 516 527 αἷμα
540 489 712 526 ποταμηδὸν,
729 491 773 518 καὶ
798 491 850 518 ἀπὸ
874 491 972 518 τούτου
995 494 1044 519 τοῦ
1069 493 1273 529 συμπτώματος
1296 492 1434 528 κληθῆναι
1449 495 1495 520 τον
1514 492 1609 530 βουνὸν
1633 490 1733 520 Βουνὸν
1749 488 1880 526 Αἵματος

161 535 247 561 Τοῦτο
273 534 304 561 τὸ
325 533 401 572 ἔργον
427 534 470 562 ἐπὶ
495 534 579 562 πλέον
602 535 680 572 ἐξῆρε
701 536 732 563 τὸ
755 533 842 572 ὄνομα
864 538 912 563 τοῦ
937 536 1071 572 Ἰωάννου,
1087 537 1132 564 καὶ
1155 540 1212 568 τοῖς
1235 540 1402 575 Σαρακηνοῖς
1421 537 1527 569 τελείας
1550 536 1737 574 καταστροφῆς
1761 535 1876 573 γέγονεν

162 589 260 606 αιτιον.

197 625 280 651 Anno
293 624 410 660 imperii
424 625 468 652 sui
483 625 727 661 secundo,mense
737 625 989 660 Julio,indictione

162 668 299 703 septima,
315 669 497 705 Nicephorus
514 678 655 706 magnum
671 671 831 698 exercitum
847 671 990 699 Romano-

163 721 227 740 rum
244 721 278 740 ac
293 713 439 741 sociorum
456 714 604 742 [berorum
622 717 650 742 et
661 715 866 743 Armeniorum
877 716 907 743 in
923 715 989 744 Cili-

161 757 236 784 ciam
254 757 344 792 ducit,
362 759 521 787 comitatus
539 767 626 787 uxore
651 769 706 787 sua
727 760 944 796 Theophanone
959 763 987 788 et

160 801 272 830 liberis.
297 803 338 830 Ea
363 805 443 831 extra
478 803 507 831 in
542 804 663 832 castello
688 804 783 832 Drizio
807 805 918 839 relicta,
942 806 986 833 in-

160 855 278 882 gressus
307 847 371 883 ipse
399 847 540 881 Ciliciam,
579 849 772 882 Anazarbam,
800 850 926 878 Rossum
959 853 986 878 et

159 891 292 918 Adanam
308 892 397 920 urbes
412 892 527 928 aliaque
539 893 616 921 haud
633 902 727 930 pauca
741 894 852 930 subigit
866 894 986 922 castella

159 935 288 971 Cumque
304 937 339 964 ad
356 937 480 965 Tarsum
497 940 526 965 et
550 939 760 974 Mopsuestiam
792 940 899 967 ducere
927 948 983 968 non
999 955 1024 988 Β

160 981 290 1015 auderet,
307 982 384 1016 quod
401 982 459 1015 iam
482 982 578 1010 hiems
602 986 764 1019 appeteret,
790 984 889 1012 relicto
905 993 939 1012 ea
953 985 983 1012 in

161 1025 308 1060 provincia
323 1025 418 1054 valido
436 1027 612 1062 praesidiojn
625 1028 837 1064 Cappadociam
850 1028 985 1056 hiberno-

161 1077 226 1096 rum
243 1078 332 1098 causa
347 1071 418 1098 abit.
436 1072 557 1099 Ineunte
570 1081 634 1100 vere
647 1081 764 1100 rursum
793 1073 921 1100 Ciliciam
939 1073 984 1100 in-

159 1116 219 1142 trat
235 1123 242 1142 :
258 1114 384 1143 etdiviso
396 1115 425 1142 in
437 1116 510 1143 duas
519 1117 595 1144 86‘!
610 1120 707 1153 partes
717 1118 984 1152 exercitu,Leonem

160 1159 195 1186 ad
216 1160 446 1195 oppugnandum
463 1161 585 1188 Tarsum
603 1170 670 1189 cum
688 1161 779 1189 altera
793 1163 875 1197 parte
884 1162 985 1195 mittit,

162 1203 283 1231 alteram
300 1205 361 1239 ipse
377 1205 413 1232 ad
430 1205 636 1241 Mopsuestiam
653 1207 816 1234 ducit.Eam
833 1215 899 1234 cum
909 1206 985 1234 acri-

162 1250 206 1275 ter
220 1252 413 1284 oppugnaret,
430 1250 507 1277 fame
523 1251 611 1278 etiam
628 1251 844 1286 oppidanorum
855 1251 985 1286 adjutus,

162 1301 251 1320 unam
268 1293 351 1321 urbis
367 1296 479 1329 partem
495 1295 583 1330 capit.
602 1297 639 1322 Ea
660 1296 739 1323 enim
757 1296 828 1323 urbs
857 1296 956 1323 media
969 1303 987 1323 ο.

162 1338 234 1366 Saro
250 1337 370 1366 ﬂumine
386 1342 513 1374 secatur,
530 1340 570 1367 ita
586 1342 618 1367 ut
633 1341 696 1368 duae
712 1340 799 1368 urbes
822 1340 985 1368 videantur.

161 1382 261 1409 Altera
275 1382 411 1418 igitur,ut
426 1383 651 1420 diximus,parte
662 1384 798 1420 capta,ad
808 1384 929 1412 alteram
939 1384 989 1411 Sa~

165 1426 261 1454 raceni
273 1427 674 1464 confugiunt,undiqucquod
688 1431 807 1464 captum
819 1431 881 1456 erat
890 1428 988 1455 incen-

165 1471 278 1498 dentes.
294 1471 349 1498 Sed
365 1471 464 1500 acrius
479 1473 515 1500 ad
531 1473 780 1508 oppugnationem
800 1473 988 1500 incumbente

164 1515 444 1551 imperatore,altera
450 1525 566 1552 quoque
573 1526 641 1553 pars
648 1519 733 1553 capta
739 1517 914 1552 est,nemine
921 1518 989 1545 inde

164 1559 391 1595 ull'ugiente.Leo
398 1564 495 1588 autem
504 1562 689 1598 imperatoris
697 1562 989 1590 frnterTarsumobsi-

164 1605 318 1637 dens,cum
325 1606 468 1633 exercitus
476 1609 586 1642 partem
595 1606 989 1642 pabulatuml‘rumentatum-

166 1657 223 1685 que
235 1649 364 1677 misisset
373 1650 727 1685 duceMonasteriote,voti
738 1651 860 1679 minime
868 1659 988 1686 compos

168 1693 219 1721 fuit
236 1702 243 1721 :
257 1702 323 1721 nam
335 1694 398 1722 sine
410 1695 531 1723 custode
543 1696 702 1731 dissipatos
714 1697 889 1732 pradatores
901 1698 989 1723 noctu

165 1740 324 1766 Tarsenses
339 1739 460 1775 egressi,
478 1740 518 1767 ita
534 1742 565 1767 ut
580 1749 666 1768 nemo
682 1749 783 1768 eorum
806 1740 988 1776 eruptionem

166 1782 274 1810 sentire
290 1784 426 1819 potuerit,
443 1785 596 1818 invadunt,
613 1788 641 1812 et
656 1785 735 1813 haud
755 1793 861 1821 paucos
876 1785 989 1813 interﬁ-

166 1827 290 1862 ciunt,et
305 1829 332 1855 in
346 1828 391 1856 bis
404 1829 818 1857 Mouasteriotem.'l‘arsenses
829 1831 989 1863 autem,co-

166 1871 247 1908 gnita
262 1872 447 1908 Mopsuestia?
462 1873 687 1909 expugnatione,
704 1874 896 1910 oppressique
911 1873 989 1901 obsi-

166 1917 251 1944 dione
259 1919 288 1944 et
304 1918 391 1950 fame,
409 1917 520 1953 legatos
535 1919 570 1946 ad
588 1921 710 1946 Leonem
727 1919 849 1946 mittunt
862 1919 989 1954 impera-

166 1963 270 1995 torem,
300 1962 469 1990 invocantes
493 1965 522 1989 et
545 1963 736 1999 deprecantes
764 1966 797 1990 ut
826 1963 989 1991 incolumes

165 2005 326 2034 dimitteret
342 2007 413 2034 urbe
427 2007 536 2034 dedita.
554 2007 618 2043 Ipse
634 2013 732 2035 autem
755 2015 821 2035 cum
838 2007 990 2043 permisis-

165 2052 210 2078 set
225 2052 258 2077 ut
286 2053 397 2078 certum
426 2051 573 2087 quoddam
603 2053 718 2087 pondus
745 2052 903 2087 auferrent,
933 2051 990 2079 alia

164 2095 263 2122 omnia
279 2095 361 2123 urbis
378 2096 454 2123 bona
469 2096 604 2132 diripuit.
621 2097 792 2132 Triduoque
820 2097 897 2124 803
925 2098 990 2132 post

166 2140 423 2176 expugnationem,
440 2140 545 2168 classis
562 2141 687 2169 maxima
701 2149 736 2169 ex
757 2141 878 2177 [Egypto
903 2141 989 2169 adve-

166 2184 209 2211 nit
224 2192 308 2220 opem
325 2185 415 2213 Tarso
439 2185 544 2220 latura,
572 2186 718 2214 frumento
743 2189 850 2213 onusta
870 2188 899 2213 et
923 2185 989 2213 aliis

165 2230 254 2257 rebus
269 2238 334 2265 qua:
347 2230 381 2257 ad
399 2230 508 2258 victum
524 2232 594 2258 sunt
609 2230 789 2258 necessarias.
806 2230 915 2258 Verum
927 2239 989 2266 per-

164 2274 256 2302 missa
271 2283 328 2302 non
344 2277 388 2302 est
405 2275 440 2302 ad
457 2278 565 2303 terram
576 2275 722 2310 appellere
733 2283 828 2311 neque
839 2275 988 2303 exsensio-

1003 1639 1024 1672 C

1078 627 1106 653 '0
1123 625 1151 654 δὲ
1167 626 1322 666 Νικηφόρος
1349 627 1416 654 κατὰ
1429 627 1460 654 τὸ
1476 625 1600 662 δεύτερον
1627 623 1686 656 ἔτος
1709 626 1758 656 τῆς
1787 623 1876 651 αὐτοῦ

1045 671 1194 708 βασιλείας,
1219 671 1245 698 ἐν
1279 672 1346 708 μηνὶ
1375 670 1494 708 Ἰουλίῳ,
1526 669 1694 700 ἶνδικτιῶνος
1730 671 1761 703 ζ’,
1790 668 1874 704 ἔξεισι

1042 718 1109 744 κατὰ
1148 716 1271 747 Κιλικίας
1305 716 1350 744 σὺν
1391 717 1469 755 βαρεῖ
1502 717 1608 751 στρατῷ
1636 713 1779 750 Ῥωμαίων
1822 713 1872 740 καὶ

1042 762 1197 798 συμμάχων
1227 759 1342 799 Ἰϐήρων
1371 760 1416 788 καὶ
1442 759 1608 798 Ἀρμενίων,
1638 758 1711 796 ἔχων
1740 759 1873 797 Θεοφανὼ

1039 806 1089 840 τὴν
1117 806 1237 843 γαμετὴν
1263 805 1309 833 σὺν
1335 809 1394 836 τοῖς
1418 807 1524 835 τέκνοις
1550 805 1643 838 αὐτῆς.
1666 803 1788 838 Ἑκείνην
1819 803 1869 839 μὲν

1041 849 1086 877 οὖν
1111 849 1206 885 ἔξωθεν
1229 853 1280 884 τῆς
1305 849 1432 881 Κιλικίας
1457 848 1484 876 ἕν
1508 859 1562 876 τινι
1586 847 1708 886 φρουρίῳ
1727 846 1868 883 καταλιμ-

1039 895 1128 930 πάνει,
1157 895 1257 931 Δριζίῳ
1285 893 1460 931 καλουμένῳ,
1486 894 1568 923 αὐτὸς
1597 891 1625 920 δὲ
1637 892 1788 924 ⁴ῑίσελθὼν
1827 891 1867 922 εἷς

1039 938 1161 966 Κιλικίαν
1187 936 1366 977 Ἀνάζαρϐαν,
1390 938 1434 966 καὶ
1459 938 1585 972 Ῥωσσὸν,
1601 938 1645 964 καὶ
1667 935 1786 965 νΑδαναν
1813 937 1865 967 τὰς

1038 983 1144 1018 πόλεις,
1168 984 1211 1011 καὶ
1237 982 1315 1021 ἕτερα
1340 983 1389 1010 οὐκ
1413 982 1492 1021 ὀλίγα
1517 982 1634 1019 φρούρια
1654 981 1864 1019 κατεστρέψατο.

1039 1029 1099 1056 Ἐπὶ
1116 1027 1208 1062 δὲτὴν
1224 1029 1329 1066 Ταρσὸν
1355 1028 1400 1055 καὶ
1422 1028 1472 1061 τὴν
1496 1027 1596 1063 Μόψου
1622 1025 1710 1054 ἑστίαν
1735 1024 1864 1057 ἀπελθεῖν

1039 1073 1089 1100 οὐκ
1104 1072 1246 1110 έθάρῥησε,
1267 1074 1405 1109 χειμῶνος
1419 1070 1473 1106 ἤδη
1490 1069 1701 1101 καταλαϐόντος.
1718 1070 1766 1098 Καὶ
1783 1079 1864 1106 στρα-

1039 1117 1084 1144 τὸν
1100 1117 1145 1144 τὸν
1160 1118 1325 1154 ἀποχρῶντα
1339 1115 1498 1143 καταλιπὼν
1515 1115 1601 1143 ἐκεῖσε
1616 1114 1709 1151 ἔξεισιν
1739 1114 1765 1142 ἐν
1791 1117 1865 1141 Καπ-

1040 1160 1158 1197 παδοκίᾳ
1181 1161 1407 1199 παραχειμάσων.
1435 1161 1520 1198 Ἦρος
1544 1159 1574 1187 δὲ
1597 1160 1756 1197 ἀρχομένου
1781 1158 1866 1186 πάλιν

1041 1205 1164 1241 εἰσῆλθεν
1176 1205 1202 1233 ἐν
1220 1202 1338 1241 Κιλικίᾷ,
1358 1206 1403 1232 καί
1419 1204 1486 1242 διχῆ
1503 1203 1601 1232 διελὼν
1617 1204 1650 1231 τὰ
1665 1203 1865 1242 στρατεύματα,

1040 1251 1089 1284 τήν
1108 1251 1155 1287 μὲν
1169 1251 1273 1286 Ταρσὸν
1287 1250 1447 1287 πολιορκεῖν
1463 1249 1551 1287 ἀφῆκε
1565 1248 1667 1276 Λέοντα
1678 1249 1724 1276 τὸν
1736 1247 1866 1287 ἀδελφὸν,

1041 1295 1120 1326 αὐτὸς
1137 1294 1166 1322 δὶ
1180 1296 1211 1322 τὸ
1227 1294 1324 1322 λοιπὸν
1341 1294 1474 1332 ἀράμενος
1488 1297 1538 1328 τῆς
1561 1296 1685 1331 στρατιᾶς
1709 1295 1744 1330 τῇ
1769 1293 1865 1329 Μόψου

1041 1339 1116 1375 ἑστίᾳ
1130 1340 1292 1377 προσέσχεν.
1309 1340 1430 1377 Ἐνεργῷ
1445 1337 1474 1366 δὲ
1488 1339 1664 1376 χρησάμενος
1687 1339 1722 1374 τῇ
1748 1337 1865 1375 πολιορ-

1041 1385 1096 1420 κίᾳ,
1112 1383 1184 1422 ἔχων
1200 1383 1228 1412 δὲ
1253 1384 1297 1411 καιῖ
1320 1385 1365 1411 τὸν
1396 1383 1477 1420 λιμὸν
1506 1383 1690 1420 ἐπαρήγοντα.
1715 1381 1862 1418 παραλαμ-

1042 1427 1116 1456 ϐάνει
1131 1429 1162 1456 τὸ
1177 1429 1205 1456 ἓν
1223 1428 1304 1466 μέρος
1329 1432 1378 1463 τῆς
1403 1427 1522 1458 πόλεως·
1538 1427 1662 1463 τέμνεται
1683 1427 1734 1464 γὰρ
1750 1427 1767 1460 ἡ
1784 1425 1866 1456 πόλις

1043 1473 1110 1507 αὕτη
1129 1472 1208 1509 μέσον
1224 1475 1264 1508 τῷ
1280 1473 1361 1510 Σάρῳ
1380 1474 1508 1508 ποταμῷ,
1522 1472 1558 1502 ὡς
1584 1470 1673 1498 δοκεῖν
1698 1469 1746 1497 δύο
1769 1469 1864 1501 πόλεις

1044 1517 1110 1545 εἶναι
1128 1518 1195 1553 (14),
1208 1519 1259 1544 Τοῦ
1275 1517 1333 1548 ἑνὸς
1349 1517 1407 1550 οὖν,
1420 1517 1456 1547 ὡς
1481 1515 1597 1554 ἔρηται,
1614 1515 1713 1552 μέρους
1738 1513 1866 1546 ἁλόντος,

1043 1562 1087 1589 ἐπὶ
1111 1562 1143 1589 τὸ
1166 1560 1257 1599 ἕτερον
1281 1562 1307 1588 οἳ
1334 1561 1487 1597 Σαρακηνοὶ
1510 1560 1718 1599 καταφεύγουσι,
1733 1559 1764 1586 τὸ
1779 1558 1865 1586 ἑαλω-

1045 1607 1092 1637 κὸς
1110 1606 1278 1643 πανταχόθεν
1314 1605 1474 1644 ὖφέψαντές.
1501 1603 1675 1643 Σφοδροτέρᾳ
1703 1603 1732 1631 δὲ
1761 1613 1866 1640 χρησα-

1046 1652 1128 1688 μένου
1143 1653 1191 1678 τοῦ
1208 1650 1342 1689 βασιλέως
1356 1652 1391 1687 τῇ
1406 1649 1553 1687 πολιορκίᾳ
1565 1648 1638 1676 ἑάλω
1653 1649 1697 1676 καὶ
1720 1648 1752 1676 τὸ
1775 1646 1864 1684 ἓτερον

1046 1696 1137 1732 μέρος.
1154 1697 1194 1732 [Ρ.
1217 1696 1280 1731 655]
1307 1693 1421 1732 μηδενὸς
1443 1694 1541 1726 ἐκεῖθεν
1571 1692 1759 1732 διαιρυγόντος.
1788 1693 1816 1718 Ὀ
1839 1690 1867 1718 δὲ

1043 1742 1091 1774 τήν
1121 1740 1224 1776 Ταρσὸν
1254 1740 1482 1776 παρακαθήμενος
1510 1739 1586 1766 Λέων
1616 1738 1630 1765 ὁ
1654 1739 1703 1764 τοῦ
1730 1735 1865 1774 βασιλέως

1044 1784 1172 1824 ἀδελφὸς,
1190 1784 1232 1812 ἐπὶ
1250 1784 1435 1822 χορτολογίαν
1460 1783 1504 1811 καὶ
1527 1782 1667 1819 συλλογὴν
1692 1784 1746 1809 τῶν
1771 1781 1865 1813 ἐπιτη-

1045 1827 1123 1856 δείων
1140 1829 1221 1866 μέρος
1239 1828 1400 1859 ἀποστείλας
1422 1831 1471 1863 τῆς
1496 1827 1621 1865 στρατιὰς
1647 1824 1760 1864 ἔξαρχον
1785 1825 1866 1863 ἑχού-

1044 1884 1093 1909 σης
1118 1874 1164 1901 τὸν
1189 1873 1435 1911 Μοναστηριώτην,
1450 1872 1607 1910 ἠτύχησεν·
1625 1871 1788 1910 ἀφυλάκτως
1815 1870 1865 1908 γὰρ

1044 1917 1279 1950 διασκεδασθέντας
1305 1918 1368 1948 τοὺς
1392 1918 1614 1955 προνομεύοντας
1642 1916 1738 1946 νυκτὸς
1755 1915 1780 1942 οἱ
1798 1917 1866 1952 Ταρ-

1043 1966 1098 1994 σεῖς
1120 1961 1283 1997 ἐξελθόντες,
1308 1963 1346 1993 ὡς
1375 1961 1470 1998 μηδενὶ
1502 1961 1672 1996 συναίσθησιν
1697 1963 1747 1995 τῆς
1775 1959 1867 1994 ἐξόδου

1043 2008 1256 2044 παρεσχηκέναι,
1280 2006 1443 2038 ἐπιτίθενται
1467 2005 1674 2043 διεσπαρμένοις
1704 2003 1867 2035 αὖτοῖς,καὶ

1044 2051 1093 2079 οὐκ
1117 2052 1226 2089 ὀλίγους
1257 2050 1423 2090 διέφθειραν,
1440 2050 1465 2078 έν
1492 2052 1532 2081 οἷς
1562 2050 1596 2085 ἦν
1623 2049 1667 2078 καὶ
1692 2050 1706 2077 ὁ
1729 2052 1868 2083 Μοναστη-

1044 2096 1145 2134 ριώτης
1175 2096 1332 2130 αὐτός.Τήν
1357 2095 1385 2123 δὲ
1410 2099 1461 2130 τῆς
1484 2095 1581 2132 Μόψου
1611 2094 1698 2125 ἑστίας
1725 2093 1826 2121 ἅλωσιν
1842 2093 1867 2119 οἱ

1042 2143 1154 2178 Ταρσεῖς
1178 2140 1336 2178 ἐγνωκότες,
1361 2141 1518 2177 πιεζόμενοι
1541 2139 1569 2167 δὲ
1597 2141 1630 2175 τῇ
1651 2137 1799 2176 πολιορκίᾳ
1822 2137 1866 2165 καὶ

1041 2187 1083 2222 τῷ
1111 2184 1197 2222 λιμῷ,
1214 2183 1454 2223 διεπρεσϐεύσαντο
1478 2185 1545 2222 πρὸς
1573 2184 1617 2211 τὸν
1648 2183 1757 2216 Λέοντα,
1773 2183 1867 2210 ἐπικα-

1043 2229 1174 2266 λούμενοι
1197 2230 1242 2257 τὸν
1276 2229 1390 2268 βασιλέα
1415 2229 1459 2256 καὶ
1484 2227 1662 2266 λιπαροῦντες
1683 2228 1793 2258 ἀπαθεῖς
1821 2238 1867 2254 κα-

1044 2277 1096 2302 κῶν
1127 2274 1303 2314 φυλαχθῆναι
1340 2275 1384 2302 καὶ
1419 2275 1468 2309 τὴν
1507 2274 1608 2301 ἑαυτῶν
1645 2271 1866 2310 παραδεδωκέναι

165 2327 231 2346 nem
247 2320 340 2348 facere
356 2321 391 2348 ab
409 2319 444 2347 iis
456 2319 602 2347 militibus
611 2319 721 2355 quibus
734 2322 794 2347 erat
811 2320 847 2347 ab
863 2319 986 2355 impera-

1081 2319 1136 2348 λιν.
1150 2320 1181 2348 Ὁ
1209 2318 1239 2346 δὲ
1268 2319 1349 2357 ῥητόν
1378 2329 1404 2346 τι
1432 2318 1543 2357 φορτίον
1565 2317 1677 2345 ἕκαστον
1701 2317 1776 2355 ἀφεὶς
1801 2317 1866 2343 ἀπο-

163 2367 225 2392 tore
241 2365 390 2392 maritima
406 2364 540 2392 custodia
563 2364 741 2398 commissa;
765 2373 893 2400 cumque
914 2364 987 2392 nihil

163 2417 248 2445 agere
259 2409 823 2446 potuissent,redierunt,inquemaxima
835 2410 990 2446 naufragia

164 2455 200 2482 ob
215 2457 370 2483 ventorum
386 2454 444 2482 vim
460 2454 627 2482 inciderunt
637 2457 665 2482 et
681 2454 824 2490 impetum
837 2455 989 2483 bellicosa-

163 2507 229 2526 rum
247 2499 433 2535 imperatoris
449 2499 714 2527 navium.1ucensis
726 2500 815 2536 igitur
829 2502 858 2528 et
868 2500 988 2528 combu-

163 2544 217 2572 stis
234 2543 355 2580 reliquis
369 2543 476 2573 Cilicize
491 2544 628 2578 urbibus,
642 2544 759 2572 Octobri
775 2553 887 2578 mense,
910 2544 988 2572 indi-

162 2589 259 2617 ctione
277 2597 365 2625 nona,
379 2589 482 2625 Cpolin
508 2589 608 2624 rediit,
621 2597 721 2617 secum
738 2589 887 2617 adducens
905 2588 988 2616 Tarsi

163 2636 264 2669 portas
271 2634 580 2670 etMopsuestiae,quas
586 2642 653 2662 cum
662 2634 843 2662 extrinsecus
849 2641 920 2662 auro
927 2633 988 2661 dis-

1043 2364 1182 2403 φέρεσῦαι,
1208 2363 1253 2390 τὸν
1285 2362 1372 2391 ἄλλον
1401 2363 1504 2390 ἅπαντα
1532 2362 1650 2390 πλοῦτον
1680 2361 1795 2399 κατέαγε
1817 2362 1866 2394 τῆς

1043 2409 1163 2440 πόλεως.
1177 2407 1252 2436 Μετὰ
1267 2407 1295 2435 δὶ
1309 2410 1382 2446 τρεῖς
1398 2409 1502 2444 ἡμέρας
1515 2409 1564 2435 τοῦ
1586 2408 1637 2442 τὴν
1660 2406 1742 2434 πόλιν
1764 2405 1867 2433 ἁλῶναι

1044 2452 1142 2484 στόλος
1169 2453 1295 2490 μέγιστος
1317 2451 1342 2487 ἐξ
1371 2451 1513 2489 Αἰγύπτου
1539 2452 1684 2490 βοηθήσων
1708 2453 1742 2488 τῇ
1769 2452 1867 2488 Ταρσῷ

1043 2498 1220 2536 παρεγένετο,
1242 2496 1355 2535 πλήρης
1379 2496 1508 2534 ὑπάρχων
1533 2497 1609 2524 σίτου
1628 2496 1673 2524 καὶ
1694 2498 1748 2523 τῶν
1775 2494 1866 2523 ἄλλων

1043 2544 1097 2569 τῶν
1114 2542 1182 2580 πρὸς
1196 2542 1227 2569 τὸ
1243 2543 1290 2579 ζῇν
1305 2542 1471 2579 ἀναγκαίων.
1488 2542 1528 2570 Οὐ
1545 2541 1724 2580 συνεχωρήθη
1741 2539 1770 2568 δὲ
1784 2550 1867 2578 προσ-

1043 2589 1121 2624 σχεῖν
1136 2588 1171 2624 τῇ
1188 2588 1223 2624 γῇ
1239 2585 1295 2614 οὐδ’
1312 2584 1447 2622 ἀποϐῆναι
1465 2586 1538 2624 παρὰ
1564 2589 1617 2614 τῶν
1644 2586 1694 2613 ὑπὸ
1715 2588 1763 2613 τοῦ
1791 2586 1866 2623 βατι-

1044 2631 1116 2664 λέως
1131 2631 1286 2670 ταχθέντων
1315 2633 1365 2666 τὴν
1394 2630 1531 2670 παραλίαν
1560 2634 1652 2668 τηρεῖν
1683 2632 1866 2667 στρατιωτῶν.

752 2698 939 2727 XYLANDBI
960 2698 1004 2726 ET
1022 2697 1132 2726 GOARI
1153 2697 1269 2726 NOT/E.

199 2749 254 2784 (14)
271 2749 383 2785 Desunt
398 2749 500 2785 multa.
518 2749 667 2785 Librarius
683 2757 690 2777 ι
706 2747 800 2776 Λείπει
814 2746 843 2774 ἓν
866 2745 984 2785 φύλλον,

163 2783 234 2811 οὕτω
248 2784 293 2812 καὶ
309 2783 339 2812 ἐκ
351 2785 400 2812 τοῦ
416 2783 593 2823 ἀντιγράφου.
622 2785 749 2813 Possunt
776 2791 810 2812 ea
835 2783 988 2820 utcunque

1042 2755 1077 2775 ex
1091 2747 1202 2784 Zonrara
1215 2747 1307 2784 repeti
1324 2756 1330 2775 :
1348 2755 1417 2784 nam
1428 2745 1537 2784 alioqui
1550 2746 1654 2784 Noster
1664 2748 1709 2784 est
1724 2745 1753 2773 in
1766 2745 1866 2784 inultis

1044 2783 1198 2820 copiosior.
1215 2781 1282 2811 XiL.
1297 2798 1331 2803 —
1346 2781 1554 2819 Supplevimus
1569 2790 1604 2810 ex
1624 2781 1758 2818 Scylitze.
1775 2782 1864 2811 Gesn.
