1928 3047
46 93 98 123 {Ol

611 92 885 124 HISTORIARUM
906 93 1180 126 COMP-ENDIUM.

1691 99 1750 129 102

40 158 147 187 κούτων
163 157 269 197 ἀνδρῶν
286 157 330 186 διὰ
341 159 391 194 τὴν
407 157 509 186 ἐκείνου
522 158 656 190 ἀπείθειαν
686 157 730 186 καὶ
759 157 801 186 πό]

988 161 1108 190 ιωὶιῒοοιιθ
1122 162 1251 198 deberet,
1266 163 1382 191 diversa
1395 166 1516 192 secutus
1529 164 1667 199 indoluit,
1683 166 1749 194 cul-

39 203 214 238 τηλικαύτης
250 204 353 240 ὑποστῇ
391 203 489 241 ζῃμίαν
515 205 533 238 ἡ
558 202 683 230 πολιτεία
706 202 865 240 Ῥωμαίων,

38 248 112 275 ἄκων
144 248 190 275 καὶ
221 249 259 284 μὴ
285 246 452 285 βουλόμενος
485 249 677 285 καταταχήσας
709 247 871 286 παρεγένετο

40 292 85 319 σὺν
99 292 184 319 παντὶ
199 294 239 328 τῷ
254 292 372 329 στρατῷ,
387 292 473 330 εὑρὼν
489 292 553 324 τοὺς
573 292 635 330 περὶ
658 291 703 319 τὸν
729 293 870 329 Βούρτζην

43 336 100 364 λίαν
123 336 324 374 ἀπειρηκότας·
350 336 393 364 ἐπὶ
418 337 492 374 τρισὶ
517 337 569 374 γὰρ
593 336 779 374 νυχθημέροις
803 337 871 372 ἦσαν

43 381 286 418 πολιορκούμενοι.
302 382 338 408 Οὗ
360 382 410 416 τὴν
435 379 531 420 ἔφοδον
557 381 706 418 ἐγνωκότες
723 382 749 409 oi.
767 382 870 409 Ἀντιο-

927 206 1064 242 pavitque
1078 206 1208 241 Petrum,
1225 210 1253 235 et
1269 210 1379 236 Burtzae
1396 217 1452 236 non
1472 209 1559 237 modo
1575 218 1632 237 non
1648 212 1751 246 proba-

925 249 967 278 vit
982 250 1163 279 alacritatem
1176 255 1264 288 atque
1275 253 1487 289 fortitudinem,
1500 256 1551 282 aut
1562 254 1651 290 digna
1666 256 1754 283 rebus

926 296 1017 331 gestis
1035 297 1155 331 praemia
1170 298 1304 330 contulit,
1322 298 1373 325 sed
1397 301 1426 326 et
1449 299 1637 327 contumeliis
1653 300 1754 328 aﬂ‘ecto

927 340 1038 368 ademit
1063 349 1172 368 munus
1198 351 1297 377 suum,
1315 344 1342 370 et
1366 343 1446 370 domi
1468 352 1499 371 se
1514 352 1581 371 eum
1606 344 1755 372 continere

922 384 1025 419 jussit.

43 429 99 464 χεῑς
113 425 368 464 παρελύθησαντὰς
383 426 474 471 ψυχᾷς
489 427 534 454 καὶ
548 427 597 461 τῆς
613 425 751 471 συντονίας
764 425 905 456 ἐνέδωκαν.
923 427 1029 460 Ἀδείας
1042 427 1071 457 δὲ
1095 428 1247 467 λαϐόμενος
1271 431 1284 458 ὁ
1311 431 1450 469 Βούρτζης
1480 432 1581 460 κάτεισι
1606 433 1674 471 πρὸς
1704 434 1754 468 τὴν

43 471 144 508 πύλην,
160 471 207 498 καὶ
222 471 310 509 σπάθῃ
319 472 366 500 τὸν
384 470 490 510 μοχλὸν
506 475 556 506 τῆς
569 470 678 502 κλειδὸς
694 470 829 508 διατεμὼν
843 471 982 510 ἀνοίγνυσι
996 474 1044 505 τὰς
1055 473 1154 510 πύλας,
1172 475 1217 503 καὶ
1234 476 1278 503 τὸν
1294 476 1396 513 Πέτροιι
1424 476 1524 514 εῗσάγει
1549 476 1595 504 σὺν
1620 470 1700 505 παντί
1715 480 1754 513 τῷ

44 515 302 560 στρατεύματιηΚαὶ
319 515 404 560 οὕτω
431 515 606 560 παρελήφθην
625 516 642 550 ἡ
672 515 779 553 μεγάλη
809 516 854 543 καὶ
884 518 1033 555 περιφανὴς
1063 519 1225 557 Ἀντιόχεια.
1248 520 1333 557 Ὅπερ
1363 520 1515 557 πυθόμενος
1543 521 1556 548 ὁ
1583 521 1753 560 Νικηφόρος,

42 560 225 598 εὐφρανθῆναι
241 558 300 587 δέον
316 559 359 604 ἐπὶ
376 558 476 587 ἁλώσει
491 559 660 595 τηλικαύτης
676 559 785 591 πόλεως
798 560 842 587 καὶ
858 561 892 588 τὰ
906 562 964 588 κατ’
979 561 1060 590 αὐτὸν
1076 562 1216 601 ἐπιτρέψαι
1232 567 1302 600 Θεῷ,
1318 565 1332 591 ὁ
1350 563 1378 592 δὲ
1392 565 1546 593 τούναντίον
1571 558 1680 604 ἤλγησε
1695 558 1753 601 ’τὴν

41 606 132 642 ψυχὴν
147 605 194 632 τὸν
209 603 446 642 στρατεπεδάρχην
461 614 490 632 τε
504 604 530 632 ἐν
542 603 642 637 αἰτίαις
656 605 724 642 εἶχε,
741 605 781 641 [Ρ.
798 606 861 641 6581
882 606 927 633 καὶ
942 606 987 633 τὸν
1001 607 1141 645 Βούρτζην
1158 608 1189 635 οὐ
1207 608 1289 645 μόνον
1303 608 1353 636 οὐκ
1367 608 1512 645 ἀπεδέξατο
1527 613 1576 645 τῆς
1597 612 1752 648 προθυμίας

40 650 82 677 καὶ
96 653 152 684 τῆς
167 648 304 687 ἀνδρείας,
318 650 363 677 καὶ
376 650 441 687 γέρα
455 649 588 687 παρέσχεν
603 648 699 685 ἐπάξια
710 653 760 684 τῆς
775 649 857 677 αὐτοῦ
873 649 1062 689 ἀνδραγαθίας,
1078 652 1152 680 ἀλλᾶ
1163 653 1208 680 καὶ
1219 651 1311 691 ὕϐρεσι
1328 653 1432 685 πλύνας
1446 655 1582 691 παρέλυσε
1596 656 1645 690 τῆς
1662 656 1751 694 ἀρχῆς

40 695 81 722 καὶ
96 694 176 722 οἶκοι
193 695 282 731 μένειν
296 694 431 730 ἐπέταξεν.

74 738 152 774 Αὕτη
171 742 189 773 ὴ
206 738 279 767 αἶτία
293 740 338 766 καὶ
353 739 387 766 τὰ
401 738 487 766 λοιπᾶ
501 738 534 766 τὰ
549 738 716 776 ῥηθήσεσθαι
734 738 835 775 μέλλον

1009 744 1038 769 et
1056 742 1112 770 alia
1134 751 1198 778 qua
1223 743 1391 777 referemus,
1412 743 1541 771 invisum
1566 745 1705 773 omnibus
1721 754 1754 773 ac

41 784 157 820 μισητὸν
188 786 247 815 τοῖς
275 787 339 811 πᾶσι
369 784 414 811 καὶ
446 782 595 821 βδελυκτὸν
635 784 682 811 τὸν
717 784 876 823 Νικηφόρον

39 829 214 866 εἲργάσαντο.
231 831 342 867 Ηρῶτον
362 829 409 865 μὲν
425 828 489 866 γὰρ,
505 828 549 855 ὅτι
565 829 613 863 τὴν
639 828 730 866 ἀρχὴν
754 830 788 856 τὰ
815 839 876 856 κατ’

39 873 117 900 αὐτὸν
135 873 261 909 ἐκινήθη.
278 873 387 911 μυρίαις
404 872 616 909 πλημμελείαις
641 874 798 911 χρωμένων
819 876 873 901 τῶν

39 918 81 945 ὠν
99 917 177 954 αὖτῷ
196 920 368 956 στρατιωτῶν
393 917 560 956 ἐπιστροφὴν
583 918 632 945 οὐκ
653 918 746 952 ἐτίθει,
764 917 872 957 λέγων-

39 975 52 988 ‹‹
68 962 158 991 Οὐδὲν
174 963 329 1000 θαυμαστὸν
344 962 366 989 εἶ
382 962 408 990 ἐν
431 961 555 998 τοσούτῳ
580 962 682 998 πλήθει
714 962 782 990 λαοῦ
810 964 875 990 ἀτα-

38 1008 133 1034 κτοῦσί
162 1018 245 1040 τινες.
269 1018 282 1034 ι
311 1007 360 1034 Καὶ
387 1006 463 1039 αὖθις
485 1006 617 1034 εἴσελθὼν
645 1007 687 1038 εἰς
710 1008 759 1042 τὴν
791 1007 874 1035 πόλιν

37 1051 152 1080 πολλῶν
171 1052 217 1079 καὶ
234 1051 372 1090 διαφανῶν
387 1052 433 1079 καὶ
451 1050 566 1079 ἰδιωτῶν
591 1053 764 1090 ἀρπαγέντων
791 1051 876 1080 οὐδε·

39 1097 100 1133 μίαν
133 1095 273 1132 ἐκδίκησιν
314 1096 473 1132 ἐποιήσατο,
503 1095 576 1124 ἀλλὰ
607 1094 796 1134 παρεϐλέπετο
828 1097 877 1144 τᾶις

38 1142 158 1173 ἀτόπους
188 1141 309 1180 πράξεις,
346 1141 567 1179 ἐνευωχούμενος
605 1144 665 1172 ταῖς
704 1141 875 1184 ὰσελγείαιςὲ

39 1189 79 1217 αἷς
95 1187 122 1214 οἱ
139 1187 315 1217 ἀτακτοῦντας
339 1186 532 1224 προσκείμενοι
556 1189 649 1218 κακῶς
668 1187 733 1218 τοὺς
759 1186 875 1218 πολίτας

39 1231 186 1265 διετίθουν,
210 1231 255 1258 καὶ
289 1233 372 1258 ταῦτα
398 1231 611 1268 συνεργήσαντας
636 1231 709 1267 αὐτῷ
734 1232 802 1269 πρὸς
825 1232 874 1266 τὴν

38 1280 86 1311 τῆς
117 1275 259 1314 βάσιλείας
289 1275 427 1313 ἀνάληψιν
454 1275 485 1303 οὐ
505 1278 622 1313 μικρῶς.
640 1276 708 1303 Εἶτα
736 1276 781 1303 καὶ
806 1277 874 1313 πρὸς

38 1319 175 1356 ταξείδιον
206 1322 261 1357 (17)
289 1322 411 1358 συνεχῶς
440 1320 516 1356 ἐξιὼν
545 1319 640 1348 δεινῶς
662 1320 761 1348 ἱκάκου
776 1321 807 1348 τὸ
824 1321 875 1356 ὑπὸ

41 1368 122 1403 χεῖρα
152 1365 183 1392 οὗ
213 1365 295 1402 μόνον
320 1366 491 1402 προσθήκαις
516 1364 678 1392 συντελειῶν
701 1365 745 1392 καὶ
775 1364 874 1397 ἄλλαις

39 1413 230 1449 συνεισφοραῖς
251 1409 388 1437 παντοίων
413 1408 504 1444 εἰδῶν,
530 1408 605 1437 ἀλλὰ
633 1410 678 1437 καὶ
713 1409 873 1444 λεηλασίαις

39 1454 250 1490 ἁνυποστάτοις,
281 1454 349 1492 πρὸς
382 1457 442 1485 τοῖς
488 1453 645 1492 εἰρημένοις
679 1454 796 1492 ἐκκόψας
831 1465 876 1498 καὶ

41 1499 126 1537 μέρος
153 1509 180 1526 τι
205 1501 260 1526 τῶν
284 1499 481 1537 παρεχομένων
497 1500 531 1535 τῇ
548 1498 697 1536 συγκλήτῳ
717 1498 805 1537 βουλῇ
833 1510 877 1539 φι,

39 1543 247 1581 λοτιμημάτων
275 1542 319 1571 διὰ
337 1553 381 1577 το,
397 1544 433 1574 ὡς
459 1542 546 1580 ἔλεγε,
563 1543 696 1578 σπανίζειν
722 1545 874 1581 χρημάτων

40 1588 63 1615 έν
79 1591 141 1620 τοῖς
156 1587 304 1625 πολέμοις,
322 1588 391 1626 πρὸς
407 1586 437 1615 δὲ
450 1588 496 1615 καὶ
520 1588 569 1618 τὰς
591 1588 759 1626 παρέχεσθαι
780 1599 874 1616 τυπω-

40 1633 130 1665 θείσας
161 1631 252 1664 δόσεις
280 1633 349 1670 πρὸς
378 1631 485 1670 εὒαγεῖς
514 1631 609 1664 ο⁹ίκους
638 1633 684 1660 καὶ
710 1632 874 1668 Ἐκκλησίας

42 1678 114 1715 παρά
138 1688 223 1705 τινων
249 1675 365 1704 εὐσεϐῶν
394 1676 528 1715 βασιλέων
552 1676 647 1705 τέλεον
672 1677 798 1714 ἐκκόψας,
828 1678 872 1705 καὶ

42 1723 127 1759 νόμον
161 1721 305 1758 ἐκθέμενος
331 1722 368 1758 μή
390 1722 438 1752 τὰς
464 1720 628 1757 Ἐκκλησίας
653 1721 793 1757 ἀκινήτοις
815 1723 872 1759 (18)

38 1766 233 1801 πλατύνεσθαι,
263 1769 353 1798 κακῶς
392 1766 502 1804 φάσκων
546 1766 598 1794 ὑπὸ
626 1768 680 1794 τῶν
716 1766 871 1794 ἐπισκόπων

38 1811 218 1843 ὂιαπενᾶσθαι
241 1811 276 1838 τὰ
307 1810 436 1849 πτωχικὰ
466 1812 599 1849 χρήματα
621 1811 666 1838 καὶ
697 1810 761 1842 τοὺς
791 1822 871 1848 στρα-

35 1856 201 1892 τιυομένους
231 1855 403 1893 ὀλιγοῦσθαι,
430 1855 525 1882 καὶτὸ
551 1853 584 1889 δὴ
611 1856 718 1882 πάντων
741 1855 872 1893 χαλεπώ-

32 1911 118 1937 τερον,
136 1901 184 1927 καὶ
200 1899 285 1936 νόμον
300 1899 456 1936 ἐκθέμενος,
473 1899 499 1926 ἐν
514 1900 537 1936 ᾧ
561 1899 606 1927 καί
628 1910 699 1932 τινες
724 1900 869 1941 ἐπίσκοποι

32 1948 84 1972 τῶν
112 1945 281 1982 εὐριπίστων
312 1945 356 1971 καί
390 1943 516 1972 κολάκων
550 1943 721 1983 ὑπέγραψαν,
752 1943 870 1982 διοριζό,

37 2001 115 2026 μενον
148 1990 187 2026 μή
219 1988 281 2017 ἄνευ
310 1992 360 2024 τῆς
390 1988 471 2016 αὐτοῦ
490 1990 606 2026 γνώμης
632 1988 677 2016 καὶ
706 1993 868 2026 προτροπῆς

33 2034 180 2062 ἐπίσκοπον
213 2035 230 2069 ἢ
260 2033 424 2072 ψηφίζεσθαι
442 2034 459 2068 ἢ
482 2033 717 2072 προχειρίζεσθαι.
736 2034 866 2062 Ἐπισκύ-

36 2090 84 2106 Troo
110 2090 142 2107 τι
170 2078 335 2114 τεθνηκότος
372 2078 515 2116 βασιλικὸν
546 2078 691 2114 ἐκπέμπων
727 2077 867 2116 ἄνθρωπον

930 786 1133 814 detestabilem
1143 787 1273 815 fecerunt
1283 788 1490 824 Nicephorum.
1500 789 1596 817 Primo
1608 790 1686 825 quod
1698 799 1755 826 quo

930 831 1059 866 primum
1071 834 1201 868 tempore
1214 833 1371 869 imperium
1384 833 1500 867 invasit,
1512 842 1579 861 cum
1591 834 1699 862 milites
1712 835 1755 871 ip-

930 875 993 902 sius
1004 875 1288 905 innumerisdelictis
1299 877 1433 913 querelas
1439 878 1626 914 excitassent,
1638 879 1710 906 nihil
1722 880 1757 907 de

931 920 1108 947 correctione
1124 921 1200 949 868
1217 922 1363 957 cogitavit,
1379 922 1455 950 fatus
1480 923 1590 950 mirum
1606 931 1663 951 non
1679 932 1755 959 esse,

931 964 954 992 si
971 964 1000 991 in
1015 965 1259 993 tantahominum
1271 966 1462 994 multitudine
1474 967 1593 1002 quidam
1608 967 1756 1004 incompo-

931 1007 985 1036 sile
1000 1017 1031 1036 se
1046 1012 1189 1045 gererent.
1207 1010 1317 1038 Deinde
1333 1011 1410 1046 quod
1427 1012 1456 1039 in
1473 1012 1576 1039 urbem
1592 1012 1755 1048 ingressus,

931 1061 998 1081 cum
1013 1054 1091 1082 bona
1115 1057 1143 1081 ct
1158 1054 1318 1083 illustrium
1345 1058 1373 1083 et
1397 1056 1577 1092 plebeiorum
1594 1056 1755 1086 multorum

932 1097 1139 1133 diriperentur,
1155 1099 1301 1127 vindicem
1315 1108 1344 1128 se
1356 1109 1540 1136 nequaquam
1556 1102 1687 1138 praebuit,
1705 1103 1754 1130 sed

932 1143 1016 1178 quasi
1029 1143 1164 1171 delectari
1174 1144 1255 1172 visus
1267 1147 1310 1172 est
1321 1145 1494 1174 libidinibus
1505 1154 1605 1174 eorum
1618 1146 1668 1182 qui
1680 1147 1757 1175 cives

930 1187 1084 1221 vexabant,
1100 1197 1149 1217 eos
1162 1189 1250 1217 etiam
1264 1191 1313 1225 qui
1330 1190 1385 1226 ipsi
1402 1191 1436 1217 ad
1454 1190 1612 1226 imperium
1622 1191 1756 1219 obtinen-

931 1232 1002 1259 dum
1018 1232 1095 1260 haud
1113 1233 1247 1269 exiguam
1265 1237 1406 1262 navarant
1421 1242 1550 1269 operam.
1564 1235 1705 1263 Praeterea
1720 1236 1756 1263 ad

929 1275 1101 1304 Taxeidium
1109 1278 1228 1305 assidue
1237 1279 1357 1306 veniens
1365 1280 1490 1314 graviter
1497 1279 1631 1307 subditos
1642 1280 1756 1317 afﬂixit,

930 1329 988 1348 non
1005 1322 1091 1349 modo
1107 1323 1279 1358 pensionum
1296 1325 1325 1350 et
1335 1324 1513 1351 tributorum
1530 1324 1695 1360 omnigenis
1708 1333 1754 1352 ra-

929 1365 1071 1402 tionibus,
1097 1367 1148 1394 sed
1173 1370 1202 1395 et
1226 1367 1337 1403 rapinis
1360 1368 1604 1396 intelorabilibus.
1629 1369 1671 1396 Ad
1694 1369 1756 1397 haac

930 1413 1044 1446 partem
1060 1412 1218 1447 quamdam
1230 1420 1330 1440 eorum
1343 1421 1407 1448 quas
1422 1413 1608 1441 senatoribus
1621 1413 1755 1442 solebant

932 1455 1124 1491 imperatores
1140 1456 1239 1492 largiri
1254 1457 1398 1484 donorum
1413 1457 1443 1485 in
1458 1457 1529 1485 ﬁsco
1544 1458 1674 1491 retinuit,
1687 1466 1755 1486 cau-

932 1501 1015 1527 satus
1029 1500 1085 1528 sibi
1100 1501 1135 1528 ad
1163 1500 1239 1528 bella
1261 1502 1389 1537 gerenda
1403 1502 1504 1529 deesse
1520 1501 1684 1537 pecuniam.
1699 1502 1756 1530 Ne-

931 1552 989 1580 que
1011 1545 1065 1573 hoc
1090 1547 1217 1580 tantum,
1242 1547 1293 1574 sed
1317 1549 1346 1574 et
1369 1547 1541 1574 donationes
1567 1547 1756 1575 monasteriis

931 1591 1019 1625 atque
1031 1589 1150 1626 templis
1160 1590 1272 1627 legatas
1284 1599 1301 1618 a
1311 1591 1489 1626 quibusdam
1500 1591 1555 1627 piis
1571 1591 1757 1627 imperatori-

930 1634 986 1662 bus
1001 1643 1122 1670 prorsus
1144 1635 1280 1668 abolevit,
1297 1635 1359 1672 lege
1383 1638 1472 1663 etiam
1494 1636 1555 1663 lata
1569 1644 1605 1664 ne
1621 1636 1755 1664 Ecclesiae

929 1678 1132 1707 immobilibus
1157 1681 1409 1716 locupletarentur
1432 1681 1527 1716 bonis,
1542 1683 1681 1708 causatus
1696 1681 1756 1716 epi-

929 1731 1033 1759 scopos
1042 1724 1118 1752 male
1127 1725 1280 1760 prodigere
1290 1733 1324 1752 ea
1335 1733 1398 1760 quis
1412 1725 1592 1761 pauperibus
1603 1725 1754 1767 darentur,

928 1768 1046 1796 interim
1071 1769 1217 1797 militibus
1243 1769 1459 1798 deﬁcientibus.
1483 1770 1515 1797 Id
1539 1778 1607 1798 vero
1622 1769 1755 1797 omnium

927 1813 1148 1848 gravissimum,
1161 1814 1238 1849 quod
1251 1813 1344 1849 legem
1357 1814 1434 1848 tulit,
1446 1814 1493 1841 cui
1504 1816 1533 1841 et
1548 1814 1676 1850 episcopi
1690 1814 1755 1849 qui-

927 1858 995 1886 dam
1024 1858 1101 1886 leves
1126 1860 1214 1894 atque
1242 1858 1412 1886 adulatores
1442 1858 1694 1894 subscripserunt,
1719 1867 1756 1886 ne

924 1902 1112 1939 imperatoris
1127 1903 1245 1938 injussu
1263 1903 1342 1931 ullus
1367 1905 1518 1931 crearetur
1537 1903 1704 1939 episcopus.
1722 1903 1757 1930 Et

925 1950 1041 1975 mortuo
1055 1947 1154 1982 aliquo
1170 1947 1308 1983 episcopo
1324 1947 1453 1983 aliquem
1466 1956 1588 1975 suorum
1603 1947 1755 1982 submisit,

924 1992 972 2027 qui
989 1992 1127 2020 deﬁnitus
1151 1993 1257 2020 faceret
1282 1994 1420 2028 sumptus
1438 2001 1444 2020 :
1461 1993 1534 2028 ipse,
1551 1993 1629 2028 quod
1644 1994 1706 2019 erat
1721 1992 1756 2019 de

922 2037 1068 2064 reditibus
1097 2037 1256 2073 reliquum,
1282 2037 1406 2073 accepit.
1432 2037 1509 2065 889
1536 2037 1611 2065 Sunt
1636 2039 1665 2064 et
1691 2036 1754 2064 aliis

921 2083 986 2117 ejus
1013 2081 1252 2116 constitutiones,
1275 2089 1391 2109 omnem
1419 2081 1604 2110 necessitatis
1629 2081 1755 2110 formam

38 2124 250 2164 ἐπαθμημένην
277 2126 363 2151 ποιεῖν
392 2123 443 2158 τὴν
468 2121 560 2159 ἔξοδον
576 2122 750 2161 προσέταττε,
767 2134 799 2151 κα

995 2126 1184 2161 dentes,quas
1193 2125 1368 2162 singulatim
1376 2126 1483 2154 referre
1490 2126 1590 2162 magni
1599 2125 1756 2162 sitingenii

642 2203 825 2232 XYLANDEI
844 2206 888 2232 ET
906 2205 1016 2233 GOARI
1035 2205 1152 2233 NOT/E.

71 2269 130 2305 (17)
154 2268 252 2296 Locus
275 2267 394 2305 videtur
409 2266 509 2305 fuisse
536 2266 586 2294 ubi
609 2266 799 2305 vectigalium
821 2271 874 2305 aut

56 2302 220 2333 ensionum
247 2303 375 2331 rationes
400 2303 589 2330 ducerentur.
616 2302 698 2330 Χγιιξ
714 2317 749 2323 -
777 2302 871 2338 Ταξεί-

39 2338 95 2368 διον
113 2343 161 2368 est
186 2340 329 2374 navigatio
350 2347 398 2367 εσιι
422 2339 475 2366 ﬁer
489 2339 565 2366 mari
588 2338 800 2374 conﬁciendum,
816 2348 873 2375 quo

40 2377 154 2405 subditi
170 2378 341 2416 gravantur,
355 2382 421 2416 cum
435 2375 874 2416 insperatoadvenientem-im-

40 2410 208 2449 perlatorem
218 2411 415 2449 suscipientes
427 2410 512 2438 donis
521 2410 689 2446 conciliant,
701 2411 873 2449 comitatum

40 2447 136 2482 alunt,
154 2448 312 2476 abeuntem
338 2447 427 2475 etiam
452 2450 674 2482 prosequuntur
689 2447 874 2481 muneribus,

41 2494 72 2512 ac
89 2484 149 2512 sibi
165 2483 340 2511 necessariis
361 2483 396 2510 ad
412 2482 503 2510 vitam
526 2483 738 2510 destituuntur.
757 2483 824 2515 Quae
840 2484 875 2511 de

41 2521 152 2548 taxidio
177 2518 469 2555 proferterlander,
486 2518 612 2555 ridicula
635 2523 713 2546 sunt.
736 2519 825 2547 Gem.
841 2534 876 2539 ——

43 2557 82 2584 Cf.
119 2554 247 2583 Has’ium
274 2554 309 2582 ad
340 2554 470 2582 Leonem
504 2554 677 2588 Diaconum,
711 2555 789 2590 apud
822 2562 876 2582 nos

42 2596 111 2620 tom.
130 2591 260 2624 CXVIII,
276 2589 332 2618 col.
349 2590 412 2623 753,
430 2592 489 2618 not.
508 2591 554 2618 50.
567 2591 646 2619 Enrr.
664 2589 749 2618 rm.

77 2628 136 2664 (18)
152 2627 217 2664 Non
227 2626 420 2664 dissimulabo
431 2626 562 2664 studiose
573 2635 620 2655 me
631 2627 685 2654 hac
697 2634 874 2664 usumvoce,

43 2662 105 2700 quin
127 2662 358 2700 ambiguitatem
377 2663 534 2700 retineret.
561 2665 633 2691 Nam
659 2665 687 2691 et
709 2662 791 2690 fundi
807 2664 877 2690 sunt

45 2699 209 2728 immobilia
229 2700 317 2731 bona,
333 2699 478 2734 quidquid
504 2708 536 2727 eo
552 2707 657 2734 genere
673 2700 808 2726 censetur
829 2706 835 2726 :
850 2699 878 2726 et

46 2744 95 2771 ego
109 2738 214 2777 tamen
225 2734 386 2777 magis-hoc
396 2737 468 2777 puto
480 2734 605 2777 intelligi
616 2735 652 2762 de
663 2735 790 2777 aeternis,
803 2742 878 2769 quas

46 2770 159 2806 vocant,
176 2770 400 2807 donationibus,
416 2771 560 2800 heredem
579 2770 610 2800 in
627 2774 799 2808 perpetuam
811 2779 878 2799 suc-

928 2269 1091 2296 cessionem
1104 2268 1304 2305 obligantibus
1321 2277 1328 2297 :
1345 2269 1483 2305 qualibus
1499 2269 1678 2304 ampliﬁcata
1692 2276 1756 2296 esse

928 2305 1006 2332 bona
1019 2313 1081 2339 quas
1093 2304 1292 2332 ecclesiastica
1301 2304 1450 2339 dicuntur,
1463 2314 1520 2333 non
1532 2308 1577 2333 est
1587 2305 1756 2332 obscurum.

927 2340 1062 2373 Nolebat,
1088 2345 1167 2376 pulo,
1188 2349 1279 2368 unum
1306 2341 1434 2376 aliquem
1461 2342 1668 2376 imperatorem
1693 2340 1760 2368 aliis

928 2378 1117 2413 prescribere
1133 2377 1314 2413 successuris
1332 2380 1476 2413 quantum
1502 2385 1536 2404 ex
1551 2385 1604 2404 suo
1621 2377 1690 2413 fisco
1708 2377 1759 2403 de-

929 2413 1026 2440 cidere
1041 2415 1194 2448 cogeretur
1220 2412 1288 2440 huic
1302 2412 1347 2448 vel
1373 2413 1439 2440 huic
1464 2412 1652 2447 monasterio,
1670 2412 1758 2439 homo

929 2447 1264 2485 bellormag’nustquod
1290 2447 1319 2475 οὐ
1336 2451 1449 2476 σιτεῖται
1475 2448 1655 2485 μετρούμωα.
1683 2448 1757 2485 Ergo

931 2484 1039 2520 siquis
1062 2484 1148 2512 vellet
1172 2484 1281 2520 largiri,
1299 2484 1327 2512 id
1353 2485 1417 2513 sine
1441 2484 1659 2520 praasCriptione
1684 2487 1714 2520 et
1729 2484 1757 2511 in

931 2527 1060 2556 praesens
1075 2519 1178 2555 (semel
1203 2519 1254 2555 pro
1279 2528 1404 2556 semper,
1423 2519 1500 2556 quod
1525 2519 1619 2556 aiunt)
1635 2519 1760 2555 putabat

931 2556 1157 2592 praetererﬁeri.
1174 2556 1247 2583 Nam
1263 2556 1310 2583 vix
1333 2558 1419 2584 credo
1435 2565 1502 2584 eum
1520 2556 1707 2592 prohibuisse
1723 2564 1759 2582 ne

931 2591 998 2628 quis
1015 2591 1140 2619 fundum
1154 2591 1287 2624 donaret,
1301 2592 1462 2627 praesertim
1480 2591 1623 2628 privatus.
1640 2591 1697 2619 Sed
1713 2599 1758 2618 re-

931 2627 1042 2655 ditibus
1066 2628 1246 2663 perpetuatis
1273 2629 1360 2656 fretos
1386 2627 1535 2656 sacriﬁcos
1559 2628 1676 2656 videbat
1691 2636 1759 2653 σπα-

930 2663 1026 2700 ταλᾷν.
1044 2663 1144 2691 Lector
1159 2666 1299 2699 sequetur
1315 2665 1391 2700 quod
1407 2664 1493 2692 volet.
1518 2664 1644 2692 Omnino
1660 2665 1759 2691 autem

933 2699 1008 2728 male
1024 2699 1101 2734 apud
1117 2699 1172 2727 hoc
1187 2708 1279 2736 genus
1295 2699 1502 2729 historicorum
1519 2700 1654 2734 audiunt,
1671 2701 1757 2735 quot-

933 2738 1005 2800 quot
1019 2735 1095 2763 bello
1117 2743 1179 2778 rem
1191 2735 1344 2771 publicam
1368 2739 1484 2765 tuentes
1500 2739 1528 2764 et
1542 2737 1683 2772 augentes
1698 2743 1758 2763 non

954 2774 1066 2800 itarunt
1080 2772 1241 2800 sacriﬁcos.
1258 2771 1329 2800 XYL.

954 2772 1066 2801 itarunt
1080 2772 1241 2801 sacriﬁcos.
1258 2771 1329 2800 XYL.
