1936 3048
154 105 212 136 103

826 102 987 135 GEORGII
1007 102 1180 134 GEDRENI

1797 103 1859 135 104

151 181 184 201 ac
198 171 350 200 facundiae.
360 170 455 199 Voluit
462 170 550 198 etiam
559 169 652 206 legem
663 169 749 202 ferre,
762 177 821 204 qua
832 167 978 196 militibus

1055 169 1146 206 ιριττά
1173 167 1385 205 ἀνελαμϐάνετο.
1417 170 1468 198 Καὶ
1495 168 1568 197 ἄλλα
1597 170 1660 198 τινὰ
1688 169 1860 207 διατάγματα

150 218 177 244 in
196 216 272 245 bello
300 215 544 244 occumbentibus
567 216 730 250 martyrum
755 213 982 241 decernerentur

149 263 285 293 honores,
304 263 335 288 ut
350 261 400 295 qui
416 260 474 287 alia
488 259 568 287 nulla
583 259 613 286 in
629 267 660 286 re
676 266 764 293 quam
780 258 809 285 in
826 257 901 285 bello
918 258 979 285 ani-

150 316 204 334 mae
211 305 368 334 collocaret
375 304 517 338 salutem;
531 303 787 340 patriarchamque
794 302 981 338 etepiscopos

148 354 274 380 conatus
289 352 335 378 est
350 350 385 377 ad
395 357 460 377 eam
472 349 653 385 probandum
665 348 792 383 adigere.
805 347 861 374 Sed
874 347 979 374 horum

149 396 270 432 quidam
287 395 400 422 fortiter
415 394 585 422 resistentes
601 401 667 420 eum
683 401 700 420 a
719 391 869 428 proposito
883 393 979 419 dimo-

149 442 265 473 verunt,
282 439 395 476 prolato
410 439 439 466 in
458 438 589 466 medium
617 437 718 465 Basilii
743 437 838 472 Magni
855 444 977 470 canone,

149 486 198 522 qui
216 493 266 521 per
284 484 446 511 triennium
468 482 561 510 sacris
586 482 676 510 arceri
690 482 775 517 jubet
790 489 839 509 eos
856 481 908 517 qui
924 481 978 509 ho-

148 533 224 558 stem
251 529 327 556 bello
358 527 584 555 interfecissent.
623 526 775 554 Nomisma
814 526 902 553 etiam
934 528 976 553 at-

148 573 287 607 tenuavit,
313 574 451 600 tetartero
477 572 651 607 excogitato.
674 573 806 606 Cumque
831 579 864 598 eo
891 571 978 598 modo

149 618 256 654 duplex
265 619 344 645 esset
353 625 506 650 nummus,
515 616 670 652 pensiones
682 615 805 652 publicae
814 616 979 651 graviorem

149 663 314 699 exigebant,
344 662 439 689 minor
466 662 496 688 in
522 661 692 696 sumptibus
722 661 864 688 faciendis
891 661 978 688 dissi-

151 709 285 744 pabatur.
303 707 434 742 Cumque
450 707 529 734 esset
551 705 614 741 lege
629 707 657 733 et
672 705 885 733 consuetudine
901 713 979 732 rece-

151 756 234 789 ptum
247 754 279 780 ut
286 759 388 780 omnes
396 750 509 778 nummi
522 750 649 786 imagine
657 750 842 785 imperatoris
853 749 979 785 alicujus

150 797 253 831 notati,
270 796 356 824 modo
379 795 501 830 ponderi
523 795 605 831 justo
631 794 702 822 nihil
719 795 880 827 decederet,
900 795 977 822 idem

149 841 291 874 valerent,
307 841 370 876 ipse
386 848 441 867 sua
458 840 589 874 insignes
607 839 734 874 imagine
751 838 892 874 praferri,
907 839 977 866 alio-

151 894 217 914 rum
233 885 379 921 depressis
390 883 503 920 pretiis.
513 883 615 911 voluit.
627 883 724 918 anue
741 891 771 910 re
787 883 863 910 haud
877 883 980 910 leviter

152 930 280 960 subditis
297 930 325 957 in
342 928 610 965 permutationibus
625 928 864 956 incommodavit.
882 928 979 955 Deter-

150 977 258 1004 rimum
274 975 329 1002 hoc
345 974 409 1007 fuit,
427 973 517 1009 quod,
536 973 684 1009 republica
699 972 747 1000 his
764 973 851 1000 rebus
866 972 978 1006 attrita,

153 1020 270 1048 interim
287 1027 385 1047 rerum
401 1017 548 1046 venalium
564 1017 646 1045 nulla
661 1017 715 1044 fuit
726 1017 871 1045 allevatio.
885 1020 978 1053 Atque

152 1065 213 1093 hac
229 1064 327 1092 omnia
342 1072 409 1091 cum
425 1064 524 1090 essent
541 1061 761 1095 molestissima,
773 1062 924 1097 aegerrime
941 1062 980 1089 ci-

151 1118 200 1137 ves
209 1109 343 1137 tulerunt
352 1107 451 1144 palatii
461 1106 667 1135 munitionem.
679 1107 750 1134 Nam
764 1106 865 1134 multis
877 1115 940 1142 quae
950 1106 979 1133 in

152 1155 254 1182 orbem
277 1154 354 1181 circa
378 1152 519 1188 palatium
543 1154 626 1178 erant
650 1151 782 1187 pulchris
797 1151 874 1178 870
893 1154 980 1186 atque

154 1199 270 1235 magnis
285 1197 424 1233 operibus
435 1196 557 1232 dejectis
572 1204 667 1223 arcem
685 1203 717 1223 ac
734 1195 832 1223 sedem
850 1195 979 1231 tyranni-

153 1252 216 1271 csm
240 1245 341 1270 contra
366 1242 489 1269 miseros
513 1240 591 1268 cives
616 1239 724 1276 palatio
749 1240 885 1274 astruxit,
902 1239 931 1267 in
948 1248 980 1268 ea

153 1288 251 1321 cellas,
267 1287 414 1324 granaria,
431 1285 562 1314 clibanos
573 1287 601 1313 et
617 1285 717 1313 furnos
729 1285 857 1313 condens
873 1287 901 1312 et
916 1293 978 1312 om-

153 1333 239 1360 nibus
256 1339 354 1359 rerum
381 1330 538 1366 generibus
555 1329 691 1365 impleas.
711 1329 882 1356 Praedictum
900 1329 979 1356 enim

152 1377 248 1404 fuerat
268 1376 292 1404 ei
309 1377 338 1403 in
364 1375 472 1411 palatio
498 1374 594 1410 ipsum
620 1373 807 1401 moriturum.
834 1373 979 1401 Nimirum

153 1423 252 1449 autem
280 1420 435 1456 ignorabat
457 1419 609 1446 incassum
638 1417 822 1445 excubitores
847 1418 978 1454 vigilare,

155 1470 211 1494 Deo
228 1466 330 1493 urbem
348 1473 405 1492 non
427 1464 620 1492 custodiente.
648 1462 761 1490 Etenim
776 1470 834 1497 quo
850 1465 980 1498 tempore

156 1518 260 1538 murus
276 1508 377 1545 palatii
390 1507 582 1540 condebatur,
594 1509 679 1534 nocte
690 1505 815 1541 quadam
834 1514 885 1541 per
900 1513 979 1533 mare

1037 212 1144 240 διετίθει
1176 216 1262 241 πᾶσαν
1300 213 1371 241 ἰδέαν
1407 214 1524 252 ἀνάγκης
1562 215 1815 252 ὑπερεκπίπτοντα,
1844 215 1861 242 ἆ

1035 258 1103 285 κατὰ
1120 259 1201 296 μέρος
1216 257 1338 293 διεξιέναι
1371 259 1563 297 μεγαληγόρου
1583 258 1668 287 δεῖται
1693 260 1737 287 καὶ
1762 260 1859 298 φρενὸς

1036 302 1081 329 καὶ
1108 302 1244 340 γλώττης.
1268 302 1433 331 Ἐσποῦδασε
1457 302 1485 331 δὲ
1508 304 1552 331 καὶ
1576 304 1660 340 νόμον
1687 306 1771 336 θεῖναι
1796 304 1860 335 τοὺς

1035 346 1061 374 ἐν
1088 347 1223 383 πολέμοις
1246 348 1468 383 ἀποθνήσκοντας
1499 349 1665 386 στρατιώτας
1685 351 1860 386 μαρτυρικῶν

1034 391 1171 426 ἀξιοῦσθαι
1182 391 1313 429 γερῶν,ἐν
1327 390 1401 429 μόνῳ
1416 395 1454 429 τῷ
1466 393 1583 430 πολέμῳ
1597 394 1738 424 τιθέμενος
1753 394 1798 421 καὶ
1810 394 1862 421 οὐκ

1035 436 1060 463 ἐν
1077 435 1156 473 ἄλλῳ
1170 437 1224 464 τινὶ
1239 437 1290 472 τήν
1305 438 1354 471 τῆς
1376 439 1469 476 ψυχῆς
1494 438 1641 476 σωτηρίαν.
1659 439 1810 477 Κατήπςιγε
1832 437 1862 466 δὲ

1033 480 1078 508 καὶ
1107 481 1151 508 τὸν
1176 481 1350 519 πατριάρχην
1380 482 1425 509 καὶ
1451 481 1514 513 τοὺς
1534 480 1699 514 ἐπισκόπους
1716 482 1862 515 συνθέσθαι

1034 528 1073 561 τῷ
1087 524 1212 564 δόγματι·
1231 525 1304 554 ἀλλά
1321 537 1392 557 τινες
1414 527 1517 554 τούτων
1534 527 1664 564 γενναίως
1691 527 1861 559 ἀντιστάντες

1034 570 1160 608 ἀπεῖρξαν
1190 571 1269 598 αὐτὸν
1297 573 1344 598 τοῦ
1374 574 1487 606 σκοποῦ,
1518 573 1662 608 προθέντες
1697 572 1736 602 είς
1777 572 1861 609 μέσον

1032 615 1079 642 τὸν
1118 617 1165 642 τοῦ
1202 615 1323 654 μεγάλου
1357 615 1499 644 Βασιλείου
1527 617 1636 652 κανόνα,
1670 616 1713 644 ἐπὶ
1744 617 1863 654 τριετίαν

1034 660 1235 696 ἀκοινωνήτους
1263 661 1329 688 εἶναι
1360 660 1473 698 λέγοντα
1521 661 1567 692 οὺς
1597 661 1733 698 πολέμιον
1754 660 1781 689 ’έν
1807 672 1863 689 τινι

1034 704 1150 741 πολέμῳ
1166 705 1347 742 ἀνῃρηκότας.
1367 705 1525 733 Ἠλάττωσε
1541 705 1569 733 δὲ
1597 706 1641 734 καὶ
1670 706 1701 734 τὸ
1725 706 1861 743 νόμισμα,

1033 749 1064 776 τὸ
1093 749 1240 786 λεγόμενον
1276 751 1440 787 τεταρτηρὸν
1466 752 1522 787 (19)
1544 752 1584 787 [Ρ.
1610 752 1673 788 659]
1704 751 1861 786 ἐπινοήσας.

1035 792 1138 821 Διπλοῦ
1167 792 1195 821 δὲ
1219 796 1268 822 τοῦ
1290 795 1458 831 νομίσματος
1481 794 1572 822 ἔκτοτε
1595 795 1753 833 γεγονότος,
1770 797 1787 830 ἡ
1812 796 1863 832 μὶν

1035 837 1171 874 εἶ’σπραξις
1187 841 1240 866 τῶν
1258 837 1398 875 δημοσίων
1416 840 1507 878 φόρων
1524 840 1554 867 τὸ
1572 840 1719 878 βαρύτερον
1749 840 1861 877 ἀπῄτει,

1034 883 1060 910 ἐν
1077 882 1105 910 δὲ
1119 886 1178 920 τρῖς
1195 882 1297 918 ἐξόδοις
1320 884 1351 911 τὸ
1378 885 1473 920 μικρὸν
1497 883 1683 921 ὲσκορπίζετο.
1709 885 1805 921 Νόμου
1832 883 1862 912 δὶ

1033 928 1076 955 καὶ
1094 926 1170 959 ἔθους
1186 925 1272 954 ὄντων
1287 928 1388 959 παντὸς
1413 932 1575 966 χαρακτῆρα
1603 929 1751 966 βασιλέως,
1767 929 1792 956 εἷ’
1820 930 1859 965 μή

1033 973 1073 1007 τῷ
1097 974 1209 1008 σταθμῷ
1234 971 1387 1006 ἐλαττοῖτο,
1404 971 1519 1009 δύναμιν
1545 971 1618 1011 ἔχειν
1646 973 1781 1010 ἰσότιμον,
1799 974 1813 1001 ὁ
1830 973 1861 1001 δί

1033 1016 1078 1043 τὸν
1102 1016 1196 1043 ἑαυτοῦ
1224 1017 1416 1054 προκεκρίσθαι
1453 1017 1659 1054 ἐνομοθέτησεν,
1692 1016 1862 1049 ὑποϐιῦἀσας

1033 1060 1097 1091 τοὺς
1111 1062 1164 1086 τῶν
1180 1059 1284 1088 ἀλλων.
1302 1061 1344 1096 Ἐξ
1357 1062 1389 1095 ἧς
1407 1061 1493 1092 αἶτίας
1516 1062 1548 1089 οὐ
1577 1064 1682 1100 μικρῶς
1707 1061 1801 1099 ἕθλιψε
1828 1063 1863 1090 τὸ

1035 1104 1156 1139 ὑπήκοον
1183 1104 1208 1131 ἐν
1233 1107 1291 1136 τοῖς
1317 1104 1477 1143 λεγομένοις
1502 1105 1656 1144 ἀλλαγίοις,
1683 1107 1731 1134 Καὶ
1769 1107 1800 1134 τὸ
1827 1106 1862 1142 δὴ

1035 1149 1184 1186 χείριστον,
1202 1149 1231 1176 ἐκ
1247 1151 1296 1182 τῆς
1320 1150 1454 1185 τοιαύτης
1477 1150 1562 1182 αἰτίας
1588 1153 1636 1178 τοῦ
1660 1151 1864 1188 πολιτεύματος

1035 1194 1198 1230 πιεζομένου
1214 1193 1343 1230 οὐδεμίαν
1359 1195 1480 1230 εὖθηνίαι
1503 1194 1625 1230 ἐδέξαντο
1651 1196 1685 1223 τά
1709 1196 1862 1232 ὠνούμενα.

1036 1238 1120 1266 ﬁlim
1141 1237 1169 1265 δὲ
1183 1241 1237 1265 τῶν
1253 1238 1345 1266 ἄλλων
1362 1239 1456 1273 ἠνίασε
1483 1240 1546 1271 τοὺς
1571 1241 1741 1278 ἀνθρώπους,
1764 1241 1861 1278 καίπερ

1035 1283 1094 1310 λίαν
1113 1281 1197 1310 ὄντων
1219 1282 1436 1321 χαλεπωτάτων,
1452 1285 1468 1319 ἡ
1485 1287 1533 1312 τοῦ
1556 1285 1666 1322 τείχους
1694 1285 1780 1316 κτίσις
1806 1288 1859 1313 τῶν

1034 1327 1184 1356 παλατίων.
1202 1327 1299 1356 ΙΙολλά
1312 1328 1362 1366 γὰρ
1379 1327 1444 1366 ἔργα
1458 1328 1554 1365 κύκλῳ
1571 1328 1633 1356 ὄντα
1647 1331 1696 1356 τοῦ
1712 1329 1858 1364 παλατίου,

1035 1372 1072 1403 εἷς
1102 1372 1204 1403 καλλος
1233 1373 1278 1400 καὶ
1309 1372 1421 1409 μέγεθος
1453 1373 1653 1411 ἐξειργασμένα,
1675 1374 1857 1412 καταστρεψά-

1037 1428 1125 1453 μενος,
1150 1417 1301 1454 ἀκρόπο).ιν
1326 1417 1369 1444 καὶ
1397 1421 1550 1454 τυραννεῖον
1575 1420 1643 1445 κατὰ
1671 1421 1725 1446 τῶν
1757 1419 1859 1451 ἀθλίων

1033 1461 1154 1488 πολιτῶν
1194 1461 1386 1499 ἀπειργάσατο,
1421 1463 1562 1497 ἀποθήκας
1599 1463 1643 1490 καὶ
1675 1461 1860 1496 σιτοϐολῶνας

1035 1503 1139 1533 ἔνδοθεν
1169 1506 1213 1533 καὶ
1241 1505 1335 1536 ἰπνοὺς
1357 1507 1401 1533 καὶ
1426 1504 1572 1538 κλιϐάνους
1601 1508 1786 1546 ἐργασάμενος
1814 1508 1858 1536 καὶ

156 1556 312 1583 subiectus
327 1552 434 1589 aliquis
451 1552 492 1579 ita
510 1550 687 1579 vociferatus
701 1552 745 1577 est
761 1558 768 1577 :
786 1560 799 1576 α
816 1550 838 1577 Ο
853 1550 978 1586 impera-

1056 1549 1185 1587 ληρώσας
1213 1549 1303 1579 εἰδῶν.
1325 1550 1538 1587 Προτεθέσπιστο
1567 1552 1616 1590 γὰρ
1655 1553 1729 1588 αὐτῷ
1753 1551 1858 1584 ἔνδοθεν

154 1602 211 1633 tor,
234 1598 322 1634 erigis
347 1605 447 1625 muros
464 1605 470 1624 :
487 1598 515 1623 et
538 1595 657 1623 tametsi
680 1594 723 1622 vel
746 1595 781 1622 ad
802 1594 906 1622 omium
929 1603 978 1622 eos

152 1645 271 1678 educas,
287 1643 367 1670 intus
394 1650 460 1669 cum
484 1640 522 1668 sit
547 1639 670 1675 malum,
687 1639 758 1667 urbs
783 1641 869 1675 captu
885 1639 979 1667 facilis

153 1691 207 1716 est.
225 1699 238 1714 ι
255 1687 309 1720 Qui
325 1687 386 1714 hinc
402 1686 485 1719 dixit,
498 1685 548 1713 diu
561 1684 749 1719 multumque
765 1686 809 1711 est
824 1683 977 1719 quaesitus,

153 1742 211 1761 non
228 1735 325 1761 tamen
341 1731 489 1759 inventus.
504 1730 586 1757 Muro
601 1729 679 1756 enim
691 1728 826 1756 absoluto
842 1731 912 1756 tunc
928 1736 978 1764 pe-

153 1778 213 1812 riit,
229 1785 263 1805 ea
287 1777 353 1813 ipsa
366 1775 422 1809 die,
439 1783 506 1803 cum
533 1774 558 1802 ei
584 1773 678 1801 claves
701 1773 727 1800 is
742 1772 789 1800 cui
815 1773 843 1800 id
869 1773 977 1809 negotii

153 1822 347 1850 commissum
363 1822 426 1848 erat
440 1819 469 1847 in
487 1827 592 1846 manus
609 1818 744 1846 traderet.

1032 1597 1081 1622 τοῦ
1097 1595 1231 1622 παλατίυυ
1257 1595 1399 1623 ἀποθανεῖν
1425 1598 1492 1631 (20),
1517 1597 1609 1634 ἠγνόει
1634 1595 1668 1631 δ’,
1696 1597 1734 1629 ὡς
1762 1596 1858 1634 ἔοικεν,

1033 1639 1070 1670 ὡς
1100 1639 1121 1666 εἶ
1155 1640 1192 1675 μή
1223 1640 1320 1676 Κύριος
1351 1640 1460 1679 φυλάξαι
1490 1640 1583 1677 πόλιν,
1598 1641 1636 1672 εἷς
1663 1642 1750 1678 μάτην
1772 1643 1859 1680 ἠγρύ-

1032 1694 1133 1718 πνησεν
1149 1685 1162 1711 ὁ
1179 1684 1334 1721 φυλάσσων.
1351 1686 1416 1713 "Ore
1431 1685 1482 1723 γὰρ
1499 1686 1530 1713 τὸ
1546 1689 1639 1724 τεῖχος
1655 1689 1702 1714 τοῦ
1727 1686 1859 1714 παλατίου

1031 1729 1251 1763 κατεσκευάζετο,
1278 1732 1325 1765 μιᾷ
1353 1732 1406 1756 τῶν
1437 1733 1540 1757 νυκτῶν
1569 1730 1618 1758 ἆνά
1648 1732 1696 1766 τήν
1723 1731 1858 1763 θάλασσαν

1034 1773 1178 1801 ὑποπλὲων
1203 1784 1245 1805 τις
1272 1771 1411 1809 ἐξιϐόησεν
1427 1784 1433 1790 ·
1464 1788 1477 1801 ‹‹
1511 1777 1542 1802 Ὠ
1574 1775 1696 1813 βασιλεῦ,
1719 1777 1799 1812 ὑψοῖς
1827 1777 1860 1803 τά

1031 1818 1123 1855 τείχη,
1152 1817 1200 1845 κᾶν
1229 1818 1313 1856 μέχρι
1339 1818 1427 1846 πόλου
1457 1820 1569 1858 φθάσῃς,
1600 1818 1676 1848 ἔνδον
1708 1821 1738 1848 τὸ
1764 1821 1859 1856 κακὸν,

151 1865 287 1896 εὐάλωτος
316 1866 333 1900 ἡ
359 1863 452 1892 πόλις.
469 1875 482 1890 ›ι
501 1862 598 1891 Πολλὰ
625 1861 653 1889 δὲ
683 1861 858 1897 ἆναζητηθεῖς
883 1861 896 1888 ὁ
917 1863 997 1889 τοῦτο
1027 1862 1110 1889 εἰπὼν
1127 1862 1180 1900 οὐχ
1196 1862 1302 1900 εὑρέθη.
1319 1864 1376 1891 Teii
1391 1863 1500 1900 τιίχους
1515 1864 1565 1902 γὰρ
1581 1864 1783 1899 τελειωθέντος,
1798 1864 1860 1892 τότε

151 1908 248 1946 συνέϐη
264 1909 309 1938 καὶ
325 1908 405 1936 αὐτὸν
421 1908 479 1936 κατ’
495 1907 577 1942 αὐτὴν
591 1907 640 1941 τήν
654 1906 758 1944 ἡμέραν
776 1906 930 1939 ἀποθανεῖν,
944 1906 1063 1941 ὁπηνίκα
1077 1907 1123 1938 τὰς
1139 1906 1214 1938 κλεῖς
1231 1907 1244 1934 ὁ
1260 1907 1309 1942 τὴν
1335 1907 1491 1944 ἐπιμέλειαν
1515 1907 1746 1946 ἐπιτετραμμένος
1771 1909 1861 1947 φέρων

149 1954 222 1990 αὐτῷ
237 1953 394 1991 ἐνεχείρισε.

184 1999 315 2026 Accessit
325 1999 359 2025 ad
373 1997 432 2025 haec
449 1996 540 2030 aliud,
551 1995 628 2031 quod
642 1995 707 2022 odia
724 1995 753 2022 in
771 1995 978 2031 imperatorem

149 2042 341 2080 exasperavit.
351 2043 418 2078 Ipso
427 2040 577 2068 Paschatis
586 2040 659 2067 festo
667 2039 791 2074 die,orto
802 2039 879 2067 inter
885 2040 979 2068 socios

150 2088 266 2116 navales
283 2089 312 2115 et
332 2085 485 2114 Armenios
510 2084 650 2112 conﬂictu
667 2083 803 2119 utrinque
828 2084 913 2111 multi
931 2093 978 2120 pe-

148 2134 270 2166 rierunt,
285 2134 313 2159 et
328 2133 451 2159 mortem
469 2138 544 2165 aegre
559 2129 651 2157 evasit
674 2128 804 2156 Sisinius
826 2129 979 2164 patricius,

150 2178 234 2206 urbis
247 2177 412 2213 praefectus.
423 2175 531 2203 Exinde
542 2175 620 2202 fama
631 2173 759 2201 obtinuit
771 2174 977 2209 imperatorem
993 2166 1016 2198 D

148 2223 260 2250 civibus
270 2222 429 2255 infensum,
439 2219 515 2256 quod
526 2227 575 2247 eos
584 2218 674 2254 hujus
685 2218 830 2246 tumultus
843 2221 976 2246 auctores

148 2270 290 2301 censeret,
307 2266 447 2294 statuisse
462 2264 541 2292 ludis
556 2263 744 2299 equestribus
767 2271 816 2291 eos
834 2263 862 2291 in
879 2272 977 2292 casses

149 2315 290 2340 attractos
307 2310 418 2339 ulcisci.
446 2309 535 2337 Paulo
553 2311 619 2344 post
642 2307 704 2335 ludi
729 2310 880 2343 equestres
896 2309 976 2336 facti.

149 2357 191 2385 lbi
207 2357 398 2392 Nicephorus,
411 2357 443 2382 ut
456 2353 569 2382 civibus
581 2353 749 2381 ostenderet
765 2353 834 2388 quid
852 2353 892 2380 rei
909 2361 976 2381 con-

148 2402 247 2430 ﬂictus
261 2409 366 2437 pugna:
379 2401 467 2432 esset,
476 2402 525 2427 aut
541 2398 629 2426 etiam
645 2399 675 2425 ut
686 2405 736 2425 eos
747 2399 879 2433 terreret,
888 2406 976 2433 quos-

149 2447 217 2474 dam
233 2445 322 2474 nudis
347 2444 450 2480 gladiis
474 2442 642 2471 dimicando
668 2441 760 2478 proelii
783 2442 975 2470 simulacrum

1072 1995 1254 2033 Προσεγένιτο
1284 1995 1312 2023 δὲ
1340 1999 1399 2027 τοῖς
1427 1996 1582 2033 εἰρημένοις
1611 1997 1654 2025 καὶ
1675 1996 1777 2035 ἕτερον.
1794 1998 1861 2037 ὅπερ

1036 2040 1079 2067 ἐπὶ
1096 2040 1180 2068 πλέον
1197 2041 1275 2077 ἐξῆρε
1289 2041 1320 2068 τὸ
1335 2042 1392 2068 κατ’
1408 2041 1490 2068 αὐτοῦ
1513 2045 1601 2078 μῖσος.
1620 2041 1771 2079 Συμϐολῆς
1786 2055 1864 2081 γενο-

1039 2084 1120 2120 μένης
1143 2087 1200 2112 κατ’
1223 2085 1308 2119 αὐτὴν
1327 2085 1377 2119 τήν
1393 2086 1489 2122 ἑορτὴν
1506 2088 1554 2113 τοῦ
1570 2086 1646 2124 ἁγίου
1664 2087 1760 2125 Πάσχα
1782 2089 1864 2124 μέσον

1034 2128 1171 2165 πλωίμων
1199 2129 1244 2156 καὶ
1273 2130 1433 2167 Ἀρμενίων,
1459 2130 1547 2163 πολὺς
1578 2131 1729 2169 ἀνθρώπων
1755 2132 1861 2170 ἐγένετο

1033 2173 1144 2212 φθόρος,
1163 2176 1262 2211 μικροῦ
1285 2173 1308 2201 δ’
1323 2173 1354 2201 ἂν
1378 2172 1483 2202 ἀπεὸίω
1504 2176 1547 2202 καὶ
1575 2177 1588 2202 ὁ
1612 2176 1760 2214 μάγιστρος
1785 2177 1860 2204 Σισί-

1032 2229 1090 2248 νιος
1115 2218 1159 2245 καὶ
1184 2217 1316 2256 ἕπαρχοσ,
1335 2218 1474 2247 Διεδέδοτο
1500 2219 1528 2247 δὲ
1554 2221 1633 2259 φήμη
1658 2221 1685 2248 ἐν
1701 2221 1800 2249 τούτου
1823 2222 1861 2254 ὡς

1032 2261 1210 2300 χαλεπαίνων
1236 2266 1296 2294 τοῖς
1319 2263 1444 2295 πολίταις
1470 2265 1485 2292 ὁ
1509 2265 1679 2302 Νικηφόρος,
1696 2266 1733 2297 ὡς
1761 2267 1860 2298 αίτίοις

1031 2307 1104 2345 τάχα
1129 2311 1178 2342 τῆς
1206 2307 1324 2344 ἀταξίας,
1355 2308 1380 2336 ἐν
1409 2310 1500 2346 ἡμέρᾳ
1538 2309 1722 2348 ἱπποδρομίας
1762 2311 1861 2347 μέλλει

1032 2352 1196 2389 σαγηνεύσας
1224 2354 1269 2380 τὸν
1296 2352 1384 2390 δῆμον
1407 2355 1624 2391 τιμωρήσασθαι.
1651 2355 1701 2383 Καὶ
1731 2354 1764 2390 δὴ
1792 2357 1862 2392 μετά

1035 2397 1133 2434 μικρὸν
1148 2396 1336 2435 ἱπποδρομίας
1351 2398 1531 2435 τελουμένης,
1548 2398 1715 2437 βουλόμενος
1741 2401 1755 2427 ὁ
1770 2403 1862 2436 Νικη-

1033 2442 1118 2480 φόρος
1139 2440 1305 2478 ἐνδείξασθαι
1321 2446 1381 2474 τοῖς
1406 2442 1533 2475 πολίταις
1547 2443 1592 2471 καὶ
1607 2444 1655 2478 τήν
1672 2446 1721 2472 τοῦ
1735 2443 1861 2482 πολέμου

752 2523 931 2551 XYLANDRI
950 2523 995 2550 ET
1015 2522 1123 2550 GOARI
1143 2523 1259 2550 NOT/E.

202 2594 245 2630 19)
260 2594 387 2621 Zonaras
403 2589 693 2630 scribit_de_hexagio
708 2589 752 2618 vel
770 2591 884 2630 sextula
899 2591 979 2630 (nam

152 2626 256 2666 ἐξάγιόν
280 2629 354 2664 lego)
378 2636 445 2666 eum
459 2626 616 2666 redegisse
639 2626 826 2666 τετιπιρτηρόν.⁸
841 2627 921 2666 Quod
938 2626 980 2654 sic

151 2662 293 2701 intelligo,
309 2662 482 2701 posterioris
497 2662 658 2701 nummiad
675 2662 799 2701 priorem
812 2662 904 2690 fuisse
913 2670 977 2701 eam

152 2698 371 2738 proportionem
388 2708 452 2736 quae
475 2702 520 2738 est
542 2698 635 2738 bassis
653 2699 687 2725 ad
704 2702 870 2738 assc‘m‘hut
885 2699 980 2738 major

153 2733 276 2766 minoris
299 2739 377 2772 esset
390 2733 570 2772 sesquiplus.
591 2734 745 2772 Nam_ut_a
766 2735 783 2761 6
807 2733 921 2772 ὲξάγιον,
938 2734 979 2772 ita

153 2783 169 2802 ιι
182 2775 198 2802 4
212 2770 377 2811 τιταρτηρόν
394 2769 508 2801 videtur
531 2770 637 2799 dictus.
654 2769 691 2798 Ut
705 2770 731 2798 si
744 2772 827 2798 vetus
849 2769 866 2798 6
887 2770 978 2805 (verbi

1036 2590 1130 2633 gratia
1155 2589 1422 2633 obolos,lnov.u‘s_4
1445 2592 1546 2633 obolos
1570 2592 1772 2633 appendisset.
1803 2593 1862 2630 Ἕξ-

1036 2623 1303 2668 6δοτνᾹΡι-9ηευωριυ
1324 2626 1439 2668 videtur
1454 2628 1499 2668 bis
1514 2623 1720 2668 hicposuisge.
1734 2629 1806 2668 Χὶζιτ.

1058 2661 1128 2704 ,(2‘0)
1146 2661 1294 2704 {Aburius
1319 2671 1376 2704 non
1402 2664 1509 2704 inepte,
1523 2661 1585 2704 lial'
1600 2664 1653 2704 μῂν
1672 2661 1730 2704 ,ἔδει
1749 2663 1856 2704 μᾶλλον

1033 2695 1189 2761 Ξιύτέννέιὲι
1217 2699 1297 2725 τοῦτο
1323 2695 1460 2733 διηνεκῶς
1489 2695 1537 2726 τοῦ
1576 2695 1711 2727 παλατίου
1749 2695 1857 2738 ’διάγειν

1047 2741 1078 2758 κτ
1097 2743 1119 2763 ς.
1158 2743 1200 2762 YL.
