1936 3048
78 115 132 145 105

649 110 923 142 HISTORIARUM
945 111 1218 144 COMPENDIUM.

1722 112 1782 144 106

76 177 216 217 συμϐολὴν
243 177 325 206 ὁποία
349 176 419 212 ἐστὶ,
441 177 514 214 τάχα
538 175 561 203 δ’
586 175 652 208 ἴσως
674 176 718 204 καὶ
738 173 896 214 inpos-ﬂeat,

987 178 1030 206 Π
1049 178 1186 206 exhibere
1196 178 1298 214 jussit,
1314 177 1556 207 oblectandorum
1575 178 1687 208 scilicet
1709 187 1780 217 spe-

77 226 138 264 ξίφη
162 223 251 262 γυμνὰ
274 219 410 253 λαϐόντας
431 221 507 253 τινὰς
531 221 691 258 προσέταξεν
717 221 754 252 ὡς
780 221 805 248 έν
831 231 899 259 προ-

77 270 198 308 σχήματι
227 266 371 304 πολεμίων
399 266 504 302 παῖξαι,
532 265 571 298 εἶς
599 265 714 293 ἑστίασιν
745 266 819 304 τάχα
844 268 897 293 τῶν

77 315 186 342 θεατῶν,
212 312 317 341 Τούτου
345 310 373 339 δέ
397 311 558 349 γενομένου,
579 311 625 338 τὸν
646 313 708 338 νοῦν
724 313 777 338 τῶν
796 310 898 349 βλεπο-

80 360 163 397 μένων
198 359 382 396 ἀγνοήσαντες
411 357 437 385 οἱ
466 357 576 394 θεωροὶ,
604 357 649 384 καὶ
673 357 722 391 τὴν
749 358 899 394 κρατοῦσαν

79 405 169 443 φήμην
197 402 277 434 τέλος
302 401 357 437 ἤδη
396 400 546 438 λαμϐάνειν
578 401 805 437 ὑποτοπάσνιντες,
834 399 897 437 δρο-

79 451 151 486 μαῖοι
176 447 220 475 ἐπὶ
245 447 294 478 τὰς
326 445 434 484 ἐξόδους
462 446 585 484 ἐχώρουν
614 445 788 484 κρημνώδεις
817 445 898 477 οὔσας

75 493 118 521 καὶ
155 492 302 531 σφαλερὰς,
341 491 387 519 καὶ
421 491 466 519 ὑπ’
503 489 637 526 ἀλλήλων
673 490 896 527 συμπατούμενοι

75 538 253 573 ἀπέθνησκον,
270 537 322 566 Καὶ
346 535 492 564 ἀπώλοντο
519 535 550 563 ἂν
567 536 682 567 ἅπαντες
705 535 748 562 ὑπ’
762 533 895 570 ἀλλήλων

74 581 318 618 καταπατούμενοι,
345 582 388 618 [Ρ.
413 581 476 618 660]
500 580 522 608 εἰ
549 580 587 617 μὴ
611 581 625 608 ὁ
648 578 775 618 βασιλεὺς
801 580 893 617 ὡράθη

954 224 1100 251 ctatorum
1126 231 1224 251 causa.
1250 223 1358 251 Verum
1375 225 1552 260 spectatores
1567 224 1638 260 quid
1651 224 1706 252 hoc
1721 225 1777 253 sibi

952 267 1040 296 vellet.
1066 267 1248 305 ignorantes,
1267 267 1389 304 jamque
1412 268 1442 295 id
1466 268 1513 304 agi
1539 270 1675 304 putantes
1700 270 1777 305 quod

954 320 1055 340 rumor
1069 313 1129 341 fore
1139 312 1375 348 conﬁrmarat,ad
1388 312 1483 341 exitus
1493 313 1600 341 theatri
1613 316 1777 350 praeruptos

953 365 987 386 ac
1006 357 1137 386 lubricos
1160 366 1249 386 cursu
1272 366 1304 386 se
1318 357 1538 393 contuluerunt,
1553 357 1654 394 ibique
1667 358 1717 386 alii
1739 359 1777 387 ab

952 401 1019 430 aliis
1033 402 1193 430 cenculcati
1210 403 1359 439 perierunt
1373 402 1690 439 permulti,omnesque
1705 403 1777 431 adeo

951 445 1076 475 invicem
1092 447 1191 475 obtriti
1206 447 1374 484 periissent,
1399 447 1455 475 nisi
1471 449 1626 484 conspecto
1649 447 1778 484 impera-

951 492 1077 527 tore,qui
1094 492 1123 519 in
1139 491 1212 520 solio
1228 492 1369 520 immotus
1384 500 1417 520 ac
1431 492 1529 527 quiete
1545 492 1777 526 assidebat,sen-

951 536 1061 564 sissent
1077 536 1193 564 nolente
1207 545 1240 564 eo
1256 537 1336 564 hunc
1350 536 1492 565 accidisse
1503 536 1674 570 tumultum,
1686 545 1720 565 ac
1731 537 1777 566 fu-

950 581 1049 617 giendi
1066 581 1153 609 tinem
1170 580 1318 609 fecissent.

73 625 114 653 ἐπὶ
129 627 177 653 τοῦ
193 625 284 657 θώκου
303 625 457 661 καθήμενος
470 622 550 659 ἀδεής
566 634 594 651 τε
615 623 659 651 καὶ
673 622 812 661 ἄτρεπτος·
838 622 867 650 ὅν
894 622 959 651 ἰδὼν
974 625 988 651 ὁ
1005 622 1093 660 δῆμος
1120 625 1158 661 μή
1180 623 1407 661 παρακινηοᾶντα,
1431 624 1476 651 καὶ
1499 625 1714 660 κατανοήσαντες
1736 623 1774 656 ὡς

73 669 184 701 ἄκοντος
200 669 283 697 αὐτοῦ
297 669 394 706 γέγονε
405 669 436 696 τὸ
452 667 610 705 γενόμενον,
625 666 740 703 ἔστησαν
756 670 806 702 τῆς
822 669 920 706 φυγῆς.

105 721 226 760 Πρόοδον
244 720 273 750 δὶ
297 720 430 758 δημοσίαν
454 721 604 756 ποιήσαντα
627 720 674 748 τὸν
694 720 852 759 Νικηφόρον
869 720 896 747 ἐν

71 767 103 805 τῇ
128 769 208 805 Πηγῇ
247 766 314 794 κατὰ
350 767 401 801 τήν
431 766 528 803 ἐορτήν
564 769 614 800 τῆς
643 764 821 802 Ἀναλήψεως
848 767 896 792 τοῦ

72 812 186 849 Χριστοῦ
200 813 251 839 τοῦ
275 813 342 839 Θεοῦ
366 812 457 848 ἡμῶν,
483 810 529 838 καὶ
558 809 760 849 ὑποστρέφοντα
784 810 809 836 οἱ
834 820 895 848 συγ-

72 858 155 894 γενεῖς
169 858 224 884 τῶν
251 855 278 884 ἐν
301 857 341 892 τῷ
363 854 531 894 ἱπποδρόμῳ
550 853 739 882 ἀπολωλότων
754 852 894 890 δεξάμενοι

71 901 95 928 έν
120 903 155 938 τῇ
175 903 230 928 τῶν
257 901 447 938 Ἀρτοπρατῶν
469 899 557 937 ἀγορᾷ
581 896 674 938 ὕϐρεις
697 898 810 938 ἠφίεσαν
835 899 894 926 κατ’

71 936 150 974 αὐτου
178 946 322 983 ἀπρεπεῖς,
348 936 555 983 άλάστοραγκαὶ
583 936 756 980 παλαμναῖον
787 944 891 970 ἀποκα-
906 936 931 969 Β

71 989 176 1022 λοῦντες
203 989 250 1018 καὶ
279 988 431 1028 ὁμοφύλοις
466 988 562 1025 α’ἶμασι
591 988 688 1026 μιαρὸν
706 1010 714 1024 ,
742 988 787 1016 καὶ
816 989 890 1015 κόνιν

69 1035 110 1063 καὶ
126 1035 219 1068 Αίθους
244 1031 365 1071 ἔπεμπον
391 1033 430 1066 εἷς
453 1033 532 1061 αὐτὸν
556 1033 621 1071 ἄχρι
647 1036 697 1068 τῆς
721 1030 820 1071 ἀγορᾶς
843 1034 891 1060 τοῦ

69 1080 190 1118 Μεγάλου
220 1078 445 1109 Κωνσταντίνου.
475 1079 525 1106 Καὶ
554 1077 681 1113 ἀπεπάγη
717 1078 763 1114 μὶν
794 1076 824 1104 ἂν
851 1079 891 1111 τῷ

71 1123 130 1159 δίει,
153 1124 176 1152 εἰ
204 1125 244 1161 μή
267 1134 338 1154 τινες
364 1123 532 1160 ἐντιμότεροι
555 1125 610 1150 τῶν
636 1121 761 1150 πολιτῶν
785 1121 890 1160 προλα-

69 1166 157 1201 ϐόντες
183 1169 250 1200 τοὺς
277 1168 325 1205 μὶν
353 1167 531 1198 ἔιηικτοῦντας
560 1165 724 1203 ἀνέστειλαν,
754 1166 835 1194 αὐτὸν
862 1165 892 1194 δὲ

70 1213 251 1252 εὐφημοῦντας
281 1212 348 1250 ἄχρι
374 1214 425 1252 τρῦ
453 1211 587 1240 παλατίου
624 1211 812 1249 προέπεμψαν.
843 1210 892 1238 Διὰ

68 1260 147 1286 ταῦτα
175 1258 266 1286 πάντα
294 1257 472 1295 ἆπηχθῆσθαι
501 1256 576 1294 παρὰ
602 1258 656 1284 τῶν
685 1255 807 1284 πολιτῶν
832 1255 890 1283 ἐπι-

70 1302 194 1339 στάμενος
218 1302 266 1330 καὶ
301 1302 418 1330 ἐπίθεσιν
449 1302 625 1340 ὑφορώμενος
661 1301 710 1335 τήν
740 1299 889 1338 ἀκρόπολιν

69 1345 230 1384 ἐδομήσατο.
257 1345 337 1374 Ἀλλ’
366 1345 416 1374 οὐκ
443 1345 567 1381 ἠδυνήθη
584 1344 721 1384 διαφυγεῖν
734 1345 766 1372 τὸ
788 1345 889 1383 χρεὼν,

987 722 1060 750 Cum
1074 722 1111 750 ad
1126 722 1246 751 Fontem
1262 722 1367 751 deinde
1382 723 1541 759 imperator
1566 722 1680 759 publica
1705 731 1774 759 pro-

951 767 1090 795 cessisset
1114 767 1194 795 feriis
1217 768 1438 804 Assumptionis
1461 767 1581 801 Christi,
1601 768 1773 796 redeuntem

950 812 1067 847 cognati
1081 820 1183 840 eorum
1198 812 1247 848 qui
1263 813 1293 840 in
1308 812 1388 840 Circo
1405 812 1551 848 perierant
1566 812 1595 840 in
1612 813 1673 841 (oro
1686 813 1771 841 Arto-

949 859 1053 892 praton
1083 858 1161 884 nacti
1190 857 1322 885 convitiis
1350 857 1562 893 prosederunt,
1592 857 1771 894 ﬂagitiosum

948 901 1127 929 homicidam
1143 903 1171 929 et
1191 901 1378 938 popularium
1389 901 1533 938 sanguine
1541 901 1774 930 contaminatum

947 945 1306 982 vocantes,pulveremque
1313 946 1454 974 adversus
1461 954 1527 974 eum
1542 948 1570 974 et
1581 954 1650 974 saxa
1657 947 1775 982 jactan-

946 992 1000 1022 tes,
1017 990 1110 1018 donec
1125 990 1161 1017 nd
1178 990 1273 1018 forum
1294 990 1478 1018 Constantini
1503 990 1602 1027 Magni
1627 991 1771 1027 pervenit.

947 1034 981 1062 Et
996 1034 1101 1062 fuisset
1116 1043 1187 1062 sane
1202 1035 1386 1062 exanimatus
1403 1038 1493 1069 metu,
1511 1034 1567 1062 nisi
1583 1035 1691 1063 civium
1715 1035 1771 1063 ho-

946 1078 1108 1106 noratiores
1123 1078 1245 1114 quidam
1260 1087 1327 1107 eum
1349 1079 1492 1116 repressis
1516 1079 1772 1108 tumultuantibus

945 1123 1107 1159 stipassent
1117 1125 1145 1151 et
1163 1123 1267 1151 faustis
1282 1123 1544 1152 acclamationibus
1566 1124 1715 1160 prosecuti
1739 1124 1769 1153 in

946 1167 1088 1203 palatium
1112 1167 1314 1196 deduxissent.
1336 1168 1377 1196 0b
1402 1167 1463 1196 hec
1477 1168 1577 1196 omnia
1591 1168 1721 1196 invisum
1737 1176 1770 1196 se

945 1211 1058 1240 civibus
1073 1220 1196 1240 cernens
1212 1215 1241 1240 et
1256 1212 1378 1240 insidias
1389 1212 1496 1241 timens
1507 1221 1604 1241 arcem
1615 1213 1768 1241 exstruxit.

945 1256 1044 1292 Neque
1060 1258 1155 1284 tamen
1170 1256 1264 1284 fatum
1280 1256 1462 1291 evitavit,sed
1476 1265 1534 1293 quo
1545 1259 1677 1293 tempore
1690 1258 1767 1286 ³72

945 1301 1046 1329 omnia
1060 1301 1117 1329 sibi
1134 1300 1164 1329 in
1181 1303 1242 1329 tuto
1257 1309 1321 1329 esse
1337 1301 1459 1337 putavit,
1467 1301 1558 1329 vitam
1572 1301 1767 1334 amisit.0uo-

946 1346 1032 1373 modo
1049 1353 1096 1373 res
1109 1345 1147 1373 sit
1163 1347 1236 1379 acta,
1252 1353 1306 1373 suo
1320 1345 1433 1373 dicetur
1448 1346 1521 1374 loco.

69 1390 126 1419 ἀλλ’
155 1391 200 1420 ὅτε
227 1391 320 1423 καλῶς
349 1388 423 1429 ἔχειν
451 1389 525 1427 αὐτῷ
551 1390 585 1418 τὰ
610 1390 698 1418 πάντα
725 1390 816 1426 ᾠήθη,
844 1388 978 1427 ἀπίρρηξε
1004 1389 1054 1424 τὴν
1085 1390 1169 1424 ζωήν.
1199 1389 1249 1416 Καὶ
1277 1388 1364 1424 ὅπως,
1391 1388 1418 1416 ἐν
1445 1391 1484 1425 τῷ
1515 1389 1646 1427 πρέποντι
1678 1391 1767 1429 καιρῷ

69 1436 220 1474 ῥηθήσεται.

98 1490 220 1529 Τιτάρτῳ
245 1489 274 1518 δὶ
295 1493 346 1525 τῆς
370 1489 452 1518 αὐτοῦ
479 1488 615 1527 βασιλείας
639 1486 702 1524 ἔτει,
730 1488 796 1525 μηνὶ
820 1488 885 1516 Ἰου-

987 1489 1059 1516 lnno
1075 1487 1191 1524 imperii
1207 1488 1253 1516 sui
1269 1488 1295 1523 4,
1312 1487 1472 1516 indictione
1488 1488 1532 1523 10,
1555 1497 1656 1518 mense
1677 1489 1766 1519 Junio

66 1534 122 1570 νίῳ,
150 1537 197 1570 τῆς
227 1536 243 1562 ι’
272 1533 452 1569 ίνδικτιῶνος,
480 1535 527 1564 τὰς
557 1533 584 1561 ἐν
608 1535 642 1570 τῇ
671 1533 762 1570 Θρᾴκῃ
789 1532 885 1562 πόλεις

69 1579 132 1617 ἐξῄει
148 1579 375 1616 ἐπισκεψόμενος,
400 1578 445 1606 καὶ
469 1579 614 1616 γενόμενος
640 1577 707 1615 ἄχρι
729 1581 779 1612 τῆς
806 1576 884 1615 λιγο⁸

70 1624 145 1660 μένης
174 1623 300 1662 μεγάλης
325 1622 421 1654 σοόδας
446 1620 546 1660 ἔγραψε
579 1622 673 1659 Πέτρῳ
698 1624 737 1657 τῷ
762 1621 885 1658 Βουλγα-

71 1669 126 1706 ρὶας
150 1667 265 1707 ἄρχοντι
297 1668 336 1705 μὴ
366 1667 409 1703 ἐᾷν
439 1667 502 1698 τοὺς
526 1666 661 1704 Τούρκους
686 1662 813 1703 διαπερᾷν
840 1666 884 1693 τὸν

69 1714 169 1751 Ἵστρον
196 1713 243 1740 καὶ
271 1713 304 1740 τὰ
330 1711 471 1749 Ῥωμαίων
509 1711 695 1747 λυμαίνεσθαι.
723 1710 829 1739 Τούτου
858 1708 886 1737 δὲ

72 1758 106 1794 μὴ
133 1758 319 1796 προσέχοντος
359 1755 431 1784 ἀλλὰ
458 1757 597 1787 παντοίαις
626 1755 762 1794 ἀφορμαῖς
790 1765 862 1793 παρα
878 1770 889 1775 -

70 1803 218 1838 κρούοντος,
243 1802 290 1829 τὸν
314 1800 361 1829 τοῦ
386 1800 415 1828 ἐκ
435 1801 578 1837 Χερσῶνος
596 1800 783 1838 πρωτεύοντος
800 1799 856 1827 υἷὸν
873 1799 887 1826 ὁ

69 1845 223 1884 Νικηφόρος
260 1844 306 1872 τὸν
345 1843 503 1881 Καλοκυρὸν
542 1843 732 1879 πατρικιότητι
769 1843 888 1879 τιμήσας

70 1890 133 1925 πρὸς
159 1890 204 1917 τὸν
237 1888 358 1927 ἄρχοντα
382 1889 496 1920 Ῥωσίας
531 1888 662 1924 ἐκπέμπει
699 1886 887 1926 Σφενδοσθλά-

71 1931 125 1969 ϐον,
145 1933 254 1972 δωρεῶν
281 1932 443 1971 ὑποσχέσεσι
465 1932 509 1960 καὶ
534 1931 699 1971 φιλοτιμιῶν
716 1931 765 1959 οὐκ
789 1931 889 1969 ὀλίγων

71 1978 214 2011 ἀναπείθων
241 1977 430 2016 ἐκστρατεῦσαι
457 1977 525 2005 κατὰ
550 1975 733 2014 Βουλγάρων.
760 1977 888 2004 Πεισϐέν-

71 2033 109 2054 τες
131 2023 176 2051 οὖν
197 2024 225 2051 οἱ
252 2022 320 2054 Ῥὼς
343 2022 389 2050 καὶ
414 2020 573 2052 ἐπελθόντες
595 2021 629 2058 τῇ
653 2020 808 2058 Βουλγιρίᾳ
822 2021 890 2048 κατὰ

71 2067 111 2095 τὸν
140 2067 294 2106 Αὔγουστον
323 2070 406 2104 μῆνα,
436 2070 486 2102 τῆς
506 2067 539 2094 ια’
563 2065 745 2101 ἷνδ;κτιῶνος,
772 2066 889 2102 πέμπτῳ

73 2115 118 2147 τῆς
147 2112 287 2150 βασιλείας
316 2111 369 2140 ἔτει
397 2113 446 2139 τοῦ
471 2111 644 2150 Νικηφόρου,
666 2109 773 2142 πολλὰς
793 2108 890 2141 πόλεις

72 2157 112 2184 καὶ
126 2157 220 2196 χώρας
246 2155 381 2196 ἦδάφισαν
404 2158 458 2184 τῶν
481 2155 659 2194 Βουλγάρων,
681 2155 726 2182 καὶ
751 2153 825 2182 λείαν
848 2154 889 2182 ὅτι

72 2200 196 2237 πλείστην
229 2199 444 2240 περιϐαλόμενοι
478 2201 643 2239 ὑπέστρεψαν
682 2199 720 2232 εἱς
753 2199 786 2227 τὰ
824 2197 888 2226 ἴδια.

74 2245 118 2272 Καὶ
141 2248 182 2283 τῷ
208 2245 280 2283 ἕκτῳ
304 2244 334 2274 ὃὶ
355 2245 437 2274 πάλιν
461 2247 511 2280 τῆς
537 2244 676 2283 βασιλείας
699 2243 781 2272 αὐτοῦ
796 2244 890 2282 χρόνῳ

73 2289 276 2329 ἐπεστράτευσαν
306 2290 374 2318 κατὰ
396 2289 578 2329 Βουλγαρίας,
601 2289 647 2317 καὶ
675 2290 708 2317 τὰ
732 2288 817 2326 ὅμοια
838 2290 892 2316 τῶν

74 2336 207 2374 προτέρων
237 2335 255 2370 ἢ
281 2334 326 2363 καί
354 2335 464 2374 χείρονα
493 2333 689 2372 διεπράξαντο.
719 2333 834 2370 Δευτέρᾳ
863 2330 892 2360 δί

75 2378 260 2418 Σεπτεμϐρίου
277 2379 375 2416 μηνὸς,
389 2378 447 2416 ὥρᾳ
470 2382 521 2414 τῆς
543 2378 637 2410 νυκτὸς
666 2378 700 2416 β’,
725 2376 892 2408 ἶνδικτιῶνος

76 2425 116 2458 ια’,
142 2424 238 2463 γέγονε
267 2423 388 2462 βρασμὸς
416 2423 460 2450 καὶ
489 2422 587 2454 κλόνος
613 2426 664 2460 γῆς
693 2421 818 2459 ἐξαίσιος,
846 2423 891 2449 καὶ

75 2465 150 2500 ἔπαθε
177 2470 267 2499 κακῶς
296 2467 429 2505 Ὁνωριὰς
452 2466 497 2495 καὶ
526 2465 722 2506 Παγλαγονία.
750 2465 891 2503 Ἐγένοντο

75 2510 101 2539 δὶ
112 2513 155 2540 καὶ
177 2513 276 2549 ἄνεμοι
299 2513 368 2540 κατὰ
387 2512 433 2540 τὸν
459 2512 547 2540 Μάϊον
564 2515 637 2548 μῆνα
649 2514 698 2546 τῆς
720 2510 802 2545 αὐτῆς
819 2508 892 2537 ἶνδι-

74 2559 186 2589 κτιῶνος
201 2557 316 2595 σκληροὶ
332 2556 377 2584 καὶ
400 2554 600 2593 καυματώδεις,
625 2555 721 2586 οἵτινες
744 2554 807 2586 τοὺς
828 2564 892 2593 καρ-

76 2601 140 2633 ποὺς
163 2600 313 2641 διέφθειραν
340 2600 433 2633 αὐταῖς
456 2599 590 2637 ἀμπέλοις
613 2600 658 2628 καὶ
684 2598 830 2637 δένδρεσιν,
853 2598 891 2630 ὡς

76 2644 190 2678 ἐντεῦθεν
218 2647 285 2674 κατὰ
312 2646 363 2680 τήν
387 2646 422 2683 ιβ’
448 2644 604 2672 ΐνδικτιῶνα
630 2643 812 2684 σφοδςότατον
842 2643 892 2672 ἐπ-

75 2691 210 2728 ενεχθῆναι
232 2690 326 2728 λιμόν.
345 2689 393 2718 Καὶ
420 2689 479 2717 δέον
501 2689 546 2717 τὸν
574 2688 687 2727 βασιλέα
705 2690 755 2723 τῆς
770 2691 823 2717 τῶν
840 2689 894 2717 ὕπ-

76 2735 161 2770 ηκόων
187 2735 325 2776 φροντίσαι
351 2734 498 2773 σωτηρίας,
514 2735 528 2762 ὁ
544 2733 572 2762 δέ
586 2734 632 2762 τὸν
656 2732 798 2772 βασιλικὸν
819 2732 893 2762 οἵτον

75 2778 213 2819 γλίσχρως
248 2780 363 2818 πωλῶν,
400 2778 446 2808 καὶ
480 2777 809 2818 καταπραγματευόμενος
841 2779 893 2816 τὴν

231 2845 364 2878 Panos.
387 2845 444 2877 Gl.
468 2844 588 2877 CXXII.

939 1533 1009 1561 exiit
1023 1532 1156 1560 Thracia:
1170 1533 1258 1561 urbes
1268 1532 1512 1568 contemplatum.
1523 1533 1655 1569 Cumque
1670 1542 1767 1571 usque

939 1578 975 1605 ad
991 1578 1126 1612 Magnam
1143 1578 1261 1605 Fossam
1277 1578 1467 1613 pervenisset,
1482 1577 1600 1606 Petrum
1621 1578 1766 1615 Bulgaria!

940 1622 1102 1658 principem
1121 1622 1254 1649 hortatus
1268 1624 1313 1649 est
1328 1630 1380 1657 per
1393 1622 1506 1650 litteras
1522 1630 1558 1650 ne
1573 1622 1682 1651 sineret
1695 1625 1766 1651 Tur-

941 1674 990 1694 cos
1007 1666 1115 1694 Istrum
1130 1667 1265 1701 trajicere
1280 1669 1308 1694 et
1323 1666 1521 1694 Romanorum
1537 1667 1680 1695 ditionem
1695 1667 1767 1696 infe-

941 1713 1027 1738 stare.
1046 1710 1169 1745 Bulgaro
1186 1719 1242 1738 non
1259 1711 1490 1746 obtemperante,
1505 1712 1556 1740 sed
1571 1711 1666 1740 omnis
1682 1720 1768 1748 gene-

943 1755 983 1783 ris
1009 1755 1149 1783 adhibitis
1179 1756 1368 1791 prmtextibus
1392 1758 1558 1789 recusante.
1583 1756 1765 1792 Nicephorus

943 1799 1112 1833 Calocyrum
1145 1800 1295 1827 Cbersonii
1330 1800 1470 1835 principis
1506 1800 1610 1833 ﬁlium,
1644 1801 1767 1836 patricia

942 1843 1086 1880 dignitate
1100 1847 1283 1877 exornatum,
1301 1845 1336 1871 ad
1350 1844 1639 1880 Sphendosthlabum
1661 1844 1765 1872 Rosso-

943 1897 1008 1916 rum
1026 1888 1188 1924 principem
1205 1889 1307 1923 mittit,
1321 1896 1448 1924 eumque
1463 1897 1618 1916 munerum
1644 1897 1677 1916 ac
1701 1889 1766 1916 ofﬁ-

944 1933 1057 1960 ciorum
1073 1932 1334 1968 pollicitationibus
1359 1933 1394 1960 ad
1420 1933 1606 1962 inferendum
1632 1933 1767 1969 Bulgaria

944 1976 1053 2006 bellum
1069 1976 1220 2005 sollicitat.
1237 1976 1321 2005 Rossi
1336 1976 1480 2012 obsecuti,
1497 1977 1657 2005 indictione
1673 1977 1768 2005 unde-

944 2023 1167 2058 cima,Augusto
1175 2029 1366 2054 meuse,auno
1373 2021 1645 2058 impsriiNicephori
1657 2022 1763 2058 quinto

944 2066 974 2094 in
990 2065 1158 2102 Bulgariam
1174 2065 1367 2101 impressione
1392 2066 1466 2093 facta
1491 2065 1598 2094 multas
1623 2066 1710 2094 urbes
1735 2074 1768 2095 ac

944 2110 1064 2138 castella
1087 2109 1281 2146 Bulgarorum
1306 2109 1367 2138 solo
1390 2112 1589 2147 aequaverant,
1614 2111 1770 2147 praedaque

945 2155 1030 2192 potiti
1045 2154 1158 2190 ingenti
1174 2155 1295 2183 domum
1312 2154 1471 2183 redierunt.
1489 2155 1597 2183 Eodem
1613 2156 1710 2191 modo,
1725 2157 1769 2183 at-

945 2207 1002 2235 que
1017 2199 1105 2227 etiam
1121 2198 1273 2235 aliquanto
1288 2199 1484 2233 durins,anno
1497 2200 1626 2236 proxime
1638 2200 1771 2228 insecuto

946 2243 1086 2280 Bulgaros
1105 2245 1314 2272 tractaverunt.
1342 2244 1502 2272 Indictione
1527 2243 1693 2277 undecima,
1719 2252 1772 2279 po-

946 2288 1049 2317 stridie
1064 2287 1259 2316 Kalendarum
1274 2288 1539 2325 Septembris,bora
1555 2288 1650 2317 noctis
1664 2287 1773 2316 duode-

947 2332 1135 2369 cima,fragor
1148 2335 1178 2361 et
1191 2334 1275 2360 terris
1292 2335 1389 2361 motus
1404 2333 1569 2361 horrendus
1585 2332 1772 2368 fuit,afﬂixit-

947 2385 1004 2414 que
1029 2377 1226 2405 Honoriadem
1251 2379 1280 2405 et
1305 2376 1546 2413 Paphlagoniam.
1571 2377 1647 2405 Maio
1681 2377 1771 2405 etiam

946 2430 1047 2450 mense
1062 2421 1196 2457 ejusdem
1211 2421 1281 2450 enni
1291 2421 1368 2450 venti
1380 2422 1531 2458 spirarunt
1541 2422 1636 2457 asperi
1647 2423 1675 2450 et
1686 2430 1773 2450 uren-

947 2467 1056 2503 tes,qui
1074 2467 1188 2494 fructus
1204 2474 1263 2494 una
1278 2474 1345 2494 cum
1359 2466 1470 2494 vitibus
1486 2474 1518 2494 ac
1529 2466 1606 2494 878
1617 2465 1773 2494 arboribus

947 2511 1255 2548 perdiderunt.ltaque
1270 2519 1346 2538 anno
1362 2511 1494 2547 proxime
1507 2511 1640 2539 insecnto
1651 2510 1775 2547 penuria

947 2556 1059 2584 exstitit
1071 2555 1257 2593 gravissima.
1276 2555 1317 2583 lbi
1333 2555 1502 2592 imperator,
1515 2563 1602 2591 quem
1619 2554 1774 2583 convenie-

947 2601 998 2629 bat
1013 2600 1120 2629 salutis
1134 2600 1321 2628 subditorum
1337 2607 1436 2628 curam
1457 2607 1567 2636 gerere,
1591 2600 1773 2628 frumentum

947 2651 1035 2674 suum
1052 2653 1159 2681 magno
1174 2644 1302 2672 vendens
1314 2652 1347 2672 ac
1363 2652 1397 2673 ex
1412 2644 1579 2673 calamitate
1595 2653 1716 2673 suorum
1731 2643 1775 2671 lu-

947 2698 1030 2718 crum
1047 2689 1169 2724 faciens,
1186 2689 1271 2725 quasi
1287 2696 1318 2716 re
1334 2688 1471 2725 praeclare
1495 2691 1578 2725 gesta
1598 2688 1721 2725 jactavit
1743 2696 1775 2716 se

948 2734 1080 2764 modium
1096 2741 1184 2762 aureo
1201 2740 1323 2761 nummo
1338 2733 1424 2761 vendi
1441 2733 1561 2761 solitum
1576 2733 1695 2761 duobus
1708 2739 1776 2759 ven-

947 2780 1069 2809 didisse.
1084 2779 1182 2815 Longe
1197 2777 1281 2807 aliter
1304 2777 1432 2806 Basilius
1457 2777 1576 2806 Macedo
1602 2777 1775 2814 imperator;

1598 2842 1618 2871 4
