  <div class='ocr_page' id='page_1' title='image "/cluster/home/n/w/nwhite01/storage/ocr_20150623/122/njp.32101077773016/065.png"; bbox 0 0 1936 3048; ppageno 0'>
   <div class='ocr_carea' id='block_1_1' title="bbox 142 102 220 142">
    <p class='ocr_par' dir='ltr' id='par_1_1' title="bbox 142 102 220 142">
     <span class='ocr_line' id='line_1_1' title="bbox 142 102 220 142; baseline -0.013 -10"><span class='ocrx_word' id='word_1_1' title='bbox 142 102 220 142; x_wconf 44' lang='lat' dir='ltr'><strong>:qu7</strong></span> 
     </span>
    </p>
   </div>
   <div class='ocr_carea' id='block_1_2' title="bbox 835 100 1186 131">
    <p class='ocr_par' dir='ltr' id='par_1_2' title="bbox 835 100 1186 131">
     <span class='ocr_line' id='line_1_2' title="bbox 835 100 1186 131; baseline 0 -1"><span class='ocrx_word' id='word_1_2' title='bbox 835 100 994 131; x_wconf 84' lang='lat' dir='ltr'><strong>GEORGII</strong></span> <span class='ocrx_word' id='word_1_3' title='bbox 1017 100 1186 131; x_wconf 83' lang='lat' dir='ltr'><strong>CEDRENI</strong></span> 
     </span>
    </p>
   </div>
   <div class='ocr_carea' id='block_1_3' title="bbox 1808 105 1870 136">
    <p class='ocr_par' dir='ltr' id='par_1_3' title="bbox 1808 105 1870 136">
     <span class='ocr_line' id='line_1_3' title="bbox 1808 105 1870 136; baseline -0.016 0"><span class='ocrx_word' id='word_1_4' title='bbox 1808 105 1870 136; x_wconf 81' lang='grc'><strong>108</strong></span> 
     </span>
    </p>
   </div>
   <div class='ocr_carea' id='block_1_4' title="bbox 146 165 976 207">
    <p class='ocr_par' dir='ltr' id='par_1_4' title="bbox 146 165 976 204">
     <span class='ocr_line' id='line_1_4' title="bbox 146 165 976 204; baseline -0.001 -9"><span class='ocrx_word' id='word_1_5' title='bbox 146 167 212 204; x_wconf 78' lang='lat' dir='ltr'><strong>qui</strong></span> <span class='ocrx_word' id='word_1_6' title='bbox 228 175 296 196; x_wconf 83' lang='lat' dir='ltr'><strong>cum</strong></span> <span class='ocrx_word' id='word_1_7' title='bbox 312 175 418 203; x_wconf 76' lang='lat' dir='ltr'><strong>magna</strong></span> <span class='ocrx_word' id='word_1_8' title='bbox 432 166 585 195; x_wconf 86' lang='lat' dir='ltr'><strong>Dominica</strong></span> <span class='ocrx_word' id='word_1_9' title='bbox 600 166 645 194; x_wconf 87' lang='lat' dir='ltr'><strong>die</strong></span> <span class='ocrx_word' id='word_1_10' title='bbox 661 166 691 194; x_wconf 91' lang='lat' dir='ltr'><strong>in</strong></span> <span class='ocrx_word' id='word_1_11' title='bbox 713 167 805 195; x_wconf 67' lang='lat' dir='ltr'><strong>aedem</strong></span> <span class='ocrx_word' id='word_1_12' title='bbox 832 165 976 202; x_wconf 36' lang='lat' dir='ltr'><strong>Apostolo‘</strong></span> 
     </span>
    </p>
   </div>
   <div class='ocr_carea' id='block_1_5' title="bbox 1065 165 1871 207">
    <p class='ocr_par' dir='ltr' id='par_1_5' title="bbox 1065 166 1871 207">
     <span class='ocr_line' id='line_1_5' title="bbox 1065 166 1871 207; baseline 0.006 -15"><span class='ocrx_word' id='word_1_13' title='bbox 1065 175 1182 204; x_wconf 76' lang='grc' dir='ltr'>›μφοραν</span> <span class='ocrx_word' id='word_1_14' title='bbox 1207 168 1261 194; x_wconf 83' lang='grc' dir='ltr'>τῶν</span> <span class='ocrx_word' id='word_1_15' title='bbox 1286 166 1336 194; x_wconf 79' lang='grc' dir='ltr'><strong>ὑπὸ</strong></span> <span class='ocrx_word' id='word_1_16' title='bbox 1361 169 1442 205; x_wconf 80' lang='grc' dir='ltr'>χεῖρα</span> <span class='ocrx_word' id='word_1_17' title='bbox 1458 167 1499 204; x_wconf 85' lang='grc' dir='ltr'><strong>[Ρ.</strong></span> <span class='ocrx_word' id='word_1_18' title='bbox 1515 168 1579 204; x_wconf 78' lang='grc'><strong>661]</strong></span> <span class='ocrx_word' id='word_1_19' title='bbox 1594 166 1676 206; x_wconf 70' lang='grc' dir='ltr'>ηὔχει</span> <span class='ocrx_word' id='word_1_20' title='bbox 1700 167 1737 201; x_wconf 73' lang='grc' dir='ltr'>ὥς</span> <span class='ocrx_word' id='word_1_21' title='bbox 1752 179 1778 197; x_wconf 86' lang='grc' dir='ltr'><strong>τι</strong></span> <span class='ocrx_word' id='word_1_22' title='bbox 1797 169 1871 207; x_wconf 66' lang='grc' dir='ltr'>μέγα</span> 
     </span>
    </p>
   </div>
   <div class='ocr_carea' id='block_1_6' title="bbox 161 212 986 248">
    <p class='ocr_par' dir='ltr' id='par_1_6' title="bbox 161 212 986 248">
     <span class='ocr_line' id='line_1_6' title="bbox 161 212 986 248; baseline -0.002 -8"><span class='ocrx_word' id='word_1_23' title='bbox 161 221 228 240; x_wconf 91' lang='lat' dir='ltr'><strong>rum</strong></span> <span class='ocrx_word' id='word_1_24' title='bbox 238 212 518 248; x_wconf 82' lang='lat' dir='ltr'><strong>venisset,civesque</strong></span> <span class='ocrx_word' id='word_1_25' title='bbox 529 212 673 248; x_wconf 87' lang='lat' dir='ltr'><strong>quosdam</strong></span> <span class='ocrx_word' id='word_1_26' title='bbox 687 212 850 240; x_wconf 82' lang='lat' dir='ltr'><strong>venerando</strong></span> <span class='ocrx_word' id='word_1_27' title='bbox 867 212 986 247; x_wconf 85' lang='lat' dir='ltr'><strong>aspectu</strong></span> 
     </span>
    </p>
   </div>
   <div class='ocr_carea' id='block_1_7' title="bbox 166 256 989 293">
    <p class='ocr_par' dir='ltr' id='par_1_7' title="bbox 166 256 989 293">
     <span class='ocr_line' id='line_1_7' title="bbox 166 256 989 293; baseline -0.002 -8"><span class='ocrx_word' id='word_1_28' title='bbox 166 257 275 286; x_wconf 82' lang='lat' dir='ltr'><strong>videret</strong></span> <span class='ocrx_word' id='word_1_29' title='bbox 289 256 367 285; x_wconf 79' lang='lat' dir='ltr'><strong>tristi</strong></span> <span class='ocrx_word' id='word_1_30' title='bbox 383 257 467 285; x_wconf 92' lang='lat' dir='ltr'><strong>vultu</strong></span> <span class='ocrx_word' id='word_1_31' title='bbox 481 258 510 285; x_wconf 91' lang='lat' dir='ltr'><strong>et</strong></span> <span class='ocrx_word' id='word_1_32' title='bbox 524 264 678 285; x_wconf 73' lang='lat' dir='ltr'><strong>mmrorem</strong></span> <span class='ocrx_word' id='word_1_33' title='bbox 694 265 752 293; x_wconf 71' lang='lat' dir='ltr'><strong>pris</strong></span> <span class='ocrx_word' id='word_1_34' title='bbox 768 265 798 284; x_wconf 88' lang='lat' dir='ltr'><strong>se</strong></span> <span class='ocrx_word' id='word_1_35' title='bbox 813 256 989 289; x_wconf 82' lang='lat' dir='ltr'><strong>ferentes,ad</strong></span> 
     </span>
    </p>
   </div>
   <div class='ocr_carea' id='block_1_8' title="bbox 163 299 988 338">
    <p class='ocr_par' dir='ltr' id='par_1_8' title="bbox 163 299 988 338">
     <span class='ocr_line' id='line_1_8' title="bbox 163 299 988 338; baseline -0.004 -8"><span class='ocrx_word' id='word_1_36' title='bbox 163 311 195 331; x_wconf 84' lang='lat' dir='ltr'><strong>se</strong></span> <span class='ocrx_word' id='word_1_37' title='bbox 211 304 329 330; x_wconf 83' lang='lat' dir='ltr'><strong>vocatos</strong></span> <span class='ocrx_word' id='word_1_38' title='bbox 343 302 530 338; x_wconf 77' lang='lat' dir='ltr'><strong>interrogavit</strong></span> <span class='ocrx_word' id='word_1_39' title='bbox 544 310 596 329; x_wconf 90' lang='lat' dir='ltr'><strong>cur</strong></span> <span class='ocrx_word' id='word_1_40' title='bbox 610 310 667 330; x_wconf 90' lang='lat' dir='ltr'><strong>non</strong></span> <span class='ocrx_word' id='word_1_41' title='bbox 684 301 741 337; x_wconf 85' lang='lat' dir='ltr'><strong>ipsi</strong></span> <span class='ocrx_word' id='word_1_42' title='bbox 757 309 874 337; x_wconf 88' lang='lat' dir='ltr'><strong>quoque</strong></span> <span class='ocrx_word' id='word_1_43' title='bbox 889 299 988 336; x_wconf 88' lang='lat' dir='ltr'><strong>splen-</strong></span> 
     </span>
    </p>
   </div>
   <div class='ocr_carea' id='block_1_9' title="bbox 164 345 989 379">
    <p class='ocr_par' dir='ltr' id='par_1_9' title="bbox 164 345 989 379">
     <span class='ocr_line' id='line_1_9' title="bbox 164 345 989 379; baseline -0.002 -5"><span class='ocrx_word' id='word_1_44' title='bbox 164 347 234 375; x_wconf 91' lang='lat' dir='ltr'><strong>dido</strong></span> <span class='ocrx_word' id='word_1_45' title='bbox 248 347 358 376; x_wconf 87' lang='lat' dir='ltr'><strong>amictu</strong></span> <span class='ocrx_word' id='word_1_46' title='bbox 374 347 409 374; x_wconf 92' lang='lat' dir='ltr'><strong>ad</strong></span> <span class='ocrx_word' id='word_1_47' title='bbox 425 355 489 375; x_wconf 86' lang='lat' dir='ltr'><strong>eam</strong></span> <span class='ocrx_word' id='word_1_48' title='bbox 503 346 720 375; x_wconf 70' lang='lat' dir='ltr'><strong>solemnitatem</strong></span> <span class='ocrx_word' id='word_1_49' title='bbox 731 345 989 379; x_wconf 84' lang='lat' dir='ltr'><strong>accessissent,sed</strong></span> 
     </span>
    </p>
   </div>
   <div class='ocr_carea' id='block_1_10' title="bbox 163 392 989 429">
    <p class='ocr_par' dir='ltr' id='par_1_10' title="bbox 163 392 989 429">
     <span class='ocr_line' id='line_1_10' title="bbox 163 392 989 429; baseline -0.004 -8"><span class='ocrx_word' id='word_1_50' title='bbox 163 392 253 421; x_wconf 83' lang='lat' dir='ltr'><strong>veluti</strong></span> <span class='ocrx_word' id='word_1_51' title='bbox 267 393 298 421; x_wconf 92' lang='lat' dir='ltr'><strong>in</strong></span> <span class='ocrx_word' id='word_1_52' title='bbox 314 401 422 429; x_wconf 84' lang='lat' dir='ltr'><strong>magna</strong></span> <span class='ocrx_word' id='word_1_53' title='bbox 437 392 536 429; x_wconf 82' lang='lat' dir='ltr'><strong>aliqua</strong></span> <span class='ocrx_word' id='word_1_54' title='bbox 552 392 678 421; x_wconf 75' lang='lat' dir='ltr'><strong>civitatis</strong></span> <span class='ocrx_word' id='word_1_55' title='bbox 694 392 860 420; x_wconf 75' lang='lat' dir='ltr'><strong>calamitate</strong></span> <span class='ocrx_word' id='word_1_56' title='bbox 884 399 989 419; x_wconf 62' lang='lat' dir='ltr'><strong>maere-</strong></span> 
     </span>
    </p>
   </div>
   <div class='ocr_carea' id='block_1_11' title="bbox 163 434 989 473">
    <p class='ocr_par' dir='ltr' id='par_1_11' title="bbox 163 434 989 473">
     <span class='ocr_line' id='line_1_11' title="bbox 163 434 989 473; baseline -0.005 -7"><span class='ocrx_word' id='word_1_57' title='bbox 163 439 244 472; x_wconf 86' lang='lat' dir='ltr'><strong>rent;</strong></span> <span class='ocrx_word' id='word_1_58' title='bbox 270 445 397 473; x_wconf 90' lang='lat' dir='ltr'><strong>cumque</strong></span> <span class='ocrx_word' id='word_1_59' title='bbox 422 446 499 465; x_wconf 89' lang='lat' dir='ltr'><strong>unus</strong></span> <span class='ocrx_word' id='word_1_60' title='bbox 523 446 624 465; x_wconf 88' lang='lat' dir='ltr'><strong>eorum</strong></span> <span class='ocrx_word' id='word_1_61' title='bbox 652 436 876 473; x_wconf 86' lang='lat' dir='ltr'><strong>respondisset:</strong></span> <span class='ocrx_word' id='word_1_62' title='bbox 893 447 906 461; x_wconf 79' lang='lat'><strong>«</strong></span> <span class='ocrx_word' id='word_1_63' title='bbox 924 434 989 463; x_wconf 86' lang='lat' dir='ltr'><strong>Tibi</strong></span> 
     </span>
    </p>
   </div>
   <div class='ocr_carea' id='block_1_12' title="bbox 147 479 989 518">
    <p class='ocr_par' dir='ltr' id='par_1_12' title="bbox 147 479 989 518">
     <span class='ocr_line' id='line_1_12' title="bbox 147 479 989 518; baseline -0.007 -5"><span class='ocrx_word' id='word_1_64' title='bbox 147 482 292 518; x_wconf 75' lang='lat' dir='ltr'><strong>.quidem.</strong></span> <span class='ocrx_word' id='word_1_65' title='bbox 309 482 439 515; x_wconf 80' lang='lat' dir='ltr'><strong>domine,</strong></span> <span class='ocrx_word' id='word_1_66' title='bbox 455 484 484 510; x_wconf 89' lang='lat' dir='ltr'><strong>et</strong></span> <span class='ocrx_word' id='word_1_67' title='bbox 498 481 535 509; x_wconf 93' lang='lat' dir='ltr'><strong>iis</strong></span> <span class='ocrx_word' id='word_1_68' title='bbox 550 481 600 517; x_wconf 89' lang='lat' dir='ltr'><strong>qui</strong></span> <span class='ocrx_word' id='word_1_69' title='bbox 624 481 678 509; x_wconf 83' lang='lat' dir='ltr'><strong>tibi</strong></span> <span class='ocrx_word' id='word_1_70' title='bbox 703 482 811 514; x_wconf 79' lang='lat' dir='ltr'><strong>astant,</strong></span> <span class='ocrx_word' id='word_1_71' title='bbox 837 479 989 517; x_wconf 85' lang='lat' dir='ltr'><strong>splendide</strong></span> 
     </span>
    </p>
   </div>
   <div class='ocr_carea' id='block_1_13' title="bbox 159 525 988 558">
    <p class='ocr_par' dir='ltr' id='par_1_13' title="bbox 159 525 988 558">
     <span class='ocr_line' id='line_1_13' title="bbox 159 525 988 558; baseline -0.005 -2"><span class='ocrx_word' id='word_1_72' title='bbox 159 526 259 556; x_wconf 83' lang='lat' dir='ltr'><strong>vestiri</strong></span> <span class='ocrx_word' id='word_1_73' title='bbox 269 529 298 555; x_wconf 86' lang='lat' dir='ltr'><strong>et</strong></span> <span class='ocrx_word' id='word_1_74' title='bbox 309 526 400 554; x_wconf 64' lang='lat' dir='ltr'><strong>laetari</strong></span> <span class='ocrx_word' id='word_1_75' title='bbox 412 526 547 555; x_wconf 85' lang='lat' dir='ltr'><strong>convenit</strong></span> <span class='ocrx_word' id='word_1_76' title='bbox 560 535 566 554; x_wconf 75' lang='grc' dir='ltr'>ί</span> <span class='ocrx_word' id='word_1_77' title='bbox 579 534 638 554; x_wconf 93' lang='lat' dir='ltr'><strong>non</strong></span> <span class='ocrx_word' id='word_1_78' title='bbox 654 526 724 553; x_wconf 82' lang='lat' dir='ltr'><strong>item</strong></span> <span class='ocrx_word' id='word_1_79' title='bbox 736 534 785 554; x_wconf 88' lang='lat' dir='ltr'><strong>eos</strong></span> <span class='ocrx_word' id='word_1_80' title='bbox 797 525 858 553; x_wconf 66' lang='lat' dir='ltr'><strong>haec</strong></span> <span class='ocrx_word' id='word_1_81' title='bbox 874 526 988 558; x_wconf 85' lang='lat' dir='ltr'><strong>decent,</strong></span> 
     </span>
    </p>
   </div>
   <div class='ocr_carea' id='block_1_14' title="bbox 160 569 988 607">
    <p class='ocr_par' dir='ltr' id='par_1_14' title="bbox 160 569 988 607">
     <span class='ocr_line' id='line_1_14' title="bbox 160 569 988 607; baseline -0.004 -8"><span class='ocrx_word' id='word_1_82' title='bbox 160 571 210 607; x_wconf 86' lang='lat' dir='ltr'><strong>qui</strong></span> <span class='ocrx_word' id='word_1_83' title='bbox 223 571 252 599; x_wconf 90' lang='lat' dir='ltr'><strong>in</strong></span> <span class='ocrx_word' id='word_1_84' title='bbox 264 570 433 599; x_wconf 90' lang='lat' dir='ltr'><strong>discrimine</strong></span> <span class='ocrx_word' id='word_1_85' title='bbox 444 571 547 598; x_wconf 87' lang='lat' dir='ltr'><strong>mortis</strong></span> <span class='ocrx_word' id='word_1_86' title='bbox 558 569 904 598; x_wconf 84' lang='lat' dir='ltr'><strong>suntconstituti.Videre</strong></span> <span class='ocrx_word' id='word_1_87' title='bbox 911 569 988 597; x_wconf 88' lang='lat' dir='ltr'><strong>enim</strong></span> 
     </span>
    </p>
   </div>
   <div class='ocr_carea' id='block_1_15' title="bbox 160 614 988 652">
    <p class='ocr_par' dir='ltr' id='par_1_15' title="bbox 160 614 988 652">
     <span class='ocr_line' id='line_1_15' title="bbox 160 614 988 652; baseline -0.002 -9"><span class='ocrx_word' id='word_1_88' title='bbox 160 616 295 652; x_wconf 84' lang='lat' dir='ltr'><strong>ignorare</strong></span> <span class='ocrx_word' id='word_1_89' title='bbox 309 616 345 644; x_wconf 89' lang='lat' dir='ltr'><strong>ob</strong></span> <span class='ocrx_word' id='word_1_90' title='bbox 358 618 512 643; x_wconf 75' lang='lat' dir='ltr'><strong>ventorum</strong></span> <span class='ocrx_word' id='word_1_91' title='bbox 539 615 727 651; x_wconf 76' lang='lat' dir='ltr'><strong>asperitatem</strong></span> <span class='ocrx_word' id='word_1_92' title='bbox 751 615 824 642; x_wconf 88' lang='lat' dir='ltr'><strong>duos</strong></span> <span class='ocrx_word' id='word_1_93' title='bbox 849 614 988 642; x_wconf 80' lang='lat' dir='ltr'><strong>frumenti</strong></span> 
     </span>
    </p>
   </div>
   <div class='ocr_carea' id='block_1_16' title="bbox 162 658 989 694">
    <p class='ocr_par' dir='ltr' id='par_1_16' title="bbox 162 658 989 694">
     <span class='ocr_line' id='line_1_16' title="bbox 162 658 989 694; baseline -0.004 -6"><span class='ocrx_word' id='word_1_94' title='bbox 162 660 276 688; x_wconf 82' lang='lat' dir='ltr'><strong>modios</strong></span> <span class='ocrx_word' id='word_1_95' title='bbox 291 668 378 688; x_wconf 86' lang='lat' dir='ltr'><strong>aureo</strong></span> <span class='ocrx_word' id='word_1_96' title='bbox 395 668 515 687; x_wconf 89' lang='lat' dir='ltr'><strong>nummo</strong></span> <span class='ocrx_word' id='word_1_97' title='bbox 531 659 627 693; x_wconf 87' lang='lat' dir='ltr'><strong>vendi,</strong></span> <span class='ocrx_word' id='word_1_98' title='bbox 645 670 659 684; x_wconf 84' lang='lat'><em>»</em></span> <span class='ocrx_word' id='word_1_99' title='bbox 675 659 730 687; x_wconf 85' lang='lat' dir='ltr'><strong>hac</strong></span> <span class='ocrx_word' id='word_1_100' title='bbox 744 667 812 687; x_wconf 89' lang='lat' dir='ltr'><strong>voce</strong></span> <span class='ocrx_word' id='word_1_101' title='bbox 827 658 927 686; x_wconf 82' lang='lat' dir='ltr'><strong>audita</strong></span> <span class='ocrx_word' id='word_1_102' title='bbox 942 666 989 694; x_wconf 84' lang='lat' dir='ltr'><strong>ge-</strong></span> 
     </span>
    </p>
   </div>
   <div class='ocr_carea' id='block_1_17' title="bbox 163 703 988 740">
    <p class='ocr_par' dir='ltr' id='par_1_17' title="bbox 163 703 988 740">
     <span class='ocr_line' id='line_1_17' title="bbox 163 703 988 740; baseline -0.002 -7"><span class='ocrx_word' id='word_1_103' title='bbox 163 705 270 733; x_wconf 89' lang='lat' dir='ltr'><strong>mitum</strong></span> <span class='ocrx_word' id='word_1_104' title='bbox 285 713 319 733; x_wconf 85' lang='lat' dir='ltr'><strong>ex</strong></span> <span class='ocrx_word' id='word_1_105' title='bbox 335 705 394 733; x_wconf 91' lang='lat' dir='ltr'><strong>imo</strong></span> <span class='ocrx_word' id='word_1_106' title='bbox 411 704 493 732; x_wconf 82' lang='lat' dir='ltr'><strong>duxit</strong></span> <span class='ocrx_word' id='word_1_107' title='bbox 508 705 666 739; x_wconf 85' lang='lat' dir='ltr'><strong>pectore,et</strong></span> <span class='ocrx_word' id='word_1_108' title='bbox 681 704 832 732; x_wconf 82' lang='lat' dir='ltr'><strong>miseratio</strong></span> <span class='ocrx_word' id='word_1_109' title='bbox 842 703 988 740; x_wconf 80' lang='lat' dir='ltr'><strong>lacrymas</strong></span> 
     </span>
    </p>
   </div>
   <div class='ocr_carea' id='block_1_18' title="bbox 168 747 986 786">
    <p class='ocr_par' dir='ltr' id='par_1_18' title="bbox 168 747 986 786">
     <span class='ocr_line' id='line_1_18' title="bbox 168 747 986 786; baseline -0.004 -8"><span class='ocrx_word' id='word_1_110' title='bbox 168 750 195 778; x_wconf 90' lang='lat' dir='ltr'><strong>ei</strong></span> <span class='ocrx_word' id='word_1_111' title='bbox 223 749 377 786; x_wconf 72' lang='lat' dir='ltr'><strong>expressit,</strong></span> <span class='ocrx_word' id='word_1_112' title='bbox 403 748 634 784; x_wconf 78' lang='lat' dir='ltr'><strong>consolatusque</strong></span> <span class='ocrx_word' id='word_1_113' title='bbox 656 756 717 783; x_wconf 81' lang='lat' dir='ltr'><strong>eos,</strong></span> <span class='ocrx_word' id='word_1_114' title='bbox 740 751 773 776; x_wconf 91' lang='lat' dir='ltr'><strong>ut</strong></span> <span class='ocrx_word' id='word_1_115' title='bbox 797 748 827 776; x_wconf 87' lang='lat' dir='ltr'><strong>in</strong></span> <span class='ocrx_word' id='word_1_116' title='bbox 844 747 986 784; x_wconf 81' lang='lat' dir='ltr'><strong>palatium</strong></span> 
     </span>
    </p>
   </div>
   <div class='ocr_carea' id='block_1_19' title="bbox 164 792 987 830">
    <p class='ocr_par' dir='ltr' id='par_1_19' title="bbox 164 792 987 830">
     <span class='ocr_line' id='line_1_19' title="bbox 164 792 987 830; baseline -0.002 -8"><span class='ocrx_word' id='word_1_117' title='bbox 164 794 264 828; x_wconf 82' lang='lat' dir='ltr'><strong>rediit,</strong></span> <span class='ocrx_word' id='word_1_118' title='bbox 288 795 460 822; x_wconf 82' lang='lat' dir='ltr'><strong>convocatos</strong></span> <span class='ocrx_word' id='word_1_119' title='bbox 488 793 595 830; x_wconf 82' lang='lat' dir='ltr'><strong>quibus</strong></span> <span class='ocrx_word' id='word_1_120' title='bbox 627 793 723 821; x_wconf 89' lang='lat' dir='ltr'><strong>civilia</strong></span> <span class='ocrx_word' id='word_1_121' title='bbox 746 795 775 821; x_wconf 88' lang='lat' dir='ltr'><strong>et</strong></span> <span class='ocrx_word' id='word_1_122' title='bbox 799 792 987 828; x_wconf 87' lang='lat' dir='ltr'><strong>imperatoria</strong></span> 
     </span>
    </p>
   </div>
   <div class='ocr_carea' id='block_1_20' title="bbox 164 837 985 876">
    <p class='ocr_par' dir='ltr' id='par_1_20' title="bbox 164 837 985 876">
     <span class='ocr_line' id='line_1_20' title="bbox 164 837 985 876; baseline -0.002 -9"><span class='ocrx_word' id='word_1_123' title='bbox 164 839 281 876; x_wconf 82' lang='lat' dir='ltr'><strong>negotia</strong></span> <span class='ocrx_word' id='word_1_124' title='bbox 295 837 666 872; x_wconf 84' lang='lat' dir='ltr'><strong>commendaverat,multis</strong></span> <span class='ocrx_word' id='word_1_125' title='bbox 681 840 726 866; x_wconf 87' lang='lat' dir='ltr'><strong>est</strong></span> <span class='ocrx_word' id='word_1_126' title='bbox 740 837 901 866; x_wconf 82' lang='lat' dir='ltr'><strong>insectatus</strong></span> <span class='ocrx_word' id='word_1_127' title='bbox 915 845 985 866; x_wconf 90' lang='lat' dir='ltr'><strong>con-</strong></span> 
     </span>
    </p>
   </div>
   <div class='ocr_carea' id='block_1_21' title="bbox 160 883 985 919">
    <p class='ocr_par' dir='ltr' id='par_1_21' title="bbox 160 883 985 919">
     <span class='ocr_line' id='line_1_21' title="bbox 160 883 985 919; baseline -0.004 -7"><span class='ocrx_word' id='word_1_128' title='bbox 160 883 243 912; x_wconf 89' lang='lat' dir='ltr'><strong>viciis</strong></span> <span class='ocrx_word' id='word_1_129' title='bbox 260 884 491 919; x_wconf 83' lang='lat' dir='ltr'><strong>detestatusque,</strong></span> <span class='ocrx_word' id='word_1_130' title='bbox 509 883 586 919; x_wconf 89' lang='lat' dir='ltr'><strong>quod</strong></span> <span class='ocrx_word' id='word_1_131' title='bbox 603 883 638 910; x_wconf 89' lang='lat' dir='ltr'><strong>de</strong></span> <span class='ocrx_word' id='word_1_132' title='bbox 663 883 782 910; x_wconf 87' lang='lat' dir='ltr'><strong>caritate</strong></span> <span class='ocrx_word' id='word_1_133' title='bbox 807 890 929 910; x_wconf 65' lang='lat' dir='ltr'><strong>annona:</strong></span> <span class='ocrx_word' id='word_1_134' title='bbox 954 889 985 909; x_wconf 89' lang='lat' dir='ltr'><strong>se</strong></span> 
     </span>
    </p>
   </div>
   <div class='ocr_carea' id='block_1_22' title="bbox 160 927 985 963">
    <p class='ocr_par' dir='ltr' id='par_1_22' title="bbox 160 927 985 963">
     <span class='ocr_line' id='line_1_22' title="bbox 160 927 985 963; baseline -0.002 -7"><span class='ocrx_word' id='word_1_135' title='bbox 160 937 218 956; x_wconf 91' lang='lat' dir='ltr'><strong>non</strong></span> <span class='ocrx_word' id='word_1_136' title='bbox 243 928 381 956; x_wconf 80' lang='lat' dir='ltr'><strong>fecissent</strong></span> <span class='ocrx_word' id='word_1_137' title='bbox 397 927 560 956; x_wconf 82' lang='lat' dir='ltr'><strong>certiorem.</strong></span> <span class='ocrx_word' id='word_1_138' title='bbox 576 927 739 963; x_wconf 84' lang='lat' dir='ltr'><strong>Statimque</strong></span> <span class='ocrx_word' id='word_1_139' title='bbox 754 934 858 954; x_wconf 90' lang='lat' dir='ltr'><strong>venum</strong></span> <span class='ocrx_word' id='word_1_140' title='bbox 879 934 985 962; x_wconf 90' lang='lat' dir='ltr'><strong>propo-</strong></span> 
     </span>
    </p>
   </div>
   <div class='ocr_carea' id='block_1_23' title="bbox 159 971 985 1008">
    <p class='ocr_par' dir='ltr' id='par_1_23' title="bbox 159 971 985 1008">
     <span class='ocr_line' id='line_1_23' title="bbox 159 971 985 1008; baseline -0.002 -8"><span class='ocrx_word' id='word_1_141' title='bbox 159 973 215 1000; x_wconf 85' lang='lat' dir='ltr'><strong>sito</strong></span> <span class='ocrx_word' id='word_1_142' title='bbox 231 973 308 1001; x_wconf 75' lang='lat'><strong>374</strong></span> <span class='ocrx_word' id='word_1_143' title='bbox 324 980 377 1001; x_wconf 89' lang='lat' dir='ltr'><strong>suo</strong></span> <span class='ocrx_word' id='word_1_144' title='bbox 390 974 418 1000; x_wconf 87' lang='lat' dir='ltr'><strong>et</strong></span> <span class='ocrx_word' id='word_1_145' title='bbox 433 971 551 1008; x_wconf 90' lang='lat' dir='ltr'><strong>publico</strong></span> <span class='ocrx_word' id='word_1_146' title='bbox 566 972 724 1007; x_wconf 85' lang='lat' dir='ltr'><strong>frumento,</strong></span> <span class='ocrx_word' id='word_1_147' title='bbox 745 971 900 999; x_wconf 87' lang='lat' dir='ltr'><strong>duodecim</strong></span> <span class='ocrx_word' id='word_1_148' title='bbox 925 979 985 999; x_wconf 92' lang='lat' dir='ltr'><strong>mo-</strong></span> 
     </span>
    </p>
   </div>
   <div class='ocr_carea' id='block_1_24' title="bbox 159 1015 985 1052">
    <p class='ocr_par' dir='ltr' id='par_1_24' title="bbox 159 1015 985 1052">
     <span class='ocr_line' id='line_1_24' title="bbox 159 1015 985 1052; baseline -0.002 -8"><span class='ocrx_word' id='word_1_149' title='bbox 159 1018 223 1045; x_wconf 89' lang='lat' dir='ltr'><strong>dios</strong></span> <span class='ocrx_word' id='word_1_150' title='bbox 238 1025 326 1045; x_wconf 87' lang='lat' dir='ltr'><strong>aureo</strong></span> <span class='ocrx_word' id='word_1_151' title='bbox 345 1016 540 1052; x_wconf 84' lang='lat' dir='ltr'><strong>vendijussit.</strong></span> <span class='ocrx_word' id='word_1_152' title='bbox 558 1016 639 1048; x_wconf 88' lang='lat' dir='ltr'><strong>Quod</strong></span> <span class='ocrx_word' id='word_1_153' title='bbox 655 1016 719 1051; x_wconf 81' lang='lat' dir='ltr'><strong>ejus</strong></span> <span class='ocrx_word' id='word_1_154' title='bbox 733 1016 842 1044; x_wconf 80' lang='lat' dir='ltr'><strong>factum</strong></span> <span class='ocrx_word' id='word_1_155' title='bbox 859 1015 985 1051; x_wconf 81' lang='lat' dir='ltr'><strong>probans</strong></span> 
     </span>
    </p>
   </div>
   <div class='ocr_carea' id='block_1_25' title="bbox 160 1059 985 1096">
    <p class='ocr_par' dir='ltr' id='par_1_25' title="bbox 160 1059 985 1096">
     <span class='ocr_line' id='line_1_25' title="bbox 160 1059 985 1096; baseline -0.004 -7"><span class='ocrx_word' id='word_1_156' title='bbox 160 1064 237 1089; x_wconf 85' lang='lat' dir='ltr'><strong>Deus</strong></span> <span class='ocrx_word' id='word_1_157' title='bbox 254 1061 437 1089; x_wconf 76' lang='lat' dir='ltr'><strong>fertilitatem</strong></span> <span class='ocrx_word' id='word_1_158' title='bbox 452 1063 497 1088; x_wconf 85' lang='lat' dir='ltr'><strong>est</strong></span> <span class='ocrx_word' id='word_1_159' title='bbox 512 1060 645 1096; x_wconf 84' lang='lat' dir='ltr'><strong>largitus.</strong></span> <span class='ocrx_word' id='word_1_160' title='bbox 658 1063 754 1095; x_wconf 83' lang='lat' dir='ltr'><strong>Atque</strong></span> <span class='ocrx_word' id='word_1_161' title='bbox 769 1060 830 1088; x_wconf 67' lang='lat' dir='ltr'><strong>haec</strong></span> <span class='ocrx_word' id='word_1_162' title='bbox 845 1059 985 1087; x_wconf 86' lang='lat' dir='ltr'><strong>laudandi</strong></span> 
     </span>
    </p>
   </div>
   <div class='ocr_carea' id='block_1_26' title="bbox 160 1104 986 1142">
    <p class='ocr_par' dir='ltr' id='par_1_26' title="bbox 160 1104 986 1142">
     <span class='ocr_line' id='line_1_26' title="bbox 160 1104 986 1142; baseline -0.004 -8"><span class='ocrx_word' id='word_1_163' title='bbox 160 1105 258 1134; x_wconf 81' lang='lat' dir='ltr'><strong>Basilii</strong></span> <span class='ocrx_word' id='word_1_164' title='bbox 273 1105 368 1142; x_wconf 84' lang='lat' dir='ltr'><strong>gratia</strong></span> <span class='ocrx_word' id='word_1_165' title='bbox 393 1105 460 1133; x_wconf 83' lang='lat' dir='ltr'><strong>dixi.</strong></span> <span class='ocrx_word' id='word_1_166' title='bbox 484 1106 519 1132; x_wconf 83' lang='lat' dir='ltr'><strong>At</strong></span> <span class='ocrx_word' id='word_1_167' title='bbox 542 1113 610 1133; x_wconf 89' lang='lat' dir='ltr'><strong>vero</strong></span> <span class='ocrx_word' id='word_1_168' title='bbox 635 1105 815 1140; x_wconf 88' lang='lat' dir='ltr'><strong>Nicephorus</strong></span> <span class='ocrx_word' id='word_1_169' title='bbox 840 1104 986 1140; x_wconf 82' lang='lat' dir='ltr'><strong>gaudebat</strong></span> 
     </span>
    </p>
   </div>
   <div class='ocr_carea' id='block_1_27' title="bbox 160 1149 986 1187">
    <p class='ocr_par' dir='ltr' id='par_1_27' title="bbox 160 1149 986 1187">
     <span class='ocr_line' id='line_1_27' title="bbox 160 1149 986 1187; baseline -0.004 -8"><span class='ocrx_word' id='word_1_170' title='bbox 160 1152 258 1187; x_wconf 86' lang='lat' dir='ltr'><strong>potius</strong></span> <span class='ocrx_word' id='word_1_171' title='bbox 271 1150 361 1186; x_wconf 83' lang='lat' dir='ltr'><strong>afﬂigi</strong></span> <span class='ocrx_word' id='word_1_172' title='bbox 373 1159 495 1178; x_wconf 86' lang='lat' dir='ltr'><strong>cernens</strong></span> <span class='ocrx_word' id='word_1_173' title='bbox 506 1150 641 1178; x_wconf 89' lang='lat' dir='ltr'><strong>subditos</strong></span> <span class='ocrx_word' id='word_1_174' title='bbox 652 1158 741 1185; x_wconf 91' lang='lat' dir='ltr'><strong>quam</strong></span> <span class='ocrx_word' id='word_1_175' title='bbox 753 1149 825 1177; x_wconf 87' lang='lat' dir='ltr'><strong>utiis</strong></span> <span class='ocrx_word' id='word_1_176' title='bbox 836 1156 986 1177; x_wconf 87' lang='lat' dir='ltr'><strong>succurre-</strong></span> 
     </span>
    </p>
   </div>
   <div class='ocr_carea' id='block_1_28' title="bbox 160 1194 984 1231">
    <p class='ocr_par' dir='ltr' id='par_1_28' title="bbox 160 1194 984 1231">
     <span class='ocr_line' id='line_1_28' title="bbox 160 1194 984 1231; baseline -0.002 -8"><span class='ocrx_word' id='word_1_177' title='bbox 160 1198 213 1223; x_wconf 85' lang='lat' dir='ltr'><strong>ret.</strong></span> <span class='ocrx_word' id='word_1_178' title='bbox 230 1196 369 1231; x_wconf 89' lang='lat' dir='ltr'><strong>ldemque</strong></span> <span class='ocrx_word' id='word_1_179' title='bbox 385 1195 509 1223; x_wconf 79' lang='lat' dir='ltr'><strong>faciebat</strong></span> <span class='ocrx_word' id='word_1_180' title='bbox 524 1195 578 1222; x_wconf 91' lang='lat' dir='ltr'><strong>Leo</strong></span> <span class='ocrx_word' id='word_1_181' title='bbox 595 1195 684 1222; x_wconf 82' lang='lat' dir='ltr'><strong>frater</strong></span> <span class='ocrx_word' id='word_1_182' title='bbox 703 1194 797 1230; x_wconf 88' lang='lat' dir='ltr'><strong>ipsius</strong></span> <span class='ocrx_word' id='word_1_183' title='bbox 815 1202 984 1230; x_wconf 86' lang='lat' dir='ltr'><strong>cauponan-</strong></span> 
     </span>
    </p>
   </div>
   <div class='ocr_carea' id='block_1_29' title="bbox 159 1237 984 1272">
    <p class='ocr_par' dir='ltr' id='par_1_29' title="bbox 159 1237 984 1272">
     <span class='ocr_line' id='line_1_29' title="bbox 159 1237 984 1272; baseline -0.004 -4"><span class='ocrx_word' id='word_1_184' title='bbox 159 1240 239 1268; x_wconf 84' lang='lat' dir='ltr'><strong>tibus</strong></span> <span class='ocrx_word' id='word_1_185' title='bbox 255 1247 403 1268; x_wconf 85' lang='lat' dir='ltr'><strong>annonam</strong></span> <span class='ocrx_word' id='word_1_186' title='bbox 419 1242 446 1267; x_wconf 87' lang='lat' dir='ltr'><strong>et</strong></span> <span class='ocrx_word' id='word_1_187' title='bbox 461 1247 573 1266; x_wconf 87' lang='lat' dir='ltr'><strong>merces</strong></span> <span class='ocrx_word' id='word_1_188' title='bbox 589 1238 762 1266; x_wconf 87' lang='lat' dir='ltr'><strong>mulieribus</strong></span> <span class='ocrx_word' id='word_1_189' title='bbox 777 1246 809 1266; x_wconf 85' lang='lat' dir='ltr'><strong>se</strong></span> <span class='ocrx_word' id='word_1_190' title='bbox 821 1237 984 1272; x_wconf 87' lang='lat' dir='ltr'><strong>dans,mul-</strong></span> 
     </span>
    </p>
   </div>
   <div class='ocr_carea' id='block_1_30' title="bbox 158 1282 982 1321">
    <p class='ocr_par' dir='ltr' id='par_1_30' title="bbox 158 1282 982 1321">
     <span class='ocr_line' id='line_1_30' title="bbox 158 1282 982 1321; baseline -0.002 -9"><span class='ocrx_word' id='word_1_191' title='bbox 158 1285 254 1321; x_wconf 85' lang='lat' dir='ltr'><strong>tisque</strong></span> <span class='ocrx_word' id='word_1_192' title='bbox 279 1287 308 1312; x_wconf 89' lang='lat' dir='ltr'><strong>et</strong></span> <span class='ocrx_word' id='word_1_193' title='bbox 330 1284 419 1312; x_wconf 86' lang='lat' dir='ltr'><strong>variis</strong></span> <span class='ocrx_word' id='word_1_194' title='bbox 441 1283 528 1311; x_wconf 90' lang='lat' dir='ltr'><strong>malis</strong></span> <span class='ocrx_word' id='word_1_195' title='bbox 553 1284 653 1311; x_wconf 86' lang='lat' dir='ltr'><strong>orbem</strong></span> <span class='ocrx_word' id='word_1_196' title='bbox 676 1285 820 1311; x_wconf 84' lang='lat' dir='ltr'><strong>terrarum</strong></span> <span class='ocrx_word' id='word_1_197' title='bbox 844 1282 982 1318; x_wconf 88' lang='lat' dir='ltr'><strong>implens.</strong></span> 
     </span>
    </p>
   </div>
   <div class='ocr_carea' id='block_1_31' title="bbox 157 1327 982 1365">
    <p class='ocr_par' dir='ltr' id='par_1_31' title="bbox 157 1327 982 1365">
     <span class='ocr_line' id='line_1_31' title="bbox 157 1327 982 1365; baseline -0.002 -8"><span class='ocrx_word' id='word_1_198' title='bbox 157 1329 253 1365; x_wconf 84' lang='lat' dir='ltr'><strong>Turpe</strong></span> <span class='ocrx_word' id='word_1_199' title='bbox 267 1328 386 1357; x_wconf 91' lang='lat' dir='ltr'><strong>illorum</strong></span> <span class='ocrx_word' id='word_1_200' title='bbox 402 1330 532 1364; x_wconf 77' lang='lat' dir='ltr'><strong>quaastus</strong></span> <span class='ocrx_word' id='word_1_201' title='bbox 549 1327 682 1356; x_wconf 86' lang='lat' dir='ltr'><strong>studium</strong></span> <span class='ocrx_word' id='word_1_202' title='bbox 699 1328 790 1356; x_wconf 88' lang='lat' dir='ltr'><strong>facete</strong></span> <span class='ocrx_word' id='word_1_203' title='bbox 812 1327 888 1355; x_wconf 81' lang='lat' dir='ltr'><strong>cives</strong></span> <span class='ocrx_word' id='word_1_204' title='bbox 913 1327 982 1355; x_wconf 87' lang='lat' dir='ltr'><strong>sub-</strong></span> 
     </span>
    </p>
   </div>
   <div class='ocr_carea' id='block_1_32' title="bbox 157 1371 982 1407">
    <p class='ocr_par' dir='ltr' id='par_1_32' title="bbox 157 1371 982 1407">
     <span class='ocr_line' id='line_1_32' title="bbox 157 1371 982 1407; baseline -0.004 -5"><span class='ocrx_word' id='word_1_205' title='bbox 157 1376 368 1403; x_wconf 81' lang='lat' dir='ltr'><strong>sannaverunt.</strong></span> <span class='ocrx_word' id='word_1_206' title='bbox 403 1373 477 1401; x_wconf 86' lang='lat' dir='ltr'><strong>Nam</strong></span> <span class='ocrx_word' id='word_1_207' title='bbox 511 1381 578 1400; x_wconf 91' lang='lat' dir='ltr'><strong>cum</strong></span> <span class='ocrx_word' id='word_1_208' title='bbox 612 1372 772 1407; x_wconf 82' lang='lat' dir='ltr'><strong>aliquando</strong></span> <span class='ocrx_word' id='word_1_209' title='bbox 805 1372 841 1400; x_wconf 86' lang='lat' dir='ltr'><strong>ad</strong></span> <span class='ocrx_word' id='word_1_210' title='bbox 873 1371 982 1400; x_wconf 84' lang='lat' dir='ltr'><strong>milites</strong></span> 
     </span>
    </p>
   </div>
   <div class='ocr_carea' id='block_1_33' title="bbox 157 1417 982 1453">
    <p class='ocr_par' dir='ltr' id='par_1_33' title="bbox 157 1417 982 1453">
     <span class='ocr_line' id='line_1_33' title="bbox 157 1417 982 1453; baseline -0.004 -6"><span class='ocrx_word' id='word_1_211' title='bbox 157 1418 334 1448; x_wconf 80' lang='lat' dir='ltr'><strong>exercendus</strong></span> <span class='ocrx_word' id='word_1_212' title='bbox 348 1418 378 1445; x_wconf 91' lang='lat' dir='ltr'><strong>in</strong></span> <span class='ocrx_word' id='word_1_213' title='bbox 395 1425 532 1453; x_wconf 85' lang='lat' dir='ltr'><strong>campum</strong></span> <span class='ocrx_word' id='word_1_214' title='bbox 549 1425 723 1453; x_wconf 85' lang='lat' dir='ltr'><strong>progressus</strong></span> <span class='ocrx_word' id='word_1_215' title='bbox 738 1417 896 1452; x_wconf 85' lang='lat' dir='ltr'><strong>imperator</strong></span> <span class='ocrx_word' id='word_1_216' title='bbox 909 1424 982 1444; x_wconf 88' lang='lat' dir='ltr'><strong>cano</strong></span> 
     </span>
    </p>
   </div>
   <div class='ocr_carea' id='block_1_34' title="bbox 157 1461 983 1499">
    <p class='ocr_par' dir='ltr' id='par_1_34' title="bbox 157 1461 983 1499">
     <span class='ocr_line' id='line_1_34' title="bbox 157 1461 983 1499; baseline -0.004 -8"><span class='ocrx_word' id='word_1_217' title='bbox 157 1463 287 1499; x_wconf 85' lang='lat' dir='ltr'><strong>cuidam,</strong></span> <span class='ocrx_word' id='word_1_218' title='bbox 303 1462 352 1498; x_wconf 90' lang='lat' dir='ltr'><strong>qui</strong></span> <span class='ocrx_word' id='word_1_219' title='bbox 363 1462 439 1490; x_wconf 86' lang='lat' dir='ltr'><strong>inter</strong></span> <span class='ocrx_word' id='word_1_220' title='bbox 450 1461 559 1489; x_wconf 89' lang='lat' dir='ltr'><strong>milites</strong></span> <span class='ocrx_word' id='word_1_221' title='bbox 570 1470 602 1489; x_wconf 87' lang='lat' dir='ltr'><strong>se</strong></span> <span class='ocrx_word' id='word_1_222' title='bbox 612 1461 718 1489; x_wconf 84' lang='lat' dir='ltr'><strong>ascribi</strong></span> <span class='ocrx_word' id='word_1_223' title='bbox 732 1461 858 1497; x_wconf 84' lang='lat' dir='ltr'><strong>petebat,</strong></span> <span class='ocrx_word' id='word_1_224' title='bbox 874 1461 983 1488; x_wconf 88' lang='lat' dir='ltr'><strong>diceret</strong></span> 
     </span>
    </p>
   </div>
   <div class='ocr_carea' id='block_1_35' title="bbox 157 1505 982 1544">
    <p class='ocr_par' dir='ltr' id='par_1_35' title="bbox 157 1505 982 1544">
     <span class='ocr_line' id='line_1_35' title="bbox 157 1505 982 1544; baseline -0.004 -8"><span class='ocrx_word' id='word_1_225' title='bbox 157 1507 265 1544; x_wconf 85' lang='lat' dir='ltr'><strong>ecquid</strong></span> <span class='ocrx_word' id='word_1_226' title='bbox 279 1507 368 1535; x_wconf 91' lang='lat' dir='ltr'><strong>homo</strong></span> <span class='ocrx_word' id='word_1_227' title='bbox 383 1515 475 1535; x_wconf 88' lang='lat' dir='ltr'><strong>canus</strong></span> <span class='ocrx_word' id='word_1_228' title='bbox 490 1506 519 1534; x_wconf 88' lang='lat' dir='ltr'><strong>in</strong></span> <span class='ocrx_word' id='word_1_229' title='bbox 536 1506 671 1534; x_wconf 85' lang='lat' dir='ltr'><strong>militiam</strong></span> <span class='ocrx_word' id='word_1_230' title='bbox 689 1505 774 1542; x_wconf 86' lang='lat' dir='ltr'><strong>allegi</strong></span> <span class='ocrx_word' id='word_1_231' title='bbox 790 1507 982 1542; x_wconf 86' lang='lat' dir='ltr'><strong>peteret,apte</strong></span> 
     </span>
    </p>
   </div>
   <div class='ocr_carea' id='block_1_36' title="bbox 1044 210 1870 252">
    <p class='ocr_par' dir='ltr' id='par_1_36' title="bbox 1044 210 1870 252">
     <span class='ocr_line' id='line_1_36' title="bbox 1044 210 1870 252; baseline 0.006 -15"><span class='ocrx_word' id='word_1_232' title='bbox 1044 211 1232 248; x_wconf 84' lang='grc' dir='ltr'>κατωρθωκὼς</span> <span class='ocrx_word' id='word_1_233' title='bbox 1261 210 1302 239; x_wconf 73' lang='grc' dir='ltr'>δτι</span> <span class='ocrx_word' id='word_1_234' title='bbox 1333 210 1430 248; x_wconf 86' lang='grc' dir='ltr'>μοδίου</span> <span class='ocrx_word' id='word_1_235' title='bbox 1453 214 1493 248; x_wconf 85' lang='grc' dir='ltr'>τῷ</span> <span class='ocrx_word' id='word_1_236' title='bbox 1515 212 1664 249; x_wconf 82' lang='grc' dir='ltr'><strong>νομίσματι</strong></span> <span class='ocrx_word' id='word_1_237' title='bbox 1682 214 1870 252; x_wconf 65' lang='grc' dir='ltr'>πιπρασκομέ-</span> 
     </span>
    </p>
   </div>
   <div class='ocr_carea' id='block_1_37' title="bbox 1042 254 1871 294">
    <p class='ocr_par' dir='ltr' id='par_1_37' title="bbox 1042 254 1871 294">
     <span class='ocr_line' id='line_1_37' title="bbox 1042 254 1871 294; baseline 0.006 -12"><span class='ocrx_word' id='word_1_238' title='bbox 1042 266 1089 282; x_wconf 85' lang='grc' dir='ltr'>νου</span> <span class='ocrx_word' id='word_1_239' title='bbox 1106 255 1186 287; x_wconf 79' lang='grc' dir='ltr'>αὖτὸς</span> <span class='ocrx_word' id='word_1_240' title='bbox 1203 254 1250 283; x_wconf 81' lang='grc' dir='ltr'>δύο</span> <span class='ocrx_word' id='word_1_241' title='bbox 1266 255 1418 284; x_wconf 80' lang='grc' dir='ltr'><strong>πωλεῖσθαι</strong></span> <span class='ocrx_word' id='word_1_242' title='bbox 1442 258 1538 285; x_wconf 81' lang='grc' dir='ltr'>τοῦτον</span> <span class='ocrx_word' id='word_1_243' title='bbox 1553 256 1671 292; x_wconf 70' lang='grc' dir='ltr'>ἐπέταξε,</span> <span class='ocrx_word' id='word_1_244' title='bbox 1689 259 1728 294; x_wconf 78' lang='grc' dir='ltr'>μὴ</span> <span class='ocrx_word' id='word_1_245' title='bbox 1744 259 1790 286; x_wconf 88' lang='grc' dir='ltr'><strong>τὸν</strong></span> <span class='ocrx_word' id='word_1_246' title='bbox 1805 259 1871 287; x_wconf 76' lang='grc' dir='ltr'><strong>Μα-</strong></span> 
     </span>
    </p>
   </div>
   <div class='ocr_carea' id='block_1_38' title="bbox 1042 298 1869 341">
    <p class='ocr_par' dir='ltr' id='par_1_38' title="bbox 1042 298 1869 341">
     <span class='ocr_line' id='line_1_38' title="bbox 1042 298 1869 341; baseline 0.005 -14"><span class='ocrx_word' id='word_1_247' title='bbox 1042 298 1138 328; x_wconf 83' lang='grc' dir='ltr'>κεδόνα</span> <span class='ocrx_word' id='word_1_248' title='bbox 1163 300 1354 338; x_wconf 83' lang='grc' dir='ltr'><strong>μιμησάμενος</strong></span> <span class='ocrx_word' id='word_1_249' title='bbox 1386 301 1500 339; x_wconf 72' lang='grc' dir='ltr'>βασιλέα</span> <span class='ocrx_word' id='word_1_250' title='bbox 1527 301 1680 330; x_wconf 84' lang='grc' dir='ltr'>Βασίλειον·</span> <span class='ocrx_word' id='word_1_251' title='bbox 1712 303 1791 335; x_wconf 75' lang='grc' dir='ltr'>οὗτος</span> <span class='ocrx_word' id='word_1_252' title='bbox 1817 304 1869 341; x_wconf 80' lang='grc' dir='ltr'>γὰρ</span> 
     </span>
    </p>
   </div>
   <div class='ocr_carea' id='block_1_39' title="bbox 1042 345 1870 385">
    <p class='ocr_par' dir='ltr' id='par_1_39' title="bbox 1042 345 1870 385">
     <span class='ocr_line' id='line_1_39' title="bbox 1042 345 1870 385; baseline 0.002 -13"><span class='ocrx_word' id='word_1_253' title='bbox 1042 345 1110 372; x_wconf 77' lang='grc' dir='ltr'>κατὰ</span> <span class='ocrx_word' id='word_1_254' title='bbox 1128 345 1176 380; x_wconf 82' lang='grc' dir='ltr'><strong>τήν</strong></span> <span class='ocrx_word' id='word_1_255' title='bbox 1202 347 1297 380; x_wconf 74' lang='grc' dir='ltr'>καινὴν</span> <span class='ocrx_word' id='word_1_256' title='bbox 1321 347 1461 382; x_wconf 80' lang='grc' dir='ltr'>Κυριακήν</span> <span class='ocrx_word' id='word_1_257' title='bbox 1487 346 1677 385; x_wconf 69' lang='grc' dir='ltr'><strong>ἀπερχόμενος</strong></span> <span class='ocrx_word' id='word_1_258' title='bbox 1701 346 1727 374; x_wconf 68' lang='grc' dir='ltr'>ἐν</span> <span class='ocrx_word' id='word_1_259' title='bbox 1751 350 1791 384; x_wconf 81' lang='grc' dir='ltr'><strong>τῷ</strong></span> <span class='ocrx_word' id='word_1_260' title='bbox 1816 350 1870 375; x_wconf 82' lang='grc' dir='ltr'><strong>τῶν</strong></span> 
     </span>
    </p>
   </div>
   <div class='ocr_carea' id='block_1_40' title="bbox 1043 389 1871 428">
    <p class='ocr_par' dir='ltr' id='par_1_40' title="bbox 1043 389 1871 428">
     <span class='ocr_line' id='line_1_40' title="bbox 1043 389 1871 428; baseline 0.002 -10"><span class='ocrx_word' id='word_1_261' title='bbox 1043 389 1180 426; x_wconf 79' lang='grc' dir='ltr'>Μεγάλων</span> <span class='ocrx_word' id='word_1_262' title='bbox 1206 390 1382 419; x_wconf 85' lang='grc' dir='ltr'>Ἀποστόλων</span> <span class='ocrx_word' id='word_1_263' title='bbox 1408 390 1476 427; x_wconf 82' lang='grc' dir='ltr'>ναῷ,</span> <span class='ocrx_word' id='word_1_264' title='bbox 1501 391 1546 418; x_wconf 85' lang='grc' dir='ltr'><strong>καὶ</strong></span> <span class='ocrx_word' id='word_1_265' title='bbox 1569 391 1731 428; x_wconf 84' lang='grc' dir='ltr'>θεασάμενος</span> <span class='ocrx_word' id='word_1_266' title='bbox 1754 392 1871 424; x_wconf 83' lang='grc' dir='ltr'><strong>πολίτας</strong></span> 
     </span>
    </p>
   </div>
   <div class='ocr_carea' id='block_1_41' title="bbox 1042 434 1870 475">
    <p class='ocr_par' dir='ltr' id='par_1_41' title="bbox 1042 434 1870 475">
     <span class='ocr_line' id='line_1_41' title="bbox 1042 434 1870 475; baseline 0.004 -14"><span class='ocrx_word' id='word_1_267' title='bbox 1042 434 1117 465; x_wconf 81' lang='grc' dir='ltr'>τινὰς</span> <span class='ocrx_word' id='word_1_268' title='bbox 1133 434 1307 472; x_wconf 79' lang='grc' dir='ltr'><strong>ἱεροπρεπεῖς</strong></span> <span class='ocrx_word' id='word_1_269' title='bbox 1325 436 1372 471; x_wconf 80' lang='grc' dir='ltr'>μὶν</span> <span class='ocrx_word' id='word_1_270' title='bbox 1387 435 1432 462; x_wconf 91' lang='grc' dir='ltr'><strong>καὶ</strong></span> <span class='ocrx_word' id='word_1_271' title='bbox 1450 435 1575 473; x_wconf 82' lang='grc' dir='ltr'>σεμνοὺς,</span> <span class='ocrx_word' id='word_1_272' title='bbox 1591 435 1686 467; x_wconf 74' lang='grc' dir='ltr'>ἄλλως</span> <span class='ocrx_word' id='word_1_273' title='bbox 1702 435 1731 464; x_wconf 70' lang='grc' dir='ltr'><strong>δὲ</strong></span> <span class='ocrx_word' id='word_1_274' title='bbox 1748 437 1870 475; x_wconf 87' lang='grc' dir='ltr'>σκυθρω-</span> 
     </span>
    </p>
   </div>
   <div class='ocr_carea' id='block_1_42' title="bbox 1042 478 1870 519">
    <p class='ocr_par' dir='ltr' id='par_1_42' title="bbox 1042 478 1870 519">
     <span class='ocr_line' id='line_1_42' title="bbox 1042 478 1870 519; baseline 0.004 -13"><span class='ocrx_word' id='word_1_275' title='bbox 1042 478 1111 511; x_wconf 83' lang='grc' dir='ltr'>ποὺς</span> <span class='ocrx_word' id='word_1_276' title='bbox 1125 479 1170 507; x_wconf 85' lang='grc' dir='ltr'><strong>καὶ</strong></span> <span class='ocrx_word' id='word_1_277' title='bbox 1184 481 1386 518; x_wconf 79' lang='grc' dir='ltr'>κατηφιῶντας,</span> <span class='ocrx_word' id='word_1_278' title='bbox 1412 479 1493 518; x_wconf 72' lang='grc' dir='ltr'>ἔγγὺς</span> <span class='ocrx_word' id='word_1_279' title='bbox 1519 480 1614 508; x_wconf 70' lang='grc' dir='ltr'>ἑαυτοῦ</span> <span class='ocrx_word' id='word_1_280' title='bbox 1629 482 1870 519; x_wconf 74' lang='grc' dir='ltr'>παραστησάμενος</span> 
     </span>
    </p>
   </div>
   <div class='ocr_carea' id='block_1_43' title="bbox 1043 522 1868 564">
    <p class='ocr_par' dir='ltr' id='par_1_43' title="bbox 1043 522 1868 564">
     <span class='ocr_line' id='line_1_43' title="bbox 1043 522 1868 564; baseline 0.005 -14"><span class='ocrx_word' id='word_1_281' title='bbox 1043 522 1087 551; x_wconf 79' lang='grc' dir='ltr'><strong>διὰ</strong></span> <span class='ocrx_word' id='word_1_282' title='bbox 1108 523 1133 551; x_wconf 85' lang='grc' dir='ltr'><strong>τί</strong></span> <span class='ocrx_word' id='word_1_283' title='bbox 1161 525 1199 560; x_wconf 82' lang='grc' dir='ltr'>μὴ</span> <span class='ocrx_word' id='word_1_284' title='bbox 1224 525 1268 552; x_wconf 86' lang='grc' dir='ltr'><strong>καὶ</strong></span> <span class='ocrx_word' id='word_1_285' title='bbox 1291 524 1368 552; x_wconf 70' lang='grc' dir='ltr'>αὐτοὶ</span> <span class='ocrx_word' id='word_1_286' title='bbox 1393 523 1654 563; x_wconf 78' lang='grc' dir='ltr'>λαμπροφοροῦντες</span> <span class='ocrx_word' id='word_1_287' title='bbox 1680 525 1706 554; x_wconf 80' lang='grc' dir='ltr'>ἐν</span> <span class='ocrx_word' id='word_1_288' title='bbox 1733 528 1767 563; x_wconf 84' lang='grc' dir='ltr'><strong>τῇ</strong></span> <span class='ocrx_word' id='word_1_289' title='bbox 1784 527 1868 564; x_wconf 65' lang='grc' dir='ltr'>ἑορτῇ</span> 
     </span>
    </p>
   </div>
   <div class='ocr_carea' id='block_1_44' title="bbox 1042 568 1870 609">
    <p class='ocr_par' dir='ltr' id='par_1_44' title="bbox 1042 568 1870 609">
     <span class='ocr_line' id='line_1_44' title="bbox 1042 568 1870 609; baseline 0.005 -14"><span class='ocrx_word' id='word_1_290' title='bbox 1042 569 1163 606; x_wconf 83' lang='grc' dir='ltr'>πάρεισιν</span> <span class='ocrx_word' id='word_1_291' title='bbox 1191 568 1329 606; x_wconf 78' lang='grc' dir='ltr'>ἀνηρώτα,</span> <span class='ocrx_word' id='word_1_292' title='bbox 1352 568 1414 597; x_wconf 82' lang='grc' dir='ltr'>ἀλλ’</span> <span class='ocrx_word' id='word_1_293' title='bbox 1443 569 1480 600; x_wconf 85' lang='grc' dir='ltr'>ὡς</span> <span class='ocrx_word' id='word_1_294' title='bbox 1510 568 1540 596; x_wconf 75' lang='grc' dir='ltr'><strong>ἂν</strong></span> <span class='ocrx_word' id='word_1_295' title='bbox 1567 569 1592 597; x_wconf 73' lang='grc' dir='ltr'>ἐν</span> <span class='ocrx_word' id='word_1_296' title='bbox 1620 569 1725 608; x_wconf 80' lang='grc' dir='ltr'>μεγάλῃ</span> <span class='ocrx_word' id='word_1_297' title='bbox 1740 574 1870 609; x_wconf 80' lang='grc' dir='ltr'>συμφορᾷ</span> 
     </span>
    </p>
   </div>
   <div class='ocr_carea' id='block_1_45' title="bbox 1041 612 1869 652">
    <p class='ocr_par' dir='ltr' id='par_1_45' title="bbox 1041 612 1869 652">
     <span class='ocr_line' id='line_1_45' title="bbox 1041 612 1869 652; baseline 0.004 -12"><span class='ocrx_word' id='word_1_298' title='bbox 1041 616 1091 647; x_wconf 79' lang='grc' dir='ltr'>τῆς</span> <span class='ocrx_word' id='word_1_299' title='bbox 1118 612 1227 645; x_wconf 86' lang='grc' dir='ltr'>πόλεως</span> <span class='ocrx_word' id='word_1_300' title='bbox 1260 612 1343 649; x_wconf 68' lang='grc' dir='ltr'>οὔσης</span> <span class='ocrx_word' id='word_1_301' title='bbox 1379 614 1567 652; x_wconf 79' lang='grc' dir='ltr'>στυγνάζουσι.</span> <span class='ocrx_word' id='word_1_302' title='bbox 1597 614 1669 650; x_wconf 86' lang='grc' dir='ltr'>Πρὸς</span> <span class='ocrx_word' id='word_1_303' title='bbox 1698 615 1727 642; x_wconf 72' lang='grc' dir='ltr'>ὃν</span> <span class='ocrx_word' id='word_1_304' title='bbox 1754 615 1869 652; x_wconf 83' lang='grc' dir='ltr'>ἀπεκρί-</span> 
     </span>
    </p>
   </div>
   <div class='ocr_carea' id='block_1_46' title="bbox 1041 657 1869 695">
    <p class='ocr_par' dir='ltr' id='par_1_46' title="bbox 1041 657 1869 695">
     <span class='ocr_line' id='line_1_46' title="bbox 1041 657 1869 695; baseline 0.005 -11"><span class='ocrx_word' id='word_1_305' title='bbox 1041 658 1104 685; x_wconf 88' lang='grc' dir='ltr'>νατό</span> <span class='ocrx_word' id='word_1_306' title='bbox 1123 668 1164 690; x_wconf 88' lang='grc' dir='ltr'><strong>τις</strong></span> <span class='ocrx_word' id='word_1_307' title='bbox 1184 660 1238 685; x_wconf 83' lang='grc' dir='ltr'>τῶν</span> <span class='ocrx_word' id='word_1_308' title='bbox 1266 657 1398 686; x_wconf 85' lang='grc' dir='ltr'>πολιτῶν”</span> <span class='ocrx_word' id='word_1_309' title='bbox 1415 670 1429 685; x_wconf 91' lang='grc'><strong>‹‹</strong></span> <span class='ocrx_word' id='word_1_310' title='bbox 1456 658 1518 694; x_wconf 82' lang='grc' dir='ltr'>Σοί,</span> <span class='ocrx_word' id='word_1_311' title='bbox 1539 659 1562 686; x_wconf 83' lang='grc' dir='ltr'><strong>ὤ</strong></span> <span class='ocrx_word' id='word_1_312' title='bbox 1588 657 1715 695; x_wconf 66' lang='grc' dir='ltr'>δέσποτα,</span> <span class='ocrx_word' id='word_1_313' title='bbox 1739 660 1782 687; x_wconf 85' lang='grc' dir='ltr'><strong>καὶ</strong></span> <span class='ocrx_word' id='word_1_314' title='bbox 1807 662 1869 691; x_wconf 85' lang='grc' dir='ltr'>τοῖς</span> 
     </span>
    </p>
   </div>
   <div class='ocr_carea' id='block_1_47' title="bbox 1042 700 1869 743">
    <p class='ocr_par' dir='ltr' id='par_1_47' title="bbox 1042 700 1869 743">
     <span class='ocr_line' id='line_1_47' title="bbox 1042 700 1869 743; baseline 0.004 -14"><span class='ocrx_word' id='word_1_315' title='bbox 1042 702 1153 730; x_wconf 65' lang='grc' dir='ltr'>ἱστῶσιν</span> <span class='ocrx_word' id='word_1_316' title='bbox 1180 700 1291 741; x_wconf 69' lang='grc' dir='ltr'>ἔγγιστά</span> <span class='ocrx_word' id='word_1_317' title='bbox 1315 713 1362 730; x_wconf 86' lang='grc' dir='ltr'><strong>σου</strong></span> <span class='ocrx_word' id='word_1_318' title='bbox 1386 703 1484 741; x_wconf 80' lang='grc' dir='ltr'>πρὲπει</span> <span class='ocrx_word' id='word_1_319' title='bbox 1517 703 1548 731; x_wconf 84' lang='grc' dir='ltr'>τὸ</span> <span class='ocrx_word' id='word_1_320' title='bbox 1584 703 1792 743; x_wconf 81' lang='grc' dir='ltr'>λαμπροφορεῖν</span> <span class='ocrx_word' id='word_1_321' title='bbox 1817 705 1869 732; x_wconf 82' lang='grc' dir='ltr'><strong>καὶ</strong></span> 
     </span>
    </p>
   </div>
   <div class='ocr_carea' id='block_1_48' title="bbox 1042 746 1870 786">
    <p class='ocr_par' dir='ltr' id='par_1_48' title="bbox 1042 746 1870 786">
     <span class='ocr_line' id='line_1_48' title="bbox 1042 746 1870 786; baseline 0.004 -12"><span class='ocrx_word' id='word_1_322' title='bbox 1042 747 1158 784; x_wconf 77' lang='grc' dir='ltr'>χαίρειν·</span> <span class='ocrx_word' id='word_1_323' title='bbox 1176 747 1216 779; x_wconf 82' lang='grc' dir='ltr'>οἷς</span> <span class='ocrx_word' id='word_1_324' title='bbox 1240 746 1268 774; x_wconf 73' lang='grc' dir='ltr'>δὶ</span> <span class='ocrx_word' id='word_1_325' title='bbox 1292 749 1340 775; x_wconf 77' lang='grc' dir='ltr'>τοῦ</span> <span class='ocrx_word' id='word_1_326' title='bbox 1363 748 1479 780; x_wconf 81' lang='grc' dir='ltr'>θανάτου</span> <span class='ocrx_word' id='word_1_327' title='bbox 1502 748 1632 786; x_wconf 74' lang='grc' dir='ltr'>πρόσεστι</span> <span class='ocrx_word' id='word_1_328' title='bbox 1655 747 1817 786; x_wconf 80' lang='grc' dir='ltr'>προσδοκία,</span> <span class='ocrx_word' id='word_1_329' title='bbox 1833 749 1870 778; x_wconf 73' lang='grc' dir='ltr'><strong>τὰ</strong></span> 
     </span>
    </p>
   </div>
   <div class='ocr_carea' id='block_1_49' title="bbox 1040 791 1867 831">
    <p class='ocr_par' dir='ltr' id='par_1_49' title="bbox 1040 791 1867 831">
     <span class='ocr_line' id='line_1_49' title="bbox 1040 791 1867 831; baseline 0.005 -13"><span class='ocrx_word' id='word_1_330' title='bbox 1040 793 1152 819; x_wconf 77' lang='grc' dir='ltr'>τοιαῦτα</span> <span class='ocrx_word' id='word_1_331' title='bbox 1188 791 1363 821; x_wconf 80' lang='grc' dir='ltr'>ὰπεοίκασιν.</span> <span class='ocrx_word' id='word_1_332' title='bbox 1393 793 1427 820; x_wconf 87' lang='grc' dir='ltr'><strong>Ἦ</strong></span> <span class='ocrx_word' id='word_1_333' title='bbox 1453 793 1558 830; x_wconf 77' lang='grc' dir='ltr'>ἀγνοεῖς</span> <span class='ocrx_word' id='word_1_334' title='bbox 1587 792 1628 821; x_wconf 82' lang='grc' dir='ltr'>δτι</span> <span class='ocrx_word' id='word_1_335' title='bbox 1658 791 1705 821; x_wconf 78' lang='grc' dir='ltr'><strong>δύο</strong></span> <span class='ocrx_word' id='word_1_336' title='bbox 1735 792 1867 831; x_wconf 76' lang='grc' dir='ltr'>μέδιμνοι</span> 
     </span>
    </p>
   </div>
   <div class='ocr_carea' id='block_1_50' title="bbox 1000 835 1867 887">
    <p class='ocr_par' dir='ltr' id='par_1_50' title="bbox 1000 835 1867 887">
     <span class='ocr_line' id='line_1_50' title="bbox 1000 835 1867 887; baseline 0.003 -24"><span class='ocrx_word' id='word_1_337' title='bbox 1000 854 1024 887; x_wconf 84' lang='grc' dir='ltr'><strong>Β</strong></span> <span class='ocrx_word' id='word_1_338' title='bbox 1043 835 1116 863; x_wconf 80' lang='grc' dir='ltr'>σίτου</span> <span class='ocrx_word' id='word_1_339' title='bbox 1139 838 1178 872; x_wconf 84' lang='grc' dir='ltr'>τῷ</span> <span class='ocrx_word' id='word_1_340' title='bbox 1201 837 1350 874; x_wconf 84' lang='grc' dir='ltr'>νομίσματι</span> <span class='ocrx_word' id='word_1_341' title='bbox 1374 838 1573 875; x_wconf 76' lang='grc' dir='ltr'>πιπράσκονται</span> <span class='ocrx_word' id='word_1_342' title='bbox 1600 836 1644 865; x_wconf 81' lang='grc' dir='ltr'><strong>διὰ</strong></span> <span class='ocrx_word' id='word_1_343' title='bbox 1667 838 1717 872; x_wconf 81' lang='grc' dir='ltr'>τὴν</span> <span class='ocrx_word' id='word_1_344' title='bbox 1731 840 1787 866; x_wconf 82' lang='grc' dir='ltr'>τῶν</span> <span class='ocrx_word' id='word_1_345' title='bbox 1803 838 1867 866; x_wconf 80' lang='grc' dir='ltr'><strong>ἀνέ-</strong></span> 
     </span>
    </p>
   </div>
   <div class='ocr_carea' id='block_1_51' title="bbox 1042 881 1864 920">
    <p class='ocr_par' dir='ltr' id='par_1_51' title="bbox 1042 881 1864 920">
     <span class='ocr_line' id='line_1_51' title="bbox 1042 881 1864 920; baseline 0.002 -12"><span class='ocrx_word' id='word_1_346' title='bbox 1042 891 1099 917; x_wconf 89' lang='grc' dir='ltr'><strong>μων</strong></span> <span class='ocrx_word' id='word_1_347' title='bbox 1124 881 1303 919; x_wconf 80' lang='grc' dir='ltr'>τραχύτητα;</span> <span class='ocrx_word' id='word_1_348' title='bbox 1322 894 1332 907; x_wconf 82' lang='grc' dir='ltr'><strong>ι</strong></span> <span class='ocrx_word' id='word_1_349' title='bbox 1351 882 1422 919; x_wconf 81' lang='grc' dir='ltr'>Ηρὸς</span> <span class='ocrx_word' id='word_1_350' title='bbox 1444 884 1528 909; x_wconf 81' lang='grc' dir='ltr'>ταῦτα</span> <span class='ocrx_word' id='word_1_351' title='bbox 1553 882 1645 920; x_wconf 65' lang='grc' dir='ltr'>βύθιον</span> <span class='ocrx_word' id='word_1_352' title='bbox 1669 882 1823 919; x_wconf 78' lang='grc' dir='ltr'>ἀνοιμώξας</span> <span class='ocrx_word' id='word_1_353' title='bbox 1849 884 1864 910; x_wconf 86' lang='grc' dir='ltr'>ὁ</span> 
     </span>
    </p>
   </div>
   <div class='ocr_carea' id='block_1_52' title="bbox 1042 925 1864 964">
    <p class='ocr_par' dir='ltr' id='par_1_52' title="bbox 1042 925 1864 964">
     <span class='ocr_line' id='line_1_52' title="bbox 1042 925 1864 964; baseline 0.002 -12"><span class='ocrx_word' id='word_1_354' title='bbox 1042 925 1168 963; x_wconf 70' lang='grc' dir='ltr'>βασιλεὺς</span> <span class='ocrx_word' id='word_1_355' title='bbox 1189 926 1355 963; x_wconf 71' lang='grc' dir='ltr'>συμπαθείας</span> <span class='ocrx_word' id='word_1_356' title='bbox 1378 926 1508 962; x_wconf 73' lang='grc' dir='ltr'>ἀπέσταξε</span> <span class='ocrx_word' id='word_1_357' title='bbox 1532 925 1657 964; x_wconf 76' lang='grc' dir='ltr'>δάκρυον,</span> <span class='ocrx_word' id='word_1_358' title='bbox 1681 927 1727 954; x_wconf 84' lang='grc' dir='ltr'><strong>καὶ</strong></span> <span class='ocrx_word' id='word_1_359' title='bbox 1747 926 1864 959; x_wconf 80' lang='grc' dir='ltr'>τούτους</span> 
     </span>
    </p>
   </div>
   <div class='ocr_carea' id='block_1_53' title="bbox 1043 970 1865 1008">
    <p class='ocr_par' dir='ltr' id='par_1_53' title="bbox 1043 970 1865 1008">
     <span class='ocr_line' id='line_1_53' title="bbox 1043 970 1865 1008; baseline 0.002 -11"><span class='ocrx_word' id='word_1_360' title='bbox 1043 971 1088 1006; x_wconf 76' lang='grc' dir='ltr'>μὶν</span> <span class='ocrx_word' id='word_1_361' title='bbox 1116 972 1328 1008; x_wconf 78' lang='grc' dir='ltr'>παρεμυθήσατο</span> <span class='ocrx_word' id='word_1_362' title='bbox 1365 970 1500 1008; x_wconf 78' lang='grc' dir='ltr'>δαψιλῶς,</span> <span class='ocrx_word' id='word_1_363' title='bbox 1529 970 1682 999; x_wconf 76' lang='grc' dir='ltr'>ἐπανελθὼν</span> <span class='ocrx_word' id='word_1_364' title='bbox 1711 970 1734 998; x_wconf 85' lang='grc' dir='ltr'><strong>δ’</strong></span> <span class='ocrx_word' id='word_1_365' title='bbox 1762 971 1801 1004; x_wconf 83' lang='grc' dir='ltr'>εἱς</span> <span class='ocrx_word' id='word_1_366' title='bbox 1827 972 1865 1000; x_wconf 64' lang='grc' dir='ltr'>τὰ</span> 
     </span>
    </p>
   </div>
   <div class='ocr_carea' id='block_1_54' title="bbox 1042 1013 1865 1055">
    <p class='ocr_par' dir='ltr' id='par_1_54' title="bbox 1042 1013 1865 1055">
     <span class='ocr_line' id='line_1_54' title="bbox 1042 1013 1865 1055; baseline 0.002 -14"><span class='ocrx_word' id='word_1_367' title='bbox 1042 1013 1166 1052; x_wconf 83' lang='grc' dir='ltr'>βασίλεια</span> <span class='ocrx_word' id='word_1_368' title='bbox 1187 1015 1249 1046; x_wconf 82' lang='grc' dir='ltr'>τοὺς</span> <span class='ocrx_word' id='word_1_369' title='bbox 1272 1015 1318 1047; x_wconf 82' lang='grc' dir='ltr'><strong>τὰς</strong></span> <span class='ocrx_word' id='word_1_370' title='bbox 1342 1015 1486 1048; x_wconf 78' lang='grc' dir='ltr'>πολιτικάς</span> <span class='ocrx_word' id='word_1_371' title='bbox 1507 1017 1552 1044; x_wconf 79' lang='grc' dir='ltr'><strong>καὶ</strong></span> <span class='ocrx_word' id='word_1_372' title='bbox 1579 1015 1721 1054; x_wconf 79' lang='grc' dir='ltr'>βασιλικὰς</span> <span class='ocrx_word' id='word_1_373' title='bbox 1750 1027 1865 1055; x_wconf 84' lang='grc' dir='ltr'>συναγα-</span> 
     </span>
    </p>
   </div>
   <div class='ocr_carea' id='block_1_55' title="bbox 1039 1058 1864 1099">
    <p class='ocr_par' dir='ltr' id='par_1_55' title="bbox 1039 1058 1864 1099">
     <span class='ocr_line' id='line_1_55' title="bbox 1039 1058 1864 1099; baseline 0.002 -13"><span class='ocrx_word' id='word_1_374' title='bbox 1039 1059 1093 1096; x_wconf 88' lang='grc' dir='ltr'><strong>γὼν</strong></span> <span class='ocrx_word' id='word_1_375' title='bbox 1124 1059 1341 1098; x_wconf 76' lang='grc' dir='ltr'>μετερχομένους</span> <span class='ocrx_word' id='word_1_376' title='bbox 1379 1059 1522 1099; x_wconf 74' lang='grc' dir='ltr'>φροντίδας</span> <span class='ocrx_word' id='word_1_377' title='bbox 1559 1061 1670 1098; x_wconf 88' lang='grc' dir='ltr'>μυρίαις</span> <span class='ocrx_word' id='word_1_378' title='bbox 1696 1058 1787 1098; x_wconf 76' lang='grc' dir='ltr'>ὕϐρεσι</span> <span class='ocrx_word' id='word_1_379' title='bbox 1817 1061 1864 1088; x_wconf 80' lang='grc' dir='ltr'><strong>καὶ</strong></span> 
     </span>
    </p>
   </div>
   <div class='ocr_carea' id='block_1_56' title="bbox 1040 1102 1866 1142">
    <p class='ocr_par' dir='ltr' id='par_1_56' title="bbox 1040 1102 1866 1142">
     <span class='ocr_line' id='line_1_56' title="bbox 1040 1102 1866 1142; baseline 0.002 -11"><span class='ocrx_word' id='word_1_380' title='bbox 1040 1104 1117 1141; x_wconf 82' lang='grc' dir='ltr'>ἀραῖς</span> <span class='ocrx_word' id='word_1_381' title='bbox 1140 1102 1323 1132; x_wconf 77' lang='grc' dir='ltr'>καθυπέϐαλεν</span> <span class='ocrx_word' id='word_1_382' title='bbox 1344 1104 1385 1132; x_wconf 77' lang='grc' dir='ltr'><strong>ὅτι</strong></span> <span class='ocrx_word' id='word_1_383' title='bbox 1410 1106 1447 1142; x_wconf 82' lang='grc' dir='ltr'>μὴ</span> <span class='ocrx_word' id='word_1_384' title='bbox 1473 1105 1545 1141; x_wconf 79' lang='grc' dir='ltr'>αὑτῷ</span> <span class='ocrx_word' id='word_1_385' title='bbox 1570 1105 1632 1142; x_wconf 85' lang='grc' dir='ltr'>περὶ</span> <span class='ocrx_word' id='word_1_386' title='bbox 1658 1107 1708 1138; x_wconf 78' lang='grc' dir='ltr'>τῆς</span> <span class='ocrx_word' id='word_1_387' title='bbox 1731 1104 1866 1137; x_wconf 78' lang='grc' dir='ltr'>σιτοδείας</span> 
     </span>
    </p>
   </div>
   <div class='ocr_carea' id='block_1_57' title="bbox 1040 1147 1866 1187">
    <p class='ocr_par' dir='ltr' id='par_1_57' title="bbox 1040 1147 1866 1187">
     <span class='ocr_line' id='line_1_57' title="bbox 1040 1147 1866 1187; baseline 0.002 -12"><span class='ocrx_word' id='word_1_388' title='bbox 1040 1147 1186 1185; x_wconf 76' lang='grc' dir='ltr'>ἐμήνυσαν,</span> <span class='ocrx_word' id='word_1_389' title='bbox 1203 1150 1248 1176; x_wconf 83' lang='grc' dir='ltr'><strong>καί</strong></span> <span class='ocrx_word' id='word_1_390' title='bbox 1264 1149 1343 1181; x_wconf 77' lang='grc' dir='ltr'>εὐθὺς</span> <span class='ocrx_word' id='word_1_391' title='bbox 1357 1150 1403 1177; x_wconf 83' lang='grc' dir='ltr'><strong>τὸν</strong></span> <span class='ocrx_word' id='word_1_392' title='bbox 1423 1149 1564 1187; x_wconf 78' lang='grc' dir='ltr'>βασιλικὸν</span> <span class='ocrx_word' id='word_1_393' title='bbox 1579 1150 1623 1177; x_wconf 85' lang='grc' dir='ltr'><strong>καὶ</strong></span> <span class='ocrx_word' id='word_1_394' title='bbox 1640 1148 1773 1186; x_wconf 87' lang='grc' dir='ltr'>δημόσιον</span> <span class='ocrx_word' id='word_1_395' title='bbox 1789 1153 1866 1178; x_wconf 83' lang='grc' dir='ltr'>σῖτον</span> 
     </span>
    </p>
   </div>
   <div class='ocr_carea' id='block_1_58' title="bbox 1038 1192 1866 1232">
    <p class='ocr_par' dir='ltr' id='par_1_58' title="bbox 1038 1192 1866 1232">
     <span class='ocr_line' id='line_1_58' title="bbox 1038 1192 1866 1232; baseline 0.002 -12"><span class='ocrx_word' id='word_1_396' title='bbox 1038 1193 1204 1229; x_wconf 67' lang='grc' dir='ltr'>προθέμενος</span> <span class='ocrx_word' id='word_1_397' title='bbox 1235 1192 1340 1221; x_wconf 82' lang='grc' dir='ltr'>δώδεκα</span> <span class='ocrx_word' id='word_1_398' title='bbox 1368 1196 1416 1221; x_wconf 73' lang='grc' dir='ltr'>τοῦ</span> <span class='ocrx_word' id='word_1_399' title='bbox 1444 1195 1613 1231; x_wconf 85' lang='grc' dir='ltr'>νομίσματος</span> <span class='ocrx_word' id='word_1_400' title='bbox 1643 1193 1762 1222; x_wconf 81' lang='grc' dir='ltr'>δίδοσθαι</span> <span class='ocrx_word' id='word_1_401' title='bbox 1793 1205 1866 1232; x_wconf 80' lang='grc' dir='ltr'>παρ-</span> 
     </span>
    </p>
   </div>
   <div class='ocr_carea' id='block_1_59' title="bbox 1039 1237 1864 1277">
    <p class='ocr_par' dir='ltr' id='par_1_59' title="bbox 1039 1237 1864 1277">
     <span class='ocr_line' id='line_1_59' title="bbox 1039 1237 1864 1277; baseline 0.004 -13"><span class='ocrx_word' id='word_1_402' title='bbox 1039 1238 1209 1265; x_wconf 50' lang='lat' dir='ltr'><strong>excludo-110&#39;</strong></span> <span class='ocrx_word' id='word_1_403' title='bbox 1233 1237 1263 1265; x_wconf 79' lang='grc' dir='ltr'><strong>οὗ</strong></span> <span class='ocrx_word' id='word_1_404' title='bbox 1286 1239 1336 1273; x_wconf 79' lang='grc' dir='ltr'>τὴν</span> <span class='ocrx_word' id='word_1_405' title='bbox 1358 1238 1515 1277; x_wconf 83' lang='grc' dir='ltr'>προαίρεσιν</span> <span class='ocrx_word' id='word_1_406' title='bbox 1542 1237 1739 1276; x_wconf 76' lang='grc' dir='ltr'>ἀποδεξάμενος</span> <span class='ocrx_word' id='word_1_407' title='bbox 1763 1240 1777 1267; x_wconf 86' lang='grc' dir='ltr'>ὁ</span> <span class='ocrx_word' id='word_1_408' title='bbox 1797 1240 1864 1272; x_wconf 86' lang='grc' dir='ltr'>Θεὸς</span> 
     </span>
    </p>
   </div>
   <div class='ocr_carea' id='block_1_60' title="bbox 1039 1282 1865 1322">
    <p class='ocr_par' dir='ltr' id='par_1_60' title="bbox 1039 1282 1865 1322">
     <span class='ocr_line' id='line_1_60' title="bbox 1039 1282 1865 1322; baseline 0.004 -13"><span class='ocrx_word' id='word_1_409' title='bbox 1039 1282 1160 1317; x_wconf 77' lang='grc' dir='ltr'>εὐθηνίαν</span> <span class='ocrx_word' id='word_1_410' title='bbox 1185 1282 1295 1317; x_wconf 76' lang='grc' dir='ltr'>πολλὴν</span> <span class='ocrx_word' id='word_1_411' title='bbox 1319 1286 1377 1315; x_wconf 86' lang='grc' dir='ltr'>τοῖς</span> <span class='ocrx_word' id='word_1_412' title='bbox 1402 1284 1555 1322; x_wconf 80' lang='grc' dir='ltr'>ἀνθρώποις</span> <span class='ocrx_word' id='word_1_413' title='bbox 1579 1285 1743 1322; x_wconf 76' lang='grc' dir='ltr'>παρέσχετο.</span> <span class='ocrx_word' id='word_1_414' title='bbox 1774 1284 1865 1312; x_wconf 79' lang='grc' dir='ltr'>’Δλλά</span> 
     </span>
    </p>
   </div>
   <div class='ocr_carea' id='block_1_61' title="bbox 1037 1326 1863 1366">
    <p class='ocr_par' dir='ltr' id='par_1_61' title="bbox 1037 1326 1863 1366">
     <span class='ocr_line' id='line_1_61' title="bbox 1037 1326 1863 1366; baseline 0.005 -13"><span class='ocrx_word' id='word_1_415' title='bbox 1037 1329 1120 1354; x_wconf 81' lang='grc' dir='ltr'>ταῦτα</span> <span class='ocrx_word' id='word_1_416' title='bbox 1150 1327 1197 1363; x_wconf 75' lang='grc' dir='ltr'>μὲν</span> <span class='ocrx_word' id='word_1_417' title='bbox 1226 1327 1263 1359; x_wconf 61' lang='grc' dir='ltr'>εἷς</span> <span class='ocrx_word' id='word_1_418' title='bbox 1291 1326 1399 1355; x_wconf 79' lang='grc' dir='ltr'>ἔπαινον</span> <span class='ocrx_word' id='word_1_419' title='bbox 1428 1327 1530 1356; x_wconf 71' lang='grc' dir='ltr'>ἐκείνου</span> <span class='ocrx_word' id='word_1_420' title='bbox 1553 1327 1660 1366; x_wconf 72' lang='grc' dir='ltr'><strong>έρρέθη·</strong></span> <span class='ocrx_word' id='word_1_421' title='bbox 1684 1329 1698 1356; x_wconf 81' lang='grc' dir='ltr'>ὁ</span> <span class='ocrx_word' id='word_1_422' title='bbox 1724 1327 1752 1356; x_wconf 76' lang='grc' dir='ltr'><strong>δὶ</strong></span> <span class='ocrx_word' id='word_1_423' title='bbox 1776 1332 1863 1365; x_wconf 79' lang='grc' dir='ltr'>Νικη·</span> 
     </span>
    </p>
   </div>
   <div class='ocr_carea' id='block_1_62' title="bbox 1038 1370 1861 1411">
    <p class='ocr_par' dir='ltr' id='par_1_62' title="bbox 1038 1370 1861 1411">
     <span class='ocr_line' id='line_1_62' title="bbox 1038 1370 1861 1411; baseline 0.004 -13"><span class='ocrx_word' id='word_1_424' title='bbox 1038 1371 1121 1410; x_wconf 70' lang='grc' dir='ltr'>φόρος</span> <span class='ocrx_word' id='word_1_425' title='bbox 1144 1370 1238 1409; x_wconf 79' lang='grc' dir='ltr'>ἔχαιρε</span> <span class='ocrx_word' id='word_1_426' title='bbox 1265 1371 1370 1408; x_wconf 68' lang='grc' dir='ltr'>μᾶλλον</span> <span class='ocrx_word' id='word_1_427' title='bbox 1395 1372 1412 1407; x_wconf 73' lang='grc' dir='ltr'><strong>ἢ</strong></span> <span class='ocrx_word' id='word_1_428' title='bbox 1443 1370 1550 1408; x_wconf 65' lang='grc' dir='ltr'>ἐϐοήθει</span> <span class='ocrx_word' id='word_1_429' title='bbox 1580 1370 1760 1410; x_wconf 76' lang='grc' dir='ltr'>θλιϐομένους</span> <span class='ocrx_word' id='word_1_430' title='bbox 1789 1373 1861 1411; x_wconf 81' lang='grc' dir='ltr'>ὀρῶν</span> 
     </span>
    </p>
   </div>
   <div class='ocr_carea' id='block_1_63' title="bbox 1037 1415 1861 1454">
    <p class='ocr_par' dir='ltr' id='par_1_63' title="bbox 1037 1415 1861 1454">
     <span class='ocr_line' id='line_1_63' title="bbox 1037 1415 1861 1454; baseline 0.005 -12"><span class='ocrx_word' id='word_1_431' title='bbox 1037 1416 1101 1447; x_wconf 86' lang='grc' dir='ltr'>τούς</span> <span class='ocrx_word' id='word_1_432' title='bbox 1119 1416 1265 1450; x_wconf 79' lang='grc' dir='ltr'>ὑπηκόους.</span> <span class='ocrx_word' id='word_1_433' title='bbox 1281 1416 1329 1443; x_wconf 81' lang='grc' dir='ltr'><strong>Καὶ</strong></span> <span class='ocrx_word' id='word_1_434' title='bbox 1356 1416 1410 1454; x_wconf 76' lang='grc' dir='ltr'>οὐχ</span> <span class='ocrx_word' id='word_1_435' title='bbox 1431 1417 1509 1448; x_wconf 83' lang='grc' dir='ltr'>οὗτος</span> <span class='ocrx_word' id='word_1_436' title='bbox 1526 1415 1619 1453; x_wconf 75' lang='grc' dir='ltr'>μόνον,</span> <span class='ocrx_word' id='word_1_437' title='bbox 1635 1417 1707 1445; x_wconf 78' lang='grc' dir='ltr'>ἀλλὰ</span> <span class='ocrx_word' id='word_1_438' title='bbox 1724 1418 1769 1445; x_wconf 85' lang='grc' dir='ltr'><strong>καὶ</strong></span> <span class='ocrx_word' id='word_1_439' title='bbox 1785 1419 1861 1446; x_wconf 71' lang='grc' dir='ltr'>Δίων</span> 
     </span>
    </p>
   </div>
   <div class='ocr_carea' id='block_1_64' title="bbox 1038 1459 1861 1500">
    <p class='ocr_par' dir='ltr' id='par_1_64' title="bbox 1038 1459 1861 1500">
     <span class='ocr_line' id='line_1_64' title="bbox 1038 1459 1861 1500; baseline 0.004 -13"><span class='ocrx_word' id='word_1_440' title='bbox 1038 1461 1052 1488; x_wconf 89' lang='grc' dir='ltr'><strong>ὁ</strong></span> <span class='ocrx_word' id='word_1_441' title='bbox 1067 1459 1183 1498; x_wconf 74' lang='grc' dir='ltr'>ἀδελφὸς</span> <span class='ocrx_word' id='word_1_442' title='bbox 1208 1461 1301 1495; x_wconf 78' lang='grc' dir='ltr'>αὐτοῦ,</span> <span class='ocrx_word' id='word_1_443' title='bbox 1317 1463 1376 1491; x_wconf 88' lang='grc' dir='ltr'>ταῖς</span> <span class='ocrx_word' id='word_1_444' title='bbox 1400 1461 1563 1497; x_wconf 74' lang='grc' dir='ltr'>καπηλείαις</span> <span class='ocrx_word' id='word_1_445' title='bbox 1586 1462 1782 1500; x_wconf 69' lang='grc' dir='ltr'>προσκείμενος</span> <span class='ocrx_word' id='word_1_446' title='bbox 1803 1465 1861 1491; x_wconf 86' lang='grc' dir='ltr'><strong>τῶν</strong></span> 
     </span>
    </p>
   </div>
   <div class='ocr_carea' id='block_1_65' title="bbox 1038 1503 1862 1544">
    <p class='ocr_par' dir='ltr' id='par_1_65' title="bbox 1038 1503 1862 1544">
     <span class='ocr_line' id='line_1_65' title="bbox 1038 1503 1862 1544; baseline 0.002 -12"><span class='ocrx_word' id='word_1_447' title='bbox 1038 1503 1127 1539; x_wconf 66' lang='grc' dir='ltr'>εῗδῶν,</span> <span class='ocrx_word' id='word_1_448' title='bbox 1144 1504 1257 1532; x_wconf 84' lang='grc' dir='ltr'>πολλῶν</span> <span class='ocrx_word' id='word_1_449' title='bbox 1281 1505 1325 1533; x_wconf 76' lang='grc' dir='ltr'><strong>καὶ</strong></span> <span class='ocrx_word' id='word_1_450' title='bbox 1348 1505 1482 1533; x_wconf 80' lang='grc' dir='ltr'>ποικίλων</span> <span class='ocrx_word' id='word_1_451' title='bbox 1507 1504 1602 1534; x_wconf 81' lang='grc' dir='ltr'>δεινῶν</span> <span class='ocrx_word' id='word_1_452' title='bbox 1625 1507 1674 1541; x_wconf 82' lang='grc' dir='ltr'><strong>τήν</strong></span> <span class='ocrx_word' id='word_1_453' title='bbox 1696 1506 1862 1544; x_wconf 66' lang='grc' dir='ltr'>οῐκουμὲνην</span> 
     </span>
    </p>
   </div>
   <div class='ocr_carea' id='block_1_66' title="bbox 157 1539 976 1589">
    <p class='ocr_par' dir='ltr' id='par_1_66' title="bbox 157 1550 976 1588">
     <span class='ocr_line' id='line_1_66' title="bbox 157 1550 976 1588; baseline -0.002 -8"><span class='ocrx_word' id='word_1_454' title='bbox 157 1552 187 1580; x_wconf 88' lang='lat' dir='ltr'><strong>in</strong></span> <span class='ocrx_word' id='word_1_455' title='bbox 203 1552 356 1588; x_wconf 83' lang='lat' dir='ltr'><strong>respondit</strong></span> <span class='ocrx_word' id='word_1_456' title='bbox 370 1559 402 1579; x_wconf 91' lang='lat' dir='ltr'><strong>se</strong></span> <span class='ocrx_word' id='word_1_457' title='bbox 417 1551 510 1579; x_wconf 90' lang='lat' dir='ltr'><strong>multo</strong></span> <span class='ocrx_word' id='word_1_458' title='bbox 525 1559 604 1579; x_wconf 88' lang='lat' dir='ltr'><strong>nunc</strong></span> <span class='ocrx_word' id='word_1_459' title='bbox 617 1550 787 1579; x_wconf 82' lang='lat' dir='ltr'><strong>validiorem</strong></span> <span class='ocrx_word' id='word_1_460' title='bbox 803 1558 868 1578; x_wconf 88' lang='lat' dir='ltr'><strong>esse</strong></span> <span class='ocrx_word' id='word_1_461' title='bbox 892 1558 976 1586; x_wconf 86' lang='lat' dir='ltr'><strong>quam</strong></span> 
     </span>
    </p>
   </div>
   <div class='ocr_carea' id='block_1_67' title="bbox 1065 1539 1863 1589">
    <p class='ocr_par' dir='ltr' id='par_1_67' title="bbox 1067 1539 1863 1589">
     <span class='ocr_line' id='line_1_67' title="bbox 1067 1539 1863 1589; baseline 0.004 -13"><span class='ocrx_word' id='word_1_462' title='bbox 1067 1548 1194 1584; x_wconf 71' lang='grc' dir='ltr'>ἔπλησεν.</span> <span class='ocrx_word' id='word_1_463' title='bbox 1220 1550 1267 1576; x_wconf 83' lang='grc' dir='ltr'>Ὧν</span> <span class='ocrx_word' id='word_1_464' title='bbox 1298 1550 1348 1584; x_wconf 82' lang='grc' dir='ltr'>τὴν</span> <span class='ocrx_word' id='word_1_465' title='bbox 1375 1549 1597 1588; x_wconf 65' lang='grc' dir='ltr'>αἰσχροκέρδειαν</span> <span class='ocrx_word' id='word_1_466' title='bbox 1629 1539 1802 1589; x_wconf 63' lang='grc' dir='ltr'>εότραπὲλως</span> <span class='ocrx_word' id='word_1_467' title='bbox 1832 1539 1863 1579; x_wconf 60' lang='grc' dir='ltr'>οἵ</span> 
     </span>
    </p>
   </div>
   <div class='ocr_carea' id='block_1_68' title="bbox 159 1595 984 1632">
    <p class='ocr_par' dir='ltr' id='par_1_68' title="bbox 159 1595 984 1632">
     <span class='ocr_line' id='line_1_68' title="bbox 159 1595 984 1632; baseline -0.001 -7"><span class='ocrx_word' id='word_1_468' title='bbox 159 1597 329 1625; x_wconf 85' lang='lat' dir='ltr'><strong>adolescens</strong></span> <span class='ocrx_word' id='word_1_469' title='bbox 353 1595 465 1624; x_wconf 86' lang='lat' dir='ltr'><strong>fuisset.</strong></span> <span class='ocrx_word' id='word_1_470' title='bbox 487 1596 522 1624; x_wconf 86' lang='lat' dir='ltr'><strong>Et</strong></span> <span class='ocrx_word' id='word_1_471' title='bbox 538 1595 588 1632; x_wconf 85' lang='lat' dir='ltr'><strong>qui</strong></span> <span class='ocrx_word' id='word_1_472' title='bbox 602 1595 657 1624; x_wconf 92' lang='lat' dir='ltr'><strong>hoc</strong></span> <span class='ocrx_word' id='word_1_473' title='bbox 671 1603 773 1624; x_wconf 86' lang='lat' dir='ltr'><strong>verum</strong></span> <span class='ocrx_word' id='word_1_474' title='bbox 789 1597 877 1629; x_wconf 89' lang='lat' dir='ltr'><strong>esset,</strong></span> <span class='ocrx_word' id='word_1_475' title='bbox 893 1595 984 1624; x_wconf 86' lang='lat' dir='ltr'><strong>inter-</strong></span> 
     </span>
    </p>
   </div>
   <div class='ocr_carea' id='block_1_69' title="bbox 159 1640 985 1677">
    <p class='ocr_par' dir='ltr' id='par_1_69' title="bbox 159 1640 985 1677">
     <span class='ocr_line' id='line_1_69' title="bbox 159 1640 985 1677; baseline -0.001 -8"><span class='ocrx_word' id='word_1_476' title='bbox 159 1645 280 1677; x_wconf 83' lang='lat' dir='ltr'><strong>rogante</strong></span> <span class='ocrx_word' id='word_1_477' title='bbox 295 1641 498 1677; x_wconf 68' lang='lat' dir='ltr'><strong>imperatorem</strong></span> <span class='ocrx_word' id='word_1_478' title='bbox 514 1640 756 1677; x_wconf 88' lang='lat' dir='ltr'><strong>Eo,inquit,quod</strong></span> <span class='ocrx_word' id='word_1_479' title='bbox 773 1640 842 1669; x_wconf 91' lang='lat' dir='ltr'><strong>olim</strong></span> <span class='ocrx_word' id='word_1_480' title='bbox 859 1649 917 1668; x_wconf 91' lang='lat' dir='ltr'><strong>uno</strong></span> <span class='ocrx_word' id='word_1_481' title='bbox 934 1649 985 1668; x_wconf 88' lang='lat' dir='ltr'><strong>au-</strong></span> 
     </span>
    </p>
   </div>
   <div class='ocr_carea' id='block_1_70' title="bbox 160 1685 985 1722">
    <p class='ocr_par' dir='ltr' id='par_1_70' title="bbox 160 1685 985 1722">
     <span class='ocr_line' id='line_1_70' title="bbox 160 1685 985 1722; baseline -0.001 -8"><span class='ocrx_word' id='word_1_482' title='bbox 160 1694 209 1715; x_wconf 87' lang='lat' dir='ltr'><strong>reo</strong></span> <span class='ocrx_word' id='word_1_483' title='bbox 225 1687 323 1722; x_wconf 87' lang='lat' dir='ltr'><strong>empto</strong></span> <span class='ocrx_word' id='word_1_484' title='bbox 347 1686 494 1714; x_wconf 89' lang='lat' dir='ltr'><strong>frumento</strong></span> <span class='ocrx_word' id='word_1_485' title='bbox 519 1686 594 1714; x_wconf 91' lang='lat' dir='ltr'><strong>duos</strong></span> <span class='ocrx_word' id='word_1_486' title='bbox 616 1686 773 1714; x_wconf 83' lang='lat' dir='ltr'><strong>onerabam</strong></span> <span class='ocrx_word' id='word_1_487' title='bbox 797 1685 896 1713; x_wconf 86' lang='lat' dir='ltr'><strong>asinos</strong></span> <span class='ocrx_word' id='word_1_488' title='bbox 924 1693 931 1713; x_wconf 89' lang='lat'>:</span> <span class='ocrx_word' id='word_1_489' title='bbox 956 1686 985 1713; x_wconf 88' lang='lat' dir='ltr'><strong>te</strong></span> 
     </span>
    </p>
   </div>
   <div class='ocr_carea' id='block_1_71' title="bbox 163 1730 984 1767">
    <p class='ocr_par' dir='ltr' id='par_1_71' title="bbox 163 1730 984 1767">
     <span class='ocr_line' id='line_1_71' title="bbox 163 1730 984 1767; baseline -0.001 -9"><span class='ocrx_word' id='word_1_490' title='bbox 163 1733 261 1759; x_wconf 89' lang='lat' dir='ltr'><strong>autem</strong></span> <span class='ocrx_word' id='word_1_491' title='bbox 277 1730 452 1767; x_wconf 90' lang='lat' dir='ltr'><strong>imperante,</strong></span> <span class='ocrx_word' id='word_1_492' title='bbox 478 1732 623 1766; x_wconf 89' lang='lat' dir='ltr'><strong>quantum</strong></span> <span class='ocrx_word' id='word_1_493' title='bbox 647 1730 762 1758; x_wconf 89' lang='lat' dir='ltr'><strong>duobus</strong></span> <span class='ocrx_word' id='word_1_494' title='bbox 787 1730 883 1758; x_wconf 90' lang='lat' dir='ltr'><strong>aureis</strong></span> <span class='ocrx_word' id='word_1_495' title='bbox 912 1730 984 1758; x_wconf 87' lang='lat' dir='ltr'><strong>emi-</strong></span> 
     </span>
    </p>
   </div>
   <div class='ocr_carea' id='block_1_72' title="bbox 160 1774 980 1810">
    <p class='ocr_par' dir='ltr' id='par_1_72' title="bbox 160 1774 980 1810">
     <span class='ocr_line' id='line_1_72' title="bbox 160 1774 980 1810; baseline -0.004 -7"><span class='ocrx_word' id='word_1_496' title='bbox 160 1777 210 1803; x_wconf 87' lang='lat' dir='ltr'><strong>tur</strong></span> <span class='ocrx_word' id='word_1_497' title='bbox 241 1774 393 1810; x_wconf 86' lang='lat' dir='ltr'><strong>frumenti,</strong></span> <span class='ocrx_word' id='word_1_498' title='bbox 424 1775 503 1802; x_wconf 90' lang='lat' dir='ltr'><strong>haud</strong></span> <span class='ocrx_word' id='word_1_499' title='bbox 537 1776 655 1810; x_wconf 82' lang='lat' dir='ltr'><strong>gravate</strong></span> <span class='ocrx_word' id='word_1_500' title='bbox 688 1774 819 1802; x_wconf 85' lang='lat' dir='ltr'><strong>humeris</strong></span> <span class='ocrx_word' id='word_1_501' title='bbox 846 1775 940 1809; x_wconf 91' lang='lat' dir='ltr'><strong>porto.</strong></span> <span class='ocrx_word' id='word_1_502' title='bbox 968 1785 980 1800; x_wconf 79' lang='grc' dir='ltr'><strong>ι</strong></span> 
     </span>
    </p>
   </div>
   <div class='ocr_carea' id='block_1_73' title="bbox 160 1818 984 1856">
    <p class='ocr_par' dir='ltr' id='par_1_73' title="bbox 160 1818 984 1856">
     <span class='ocr_line' id='line_1_73' title="bbox 160 1818 984 1856; baseline -0.002 -9"><span class='ocrx_word' id='word_1_503' title='bbox 160 1820 322 1856; x_wconf 82' lang='lat' dir='ltr'><strong>Imperator</strong></span> <span class='ocrx_word' id='word_1_504' title='bbox 336 1819 491 1848; x_wconf 87' lang='lat' dir='ltr'><strong>dicterium</strong></span> <span class='ocrx_word' id='word_1_505' title='bbox 513 1819 643 1847; x_wconf 86' lang='lat' dir='ltr'><strong>sentiens</strong></span> <span class='ocrx_word' id='word_1_506' title='bbox 666 1818 749 1855; x_wconf 86' lang='lat' dir='ltr'><strong>abiit,</strong></span> <span class='ocrx_word' id='word_1_507' title='bbox 773 1818 847 1847; x_wconf 90' lang='lat' dir='ltr'><strong>nihil</strong></span> <span class='ocrx_word' id='word_1_508' title='bbox 872 1820 984 1854; x_wconf 89' lang='lat' dir='ltr'><strong>pertur-</strong></span> 
     </span>
    </p>
   </div>
   <div class='ocr_carea' id='block_1_74' title="bbox 157 1865 254 1892">
    <p class='ocr_par' dir='ltr' id='par_1_74' title="bbox 157 1865 254 1892">
     <span class='ocr_line' id='line_1_74' title="bbox 157 1865 254 1892; baseline 0 0"><span class='ocrx_word' id='word_1_509' title='bbox 157 1865 254 1892; x_wconf 87' lang='lat' dir='ltr'><strong>batus.</strong></span> 
     </span>
    </p>
   </div>
   <div class='ocr_carea' id='block_1_75' title="bbox 1039 1592 1863 1634">
    <p class='ocr_par' dir='ltr' id='par_1_75' title="bbox 1039 1592 1863 1634">
     <span class='ocr_line' id='line_1_75' title="bbox 1039 1592 1863 1634; baseline 0.004 -14"><span class='ocrx_word' id='word_1_510' title='bbox 1039 1593 1150 1621; x_wconf 81' lang='grc' dir='ltr'>πολῖται</span> <span class='ocrx_word' id='word_1_511' title='bbox 1185 1592 1388 1631; x_wconf 76' lang='grc' dir='ltr'>διεκωμῴδουν.</span> <span class='ocrx_word' id='word_1_512' title='bbox 1427 1594 1598 1630; x_wconf 81' lang='grc' dir='ltr'>Ἐξελθὸντος</span> <span class='ocrx_word' id='word_1_513' title='bbox 1633 1596 1684 1634; x_wconf 81' lang='grc' dir='ltr'><strong>γάρ</strong></span> <span class='ocrx_word' id='word_1_514' title='bbox 1719 1606 1785 1623; x_wconf 80' lang='grc' dir='ltr'>ποτε</span> <span class='ocrx_word' id='word_1_515' title='bbox 1811 1598 1863 1624; x_wconf 76' lang='grc' dir='ltr'><strong>τοῦ</strong></span> 
     </span>
    </p>
   </div>
   <div class='ocr_carea' id='block_1_76' title="bbox 1042 1637 1861 1678">
    <p class='ocr_par' dir='ltr' id='par_1_76' title="bbox 1042 1637 1861 1678">
     <span class='ocr_line' id='line_1_76' title="bbox 1042 1637 1861 1678; baseline 0.004 -13"><span class='ocrx_word' id='word_1_516' title='bbox 1042 1637 1176 1676; x_wconf 69' lang='grc' dir='ltr'>βασιλέως</span> <span class='ocrx_word' id='word_1_517' title='bbox 1192 1639 1218 1665; x_wconf 80' lang='grc' dir='ltr'>ἐν</span> <span class='ocrx_word' id='word_1_518' title='bbox 1241 1641 1280 1674; x_wconf 84' lang='grc' dir='ltr'><strong>τῷ</strong></span> <span class='ocrx_word' id='word_1_519' title='bbox 1304 1637 1390 1675; x_wconf 80' lang='grc' dir='ltr'>πεδίῳ</span> <span class='ocrx_word' id='word_1_520' title='bbox 1415 1638 1483 1666; x_wconf 78' lang='grc' dir='ltr'>ὥστε</span> <span class='ocrx_word' id='word_1_521' title='bbox 1507 1640 1643 1677; x_wconf 88' lang='grc' dir='ltr'>γυμνάσαι</span> <span class='ocrx_word' id='word_1_522' title='bbox 1667 1641 1712 1668; x_wconf 85' lang='grc' dir='ltr'>τὸν</span> <span class='ocrx_word' id='word_1_523' title='bbox 1736 1639 1861 1678; x_wconf 76' lang='grc' dir='ltr'>στρατὸν,</span> 
     </span>
    </p>
   </div>
   <div class='ocr_carea' id='block_1_77' title="bbox 1039 1682 1861 1722">
    <p class='ocr_par' dir='ltr' id='par_1_77' title="bbox 1039 1682 1861 1722">
     <span class='ocr_line' id='line_1_77' title="bbox 1039 1682 1861 1722; baseline 0.002 -13"><span class='ocrx_word' id='word_1_524' title='bbox 1039 1682 1097 1710; x_wconf 73' lang='grc' dir='ltr'>ἐπεί</span> <span class='ocrx_word' id='word_1_525' title='bbox 1121 1693 1161 1713; x_wconf 91' lang='grc' dir='ltr'><strong>τις</strong></span> <span class='ocrx_word' id='word_1_526' title='bbox 1186 1682 1255 1717; x_wconf 76' lang='grc' dir='ltr'>ἦλθε</span> <span class='ocrx_word' id='word_1_527' title='bbox 1276 1683 1376 1714; x_wconf 76' lang='grc' dir='ltr'>πολιὸς</span> <span class='ocrx_word' id='word_1_528' title='bbox 1400 1683 1449 1717; x_wconf 77' lang='grc' dir='ltr'>τὴν</span> <span class='ocrx_word' id='word_1_529' title='bbox 1469 1683 1553 1721; x_wconf 82' lang='grc' dir='ltr'>τρίχα</span> <span class='ocrx_word' id='word_1_530' title='bbox 1577 1684 1623 1711; x_wconf 79' lang='grc' dir='ltr'><strong>καὶ</strong></span> <span class='ocrx_word' id='word_1_531' title='bbox 1650 1684 1774 1722; x_wconf 79' lang='grc' dir='ltr'>ἐπειρᾶτο</span> <span class='ocrx_word' id='word_1_532' title='bbox 1799 1695 1861 1712; x_wconf 92' lang='grc' dir='ltr'>συν-</span> 
     </span>
    </p>
   </div>
   <div class='ocr_carea' id='block_1_78' title="bbox 1039 1728 1860 1767">
    <p class='ocr_par' dir='ltr' id='par_1_78' title="bbox 1039 1728 1860 1767">
     <span class='ocr_line' id='line_1_78' title="bbox 1039 1728 1860 1767; baseline 0.004 -13"><span class='ocrx_word' id='word_1_533' title='bbox 1039 1731 1224 1764; x_wconf 81' lang='grc' dir='ltr'>αριθμηθῆναι</span> <span class='ocrx_word' id='word_1_534' title='bbox 1257 1730 1313 1758; x_wconf 79' lang='grc' dir='ltr'>τοῖς</span> <span class='ocrx_word' id='word_1_535' title='bbox 1350 1729 1540 1766; x_wconf 80' lang='grc' dir='ltr'>στρατιώταις,</span> <span class='ocrx_word' id='word_1_536' title='bbox 1569 1729 1634 1767; x_wconf 76' lang='grc' dir='ltr'>φησὶ</span> <span class='ocrx_word' id='word_1_537' title='bbox 1671 1728 1740 1766; x_wconf 76' lang='grc' dir='ltr'>πρὸς</span> <span class='ocrx_word' id='word_1_538' title='bbox 1768 1728 1860 1757; x_wconf 78' lang='grc' dir='ltr'>αὐτόν·</span> 
     </span>
    </p>
   </div>
   <div class='ocr_carea' id='block_1_79' title="bbox 1040 1770 1861 1810">
    <p class='ocr_par' dir='ltr' id='par_1_79' title="bbox 1040 1770 1861 1810">
     <span class='ocr_line' id='line_1_79' title="bbox 1040 1770 1861 1810; baseline 0.004 -12"><span class='ocrx_word' id='word_1_539' title='bbox 1040 1784 1054 1798; x_wconf 89' lang='grc'><strong>‹‹</strong></span> <span class='ocrx_word' id='word_1_540' title='bbox 1071 1771 1107 1799; x_wconf 78' lang='grc' dir='ltr'><strong>Σὺ</strong></span> <span class='ocrx_word' id='word_1_541' title='bbox 1124 1770 1162 1806; x_wconf 75' lang='grc' dir='ltr'>δὲ,</span> <span class='ocrx_word' id='word_1_542' title='bbox 1179 1772 1201 1798; x_wconf 81' lang='grc' dir='ltr'>ὦ</span> <span class='ocrx_word' id='word_1_543' title='bbox 1216 1772 1351 1808; x_wconf 77' lang='grc' dir='ltr'>ἄνθρωπε,</span> <span class='ocrx_word' id='word_1_544' title='bbox 1366 1772 1452 1810; x_wconf 72' lang='grc' dir='ltr'>γίρων</span> <span class='ocrx_word' id='word_1_545' title='bbox 1470 1771 1508 1799; x_wconf 83' lang='grc' dir='ltr'>ὢν</span> <span class='ocrx_word' id='word_1_546' title='bbox 1529 1775 1589 1804; x_wconf 83' lang='grc' dir='ltr'>πῶς</span> <span class='ocrx_word' id='word_1_547' title='bbox 1608 1775 1667 1804; x_wconf 86' lang='grc' dir='ltr'>τοῖς</span> <span class='ocrx_word' id='word_1_548' title='bbox 1684 1773 1762 1809; x_wconf 76' lang='grc' dir='ltr'>ἐμοῖς</span> <span class='ocrx_word' id='word_1_549' title='bbox 1778 1783 1861 1809; x_wconf 81' lang='grc' dir='ltr'>στρα-</span> 
     </span>
    </p>
   </div>
   <div class='ocr_carea' id='block_1_80' title="bbox 1038 1815 1859 1855">
    <p class='ocr_par' dir='ltr' id='par_1_80' title="bbox 1038 1815 1859 1855">
     <span class='ocr_line' id='line_1_80' title="bbox 1038 1815 1859 1855; baseline 0.002 -12"><span class='ocrx_word' id='word_1_550' title='bbox 1038 1817 1149 1847; x_wconf 83' lang='grc' dir='ltr'>τιώταις</span> <span class='ocrx_word' id='word_1_551' title='bbox 1173 1815 1266 1854; x_wconf 73' lang='grc' dir='ltr'>ἐπείγῃ</span> <span class='ocrx_word' id='word_1_552' title='bbox 1295 1817 1526 1855; x_wconf 84' lang='grc' dir='ltr'>συναριθμηθῆναι</span> <span class='ocrx_word' id='word_1_553' title='bbox 1548 1827 1555 1852; x_wconf 84' lang='grc'>;</span> <span class='ocrx_word' id='word_1_554' title='bbox 1582 1829 1595 1843; x_wconf 86' lang='grc'><strong>››</strong></span> <span class='ocrx_word' id='word_1_555' title='bbox 1617 1818 1647 1846; x_wconf 89' lang='grc' dir='ltr'>Ὁ</span> <span class='ocrx_word' id='word_1_556' title='bbox 1671 1816 1693 1845; x_wconf 82' lang='grc' dir='ltr'><strong>δ’</strong></span> <span class='ocrx_word' id='word_1_557' title='bbox 1720 1817 1859 1855; x_wconf 77' lang='grc' dir='ltr'>εὐστόχως</span> 
     </span>
    </p>
   </div>
   <div class='ocr_carea' id='block_1_81' title="bbox 1039 1859 1860 1900">
    <p class='ocr_par' dir='ltr' id='par_1_81' title="bbox 1039 1859 1860 1900">
     <span class='ocr_line' id='line_1_81' title="bbox 1039 1859 1860 1900; baseline 0.002 -12"><span class='ocrx_word' id='word_1_558' title='bbox 1039 1859 1195 1896; x_wconf 75' lang='grc' dir='ltr'>ὑπολαϐὼν,</span> <span class='ocrx_word' id='word_1_559' title='bbox 1211 1874 1225 1887; x_wconf 90' lang='grc'><strong>‹‹</strong></span> <span class='ocrx_word' id='word_1_560' title='bbox 1242 1860 1316 1889; x_wconf 83' lang='grc' dir='ltr'>Πολὺ</span> <span class='ocrx_word' id='word_1_561' title='bbox 1343 1859 1524 1899; x_wconf 79' lang='grc' dir='ltr'>δυνατώτερός</span> <span class='ocrx_word' id='word_1_562' title='bbox 1552 1861 1609 1898; x_wconf 69' lang='grc' dir='ltr'>εἶμι</span> <span class='ocrx_word' id='word_1_563' title='bbox 1631 1864 1688 1897; x_wconf 77' lang='grc' dir='ltr'>νῦν,</span> <span class='ocrx_word' id='word_1_564' title='bbox 1704 1861 1766 1900; x_wconf 71' lang='grc' dir='ltr'>ἔφῃ,</span> <span class='ocrx_word' id='word_1_565' title='bbox 1783 1862 1800 1897; x_wconf 77' lang='grc' dir='ltr'><strong>ἢ</strong></span> <span class='ocrx_word' id='word_1_566' title='bbox 1814 1863 1860 1890; x_wconf 74' lang='grc' dir='ltr'>ὅτε</span> 
     </span>
    </p>
   </div>
   <div class='ocr_carea' id='block_1_82' title="bbox 155 1903 1860 1945">
    <p class='ocr_par' dir='ltr' id='par_1_82' title="bbox 155 1903 1860 1945">
     <span class='ocr_line' id='line_1_82' title="bbox 155 1903 1860 1945; baseline -0.001 -9"><span class='ocrx_word' id='word_1_567' title='bbox 155 1907 291 1945; x_wconf 76' lang='grc' dir='ltr'>ἤκμαζον.</span> <span class='ocrx_word' id='word_1_568' title='bbox 309 1919 324 1934; x_wconf 88' lang='grc'><strong>››</strong></span> <span class='ocrx_word' id='word_1_569' title='bbox 339 1907 428 1936; x_wconf 74' lang='grc' dir='ltr'>Αὐτοῦ</span> <span class='ocrx_word' id='word_1_570' title='bbox 445 1906 483 1942; x_wconf 72' lang='grc' dir='ltr'><strong>δὶ,</strong></span> <span class='ocrx_word' id='word_1_571' title='bbox 499 1919 513 1933; x_wconf 91' lang='grc'><strong>‹‹</strong></span> <span class='ocrx_word' id='word_1_572' title='bbox 530 1907 578 1934; x_wconf 77' lang='grc' dir='ltr'>Καὶ</span> <span class='ocrx_word' id='word_1_573' title='bbox 590 1908 649 1938; x_wconf 84' lang='grc' dir='ltr'><strong>πῶς</strong></span> <span class='ocrx_word' id='word_1_574' title='bbox 663 1917 670 1943; x_wconf 83' lang='grc'><strong>;</strong></span> <span class='ocrx_word' id='word_1_575' title='bbox 687 1906 853 1944; x_wconf 68' lang='grc' dir='ltr'>«ἐρομένου,</span> <span class='ocrx_word' id='word_1_576' title='bbox 871 1919 884 1932; x_wconf 84' lang='grc'><strong>››</strong></span> <span class='ocrx_word' id='word_1_577' title='bbox 897 1907 1019 1944; x_wconf 83' lang='grc' dir='ltr'>Ὂτιπερ,</span> <span class='ocrx_word' id='word_1_578' title='bbox 1035 1903 1099 1943; x_wconf 70' lang='grc' dir='ltr'>ἔφη,</span> <span class='ocrx_word' id='word_1_579' title='bbox 1114 1905 1160 1933; x_wconf 83' lang='grc' dir='ltr'><strong>τὸν</strong></span> <span class='ocrx_word' id='word_1_580' title='bbox 1176 1907 1224 1933; x_wconf 73' lang='grc' dir='ltr'><strong>τοῦ</strong></span> <span class='ocrx_word' id='word_1_581' title='bbox 1239 1905 1406 1943; x_wconf 82' lang='grc' dir='ltr'>νομίσματος</span> <span class='ocrx_word' id='word_1_582' title='bbox 1431 1909 1503 1933; x_wconf 88' lang='grc' dir='ltr'>σῖτον</span> <span class='ocrx_word' id='word_1_583' title='bbox 1526 1907 1656 1945; x_wconf 78' lang='grc' dir='ltr'>πρότερον</span> <span class='ocrx_word' id='word_1_584' title='bbox 1679 1905 1752 1934; x_wconf 79' lang='grc' dir='ltr'>δυσὶν</span> <span class='ocrx_word' id='word_1_585' title='bbox 1774 1907 1860 1944; x_wconf 79' lang='grc' dir='ltr'>ἡμιό-</span> 
     </span>
    </p>
   </div>
   <div class='ocr_carea' id='block_1_83' title="bbox 152 1948 1858 1992">
    <p class='ocr_par' dir='ltr' id='par_1_83' title="bbox 152 1948 1858 1992">
     <span class='ocr_line' id='line_1_83' title="bbox 152 1948 1858 1992; baseline 0 -12"><span class='ocrx_word' id='word_1_586' title='bbox 152 1963 209 1985; x_wconf 84' lang='grc' dir='ltr'>νοις</span> <span class='ocrx_word' id='word_1_587' title='bbox 221 1952 416 1992; x_wconf 75' lang='grc' dir='ltr'>ἐπιφορτίζων,</span> <span class='ocrx_word' id='word_1_588' title='bbox 431 1951 473 1979; x_wconf 79' lang='grc' dir='ltr'>ἐπὶ</span> <span class='ocrx_word' id='word_1_589' title='bbox 489 1955 539 1987; x_wconf 73' lang='grc' dir='ltr'><strong>τῆς</strong></span> <span class='ocrx_word' id='word_1_590' title='bbox 554 1955 604 1986; x_wconf 81' lang='grc' dir='ltr'>σῆς</span> <span class='ocrx_word' id='word_1_591' title='bbox 622 1951 758 1990; x_wconf 79' lang='grc' dir='ltr'>βασιλείας</span> <span class='ocrx_word' id='word_1_592' title='bbox 774 1950 822 1979; x_wconf 79' lang='grc' dir='ltr'>δύο</span> <span class='ocrx_word' id='word_1_593' title='bbox 838 1950 1013 1988; x_wconf 78' lang='grc' dir='ltr'>νομισμάτων</span> <span class='ocrx_word' id='word_1_594' title='bbox 1031 1953 1106 1978; x_wconf 87' lang='grc' dir='ltr'>σῖτον</span> <span class='ocrx_word' id='word_1_595' title='bbox 1131 1948 1240 1989; x_wconf 75' lang='grc' dir='ltr'>ἀϐαρῶς</span> <span class='ocrx_word' id='word_1_596' title='bbox 1254 1950 1298 1979; x_wconf 69' lang='grc' dir='ltr'>ἐπὶ</span> <span class='ocrx_word' id='word_1_597' title='bbox 1311 1953 1366 1979; x_wconf 85' lang='grc' dir='ltr'><strong>τῶν</strong></span> <span class='ocrx_word' id='word_1_598' title='bbox 1381 1951 1464 1988; x_wconf 83' lang='grc' dir='ltr'>ὤμων</span> <span class='ocrx_word' id='word_1_599' title='bbox 1488 1951 1571 1990; x_wconf 67' lang='grc' dir='ltr'>φέρω.</span> <span class='ocrx_word' id='word_1_600' title='bbox 1589 1963 1604 1978; x_wconf 85' lang='grc'><strong>››</strong></span> <span class='ocrx_word' id='word_1_601' title='bbox 1620 1951 1714 1983; x_wconf 69' lang='grc' dir='ltr'>Συνεῖς</span> <span class='ocrx_word' id='word_1_602' title='bbox 1738 1951 1783 1979; x_wconf 72' lang='grc' dir='ltr'>οὖν</span> <span class='ocrx_word' id='word_1_603' title='bbox 1807 1953 1858 1988; x_wconf 79' lang='grc' dir='ltr'><strong>τὴν</strong></span> 
     </span>
    </p>
   </div>
   <div class='ocr_carea' id='block_1_84' title="bbox 152 1995 749 2035">
    <p class='ocr_par' dir='ltr' id='par_1_84' title="bbox 152 1995 749 2035">
     <span class='ocr_line' id='line_1_84' title="bbox 152 1995 749 2035; baseline -0.002 -10"><span class='ocrx_word' id='word_1_604' title='bbox 152 1996 291 2035; x_wconf 86' lang='grc' dir='ltr'>είρωνείαν</span> <span class='ocrx_word' id='word_1_605' title='bbox 304 1997 473 2035; x_wconf 77' lang='grc' dir='ltr'>ἀνεχώρησε,</span> <span class='ocrx_word' id='word_1_606' title='bbox 492 1995 576 2033; x_wconf 68' lang='grc' dir='ltr'>μηδὲν</span> <span class='ocrx_word' id='word_1_607' title='bbox 591 1996 749 2034; x_wconf 78' lang='grc' dir='ltr'>ταραχθείς.</span> 
     </span>
    </p>
   </div>
   <div class='ocr_carea' id='block_1_85' title="bbox 186 2049 981 2086">
    <p class='ocr_par' dir='ltr' id='par_1_85' title="bbox 186 2049 981 2086">
     <span class='ocr_line' id='line_1_85' title="bbox 186 2049 981 2086; baseline -0.004 -6"><span class='ocrx_word' id='word_1_608' title='bbox 186 2052 330 2080; x_wconf 70' lang='lat' dir='ltr'><strong>Caeterum</strong></span> <span class='ocrx_word' id='word_1_609' title='bbox 346 2050 484 2079; x_wconf 85' lang='lat' dir='ltr'><strong>Saraceni</strong></span> <span class='ocrx_word' id='word_1_610' title='bbox 499 2050 618 2078; x_wconf 86' lang='lat' dir='ltr'><strong>amissis</strong></span> <span class='ocrx_word' id='word_1_611' title='bbox 634 2049 663 2077; x_wconf 90' lang='lat' dir='ltr'><strong>in</strong></span> <span class='ocrx_word' id='word_1_612' title='bbox 679 2049 763 2086; x_wconf 81' lang='lat' dir='ltr'><strong>Syria</strong></span> <span class='ocrx_word' id='word_1_613' title='bbox 775 2051 804 2077; x_wconf 85' lang='lat' dir='ltr'><strong>et</strong></span> <span class='ocrx_word' id='word_1_614' title='bbox 817 2049 918 2077; x_wconf 85' lang='lat' dir='ltr'><strong>Cilicia</strong></span> <span class='ocrx_word' id='word_1_615' title='bbox 935 2058 981 2077; x_wconf 89' lang='lat' dir='ltr'><strong>ur-</strong></span> 
     </span>
    </p>
   </div>
   <div class='ocr_carea' id='block_1_86' title="bbox 150 2094 978 2132">
    <p class='ocr_par' dir='ltr' id='par_1_86' title="bbox 150 2094 978 2132">
     <span class='ocr_line' id='line_1_86' title="bbox 150 2094 978 2132; baseline -0.004 -8"><span class='ocrx_word' id='word_1_616' title='bbox 150 2096 248 2132; x_wconf 86' lang='lat' dir='ltr'><strong>bibus,</strong></span> <span class='ocrx_word' id='word_1_617' title='bbox 263 2096 408 2124; x_wconf 83' lang='lat' dir='ltr'><strong>Joannem</strong></span> <span class='ocrx_word' id='word_1_618' title='bbox 423 2094 679 2131; x_wconf 83' lang='lat' dir='ltr'><strong>archiepiscopum</strong></span> <span class='ocrx_word' id='word_1_619' title='bbox 702 2094 912 2131; x_wconf 76' lang='lat' dir='ltr'><strong>Hierosolymae</strong></span> <span class='ocrx_word' id='word_1_620' title='bbox 937 2094 978 2122; x_wconf 92' lang='lat' dir='ltr'><strong>vi-</strong></span> 
     </span>
    </p>
   </div>
   <div class='ocr_carea' id='block_1_87' title="bbox 148 2139 977 2176">
    <p class='ocr_par' dir='ltr' id='par_1_87' title="bbox 148 2139 977 2176">
     <span class='ocr_line' id='line_1_87' title="bbox 148 2139 977 2176; baseline -0.002 -8"><span class='ocrx_word' id='word_1_621' title='bbox 148 2149 220 2170; x_wconf 89' lang='lat' dir='ltr'><strong>vum</strong></span> <span class='ocrx_word' id='word_1_622' title='bbox 245 2140 481 2172; x_wconf 85' lang='lat' dir='ltr'><strong>combusserunt,</strong></span> <span class='ocrx_word' id='word_1_623' title='bbox 498 2140 575 2175; x_wconf 91' lang='lat' dir='ltr'><strong>quod</strong></span> <span class='ocrx_word' id='word_1_624' title='bbox 592 2139 821 2176; x_wconf 86' lang='lat' dir='ltr'><strong>suspicarentur</strong></span> <span class='ocrx_word' id='word_1_625' title='bbox 837 2140 902 2174; x_wconf 88' lang='lat' dir='ltr'><strong>ejus</strong></span> <span class='ocrx_word' id='word_1_626' title='bbox 916 2139 977 2167; x_wconf 88' lang='lat' dir='ltr'><strong>ins-</strong></span> 
     </span>
    </p>
   </div>
   <div class='ocr_carea' id='block_1_88' title="bbox 149 2183 977 2222">
    <p class='ocr_par' dir='ltr' id='par_1_88' title="bbox 149 2183 977 2222">
     <span class='ocr_line' id='line_1_88' title="bbox 149 2183 977 2222; baseline -0.004 -8"><span class='ocrx_word' id='word_1_627' title='bbox 149 2187 243 2214; x_wconf 86' lang='lat' dir='ltr'><strong>tinctu</strong></span> <span class='ocrx_word' id='word_1_628' title='bbox 259 2185 456 2222; x_wconf 86' lang='lat' dir='ltr'><strong>Nicephorum</strong></span> <span class='ocrx_word' id='word_1_629' title='bbox 473 2184 545 2220; x_wconf 86' lang='lat' dir='ltr'><strong>ipsis</strong></span> <span class='ocrx_word' id='word_1_630' title='bbox 561 2184 671 2212; x_wconf 87' lang='lat' dir='ltr'><strong>bellum</strong></span> <span class='ocrx_word' id='word_1_631' title='bbox 689 2183 855 2211; x_wconf 84' lang='lat' dir='ltr'><strong>illaturum.</strong></span> <span class='ocrx_word' id='word_1_632' title='bbox 871 2186 977 2211; x_wconf 86' lang='lat' dir='ltr'><strong>Incen-</strong></span> 
     </span>
    </p>
   </div>
   <div class='ocr_carea' id='block_1_89' title="bbox 147 2227 976 2265">
    <p class='ocr_par' dir='ltr' id='par_1_89' title="bbox 147 2227 976 2265">
     <span class='ocr_line' id='line_1_89' title="bbox 147 2227 976 2265; baseline -0.004 -6"><span class='ocrx_word' id='word_1_633' title='bbox 147 2232 255 2259; x_wconf 85' lang='lat' dir='ltr'><strong>derunt</strong></span> <span class='ocrx_word' id='word_1_634' title='bbox 279 2231 368 2258; x_wconf 89' lang='lat' dir='ltr'><strong>etiam</strong></span> <span class='ocrx_word' id='word_1_635' title='bbox 398 2228 634 2265; x_wconf 89' lang='lat' dir='ltr'><strong>pulcherrimum</strong></span> <span class='ocrx_word' id='word_1_636' title='bbox 661 2227 804 2264; x_wconf 85' lang='lat' dir='ltr'><strong>templum</strong></span> <span class='ocrx_word' id='word_1_637' title='bbox 831 2228 976 2256; x_wconf 82' lang='lat' dir='ltr'><strong>Dominici</strong></span> 
     </span>
    </p>
   </div>
   <div class='ocr_carea' id='block_1_90' title="bbox 146 2272 973 2312">
    <p class='ocr_par' dir='ltr' id='par_1_90' title="bbox 146 2272 973 2312">
     <span class='ocr_line' id='line_1_90' title="bbox 146 2272 973 2312; baseline -0.004 -8"><span class='ocrx_word' id='word_1_638' title='bbox 146 2275 290 2312; x_wconf 86' lang='lat' dir='ltr'><strong>Sepulcri.</strong></span> <span class='ocrx_word' id='word_1_639' title='bbox 307 2275 415 2303; x_wconf 90' lang='lat' dir='ltr'><strong>Eodem</strong></span> <span class='ocrx_word' id='word_1_640' title='bbox 441 2274 530 2302; x_wconf 89' lang='lat' dir='ltr'><strong>modo</strong></span> <span class='ocrx_word' id='word_1_641' title='bbox 555 2272 729 2301; x_wconf 85' lang='lat' dir='ltr'><strong>Antiocheni</strong></span> <span class='ocrx_word' id='word_1_642' title='bbox 756 2281 873 2309; x_wconf 89' lang='lat' dir='ltr'><strong>quoque</strong></span> <span class='ocrx_word' id='word_1_643' title='bbox 899 2273 973 2301; x_wconf 74' lang='lat'><strong>875</strong></span> 
     </span>
    </p>
   </div>
   <div class='ocr_carea' id='block_1_91' title="bbox 149 2318 974 2357">
    <p class='ocr_par' dir='ltr' id='par_1_91' title="bbox 149 2318 974 2357">
     <span class='ocr_line' id='line_1_91' title="bbox 149 2318 974 2357; baseline -0.005 -9"><span class='ocrx_word' id='word_1_644' title='bbox 149 2320 392 2357; x_wconf 86' lang='lat' dir='ltr'><strong>Christophorum</strong></span> <span class='ocrx_word' id='word_1_645' title='bbox 409 2327 497 2348; x_wconf 85' lang='lat' dir='ltr'><strong>suum</strong></span> <span class='ocrx_word' id='word_1_646' title='bbox 514 2318 683 2355; x_wconf 82' lang='lat' dir='ltr'><strong>pontiﬁcem</strong></span> <span class='ocrx_word' id='word_1_647' title='bbox 705 2326 857 2345; x_wconf 88' lang='lat' dir='ltr'><strong>summum</strong></span> <span class='ocrx_word' id='word_1_648' title='bbox 884 2318 974 2345; x_wconf 87' lang='lat' dir='ltr'><strong>inter-</strong></span> 
     </span>
    </p>
   </div>
   <div class='ocr_carea' id='block_1_92' title="bbox 148 2362 976 2400">
    <p class='ocr_par' dir='ltr' id='par_1_92' title="bbox 148 2362 976 2400">
     <span class='ocr_line' id='line_1_92' title="bbox 148 2362 976 2400; baseline -0.004 -8"><span class='ocrx_word' id='word_1_649' title='bbox 148 2365 337 2393; x_wconf 81' lang='lat' dir='ltr'><strong>fecerunt.Ad</strong></span> <span class='ocrx_word' id='word_1_650' title='bbox 348 2364 555 2400; x_wconf 88' lang='lat' dir='ltr'><strong>imperatorem</strong></span> <span class='ocrx_word' id='word_1_651' title='bbox 570 2371 656 2398; x_wconf 90' lang='lat' dir='ltr'><strong>porro</strong></span> <span class='ocrx_word' id='word_1_652' title='bbox 668 2370 699 2390; x_wconf 86' lang='lat' dir='ltr'><strong>se</strong></span> <span class='ocrx_word' id='word_1_653' title='bbox 711 2362 898 2390; x_wconf 88' lang='lat' dir='ltr'><strong>contulerunt</strong></span> <span class='ocrx_word' id='word_1_654' title='bbox 907 2364 976 2390; x_wconf 88' lang='lat' dir='ltr'><strong>Gre-</strong></span> 
     </span>
    </p>
   </div>
   <div class='ocr_carea' id='block_1_93' title="bbox 147 2406 970 2444">
    <p class='ocr_par' dir='ltr' id='par_1_93' title="bbox 147 2406 970 2444">
     <span class='ocr_line' id='line_1_93' title="bbox 147 2406 970 2444; baseline -0.004 -7"><span class='ocrx_word' id='word_1_655' title='bbox 147 2409 248 2444; x_wconf 83' lang='lat' dir='ltr'><strong>gorius</strong></span> <span class='ocrx_word' id='word_1_656' title='bbox 261 2411 290 2437; x_wconf 87' lang='lat' dir='ltr'><strong>et</strong></span> <span class='ocrx_word' id='word_1_657' title='bbox 304 2409 480 2436; x_wconf 85' lang='lat' dir='ltr'><strong>Pancratius</strong></span> <span class='ocrx_word' id='word_1_658' title='bbox 496 2408 602 2435; x_wconf 83' lang='lat' dir='ltr'><strong>fratres</strong></span> <span class='ocrx_word' id='word_1_659' title='bbox 617 2407 761 2443; x_wconf 83' lang='lat' dir='ltr'><strong>germani,</strong></span> <span class='ocrx_word' id='word_1_660' title='bbox 777 2406 862 2442; x_wconf 87' lang='lat' dir='ltr'><strong>eique</strong></span> <span class='ocrx_word' id='word_1_661' title='bbox 886 2415 970 2435; x_wconf 86' lang='lat' dir='ltr'><strong>suam</strong></span> 
     </span>
    </p>
   </div>
   <div class='ocr_carea' id='block_1_94' title="bbox 148 2451 972 2489">
    <p class='ocr_par' dir='ltr' id='par_1_94' title="bbox 148 2451 972 2489">
     <span class='ocr_line' id='line_1_94' title="bbox 148 2451 972 2489; baseline -0.001 -8"><span class='ocrx_word' id='word_1_662' title='bbox 148 2453 300 2489; x_wconf 85' lang='lat' dir='ltr'><strong>ditionem,</strong></span> <span class='ocrx_word' id='word_1_663' title='bbox 325 2453 443 2481; x_wconf 91' lang='lat' dir='ltr'><strong>nomine</strong></span> <span class='ocrx_word' id='word_1_664' title='bbox 469 2453 574 2487; x_wconf 84' lang='lat' dir='ltr'><strong>Taron,</strong></span> <span class='ocrx_word' id='word_1_665' title='bbox 598 2454 816 2479; x_wconf 84' lang='lat' dir='ltr'><strong>concesserunt.</strong></span> <span class='ocrx_word' id='word_1_666' title='bbox 833 2451 909 2483; x_wconf 88' lang='lat' dir='ltr'><strong>Quos</strong></span> <span class='ocrx_word' id='word_1_667' title='bbox 924 2451 972 2480; x_wconf 90' lang='lat' dir='ltr'><strong>ille</strong></span> 
     </span>
    </p>
   </div>
   <div class='ocr_carea' id='block_1_95' title="bbox 147 2496 971 2535">
    <p class='ocr_par' dir='ltr' id='par_1_95' title="bbox 147 2496 971 2535">
     <span class='ocr_line' id='line_1_95' title="bbox 147 2496 971 2535; baseline 0 -10"><span class='ocrx_word' id='word_1_668' title='bbox 147 2498 270 2535; x_wconf 84' lang='lat' dir='ltr'><strong>patricia</strong></span> <span class='ocrx_word' id='word_1_669' title='bbox 286 2497 429 2534; x_wconf 84' lang='lat' dir='ltr'><strong>dignitate</strong></span> <span class='ocrx_word' id='word_1_670' title='bbox 445 2499 564 2524; x_wconf 89' lang='lat' dir='ltr'><strong>ornatos</strong></span> <span class='ocrx_word' id='word_1_671' title='bbox 580 2496 697 2532; x_wconf 57' lang='lat' dir='ltr'><strong>pradiis</strong></span> <span class='ocrx_word' id='word_1_672' title='bbox 722 2496 836 2524; x_wconf 88' lang='lat' dir='ltr'><strong>reditus</strong></span> <span class='ocrx_word' id='word_1_673' title='bbox 857 2496 971 2532; x_wconf 86' lang='lat' dir='ltr'><strong>amplos</strong></span> 
     </span>
    </p>
   </div>
   <div class='ocr_carea' id='block_1_96' title="bbox 145 2540 972 2576">
    <p class='ocr_par' dir='ltr' id='par_1_96' title="bbox 145 2540 972 2576">
     <span class='ocr_line' id='line_1_96' title="bbox 145 2540 972 2576; baseline -0.001 -6"><span class='ocrx_word' id='word_1_674' title='bbox 145 2542 323 2570; x_wconf 85' lang='lat' dir='ltr'><strong>habentibus</strong></span> <span class='ocrx_word' id='word_1_675' title='bbox 338 2541 523 2570; x_wconf 84' lang='lat' dir='ltr'><strong>donavit.Die</strong></span> <span class='ocrx_word' id='word_1_676' title='bbox 539 2540 649 2569; x_wconf 89' lang='lat' dir='ltr'><strong>mensis</strong></span> <span class='ocrx_word' id='word_1_677' title='bbox 665 2541 833 2569; x_wconf 89' lang='lat' dir='ltr'><strong>Decembris</strong></span> <span class='ocrx_word' id='word_1_678' title='bbox 847 2541 972 2576; x_wconf 81' lang='lat' dir='ltr'><strong>22,hora</strong></span> 
     </span>
    </p>
   </div>
   <div class='ocr_carea' id='block_1_97' title="bbox 143 2586 972 2623">
    <p class='ocr_par' dir='ltr' id='par_1_97' title="bbox 143 2586 972 2623">
     <span class='ocr_line' id='line_1_97' title="bbox 143 2586 972 2623; baseline -0.001 -9"><span class='ocrx_word' id='word_1_679' title='bbox 143 2587 240 2623; x_wconf 79' lang='lat' dir='ltr'><strong>tertia,</strong></span> <span class='ocrx_word' id='word_1_680' title='bbox 255 2589 356 2615; x_wconf 89' lang='lat' dir='ltr'><strong>tantus</strong></span> <span class='ocrx_word' id='word_1_681' title='bbox 372 2586 428 2614; x_wconf 87' lang='lat' dir='ltr'><strong>fuit</strong></span> <span class='ocrx_word' id='word_1_682' title='bbox 443 2586 513 2614; x_wconf 89' lang='lat' dir='ltr'><strong>solis</strong></span> <span class='ocrx_word' id='word_1_683' title='bbox 540 2586 672 2614; x_wconf 85' lang='lat' dir='ltr'><strong>defectus</strong></span> <span class='ocrx_word' id='word_1_684' title='bbox 697 2587 730 2613; x_wconf 86' lang='lat' dir='ltr'><strong>ut</strong></span> <span class='ocrx_word' id='word_1_685' title='bbox 754 2588 833 2614; x_wconf 83' lang='lat' dir='ltr'><strong>astra</strong></span> <span class='ocrx_word' id='word_1_686' title='bbox 856 2594 972 2622; x_wconf 89' lang='lat' dir='ltr'><strong>quoque</strong></span> 
     </span>
    </p>
   </div>
   <div class='ocr_carea' id='block_1_98' title="bbox 144 2631 344 2669">
    <p class='ocr_par' dir='ltr' id='par_1_98' title="bbox 144 2631 344 2669">
     <span class='ocr_line' id='line_1_98' title="bbox 144 2631 344 2669; baseline -0.015 -8"><span class='ocrx_word' id='word_1_687' title='bbox 144 2631 344 2669; x_wconf 82' lang='lat' dir='ltr'><strong>apparuerint.</strong></span> 
     </span>
    </p>
   </div>
   <div class='ocr_carea' id='block_1_99' title="bbox 179 2683 971 2721">
    <p class='ocr_par' dir='ltr' id='par_1_99' title="bbox 179 2683 971 2721">
     <span class='ocr_line' id='line_1_99' title="bbox 179 2683 971 2721; baseline -0.003 -7"><span class='ocrx_word' id='word_1_688' title='bbox 179 2685 246 2714; x_wconf 84' lang='lat' dir='ltr'><strong>Jam</strong></span> <span class='ocrx_word' id='word_1_689' title='bbox 261 2684 440 2721; x_wconf 84' lang='lat' dir='ltr'><strong>Theophane</strong></span> <span class='ocrx_word' id='word_1_690' title='bbox 456 2686 590 2721; x_wconf 77' lang='lat' dir='ltr'><strong>Augusta</strong></span> <span class='ocrx_word' id='word_1_691' title='bbox 614 2683 856 2712; x_wconf 86' lang='lat' dir='ltr'><strong>consuetudinem</strong></span> <span class='ocrx_word' id='word_1_692' title='bbox 885 2684 971 2713; x_wconf 85' lang='lat' dir='ltr'><strong>Nice-</strong></span> 
     </span>
    </p>
   </div>
   <div class='ocr_carea' id='block_1_100' title="bbox 145 2728 971 2765">
    <p class='ocr_par' dir='ltr' id='par_1_100' title="bbox 145 2728 971 2765">
     <span class='ocr_line' id='line_1_100' title="bbox 145 2728 971 2765; baseline -0.002 -7"><span class='ocrx_word' id='word_1_693' title='bbox 145 2729 229 2765; x_wconf 88' lang='lat' dir='ltr'><strong>phori</strong></span> <span class='ocrx_word' id='word_1_694' title='bbox 245 2737 393 2764; x_wconf 82' lang='lat' dir='ltr'><strong>nversans,</strong></span> <span class='ocrx_word' id='word_1_695' title='bbox 407 2729 592 2762; x_wconf 85' lang='lat' dir='ltr'><strong>Tzimiscam,</strong></span> <span class='ocrx_word' id='word_1_696' title='bbox 603 2729 669 2764; x_wconf 86' lang='lat' dir='ltr'><strong>ejus</strong></span> <span class='ocrx_word' id='word_1_697' title='bbox 680 2729 870 2757; x_wconf 86' lang='lat' dir='ltr'><strong>familiarium</strong></span> <span class='ocrx_word' id='word_1_698' title='bbox 887 2728 923 2756; x_wconf 90' lang='lat' dir='ltr'><strong>ad</strong></span> <span class='ocrx_word' id='word_1_699' title='bbox 939 2736 971 2757; x_wconf 90' lang='lat' dir='ltr'><strong>se</strong></span> 
     </span>
    </p>
   </div>
   <div class='ocr_carea' id='block_1_101' title="bbox 143 2773 969 2810">
    <p class='ocr_par' dir='ltr' id='par_1_101' title="bbox 143 2773 969 2810">
     <span class='ocr_line' id='line_1_101' title="bbox 143 2773 969 2810; baseline -0.004 -6"><span class='ocrx_word' id='word_1_700' title='bbox 143 2774 238 2804; x_wconf 85' lang='lat' dir='ltr'><strong>vocati</strong></span> <span class='ocrx_word' id='word_1_701' title='bbox 254 2774 410 2810; x_wconf 84' lang='lat' dir='ltr'><strong>cujusdam</strong></span> <span class='ocrx_word' id='word_1_702' title='bbox 425 2773 602 2810; x_wconf 83' lang='lat' dir='ltr'><strong>ministerio,</strong></span> <span class='ocrx_word' id='word_1_703' title='bbox 618 2774 704 2803; x_wconf 89' lang='lat' dir='ltr'><strong>domo</strong></span> <span class='ocrx_word' id='word_1_704' title='bbox 720 2781 775 2802; x_wconf 84' lang='lat' dir='ltr'><strong>sua</strong></span> <span class='ocrx_word' id='word_1_705' title='bbox 785 2773 827 2809; x_wconf 87' lang='lat' dir='ltr'><strong>(in</strong></span> <span class='ocrx_word' id='word_1_706' title='bbox 838 2781 895 2809; x_wconf 83' lang='lat' dir='ltr'><strong>qua</strong></span> <span class='ocrx_word' id='word_1_707' title='bbox 906 2775 969 2801; x_wconf 89' lang='lat' dir='ltr'><strong>tum</strong></span> 
     </span>
    </p>
   </div>
   <div class='ocr_carea' id='block_1_102' title="bbox 1070 2047 1858 2089">
    <p class='ocr_par' dir='ltr' id='par_1_102' title="bbox 1070 2047 1858 2089">
     <span class='ocr_line' id='line_1_102' title="bbox 1070 2047 1858 2089; baseline 0.004 -13"><span class='ocrx_word' id='word_1_708' title='bbox 1070 2049 1103 2077; x_wconf 70' lang='grc' dir='ltr'><strong>Οἳ</strong></span> <span class='ocrx_word' id='word_1_709' title='bbox 1120 2047 1148 2076; x_wconf 80' lang='grc' dir='ltr'><strong>δὶ</strong></span> <span class='ocrx_word' id='word_1_710' title='bbox 1164 2048 1318 2086; x_wconf 81' lang='grc' dir='ltr'>Σαρακηνοὶ</span> <span class='ocrx_word' id='word_1_711' title='bbox 1336 2050 1403 2086; x_wconf 85' lang='grc' dir='ltr'>μετὰ</span> <span class='ocrx_word' id='word_1_712' title='bbox 1416 2049 1448 2077; x_wconf 82' lang='grc' dir='ltr'>τὸ</span> <span class='ocrx_word' id='word_1_713' title='bbox 1464 2049 1567 2077; x_wconf 79' lang='grc' dir='ltr'>ἁλῶναι</span> <span class='ocrx_word' id='word_1_714' title='bbox 1591 2050 1639 2082; x_wconf 69' lang='grc' dir='ltr'>τὰς</span> <span class='ocrx_word' id='word_1_715' title='bbox 1665 2050 1691 2078; x_wconf 63' lang='lat' dir='ltr'><strong>iv</strong></span> <span class='ocrx_word' id='word_1_716' title='bbox 1712 2050 1798 2089; x_wconf 82' lang='grc' dir='ltr'>Συρίᾳ</span> <span class='ocrx_word' id='word_1_717' title='bbox 1812 2051 1858 2079; x_wconf 87' lang='grc' dir='ltr'><strong>καὶ</strong></span> 
     </span>
    </p>
   </div>
   <div class='ocr_carea' id='block_1_103' title="bbox 1034 2092 1856 2134">
    <p class='ocr_par' dir='ltr' id='par_1_103' title="bbox 1034 2092 1856 2134">
     <span class='ocr_line' id='line_1_103' title="bbox 1034 2092 1856 2134; baseline 0.005 -14"><span class='ocrx_word' id='word_1_718' title='bbox 1034 2092 1147 2129; x_wconf 77' lang='grc' dir='ltr'>Κιλικίᾳ</span> <span class='ocrx_word' id='word_1_719' title='bbox 1185 2093 1278 2124; x_wconf 86' lang='grc' dir='ltr'>πόλεις</span> <span class='ocrx_word' id='word_1_720' title='bbox 1313 2094 1360 2121; x_wconf 85' lang='grc' dir='ltr'><strong>τὸν</strong></span> <span class='ocrx_word' id='word_1_721' title='bbox 1400 2095 1528 2132; x_wconf 68' lang='grc' dir='ltr'>ἀρχιερέα</span> <span class='ocrx_word' id='word_1_722' title='bbox 1569 2097 1621 2122; x_wconf 83' lang='grc' dir='ltr'><strong>τῶν</strong></span> <span class='ocrx_word' id='word_1_723' title='bbox 1657 2096 1856 2134; x_wconf 80' lang='grc' dir='ltr'>ἸεροσοΛύμων</span> 
     </span>
    </p>
   </div>
   <div class='ocr_carea' id='block_1_104' title="bbox 1032 2138 1858 2175">
    <p class='ocr_par' dir='ltr' id='par_1_104' title="bbox 1032 2138 1858 2175">
     <span class='ocr_line' id='line_1_104' title="bbox 1032 2138 1858 2175; baseline 0.004 -10"><span class='ocrx_word' id='word_1_724' title='bbox 1032 2138 1160 2173; x_wconf 81' lang='grc' dir='ltr'>Ἰωάννην</span> <span class='ocrx_word' id='word_1_725' title='bbox 1185 2140 1271 2172; x_wconf 83' lang='grc' dir='ltr'>ζῶντα</span> <span class='ocrx_word' id='word_1_726' title='bbox 1294 2139 1457 2166; x_wconf 73' lang='grc' dir='ltr'>κατέκαυσαν</span> <span class='ocrx_word' id='word_1_727' title='bbox 1483 2139 1521 2171; x_wconf 84' lang='grc' dir='ltr'><strong>ὡς</strong></span> <span class='ocrx_word' id='word_1_728' title='bbox 1532 2142 1591 2171; x_wconf 84' lang='grc' dir='ltr'>ταῖς</span> <span class='ocrx_word' id='word_1_729' title='bbox 1609 2140 1759 2175; x_wconf 79' lang='grc' dir='ltr'>ὑποθήκαις</span> <span class='ocrx_word' id='word_1_730' title='bbox 1776 2140 1858 2168; x_wconf 74' lang='grc' dir='ltr'>αὐτοῦ</span> 
     </span>
    </p>
   </div>
   <div class='ocr_carea' id='block_1_105' title="bbox 1031 2181 1856 2223">
    <p class='ocr_par' dir='ltr' id='par_1_105' title="bbox 1031 2181 1856 2223">
     <span class='ocr_line' id='line_1_105' title="bbox 1031 2181 1856 2223; baseline 0.005 -14"><span class='ocrx_word' id='word_1_731' title='bbox 1031 2183 1102 2220; x_wconf 79' lang='grc' dir='ltr'>τάχα</span> <span class='ocrx_word' id='word_1_732' title='bbox 1128 2181 1280 2219; x_wconf 71' lang='grc' dir='ltr'>μέλλοντος</span> <span class='ocrx_word' id='word_1_733' title='bbox 1303 2185 1351 2210; x_wconf 71' lang='grc' dir='ltr'><strong>τοῦ</strong></span> <span class='ocrx_word' id='word_1_734' title='bbox 1375 2183 1535 2223; x_wconf 81' lang='grc' dir='ltr'>Νικηφόρου</span> <span class='ocrx_word' id='word_1_735' title='bbox 1559 2183 1697 2222; x_wconf 77' lang='grc' dir='ltr'>ἀφίξεσθαι</span> <span class='ocrx_word' id='word_1_736' title='bbox 1721 2185 1790 2222; x_wconf 85' lang='grc' dir='ltr'>πρὸς</span> <span class='ocrx_word' id='word_1_737' title='bbox 1807 2186 1856 2213; x_wconf 79' lang='grc' dir='ltr'><strong>αὗ-</strong></span> 
     </span>
    </p>
   </div>
   <div class='ocr_carea' id='block_1_106' title="bbox 1030 2227 1856 2266">
    <p class='ocr_par' dir='ltr' id='par_1_106' title="bbox 1030 2227 1856 2266">
     <span class='ocr_line' id='line_1_106' title="bbox 1030 2227 1856 2266; baseline 0.004 -12"><span class='ocrx_word' id='word_1_738' title='bbox 1030 2227 1105 2258; x_wconf 73' lang='grc' dir='ltr'>τούςσ</span> <span class='ocrx_word' id='word_1_739' title='bbox 1123 2227 1270 2264; x_wconf 72' lang='grc' dir='ltr'>ἐνέπρησαν</span> <span class='ocrx_word' id='word_1_740' title='bbox 1296 2227 1324 2255; x_wconf 73' lang='grc' dir='ltr'><strong>δὲ</strong></span> <span class='ocrx_word' id='word_1_741' title='bbox 1344 2229 1387 2255; x_wconf 78' lang='grc' dir='ltr'><strong>καὶ</strong></span> <span class='ocrx_word' id='word_1_742' title='bbox 1413 2228 1460 2256; x_wconf 80' lang='grc' dir='ltr'><strong>τὸν</strong></span> <span class='ocrx_word' id='word_1_743' title='bbox 1485 2227 1640 2266; x_wconf 83' lang='grc' dir='ltr'>περικαλλῆ</span> <span class='ocrx_word' id='word_1_744' title='bbox 1662 2229 1724 2257; x_wconf 80' lang='grc' dir='ltr'>ναὸν</span> <span class='ocrx_word' id='word_1_745' title='bbox 1739 2232 1787 2257; x_wconf 79' lang='grc' dir='ltr'><strong>τοῦ</strong></span> <span class='ocrx_word' id='word_1_746' title='bbox 1803 2233 1856 2257; x_wconf 80' lang='grc' dir='ltr'><strong>Κυ-</strong></span> 
     </span>
    </p>
   </div>
   <div class='ocr_carea' id='block_1_107' title="bbox 1032 2271 1857 2311">
    <p class='ocr_par' dir='ltr' id='par_1_107' title="bbox 1032 2271 1857 2311">
     <span class='ocr_line' id='line_1_107' title="bbox 1032 2271 1857 2311; baseline 0.006 -13"><span class='ocrx_word' id='word_1_747' title='bbox 1032 2274 1127 2310; x_wconf 84' lang='grc' dir='ltr'>ριακυῦ</span> <span class='ocrx_word' id='word_1_748' title='bbox 1153 2273 1254 2311; x_wconf 76' lang='grc' dir='ltr'>Τάφου.</span> <span class='ocrx_word' id='word_1_749' title='bbox 1278 2273 1313 2300; x_wconf 88' lang='grc' dir='ltr'><strong>Τὸ</strong></span> <span class='ocrx_word' id='word_1_750' title='bbox 1337 2271 1360 2299; x_wconf 81' lang='grc' dir='ltr'><strong>δ’</strong></span> <span class='ocrx_word' id='word_1_751' title='bbox 1385 2272 1450 2300; x_wconf 79' lang='grc' dir='ltr'>αὐτὸ</span> <span class='ocrx_word' id='word_1_752' title='bbox 1472 2275 1551 2300; x_wconf 77' lang='grc' dir='ltr'>τοῦτο</span> <span class='ocrx_word' id='word_1_753' title='bbox 1576 2275 1740 2308; x_wconf 84' lang='grc' dir='ltr'>πεποιήκασι</span> <span class='ocrx_word' id='word_1_754' title='bbox 1764 2275 1809 2302; x_wconf 84' lang='grc' dir='ltr'><strong>καὶ</strong></span> <span class='ocrx_word' id='word_1_755' title='bbox 1831 2276 1857 2303; x_wconf 75' lang='grc' dir='ltr'>οἱ</span> 
     </span>
    </p>
   </div>
   <div class='ocr_carea' id='block_1_108' title="bbox 1031 2317 1856 2357">
    <p class='ocr_par' dir='ltr' id='par_1_108' title="bbox 1031 2317 1856 2357">
     <span class='ocr_line' id='line_1_108' title="bbox 1031 2317 1856 2357; baseline 0.005 -14"><span class='ocrx_word' id='word_1_756' title='bbox 1031 2317 1197 2354; x_wconf 84' lang='grc' dir='ltr'>Ἀντιοχεῖς,</span> <span class='ocrx_word' id='word_1_757' title='bbox 1223 2317 1410 2356; x_wconf 80' lang='grc' dir='ltr'>Χριστοφόρον</span> <span class='ocrx_word' id='word_1_758' title='bbox 1433 2318 1479 2345; x_wconf 87' lang='grc' dir='ltr'>τὸν</span> <span class='ocrx_word' id='word_1_759' title='bbox 1501 2317 1588 2345; x_wconf 78' lang='grc' dir='ltr'>αὐτῶν</span> <span class='ocrx_word' id='word_1_760' title='bbox 1606 2317 1745 2350; x_wconf 82' lang='grc' dir='ltr'>ἀνελόντες</span> <span class='ocrx_word' id='word_1_761' title='bbox 1761 2320 1856 2357; x_wconf 79' lang='grc' dir='ltr'>ἀρχιε-</span> 
     </span>
    </p>
   </div>
   <div class='ocr_carea' id='block_1_109' title="bbox 1031 2361 1856 2402">
    <p class='ocr_par' dir='ltr' id='par_1_109' title="bbox 1031 2361 1856 2402">
     <span class='ocr_line' id='line_1_109' title="bbox 1031 2361 1856 2402; baseline 0.004 -13"><span class='ocrx_word' id='word_1_762' title='bbox 1031 2362 1088 2400; x_wconf 72' lang='grc' dir='ltr'>ρέα.</span> <span class='ocrx_word' id='word_1_763' title='bbox 1107 2363 1145 2398; x_wconf 87' lang='grc' dir='ltr'><strong>[Ρ.</strong></span> <span class='ocrx_word' id='word_1_764' title='bbox 1162 2363 1226 2398; x_wconf 84' lang='grc'><strong>662]</strong></span> <span class='ocrx_word' id='word_1_765' title='bbox 1250 2362 1456 2400; x_wconf 72' lang='grc' dir='ltr'>Προσερρύησαν</span> <span class='ocrx_word' id='word_1_766' title='bbox 1487 2361 1514 2389; x_wconf 77' lang='grc' dir='ltr'>δὲ</span> <span class='ocrx_word' id='word_1_767' title='bbox 1543 2365 1582 2399; x_wconf 78' lang='grc' dir='ltr'>τῷ</span> <span class='ocrx_word' id='word_1_768' title='bbox 1614 2362 1722 2400; x_wconf 83' lang='grc' dir='ltr'>βασιλεῖ</span> <span class='ocrx_word' id='word_1_769' title='bbox 1752 2365 1856 2402; x_wconf 80' lang='grc' dir='ltr'>Γρηγό-</span> 
     </span>
    </p>
   </div>
   <div class='ocr_carea' id='block_1_110' title="bbox 1032 2406 1851 2445">
    <p class='ocr_par' dir='ltr' id='par_1_110' title="bbox 1032 2406 1851 2445">
     <span class='ocr_line' id='line_1_110' title="bbox 1032 2406 1851 2445; baseline 0.005 -12"><span class='ocrx_word' id='word_1_770' title='bbox 1032 2416 1090 2444; x_wconf 86' lang='grc' dir='ltr'>ριος</span> <span class='ocrx_word' id='word_1_771' title='bbox 1117 2406 1161 2433; x_wconf 80' lang='grc' dir='ltr'><strong>καὶ</strong></span> <span class='ocrx_word' id='word_1_772' title='bbox 1196 2407 1364 2445; x_wconf 72' lang='grc' dir='ltr'>Παγκράτιος</span> <span class='ocrx_word' id='word_1_773' title='bbox 1394 2407 1420 2434; x_wconf 80' lang='grc' dir='ltr'>οἱ</span> <span class='ocrx_word' id='word_1_774' title='bbox 1448 2406 1635 2444; x_wconf 69' lang='grc' dir='ltr'>αὖτοὶδελφοι,</span> <span class='ocrx_word' id='word_1_775' title='bbox 1664 2411 1714 2443; x_wconf 83' lang='grc' dir='ltr'><strong>τῆς</strong></span> <span class='ocrx_word' id='word_1_776' title='bbox 1750 2409 1851 2437; x_wconf 69' lang='grc' dir='ltr'>ἑαυτῶν</span> 
     </span>
    </p>
   </div>
   <div class='ocr_carea' id='block_1_111' title="bbox 1032 2451 1855 2490">
    <p class='ocr_par' dir='ltr' id='par_1_111' title="bbox 1032 2451 1855 2490">
     <span class='ocr_line' id='line_1_111' title="bbox 1032 2451 1855 2490; baseline 0.004 -12"><span class='ocrx_word' id='word_1_777' title='bbox 1032 2451 1282 2489; x_wconf 85' lang='grc' dir='ltr'>παραχωρήσαντες</span> <span class='ocrx_word' id='word_1_778' title='bbox 1310 2451 1383 2487; x_wconf 79' lang='grc' dir='ltr'>αὐτῷ</span> <span class='ocrx_word' id='word_1_779' title='bbox 1411 2451 1504 2490; x_wconf 80' lang='grc' dir='ltr'>χώρας</span> <span class='ocrx_word' id='word_1_780' title='bbox 1529 2454 1578 2479; x_wconf 74' lang='grc' dir='ltr'><strong>τοῦ</strong></span> <span class='ocrx_word' id='word_1_781' title='bbox 1602 2452 1707 2489; x_wconf 85' lang='grc' dir='ltr'>Ταρών·</span> <span class='ocrx_word' id='word_1_782' title='bbox 1733 2452 1780 2485; x_wconf 74' lang='grc' dir='ltr'>οὓς</span> <span class='ocrx_word' id='word_1_783' title='bbox 1803 2464 1855 2482; x_wconf 87' lang='grc' dir='ltr'>πα-</span> 
     </span>
    </p>
   </div>
   <div class='ocr_carea' id='block_1_112' title="bbox 1026 2495 1856 2535">
    <p class='ocr_par' dir='ltr' id='par_1_112' title="bbox 1026 2495 1856 2535">
     <span class='ocr_line' id='line_1_112' title="bbox 1026 2495 1856 2535; baseline 0.004 -12"><span class='ocrx_word' id='word_1_784' title='bbox 1026 2496 1146 2533; x_wconf 82' lang='grc' dir='ltr'>τρικίους</span> <span class='ocrx_word' id='word_1_785' title='bbox 1191 2496 1309 2533; x_wconf 78' lang='grc' dir='ltr'>τιμήσας</span> <span class='ocrx_word' id='word_1_786' title='bbox 1355 2496 1400 2523; x_wconf 84' lang='grc' dir='ltr'><strong>καί</strong></span> <span class='ocrx_word' id='word_1_787' title='bbox 1439 2497 1574 2533; x_wconf 85' lang='grc' dir='ltr'>κτήμασιν</span> <span class='ocrx_word' id='word_1_788' title='bbox 1619 2495 1856 2535; x_wconf 71' lang='grc' dir='ltr'>ἰφιλοφρονήσατο</span> 
     </span>
    </p>
   </div>
   <div class='ocr_carea' id='block_1_113' title="bbox 1026 2538 1856 2580">
    <p class='ocr_par' dir='ltr' id='par_1_113' title="bbox 1026 2538 1856 2580">
     <span class='ocr_line' id='line_1_113' title="bbox 1026 2538 1856 2580; baseline 0.004 -12"><span class='ocrx_word' id='word_1_789' title='bbox 1026 2538 1258 2578; x_wconf 76' lang='grc' dir='ltr'>πολυπροσόδοις.</span> <span class='ocrx_word' id='word_1_790' title='bbox 1282 2539 1405 2578; x_wconf 65' lang='grc' dir='ltr'>Ἐγένετο</span> <span class='ocrx_word' id='word_1_791' title='bbox 1437 2539 1466 2568; x_wconf 68' lang='grc' dir='ltr'><strong>δὲ</strong></span> <span class='ocrx_word' id='word_1_792' title='bbox 1493 2541 1537 2569; x_wconf 89' lang='grc' dir='ltr'>καὶ</span> <span class='ocrx_word' id='word_1_793' title='bbox 1564 2540 1647 2576; x_wconf 75' lang='grc' dir='ltr'>ἡλίου</span> <span class='ocrx_word' id='word_1_794' title='bbox 1675 2540 1796 2579; x_wconf 68' lang='grc' dir='ltr'>ἔκλειψις</span> <span class='ocrx_word' id='word_1_795' title='bbox 1821 2545 1856 2580; x_wconf 78' lang='grc' dir='ltr'><strong>τῇ</strong></span> 
     </span>
    </p>
   </div>
   <div class='ocr_carea' id='block_1_114' title="bbox 1027 2582 1856 2624">
    <p class='ocr_par' dir='ltr' id='par_1_114' title="bbox 1027 2582 1856 2624">
     <span class='ocr_line' id='line_1_114' title="bbox 1027 2582 1856 2624; baseline 0.006 -13"><span class='ocrx_word' id='word_1_796' title='bbox 1027 2585 1070 2622; x_wconf 81' lang='grc' dir='ltr'><strong>κβ⁷</strong></span> <span class='ocrx_word' id='word_1_797' title='bbox 1085 2587 1133 2612; x_wconf 78' lang='grc' dir='ltr'>τοῦ</span> <span class='ocrx_word' id='word_1_798' title='bbox 1149 2582 1316 2622; x_wconf 70' lang='grc' dir='ltr'>Δεκεμϐρίου</span> <span class='ocrx_word' id='word_1_799' title='bbox 1345 2585 1441 2622; x_wconf 81' lang='grc' dir='ltr'>μηνὸς,</span> <span class='ocrx_word' id='word_1_800' title='bbox 1457 2585 1520 2624; x_wconf 76' lang='grc' dir='ltr'>περὶ</span> <span class='ocrx_word' id='word_1_801' title='bbox 1542 2585 1637 2624; x_wconf 85' lang='grc' dir='ltr'>τρίτην</span> <span class='ocrx_word' id='word_1_802' title='bbox 1655 2586 1737 2624; x_wconf 81' lang='grc' dir='ltr'>ὥραν,</span> <span class='ocrx_word' id='word_1_803' title='bbox 1754 2587 1792 2619; x_wconf 86' lang='grc' dir='ltr'><strong>ὡς</strong></span> <span class='ocrx_word' id='word_1_804' title='bbox 1810 2589 1856 2616; x_wconf 85' lang='grc' dir='ltr'><strong>καί</strong></span> 
     </span>
    </p>
   </div>
   <div class='ocr_carea' id='block_1_115' title="bbox 1026 2628 1253 2668">
    <p class='ocr_par' dir='ltr' id='par_1_115' title="bbox 1026 2628 1253 2668">
     <span class='ocr_line' id='line_1_115' title="bbox 1026 2628 1253 2668; baseline 0 -11"><span class='ocrx_word' id='word_1_805' title='bbox 1026 2628 1110 2668; x_wconf 78' lang='grc' dir='ltr'>ἄστρα</span> <span class='ocrx_word' id='word_1_806' title='bbox 1125 2632 1253 2668; x_wconf 77' lang='grc' dir='ltr'>φανῆναι.</span> 
     </span>
    </p>
   </div>
   <div class='ocr_carea' id='block_1_116' title="bbox 1061 2681 1855 2723">
    <p class='ocr_par' dir='ltr' id='par_1_116' title="bbox 1061 2681 1855 2723">
     <span class='ocr_line' id='line_1_116' title="bbox 1061 2681 1855 2723; baseline 0.005 -13"><span class='ocrx_word' id='word_1_807' title='bbox 1061 2683 1093 2710; x_wconf 86' lang='grc' dir='ltr'><strong>Ἠ</strong></span> <span class='ocrx_word' id='word_1_808' title='bbox 1109 2681 1137 2710; x_wconf 73' lang='grc' dir='ltr'><strong>δὲ</strong></span> <span class='ocrx_word' id='word_1_809' title='bbox 1154 2682 1263 2720; x_wconf 81' lang='grc' dir='ltr'>βασιλὶς</span> <span class='ocrx_word' id='word_1_810' title='bbox 1288 2683 1413 2723; x_wconf 74' lang='grc' dir='ltr'>Θεοφανὼ</span> <span class='ocrx_word' id='word_1_811' title='bbox 1436 2682 1658 2723; x_wconf 76' lang='grc' dir='ltr'>ἀποστρεφομένη</span> <span class='ocrx_word' id='word_1_812' title='bbox 1682 2684 1733 2720; x_wconf 78' lang='grc' dir='ltr'><strong>τήν</strong></span> <span class='ocrx_word' id='word_1_813' title='bbox 1758 2695 1855 2714; x_wconf 83' lang='grc' dir='ltr'>συνου-</span> 
     </span>
    </p>
   </div>
   <div class='ocr_carea' id='block_1_117' title="bbox 1026 2726 1854 2767">
    <p class='ocr_par' dir='ltr' id='par_1_117' title="bbox 1026 2726 1854 2767">
     <span class='ocr_line' id='line_1_117' title="bbox 1026 2726 1854 2767; baseline 0.006 -13"><span class='ocrx_word' id='word_1_814' title='bbox 1026 2726 1084 2755; x_wconf 87' lang='grc' dir='ltr'>σίαν</span> <span class='ocrx_word' id='word_1_815' title='bbox 1108 2729 1155 2756; x_wconf 82' lang='grc' dir='ltr'><strong>τοῦ</strong></span> <span class='ocrx_word' id='word_1_816' title='bbox 1180 2728 1350 2766; x_wconf 81' lang='grc' dir='ltr'>Νικηφόρου,</span> <span class='ocrx_word' id='word_1_817' title='bbox 1373 2728 1435 2756; x_wconf 74' lang='grc' dir='ltr'>τίνὰ</span> <span class='ocrx_word' id='word_1_818' title='bbox 1457 2730 1511 2756; x_wconf 79' lang='grc' dir='ltr'><strong>τῶν</strong></span> <span class='ocrx_word' id='word_1_819' title='bbox 1541 2729 1589 2757; x_wconf 76' lang='grc' dir='ltr'>τοῦ</span> <span class='ocrx_word' id='word_1_820' title='bbox 1611 2730 1748 2766; x_wconf 79' lang='grc' dir='ltr'>Τζιμισκῆ</span> <span class='ocrx_word' id='word_1_821' title='bbox 1772 2741 1854 2767; x_wconf 85' lang='grc' dir='ltr'>μετα-</span> 
     </span>
    </p>
   </div>
   <div class='ocr_carea' id='block_1_118' title="bbox 1025 2771 1853 2814">
    <p class='ocr_par' dir='ltr' id='par_1_118' title="bbox 1025 2771 1853 2814">
     <span class='ocr_line' id='line_1_118' title="bbox 1025 2771 1853 2814; baseline 0.006 -15"><span class='ocrx_word' id='word_1_822' title='bbox 1025 2771 1191 2814; x_wconf 67' lang='grc' dir='ltr'>πεμψαμάνη</span> <span class='ocrx_word' id='word_1_823' title='bbox 1215 2771 1379 2801; x_wconf 77' lang='grc' dir='ltr'>εἰσκαλεῖται</span> <span class='ocrx_word' id='word_1_824' title='bbox 1401 2774 1497 2802; x_wconf 74' lang='grc' dir='ltr'>τοῦτον</span> <span class='ocrx_word' id='word_1_825' title='bbox 1518 2773 1544 2805; x_wconf 68' lang='grc' dir='ltr'>ἐν</span> <span class='ocrx_word' id='word_1_826' title='bbox 1560 2775 1600 2811; x_wconf 81' lang='grc' dir='ltr'>τῷ</span> <span class='ocrx_word' id='word_1_827' title='bbox 1623 2772 1686 2812; x_wconf 78' lang='grc' dir='ltr'>ῒδίφ</span> <span class='ocrx_word' id='word_1_828' title='bbox 1701 2771 1771 2813; x_wconf 66' lang='grc' dir='ltr'>οίκῳ</span> <span class='ocrx_word' id='word_1_829' title='bbox 1786 2785 1853 2814; x_wconf 86' lang='grc' dir='ltr'>σχο-</span> 
     </span>
    </p>
   </div>
  </div>
