1936 3048
45 121 101 151 109

616 116 890 147 HISTORIARUM
913 116 1180 150 GOMPENDIUM.

1692 121 1750 154 HO

45 185 172 221 λάζοντα-
203 182 270 224 ἔφθη
299 184 350 222 γὰρ
380 183 394 210 6
425 180 552 220 βασιλεὺς
591 180 636 209 διὰ
661 191 720 209 τινα
754 179 888 217 ὑποψίαν,

979 185 1060 212 vatus
1075 183 1249 221 degebat,ob
1263 186 1461 223 suspicionem
1478 187 1638 224 quamdam
1653 188 1751 216 dome-

43 229 202 268 παραλύσας
216 232 312 257 τοῦτον
325 231 376 263 τῆς
399 229 448 255 τοῦ
475 225 638 264 δομεστίκου
662 226 751 263 ἀρχῆς
777 226 821 253 καὶ
844 225 870 253 ἐν

43 278 83 311 τῷ
107 274 172 311 ἰδίῳ
196 273 264 310 οἴκῳ
289 273 418 310 ἀπρόϊτον
441 272 508 299 εἶναι
529 271 658 302 κιλεὺσας
672 291 679 299 .
706 270 870 309 Διεπράξατο

46 319 75 348 δὲ
102 320 120 354 ἡ
147 318 281 356 μοιχαλὶς
306 317 350 345 καὶ
375 316 523 355 γράμματα
546 318 641 343 τοῦτον
670 314 793 350 δέξασθαι
820 316 870 350 τήν

46 363 162 396 κάθοδον
190 361 378 391 ἐπιτοέποντα.
403 361 454 389 Καὶ
478 361 492 388 6
515 361 649 397 πεμφθεὶς
675 360 774 388 ἐκεῖθεν
790 359 870 387 αὐτὸν

46 405 251 445 ἀναλαϐόμενος
272 407 310 438 είς
333 404 498 441 Χαλκηδόνα
522 404 642 444 ἀφίκετο.
659 404 708 432 Καὶ
732 406 780 432 τοῦ
798 404 872 442 βασι-

47 453 118 484 λέως
143 451 364 489 ὑπομνησθίντος
388 450 410 478 εί
444 449 486 478 δεῖ
508 452 603 478 τοῦτον
630 449 758 477 εἷ’σελθεῖν
786 449 812 477 ἐν
836 451 870 486 τῇ

47 496 182 535 βασιλίδι,
207 496 334 524 κάκείνου
361 495 521 533 προσμένειν
549 495 645 532 μικρὸν
668 493 870 531 imptum“,

46 542 136 577 ἐκείνη
153 542 249 572 νυκτὸς
267 541 298 568 ια’
321 542 370 568 τοῦ
395 538 560 576 Δεκεμϐρίου
587 539 684 576 μηνὸς,
702 537 870 570 ίνδικτιῶνος

46 590 89 623 ιγ’,
114 585 192 617 ἔτους
215 588 308 623 ,ςυοης
332 583 517 612 ἀποστείλασα
539 582 597 622 ἄγει
615 585 710 611 τοῦτον
735 584 804 620 πρὸς
825 584 870 611 τὸν

43 632 165 659 κάτωθεν
194 633 245 658 τοῦ
263 628 399 657 παλατίου
423 629 618 666 χειροποίητον
643 627 743 664 λιμένα
765 628 870 664 νυκτὸς,

44 676 88 703 καὶ
124 674 209 711 κοίνῳ
243 675 395 711 ἀνιμήσατο
423 673 492 710 μετὰ
519 673 625 700 πάντων
649 674 703 700 τῶν
732 673 792 710 περὶ
822 673 871 700 αὖα

44 720 102 748 τόν·
131 719 200 754 ἦσαν
225 718 254 746 δὲ
278 720 292 746 6
313 718 456 756 πατρίκιος
488 716 602 755 Μιχαὴλ
626 717 640 744 6
664 716 802 754 Βούρτζης
825 717 869 744 καὶ

45 765 121 792 Λέων
145 764 295 802 ταξιάρχης
319 764 334 791 6
358 763 507 793 Βαλάντιος
531 762 577 790 καὶ
599 764 653 789 τῶν
667 764 715 789 τοῦ
735 765 869 798 Τζιμισκῆ

45 808 253 838 πιοτικωτάτων
284 809 298 836 ὸ
328 806 584 845 ’Λτζηποθεόδωρος
613 807 658 834 καὶ
685 805 773 844 ἕτεροι
803 805 870 834 δύο.

46 853 153 886 Ο¹ίτινες
171 852 330 885 ἀνελθόντες
355 852 400 880 καὶ
425 852 546 890 ξιφήρεις
559 851 596 883 είς
611 851 657 879 τὸν
672 853 720 878 τοῦ
739 849 871 888 βασιλέως

47 898 216 930 εἷσελθόντες
244 899 372 932 κοιτῶνα,
403 895 462 924 imi
493 897 530 933 μὴ
569 895 646 933 εὗρον
676 895 755 923 αὐτὸν
785 895 811 923 ἐν
834 897 870 932 τῇ

47 944 156 979 συνήθει
178 942 269 980 κλίνῃ,
295 942 453 980 φωραθῆναι
480 941 678 976 ὑπονοήσαντες
700 942 799 978 μικροῦ
815 939 869 968 δεῖν

47 987 160 1018 ἑαυτοὺς
183 988 413 1024 κατεκρήμνισαν,
429 986 453 1014 εἴ
477 987 515 1022 μή
542 996 593 1013 που
619 985 762 1023 ἀνδράριόν
778 987 872 1013 τιτῶν

47 1032 76 1061 ἐκ
89 1034 140 1066 τῆς
157 1029 380 1070 γυναικωνίτιδος
403 1031 548 1068 εὑρηκότες
574 1031 618 1058 ὑπ’
641 1029 723 1058 αὐτοῦ
739 1029 872 1068 ὁδηγοῦν-

46 1088 102 1106 ται.
135 1077 185 1104 Καὶ
211 1073 466 1113 καταλαμϐάνουσιν
491 1074 570 1102 αὐτὸν
597 1074 638 1102 ἐπ’
672 1073 787 1113 ἐδάφους
814 1074 872 1101 κιί-

50 1132 131 1159 μενον
161 1120 206 1149 καὶ
235 1121 381 1158 στρωμνὴν
411 1118 511 1158 ἔχοντα
535 1119 616 1148 πίλον
645 1117 804 1158 κοκκοϐαφῆ
828 1118 873 1146 καὶ

49 1167 154 1204 ἄρκτου
169 1164 265 1203 δέρμα,
282 1166 348 1203 ὅπερ
364 1162 456 1192 λαϐὼν
470 1165 504 1199 ἦν
520 1164 594 1202 παρὰ
608 1163 725 1202 Μιχαὴλ
750 1162 874 1201 μονοιχοῦ

48 1214 98 1238 τοῦ
124 1210 275 1244 Μαλείνου,
298 1212 346 1238 τοῦ
371 1209 443 1242 θείου
467 1209 569 1238 αὐτοῦ.
591 1210 696 1238 Τοῦτον
721 1208 780 1247 ἄρτι
806 1208 875 1246 πρὸς

51 1255 135 1283 ὕπνον
165 1255 309 1293 τραπέντα,
344 1255 389 1282 καὶ
421 1253 555 1292 μηδαμῶς
593 1253 787 1290 ἐπαισθόμενον
825 1257 874 1288 τῆς

52 1300 168 1338 ἀφίξεως
187 1302 241 1328 τῶν
267 1299 425 1336 μελλόντων
450 1299 530 1327 αὐτὸν
552 1299 680 1337 ἀναιρεῖν,
697 1299 711 1326 6
725 1301 875 1335 Τζιμισκῆς

50 1347 91 1380 τῷ
113 1343 178 1372 ποδὶ
202 1344 280 1379 νύξας
305 1344 451 1380 ἐξύπνισεν.
477 1343 682 1379 Ἐξυπνισθὲντα
708 1342 737 1371 δὲ
760 1342 804 1370 καὶ
827 1347 877 1378 τῆς

53 1388 142 1424 δεξιᾶς
166 1389 259 1426 χειρὸς
279 1388 326 1416 τὸν
349 1388 459 1426 ἀγκῶνα
477 1390 512 1425 τῇ
537 1390 574 1426 γῇ
600 1387 810 1426 προσερείσαντα
831 1388 875 1415 καὶ

50 1434 101 1467 τὴν
137 1432 262 1472 κεφαλὴν
301 1433 525 1473 ὀνακουφίσαντα,
556 1432 676 1472 ἐπιφέρει
711 1435 807 1470 γυμνῷ
838 1435 878 1468 τῷ

51 1479 122 1516 ξίφει
138 1478 206 1506 κατᾶ
233 1481 284 1513 τῆς
306 1482 428 1516 κορυφῆς
452 1479 583 1509 damnati:
608 1477 691 1512 οὔσης
715 1477 878 1514 (ἆπεπτώκει

51 1523 102 1561 γὰρ
132 1522 306 1560 ἇγιιρομένου
333 1523 364 1550 τὸ
391 1524 441 1556 τῆς
468 1523 589 1562 κεφαλῆς
617 1522 701 1550 αὐτοῦ
732 1521 880 1558 κάλυμμα)

52 1558 129 1595 λέων
190 1558 370 1599 ”Δϐαλάντιος
393 1558 515 1606 γενναίαν
537 1566 661 1605 πληγὴν,
678 1566 722 1594 καὶ
743 1565 878 1594 διελαύνει
894 1558 916 1592 G

55 1611 138 1648 μίσον
154 1612 185 1639 τὸ
201 1611 321 1648 κρανίον.
338 1612 404 1641 Εἶτα
422 1615 472 1647 τῆς
496 1615 641 1649 στρωμνῆς
665 1611 743 1639 αὐτὸν
767 1611 881 1646 ἀναστή-

55 1666 150 1688 σαντες
176 1655 269 1694 ἄγουσι
294 1656 364 1694 πρὸς
385 1656 430 1684 τὸν
452 1657 606 1693 Τζιμισκῆν
630 1656 673 1683 ἐπὶ
697 1659 747 1691 τῆς
773 1655 880 1693 βασιλι-

54 1704 107 1735 κῆς
127 1700 274 1728 καθίσαντα
293 1700 402 1736 κλίνης,
426 1700 471 1728 καὶ
495 1699 588 1728 πολλὰ
608 1701 821 1736 παροινήσαντες
836 1699 881 1727 καὶ

55 1743 288 1776 κατονειδίσαντες
313 1745 357 1773 καὶ
383 1744 608 1784 δυσφημήσαντες
631 1745 670 1776 εἰς
694 1745 773 1772 αὑτὸν
798 1743 883 1781 μηδὲν

57 1790 130 1818 ἄλλο
146 1789 260 1828 λέγοντα
275 1789 338 1818 ἀλλ’
353 1789 382 1826 ἢ,
400 1803 413 1816 ‹‹
430 1790 525 1828 Κύριε,
547 1789 668 1823 ἐλέησον,
687 1801 702 1816 ››
718 1790 774 1826 καὶ,
792 1801 805 1815 ‹‹
821 1792 884 1817 Θεο-

56 1835 131 1871 τόκε,
154 1835 259 1873 βοήθει,
276 1847 290 1861 ››
310 1833 463 1862 τελευταῖον
490 1834 547 1862 ἐπεί
576 1845 626 1872 περ
655 1835 883 1873 κατεφωράθησαν

57 1880 132 1918 παρὰ
153 1882 206 1907 τῶν
231 1880 386 1918 προκοίτων
403 1881 446 1916 [Ρ.
461 1881 588 1916 663]τοῦ
611 1878 744 1907 παλατίου
765 1879 809 1906 καὶ
825 1890 885 1906 συν-

58 1924 150 1952 ίστατο
179 1923 222 1952 ἐπ’
250 1923 348 1955 αὐτοὺς
378 1923 484 1958 πλῆθος
523 1924 712 1960 ἀμυνομένων,
746 1923 886 1961 ἀποσφάτ-

925 227 989 254 stici
1006 227 1102 256 ofﬁcio
1117 229 1248 265 dejectus
1263 231 1300 259 ab
1324 231 1509 268 imperatore,
1534 234 1562 260 et
1585 232 1665 260 domi
1689 240 1749 260 suae

924 280 956 299 se
971 272 1119 301 continere
1134 281 1228 310 neque
1242 283 1366 311 usquam
1382 277 1500 312 prodire
1512 277 1630 313 jussus)
1639 279 1749 312 evocat,

924 316 1055 352 adeoque
1070 317 1183 347 litteras
1196 319 1284 348 etiam
1300 320 1433 349 adultera
1452 321 1491 349 ab
1507 322 1682 358 imperatore
1698 321 1752 350 ob-

925 360 1009 395 tinet,
1024 361 1133 398 quibus
1156 363 1186 391 in
1210 364 1313 393 urbem
1341 365 1367 393 is
1390 365 1486 394 redire
1507 366 1672 402 juberetur.
1696 366 1752 400 Qui

926 406 1035 434 missus
1050 407 1116 442 fuit,
1132 408 1158 435 is
1172 408 1346 438 Tzimiscam
1364 411 1452 438 domo
1466 419 1521 438 sua
1539 411 1751 440 Chalcedonam

925 451 1188 488 adducit,Cumque
1199 453 1358 489 imperator
1367 455 1556 484 submonitus
1571 458 1671 484 utrum
1684 464 1752 484 cum

925 495 1011 523 vellet
1025 496 1125 532 Cpolin
1142 497 1334 533 ingredi,eum
1351 499 1571 536 aliquantulum
1586 503 1753 536 exspectare

922 540 1072 575 jussisset,
1088 541 1265 578 Theophano
1291 546 1385 577 nocte,
1412 545 1443 572 11
1469 544 1649 579 Decembris,
1674 544 1751 573 iudi-

925 585 1020 612 ctione
1036 585 1157 619 13,anno
1174 588 1277 615 mundi
1292 588 1479 622 6478,missis
1495 589 1558 617 suis
1574 589 1751 618 Tzimiscam

926 632 1013 657 noctu
1030 630 1064 658 ad
1082 633 1198 666 portum
1216 640 1305 660 manu
1331 634 1508 668 confectum,
1534 633 1584 670 qui
1608 636 1654 662 est
1675 633 1752 662 intra

926 673 1079 710 palatium,
1095 675 1224 709 deducit,
1240 678 1268 704 et
1284 677 1455 712 impetitum
1471 677 1551 706 corbi
1567 686 1635 706 cum
1661 678 1751 707 sociis

925 717 954 746 in
985 718 1126 754 palatium
1159 720 1281 749 attrahit
1309 721 1396 749 Erant
1421 730 1489 750 cum
1519 730 1552 750 eo
1591 722 1752 751 Michaelus

926 765 1030 790 Burtza
1040 763 1249 799 patricius,Leo
1260 765 1370 794 Abalan
1376 767 1435 795 tius
1447 766 1576 794 cohortis
1587 767 1753 802 ductor,At-

926 808 1158 844 zypotheodorus
1171 809 1320 838 Tzimiscas
1336 810 1500 839 amicorum
1516 811 1754 846 ﬁdelissimus,ac

926 853 985 880 duo
1000 852 1142 887 alii,870
1158 854 1177 881 ii
1193 862 1259 882 cum
1277 855 1306 882 in
1324 855 1466 890 palatium
1481 857 1581 884 essent
1596 855 1751 890 sublevati,

925 897 1031 933 gladiis
1047 897 1134 926 cincti
1147 898 1335 934 imperatoris
1350 900 1519 929 cubiculum
1533 900 1660 935 intrant;
1673 908 1753 929 cum-

926 950 982 978 que
997 949 1064 970 eum
1081 950 1138 971 non
1153 942 1318 972 invenirent
1334 944 1363 972 in
1379 947 1519 973 consueto
1534 944 1753 980 lecto,detectas

926 985 1050 1015 insidias
1064 995 1128 1015 esse
1143 987 1329 1024 suspicantes
1340 989 1405 1024 jam
1422 989 1536 1026 seipsos
1551 992 1634 1018 erant
1649 989 1754 1026 praeci-

927 1031 1120 1068 pitaturi,nisi
1137 1032 1294 1061 homuncio
1310 1033 1431 1069 quidam
1447 1033 1603 1070 obtigisset
1612 1042 1647 1062 ex
1656 1041 1753 1071 gyna-

927 1084 987 1110 ceo,
1004 1084 1061 1112 quo
1075 1076 1150 1105 duce
1164 1077 1196 1105 in
1210 1077 1272 1106 solo
1282 1078 1430 1113 jacentem
1452 1078 1650 1114 Nicephorum
1677 1079 1752 1107 Pho-

928 1129 992 1148 cam
1004 1121 1166 1157 inveniunt,
1183 1130 1234 1157 pro
1245 1125 1324 1150 veste
1334 1123 1465 1159 stragula
1475 1123 1631 1151 habentem
1643 1123 1756 1160 pileum‘

929 1173 1014 1193 cocco
1029 1165 1168 1194 infectum
1185 1169 1213 1194 et
1225 1167 1360 1195 exuvium
1378 1167 1450 1204 ursi,
1462 1168 1540 1204 quod
1555 1168 1592 1196 ab
1608 1167 1753 1197 avunculo

930 1218 984 1239 suo
1000 1210 1142 1239 Michaelo
1158 1212 1301 1240 monacho
1317 1211 1440 1241 Maleino
1455 1214 1615 1249 acceperat.
1640 1213 1752 1241 Recens

930 1255 1090 1291 imperator
1113 1255 1340 1290 obdormiverat,
1367 1264 1462 1294 neque
1479 1265 1684 1293 percussorum
1701 1257 1752 1285 ad-

930 1301 1050 1327 ventum
1079 1302 1220 1328 senserat.
1244 1301 1401 1329 Tzimisces
1427 1309 1495 1329 cum
1522 1301 1599 1330 calce
1624 1301 1714 1330 ictum
1739 1309 1755 1329 ο

932 1352 1035 1372 somno
1050 1345 1335 1381 excitat:evigilanti
1351 1346 1518 1382 dextrisque
1535 1354 1642 1374 manus
1657 1345 1755 1374 cubito

932 1390 1016 1416 terris
1032 1388 1168 1417 inniteuti
1183 1391 1212 1417 et
1231 1391 1319 1426 caput
1343 1389 1488 1418 attollenti
1504 1390 1560 1419 Leo
1582 1390 1757 1419 Abalantius

933 1433 1035 1461 stricto
1049 1442 1119 1462 ense
1133 1433 1240 1462 vulnus
1255 1435 1360 1471 ingens
1378 1435 1408 1462 in
1422 1435 1535 1463 nudum
1557 1436 1648 1472 caput
1670 1434 1761 1471 (deci-

934 1478 1016 1506 derat
1031 1478 1109 1506 enim
1124 1478 1293 1514 operculum
1310 1479 1410 1515 capiti,
1425 1479 1496 1507 dum
1515 1487 1547 1508 se
1568 1479 1759 1515 sublevareti)

934 1522 1053 1558 incutit,
1068 1523 1166 1551 medio
1181 1523 1281 1552 cranio
1298 1523 1435 1552 dissecto.
1447 1524 1558 1552 Deinde
1573 1532 1640 1552 eum
1656 1532 1673 1552 a
1686 1523 1761 1553 lecto

935 1567 1099 1596 auferentes
1114 1568 1149 1596 ad
1164 1568 1337 1596 Tzimiscam
1353 1569 1466 1597 ducunt
1481 1569 1511 1597 in
1535 1568 1609 1597 sella
1633 1569 1763 1605 impera-

935 1612 1011 1640 toria
1026 1612 1186 1647 sedentem,
1203 1613 1364 1649 multisque
1378 1612 1563 1641 contumeliis
1579 1615 1607 1642 et
1626 1613 1763 1642 convitiis

936 1657 1093 1693 exagitant,
1111 1657 1183 1685 nihil
1199 1657 1279 1685 aliud
1302 1657 1448 1685 dicentem
1465 1666 1555 1693 quam
1573 1665 1579 1686 :
1599 1668 1612 1685 ι
1629 1658 1762 1692 Domine,

937 1701 1087 1735 miserere,
1103 1701 1257 1737 opitulare,
1274 1701 1405 1738 Deipara.
1425 1714 1437 1729 ι
1465 1702 1596 1730 Tandem
1623 1710 1691 1731 cum
1715 1710 1762 1730 res

937 1746 1158 1774 excubitoribus
1174 1745 1274 1782 palatii
1289 1746 1478 1780 innotuisset,
1494 1749 1523 1774 et
1545 1746 1704 1775 multitudo
1726 1747 1762 1775 ad

939 1790 1156 1818 defendendum
1172 1791 1376 1826 imperatorem
1389 1791 1764 1827 accurreret,Nicephorum

935 1835 1236 1870 jugulant,caputque
1251 1836 1315 1870 ejus
1332 1838 1474 1863 resectum
1492 1836 1698 1863 defensoribus
1714 1844 1765 1871 per

940 1880 1098 1908 fenestram
1113 1880 1283 1907 ostendunt.
1299 1881 1358 1907 Hoc
1375 1882 1458 1916 pacto
1474 1880 1512 1908 iis
1527 1880 1647 1915 sedatis,
1663 1879 1766 1908 Tzimi-

941 1932 996 1952 sem
1012 1923 1102 1952 libere
1117 1932 1181 1959 quis
1195 1923 1280 1952 vellet
1295 1924 1400 1960 agendi
1416 1923 1530 1953 occasio
1545 1925 1623 1952 data.

56 1979 136 1997 τουσι
152 1971 258 2004 τοῦτον,
274 1969 320 1996 καὶ
333 1969 383 2003 τὴν
400 1967 521 2007 κεφαλὴν
538 1968 721 2005 ἀποτεμόντες
737 1967 780 1996 διά
805 1978 881 1999 τινος
906 1966 1012 2006 Θυρίδος
1035 1970 1094 1998 τοῖς
1118 1967 1156 1998 εἷς
1183 1968 1309 2004 βοήθειαν
1335 1968 1511 2005 συντρέχουσι
1536 1967 1697 1995 δεικνύουσι.
1718 1967 1768 1997 Καὶ

58 2014 86 2041 οἱ
104 2013 153 2050 μὶν
170 2012 241 2040 οὕτω
255 2013 497 2050 κατεστορὲθησαν.
512 2016 571 2045 τοῖς
588 2012 617 2041 δὲ
632 2013 693 2050 περὶ
714 2013 759 2041 τὸν
785 2014 934 2050 Τζιμισκῆν
958 2012 1051 2049 καιρὸς
1074 2011 1155 2047 ἐδόθη
1180 2011 1266 2043 ἀδεῶς
1289 2012 1334 2040 καὶ
1358 2012 1417 2049 μετ’
1442 2011 1532 2043 ἀδείας
1557 2012 1644 2040 πάντα
1667 2014 1767 2041 ποιεῖν.

93 2076 210 2113 Λέγεται
247 2074 276 2103 ὂὶ
304 2076 345 2103 δτι
380 2075 434 2114 πρὸ
464 2075 528 2104 δέκα
556 2078 668 2114 ἡμερῶν
693 2077 740 2103 toﬁ
771 2077 888 2109 θανάτου

58 2120 157 2148 αὖτοῦν
183 2117 298 2160 ἕγγραφν
326 2120 401 2159 εὗρεν
418 2120 432 2148 6
458 2119 597 2158 βασιλεὺς,
622 2120 785 2159 ἒρῥιμμένον
807 2120 832 2148 ἐν
849 2122 888 2157 τῷ

57 2167 172 2192 κοιτῶνι
199 2164 280 2192 αὑτοῦ
302 2165 346 2192 καὶ
375 2166 480 2202 μηνῦον
509 2164 706 2203 ἀσφαλίσασθαι
731 2165 823 2193 ἑαυτὸν
849 2165 887 2196 ὡς

59 2206 312 2246 ἱπιϐουλιυόμενον
340 2209 392 2237 ὑπὸ
406 2211 455 2237 τοῦ
469 2210 618 2246 Τζιμισκῆ.
635 2209 685 2237 Καί
698 2219 758 2237 τινα
773 2208 802 2236 δὲ
815 2207 886 2244 κλη-

979 2076 1053 2104 877
1073 2076 1179 2104 Ferunt
1190 2076 1290 2104 decem
1303 2075 1409 2104 diebus
1420 2077 1579 2111 antequam
1591 2075 1771 2104 interﬁcere-

941 2122 1000 2155 tur,
1016 2120 1212 2157 Nicephorum
1227 2119 1257 2148 in
1274 2128 1326 2148 suo
1352 2119 1488 2148 cubiculo
1514 2120 1663 2148 invenisse
1688 2119 1771 2148 libel-

942 2165 1017 2200 lum,
1040 2165 1126 2201 cujus
1149 2164 1297 2201 scriptura
1320 2164 1497 2192 monebatur
1511 2165 1544 2192 ut
1558 2163 1616 2192 sibi
1634 2166 1770 2193 caveret:

942 2217 1011 2237 nam
1027 2218 1044 2237 a
1058 2208 1201 2237 Tzimisca
1213 2208 1272 2244 ipsi
1286 2208 1413 2236 insidias
1430 2208 1666 2240 fieri.Quemdam
1682 2208 1771 2236 etiam

59 2254 137 2292 ρικόν
155 2263 220 2290 φασι
243 2253 312 2281 κατᾶ
335 2254 385 2288 τὴν
410 2253 523 2292 ἐσπὲραν
547 2257 597 2289 τῆς
621 2253 782 2291 ἀναιρέσεως
807 2252 888 2281 δεδω-

979 2253 1085 2281 aricum
1102 2253 1257 2290 perhibent
1271 2252 1396 2289 vesperi,
1413 2261 1472 2289 qua
1487 2255 1571 2281 nocte
1587 2253 1692 2281 deinde
1707 2261 1772 2289 per-

59 2299 135 2326 κίναι
151 2297 225 2334 αὖτῷ
248 2297 364 2336 γράμμα
386 2298 516 2336 περιέχον
540 2299 609 2336 πρὸς
635 2296 700 2330 ἔπος
717 2300 810 2326 ταῦτα·
829 2310 843 2324 ‹‹
858 2300 891 2325 Ὢ

63 2342 188 2380 βοσιλιῦ,
210 2341 359 2381 ἀσφάλισαι
383 2343 503 2370 σεαυτὸν·
528 2341 654 2374 κίνδυνος
675 2344 726 2382 γάρ
755 2353 797 2371 σοι
824 2343 893 2370 κατὰ

61 2386 165 2422 ταύτην
201 2387 252 2422 τὴν
281 2387 364 2414 νύκτα
393 2387 424 2415 οὖ
456 2388 552 2426 μικρὸς
587 2388 724 2426 ἀρτύεται.
755 2400 768 2414 n
798 2387 835 2415 Τὸ
864 2385 892 2414 ’δὲ

62 2432 239 2470 γραμμάτιον
254 2431 336 2460 ἄλλοι
350 2432 398 2469 μὲν
416 2431 544 2470 λέγουσιν
559 2433 596 2464 ὡς
618 2429 766 2461 ὑπολαϐὼν
782 2432 796 2459 6
814 2432 893 2469 βασι-

64 2475 132 2507 λεὺς
148 2474 293 2513 δεητήριον
311 2476 377 2504 εἶναι
393 2477 444 2504 οὐκ
468 2476 570 2516 ἀνέγνω
590 2479 682 2514 τοῦτο,
708 2475 790 2505 ἄλλοι
807 2475 830 2504 δ’
852 2476 893 2504 δτι

67 2520 171 2558 ἀνέγνω
188 2520 249 2556 μὶν,
265 2520 328 2548 ἀλλ’
351 2521 479 2558 ἠμέλησε
501 2525 552 2557 τῆς
575 2520 672 2549 εαυτοῦ
696 2521 831 2560 φυλακῆς,
846 2522 895 2548 τοῦ

61 2564 155 2602 χρεὼν
180 2563 388 2602 ἐμποδίσαντας,
414 2566 597 2598 ἀποθανόντος
620 2565 649 2594 δὲ
675 2567 774 2594 τούτου
799 2565 894 2603 εὑρέθη

64 2607 131 2647 ἕχον
148 2609 182 2637 τὰ
197 2610 382 2648 γεγραμμένα.
399 2610 499 2640 ’Ἄλλοι
516 2609 540 2639 δ’
554 2610 596 2639 ὅτι
615 2610 747 2649 ἀναγνοὺς
768 2610 897 2647 ὶπέτρεψε

65 2654 118 2688 τήν
134 2655 250 2689 ζήτησιν
264 2656 308 2682 καὶ
327 2655 450 2694 φυλακὴν
465 2658 505 2692 τῷ
525 2653 780 2694 πρωτοϐεστιαρίῳ,
796 2654 897 2693 ἔγραψε

68 2697 98 2726 δὶ
122 2697 169 2726 καὶ
193 2700 234 2735 τῷ
259 2698 369 2739 ἀδελφῷ
397 2701 490 2728 Λέοντι
513 2699 554 2728 ἐπ’
580 2699 658 2728 οἴκου
683 2699 805 2738 διάγοντι
831 2699 896 2727 λαὸν

69 2742 189 2771 ἔνοπλον
213 2743 354 2783 εἰληφέναι
378 2745 423 2773 καὶ
448 2749 576 2785 φοιτῆσαι
600 2746 649 2781 τήν
673 2745 807 2782 ταχίστην
831 2744 899 2782 πρὸς

69 2789 102 2818 τὸ
130 2787 277 2819 παλάτιον.
300 2791 385 2818 Τοῦτο
415 2788 443 2818 δὲ
480 2789 655 2828 διακομισθὶν
689 2789 791 2822 ἐκεῖνος
825 2788 899 2827 διξά-

947 2299 992 2333 iit,
1009 2297 1123 2326 litteras
1139 2297 1165 2326 ei
1180 2297 1350 2325 exhibuisse
1365 2297 1394 2325 in
1421 2297 1530 2334 quibus
1554 2296 1615 2325 haec
1639 2297 1773 2326 contine-

947 2345 1049 2371 rentur
1069 2350 1075 2370 :
1101 2353 1116 2368 ‹‹
1140 2342 1219 2370 Muni
1244 2342 1385 2378 teipsum,
1409 2341 1570 2378 imperator
1592 2349 1600 2369 :
1623 2349 1690 2370 nam
1717 2341 1772 2370 hac

948 2389 1031 2415 nocte
1045 2386 1098 2414 tibi
1109 2386 1272 2423 periculum
1284 2386 1432 2414 haudleve
1447 2386 1607 2422 impendet.
1623 2398 1637 2412 »
1654 2387 1709 2415 Eas
1725 2385 1773 2414 lit-

947 2434 1025 2460 teras
1031 2431 1080 2460 alii
1088 2431 1209 2460 tradunt
1217 2430 1424 2467 imperatorem
1432 2439 1490 2458 non
1498 2430 1774 2467 legisse,opinatum

948 2476 986 2504 iis
1001 2475 1171 2512 petitionem
1188 2475 1318 2511 aliquam
1334 2474 1547 2503 contineri.Alii
1563 2475 1668 2511 legisse
1681 2476 1776 2511 aiunt,

949 2521 1000 2549 sed
1016 2520 1062 2548 sui
1073 2519 1258 2549 custodiendi
1281 2519 1426 2547 rationem
1451 2527 1509 2547 non
1533 2519 1653 2548 duxisse
1674 2520 1776 2554 ullam,

950 2566 1008 2593 fato
1024 2565 1198 2601 impeditum
1216 2572 1223 2592 :
1241 2571 1349 2600 easque
1364 2563 1478 2591 litteras
1492 2563 1556 2599 ipso
1572 2564 1665 2592 occiso
1676 2564 1778 2592 inven-

950 2612 996 2638 tas
1011 2610 1113 2638 fuisse.
1129 2609 1194 2637 Non
1209 2609 1318 2637 desunt
1332 2608 1384 2644 qui
1400 2608 1436 2636 iis
1463 2607 1547 2636 lectis
1571 2608 1779 2645 imperatorem

951 2657 1084 2683 asserunt
1097 2653 1319 2690 inquisitionem
1334 2654 1361 2680 et
1382 2652 1523 2680 custodia;
1549 2661 1659 2681 munus
1680 2655 1779 2689 proto-

952 2699 1086 2728 vestiario
1110 2698 1284 2732 mandasse;
1313 2695 1463 2732 simulque
1493 2697 1576 2724 fratri
1606 2705 1659 2725 suo
1690 2697 1779 2725 Leoni

953 2744 1031 2773 domi
1041 2752 1099 2772 suae
1107 2742 1223 2779 degenti
1233 2741 1387 2779 scripsisse
1397 2743 1429 2768 ut
1439 2748 1507 2769 cum
1519 2742 1632 2769 armata
1642 2749 1731 2769 manu
1741 2741 1777 2769 ad

953 2789 1094 2827 palatium
1108 2788 1260 2818 celerrime
1274 2787 1392 2822 veniat;
1406 2785 1532 2815 Leonem
1546 2785 1661 2815 litteras
1675 2793 1779 2822 accep-
