1928 3047
204 104 260 134 111

872 106 1032 138 GEORGII
1053 105 1224 138 CEDRENI

1835 118 1890 149 112

203 173 250 201 tas
265 181 323 201 non
337 171 578 208 aperuisse,quod
593 173 656 201 tum
671 172 744 201 forte
758 172 827 201 talis
842 181 909 201 cum
926 172 982 209 aliq

1091 182 1174 209 ιενος,
1195 172 1241 219 καὶ
1258 171 1331 219 μηδ’
1354 172 1477 219 άνιλίξας
1499 172 1593 219 (ἔτυχε
1616 175 1666 214 γὰρ
1689 175 1804 208 κυϐεύων
1830 183 1892 219 μετὰ

204 220 329 247 certaret
342 222 371 246 et
384 217 603 253 impensissime
618 217 674 245 isto
689 217 802 246 ludicro
821 218 1025 252 delectaretur,

205 264 257 291 sed
267 271 316 291 eas
326 262 356 290 in
368 262 413 290 sui
425 261 526 290 lectuli
536 262 649 298 sponda
658 262 840 298 deposuisse.
853 263 932 291 Ludo
943 262 1027 290 ﬁnito

204 308 304 337 statim
335 307 461 344 legisse,
495 308 524 335 et
556 310 691 344 percepta
724 307 870 336 sententia
897 307 1027 343 coegisse

204 355 346 390 quantam
359 361 406 380 res
422 353 497 380 ferre
513 361 645 387 manum,
672 361 705 380 ac
730 353 766 380 ad
789 352 931 389 palatium
956 360 1026 380 con-

203 400 344 428 tendisse.
370 399 425 427 Sed
451 407 518 426 cum
533 399 569 427 ad
584 399 716 426 Fundam
730 399 803 427 circi
819 399 955 433 venisset,
973 404 1025 426 au-

202 445 282 472 disse
296 444 440 480 quosdam
456 443 532 471 inter
557 451 587 471 se
613 444 648 471 de
673 444 826 472 interfecto
849 443 1026 479 imperatam

200 489 363 524 Nicephoro
379 487 590 523 colloquentes,
606 496 658 516 nec
673 496 731 516 non
756 490 785 516 et
809 488 838 516 in
865 488 972 524 palatio
996 490 1026 516 et

201 532 364 570 angiportis
377 532 520 560 Joannem
545 532 751 568 imperatorem
777 532 1024 569 proclamantium

201 586 285 606 voces
296 577 476 614 percepisse:
488 577 585 612 itaque
596 586 626 605 re
639 577 788 614 insperata
803 579 1023 605 consternatum

201 621 274 650 nihil
281 621 492 658 magnaninum
499 622 546 649 87
553 622 576 649 8
583 622 738 658 cogitasse,
747 622 797 650 sed
805 622 883 650 illico
890 630 956 649 cum
965 621 1024 650 ﬁlio

201 667 364 703 Nicephoro
378 666 407 695 in
423 666 563 702 Magnum
578 666 732 702 Templum
748 666 1024 703 confugisse.Atque

201 712 262 740 haec
276 707 419 740 memoria
433 710 548 747 prodita
562 712 649 745 sunt;
666 719 769 739 verene
788 720 825 739 an
852 711 937 746 falso,
964 719 1023 739 non

201 757 370 793 pronuntio.
386 756 416 784 Id
433 755 552 792 quidem
567 755 671 792 liquet,
684 756 881 792 Nicephorum
898 756 927 784 in
944 756 1023 793 pala-

199 801 240 830 tio
256 801 348 829 fuisse
364 800 560 829 interfectum.

234 890 310 918 810
325 890 452 918 Joannes
468 888 628 917 Tzimiscas
647 889 702 917 hoc
724 889 842 918 sublato
863 890 1021 926 imperium

198 935 275 969 iniit,
292 933 432 962 adhibitis
448 933 567 970 collegis
583 933 691 961 Basilio
702 936 731 962 et
746 934 938 963 Constantino
964 935 1022 962 Ro-

198 980 280 1007 mani
295 978 373 1014 ﬁliis,
390 986 516 1015 quorum
540 978 588 1006 hic
615 978 762 1014 quintum,
788 979 837 1007 ille
860 979 1022 1016 septimum

199 1024 291 1051 astatis
300 1031 411 1051 annum
422 1023 626 1059 agebat.lnitio
637 1023 737 1050 statim
749 1023 863 1060 imperii
871 1024 1021 1057 Basilium,

199 1068 412 1097 cubicularium
424 1067 576 1100 intimum,
592 1076 679 1103 quem
695 1068 876 1104 Nicephorus
892 1069 928 1096 ab
944 1077 976 1096 eo
992 1069 1021 1096 in

199 1113 370 1150 occupando
387 1113 509 1149 imperio
527 1121 584 1141 non
600 1112 702 1140 leviter
726 1113 847 1149 adjutus
872 1122 945 1142 novo
972 1122 1022 1141 uo-

199 1159 279 1186 mine
294 1158 359 1185 novi
376 1157 567 1193 magistratus
583 1157 718 1185 instituto
736 1158 888 1194 praesidem
908 1166 1022 1186 creave-

197 1204 345 1238 rat,noctu
354 1203 389 1230 ad
400 1210 432 1230 se
442 1204 576 1230 vocatum
588 1210 686 1229 rerum
697 1202 892 1237 gerendarum
908 1202 1022 1230 socium

197 1247 327 1280 asciscit,
353 1246 464 1282 quippe
489 1248 518 1273 et
542 1246 628 1282 longo
653 1248 785 1282 tempore
813 1246 843 1274 in
873 1247 1023 1283 republica

196 1293 355 1326 versatum,
368 1292 423 1319 sub
432 1295 513 1327 patre
520 1290 648 1318 Romano
656 1291 779 1326 seniore,
796 1293 824 1319 et
830 1291 1021 1320 Constantino

196 1335 446 1372 Porphyrogenito
461 1336 571 1363 sororis
587 1344 646 1363 suae
663 1336 779 1371 marito,
795 1338 825 1364 et
848 1336 899 1372 qui
924 1336 1022 1372 saepis-

197 1381 273 1409 sime
296 1388 358 1409 rem
385 1381 486 1408 contra
509 1383 659 1416 Agarenos
674 1382 814 1416 gesserat,
831 1382 860 1408 et
875 1381 963 1409 rebus
978 1389 1022 1409 ar-

198 1425 266 1453 duis
282 1425 353 1453 scite
370 1432 401 1452 se
416 1425 638 1452 accommodare
653 1424 786 1453 callebat.
805 1427 834 1453 Is
848 1425 1023 1460 Basilius,ut

198 1469 327 1506 primum
340 1469 561 1498 tractandarum
578 1477 675 1497 rerum
691 1477 801 1497 munus
816 1470 937 1506 accepit,
958 1478 1021 1498 om-

197 1522 249 1543 nes
275 1513 438 1550 Nicephoro
453 1514 606 1542 studentes
622 1522 636 1542 e
652 1513 749 1541 medio
765 1514 929 1542 submovet.
947 1514 1021 1542 Leo-

1080 227 1162 245 τινων
1185 217 1231 245 καὶ
1256 216 1406 254 δαιμονίως
1429 220 1464 256 τῇ
1488 218 1585 255 παιδιᾷ
1609 221 1759 259 χρώμενος)
1779 216 1848 257 ἔθετο
1868 227 1892 255 ἂν

1081 263 1115 299 τῇ
1131 262 1227 289 ἑαυτοῦ
1255 261 1336 300 κλίνῃ
1359 262 1412 291 ὐπὸ
1435 263 1484 298 τήν
1509 264 1605 300 τύλην.
1627 267 1704 304 ’Ἀρτι
1727 265 1755 295 δὲ
1773 271 1818 297 τοῦ
1833 281 1893 298 παι-

1081 306 1158 344 γνίου
1184 305 1357 338 διαλυθέντος
1388 308 1419 335 τὸ
1443 309 1616 346 γραμμάτιον
1646 310 1762 339 ἐπελθὼν
1787 314 1829 341 καὶ
1850 315 1892 343 τὸν

1081 350 1234 389 Ξγκείμενον
1260 353 1322 379 νοῢν
1349 351 1436 384 συνεῗς
1457 355 1511 380 τῶν
1536 355 1701 393 γραφέντων,
1728 355 1834 395 δύναμιν
1857 359 1891 392 ὣς

1081 395 1218 442 ὁλκαιρὸς
1246 396 1343 434 ἀπῄτει
1373 398 1559 436 συνηθροικὼς
1593 399 1674 437 ἀπῄει
1701 402 1768 438 πρὸς
1793 403 1825 430 τὰ
1848 404 1891 442 βι-

1080 439 1179 485 σίλειλα.
1210 441 1357 478 Γενόμενος
1387 440 1416 469 δὲ
1442 443 1510 470 κατὰ
1537 444 1588 478 τήν
1615 443 1641 471 ἐν
1665 447 1704 481 τῷ
1726 439 1891 485 ἱπποδρομίῳ

1080 483 1228 522 σφενδόνην
1242 485 1343 520 ἥκουσὲ
1357 496 1438 514 τινων
1456 486 1658 526 διαλεγομένων
1673 494 1739 527 πρὸς
1760 483 1892 527 ἀλλήλους

1079 530 1116 561 ὡς
1155 528 1206 567 ἄρα
1243 529 1285 566 εἷή
1324 529 1479 570 Νικηφόρος
1517 532 1687 570 ἀνῃρημένος
1720 534 1734 561 ὁ
1763 535 1891 573 βασιλευςΙ

1078 573 1179 609 ἤκουσε
1194 573 1222 602 δὲ
1236 574 1281 602 καὶ
1295 577 1350 603 τῶν
1365 575 1391 603 ἐν
1407 578 1446 612 τῷ
1462 575 1590 614 παλατίῳ
1614 578 1658 605 καὶ
1684 581 1741 610 τοῖς
1756 585 1893 613 στενωποῖς

1078 619 1306 658 ἀνευφημούντων
1330 621 1377 648 τὸν
1398 621 1540 656 Ἰωάννην.
1556 623 1604 659 Τῷ
1629 621 1782 660 ἀνελπίστῳ
1805 623 1832 652 δὶ
1849 636 1891 653 χα-

1077 662 1236 702 ταπλαγεὶς,
1261 664 1306 692 καὶ
1332 664 1416 702 μηδὶν
1445 665 1573 702 ἐννοήσας
1605 669 1736 704 γενναῖον,
1796 670 1891 707 τάχους

1078 708 1136 746 εἶχε
1150 708 1196 736 σὺν
1216 711 1256 745 τῷ
1278 709 1330 746 υἱῷ
1354 710 1506 748 Νικηφόρῳ
1528 713 1563 748 τῇ
1588 711 1704 750 Μεγάλῃ
1720 713 1889 752 προσέρχεται

1077 753 1236 790 Ἐκκλησίᾳ.
1260 753 1309 781 Καὶ
1333 753 1366 782 τὰ
1388 755 1435 792 μὶν
1460 753 1594 793 λεγόμενα
1620 759 1712 785 ταῦτα·
1738 757 1763 786 εἷ’
1783 756 1810 786 δὶ
1829 759 1892 794 άλη-

1077 798 1132 829 θῶς
1147 797 1165 833 ἢ
1187 797 1303 835 ψευδῶς,
1324 799 1375 827 οὐκ
1398 797 1456 837 ἔχω
1481 799 1580 838 λέγειν.
1605 802 1721 837 Θνήσκει
1742 800 1765 830 δ’
1786 801 1858 840 ὅμως
1879 805 1891 832 ὁ

1076 842 1236 881 Νικηφόρος
1252 841 1327 870 ἔνδον
1342 845 1390 871 τοῦ
1406 843 1541 872 παλατίου
1556 845 1755 885 κατεργασθείς.

1112 887 1242 923 Ἰωάννης
1281 886 1310 915 δὲ
1339 888 1352 916 ὁ
1381 891 1535 926 Τζιμισκῆς
1570 893 1620 925 τῆς
1651 890 1781 927 Ρωμαίων
1809 891 1890 930 ἀρχῆς

1076 930 1260 975 ἀπορανόντος
1275 934 1324 960 τοῦ
1347 933 1505 972 Νικηφόρου
1520 933 1659 970 άνιδὲξατο
1678 935 1726 966 τὰς
1741 935 1887 975 φροντίδας,

1077 973 1328 1012 συμϐασιλεύοντας
1362 976 1434 1016 ἔχων
1464 977 1604 1006 Βασίλειον
1628 979 1672 1007 καὶ
1702 973 1887 1008 Κωνσταντῖνον

1075 1020 1140 1052 τοὺς
1163 1020 1237 1052 υἱοὺς
1265 1022 1416 1058 ¹Ρωμανοῦ,
1441 1023 1478 1049 ὧν
1500 1023 1514 1049 ὁ
1542 1023 1588 1059 μὲν
1612 1022 1753 1055 Βασίλειος
1780 1021 1887 1061 ἕϐδομον

1077 1066 1152 1092 εἷλκε
1173 1069 1222 1100 τῆς
1246 1064 1356 1101 ἡλικίας
1382 1063 1450 1101 ἔτος,
1478 1067 1572 1105 ἅτερος
1603 1066 1631 1095 δὲ
1658 1069 1671 1096 ὁ
1701 1072 1888 1100 Κωνσταντῖνος

1076 1110 1200 1146 πέμπτον
1218 1111 1285 1147 (21).
1309 1110 1396 1142 Εὐθὺς
1420 1110 1466 1138 οὗν
1491 1111 1632 1140 Βασίλειον
1657 1113 1701 1140 τὸν
1724 1113 1891 1150 παρακοιμώ-

1079 1165 1168 1191 μενον,
1194 1155 1223 1182 ὃν
1242 1155 1398 1191 Νικηφόρος
1424 1156 1438 1182 ὁ
1474 1155 1600 1193 βασιλεὺς
1630 1157 1663 1184 οὖ
1689 1158 1772 1195 μικρὰ
1795 1155 1890 1194 συμϐα-

1077 1198 1193 1235 λόμενον
1223 1199 1296 1235 αὐτῷ
1325 1200 1393 1236 πρὸς
1421 1201 1470 1235 τὴν
1495 1204 1546 1236 τῆς
1573 1201 1713 1239 βασιλείας
1740 1203 1892 1240 κατάσχεσιν

1076 1242 1208 1280 πρόεδρον
1235 1245 1291 1280 (22)
1316 1244 1456 1281 τετίμηκε,
1480 1246 1517 1281 μή
1543 1256 1587 1272 πω
1603 1246 1734 1285 πρότερον
1760 1244 1833 1278 ὄντος
1847 1248 1890 1274 τοῖν

1075 1286 1242 1324 ἀξιώματος,
1282 1289 1393 1323 πρώτου
1437 1287 1460 1317 δ’
1488 1289 1554 1318 αὐτὸ
1590 1292 1672 1318 τοῦτο
1709 1290 1888 1330 ἑφευρηκότος,

1076 1332 1172 1364 νυκτὸς
1199 1334 1443 1370 μεταπεμψάμενος
1467 1335 1595 1362 κοινωνὸν
1624 1339 1677 1371 τῆς
1700 1335 1787 1374 ἀρχῆς
1810 1346 1888 1373 προσ-

1076 1374 1202 1412 ελάϐετο,
1219 1378 1264 1405 ἅτε
1279 1377 1303 1404 ἰν
1320 1377 1439 1410 πολλοῖς
1455 1378 1567 1417 χρόνοις
1589 1378 1623 1407 τά
1644 1390 1674 1407 τι
1688 1380 1815 1408 πολιτικὰ
1829 1391 1888 1418 μετ-

1076 1420 1189 1449 ελθόντα
1211 1421 1255 1450 ἐπὶ
1277 1425 1326 1450 τοῦ
1351 1422 1453 1450 οῗκείου
1479 1424 1581 1460 πατρὸς
1606 1426 1651 1460 [Ρ.
1671 1426 1734 1462 664]
1756 1426 1888 1462 Ῥωμανοῦ

1074 1468 1123 1493 τοῦ
1145 1465 1271 1505 γέροντος
1292 1477 1336 1494 και
1369 1467 1571 1496 Κωνσταντίνου
1596 1471 1646 1497 τοῦ
1673 1470 1888 1509 Πορφυρογεννή-

1074 1513 1186 1538 τοι)τοῦ
1210 1509 1338 1549 γαμϐροῦ
1366 1511 1459 1548 αὑτοῦ,
1483 1512 1528 1540 καὶ
1558 1512 1717 1545 πλειστάκις
1748 1515 1814 1542 κατᾶ
1840 1516 1888 1541 τῶν

193 1567 262 1587 nem
278 1559 479 1595 curopalatam
495 1558 526 1586 in
541 1558 678 1592 Lesbum,
691 1558 886 1594 Nicephorum
902 1558 982 1587 Beata

1091 1556 1231 1594 Χγαρηνῶν
1261 1555 1486 1594 ἐκστρατεύσαντα
1505 1580 1512 1592 ,
1541 1558 1586 1585 καὶ
1613 1556 1783 1596 δυσχερείαις
1810 1568 1891 1596 πραγ-

190 1604 256 1640 ejus
272 1602 368 1631 ﬁlium
380 1602 650 1631 Imbrum.Bardam
661 1602 745 1631 Dncm
757 1602 1020 1642 ﬁliumjunioreml

191 1648 245 1684 qui
258 1650 320 1676 tum
345 1647 473 1676 Chaldiee
484 1649 512 1675 et
521 1646 646 1675 Coloniae
657 1649 791 1684 praeerat,
807 1647 946 1684 abrogato
961 1656 1022 1675 ma-

194 1693 322 1729 gistratu
334 1691 482 1720 Amasiam
498 1691 617 1727 relegat,
633 1691 769 1728 aliosque
784 1691 827 1720 vel
853 1691 952 1720 civiles
975 1692 1020 1720 vel

188 1737 311 1766 bellicos
325 1737 518 1773 magistratus
533 1738 668 1772 gerentes
687 1736 714 1763 in
742 1736 874 1764 ordinem
902 1736 1019 1773 redigit,

189 1782 220 1810 in
244 1789 406 1818 eorumque
431 1780 496 1809 locs
520 1780 676 1808 substituit
700 1780 861 1809 familiares
884 1789 965 1816 suos,
991 1783 1021 1809 et

188 1835 264 1864 quos
289 1835 362 1855 novo
388 1825 558 1862 imperatori
574 1825 648 1854 ﬁdos
662 1827 772 1854 nosset.
788 1825 913 1854 Reditus
929 1825 1018 1853 etiam

187 1873 325 1900 decretus
358 1871 395 1899 iis
427 1879 501 1906 quos
539 1870 724 1906 Nicephorus
766 1870 862 1899 solum
904 1872 1018 1899 vertere

185 1917 329 1953 jusserat,
354 1915 543 1952 pontiﬁcibus
573 1915 719 1951 praecipue
747 1914 918 1950 primariis;
948 1915 1015 1951 qui-

187 1962 244 1989 bus
279 1960 465 1988 ostendimns
490 1959 519 1987 id
547 1958 625 1986 380
658 1959 798 1993 evenisse,
834 1960 911 1995 quod
945 1967 1016 1987 con-

1078 1599 1169 1636 μάτων
1187 1598 1276 1628 εἰδότα
1301 1600 1406 1638 εὐφυῶς
1427 1602 1675 1639 προσαρμόζεσθαι.
1692 1603 1737 1633 Ὁς
1759 1601 1833 1633 εὐθὺς
1845 1603 1905 1636 τήνη

1076 1644 1224 1682 ἐπιτροπὴν
1254 1644 1375 1684 εἰληφὼς
1410 1648 1464 1673 τῶν
1502 1646 1670 1684 πραγμάτων
1708 1647 1807 1678 πάντας
1832 1646 1905 1677 τοὺς

1075 1687 1179 1716 εὔνοιαν
1208 1692 1247 1726 τῷ
1275 1690 1423 1729 Νικηφόρῳ
1454 1689 1639 1729 φυλάττοντας
1679 1691 1708 1719 ἐκ
1742 1692 1821 1729 μέσου
1848 1701 1890 1718 πε-

1073 1733 1183 1769 ποίηκε,
1213 1733 1314 1761 Λέοντα
1351 1735 1398 1771 μὲν
1431 1734 1478 1762 τὸν
1507 1734 1721 1773 κουροπαλάτην
1750 1735 1775 1764 ἐν
1802 1732 1891 1771 Λέσϐῳ

1072 1777 1227 1816 περιορίσας
1255 1778 1299 1806 καὶ
1324 1777 1481 1818 Νικηφόρον
1512 1780 1614 1816 Βίστην
1644 1780 1690 1808 τὸν
1715 1781 1811 1808 τούτου
1835 1780 1888 1807 υἱὸν

1072 1822 1098 1850 ἐν
1122 1825 1157 1856 τῇ
1185 1820 1301 1860 Ἴμϐρῳ,
1329 1822 1431 1861 Βάρδαν
1460 1822 1488 1852 δὲ
1510 1824 1557 1852 τὸν
1579 1825 1712 1863 νεώτερον
1734 1824 1816 1853 δοῦκα
1833 1823 1889 1852 τότε

1072 1865 1194 1898 Χαλδίας
1220 1867 1265 1894 καὶ
1287 1867 1445 1900 Κολωνείας
1468 1870 1638 1907 τυγχάνοντα
1662 1870 1712 1904 τὴν
1734 1870 1822 1908 ἀρχὴν
1842 1869 1888 1907 ἄφ-

1072 1911 1203 1950 ελόμενος
1230 1912 1256 1940 ἐν
1281 1913 1415 1950 Ἀμασείᾳ
1439 1913 1608 1952 παρέπεμψε.
1638 1914 1688 1942 Καὶ
1707 1914 1771 1946 τοὺς
1794 1913 1890 1943 ἄλλους

1072 1956 1100 1985 δὶ
1127 1958 1185 1986 ὅσοι
1216 1957 1360 1990 πολιτικὰς
1385 1958 1403 1993 ἢ
1429 1959 1623 1997 στρατιωτικὰς
1652 1959 1784 1997 μετῂεσαν
1809 1959 1889 1997 ἀρχὰς

186 2005 335 2033 stitutioni
351 2004 386 2032 ab
402 2012 435 2032 eo
446 2003 606 2040 spoliandas
618 2012 651 2031 ac
662 2003 840 2032 contumelia
855 2004 982 2032 afficiant

1091 2005 1123 2030 ὧν
1148 2003 1242 2040 ἀρχῶν
1268 2002 1436 2041 παραλύσας,
1460 2003 1526 2035 τοὺς
1551 2004 1669 2036 οἰκείους
1694 2004 1824 2040 ἐπέστησε
1849 2003 1889 2030 καὶ

184 2049 320 2078 Ecclesiae
335 2057 424 2076 causa
439 2048 520 2076 factae
537 2047 702 2076 noluissent
716 2048 912 2076 subscribere.

1068 2050 1108 2084 τῷ
1131 2047 1183 2084 νέῳ
1209 2047 1319 2086 βασιλεῖ
1342 2048 1526 2085 φυλάττοντας
1550 2047 1667 2078 εὔνοιαν.
1692 2052 1757 2080 Τοῖς
1780 2049 1839 2076 τότε
1866 2046 1891 2074 δὲ

184 2093 258 2131 παρὰ
271 2095 319 2120 τοῦ
334 2092 493 2130 Νικηφόρου
508 2089 696 2130 φυγαδευθεῖσι
709 2090 824 2119 κάθοδον
842 2090 991 2128 ἐπιτρέπει,
1005 2092 1050 2119 καὶ
1076 2091 1129 2130 πρό
1153 2102 1184 2129 γι
1205 2094 1259 2119 τῶν
1283 2091 1376 2119 ἄλλων
1401 2095 1460 2123 τοῖς
1482 2092 1650 2130 ἀρχιερεῦσι,
1675 2095 1716 2129 τῷ
1741 2094 1779 2130 μή
1803 2091 1885 2120 θέλιιν

186 2138 343 2176 ὑπογράψαι
359 2139 397 2173 τῷ
411 2137 490 2173 τόμῳ
505 2136 534 2164 ὃν
551 2135 589 2167 εἷς
600 2136 758 2173 κατατομήν
775 2135 820 2164 καί
836 2134 912 2173 ὕϐριν
927 2137 1021 2175 ἐφεῦρε
1035 2140 1086 2172 τῆς
1106 2135 1272 2172 Ἐκκλησίας
1295 2136 1395 2167 ἐκεῖνος
1419 2137 1602 2175 ἐξορισθεῖσιν,
1627 2137 1666 2168 ὡς
1690 2136 1745 2174 ἤδη
1767 2136 1889 2175 φθάσαςὸ

185 2181 266 2221 λόγος
280 2182 431 2220 ἱστόρησεν.

221 2228 320 2257 Rebus
353 2227 407 2256 hoc
441 2230 527 2255 modo
559 2225 742 2262 constitutis,
772 2234 807 2254 ea
835 2226 900 2262 ipsa
929 2229 1014 2255 nocte

1104 2224 1183 2254 Οὕτω
1212 2207 1247 2253 ,δὶ
1285 2228 1338 2253 τῶν
1363 2226 1528 2263 πραγμάτων
1553 2225 1804 2263 οἰκονομηθέντων,
1829 2223 1892 2253 κατὰ

781 2292 970 2321 XYLANDRI
989 2293 1034 2321 ET
1053 2292 1162 2321 GOARI
1180 2293 1297 2321 NOTJE.

222 2352 278 2389 (21)
292 2353 324 2380 Id
340 2359 442 2380 verum
459 2350 620 2389 esse_nullo
637 2350 723 2389 m__odo
740 2352 846 2389 potest,
860 2359 927 2378 cum
944 2359 1007 2378 om-
1024 2355 1048 2387 ο
1097 2350 1154 2389 (2_2)
1171 2351 1240 2386 Ejus
1255 2358 1366 2389 munus
1383 2350 1438 2389 fuit
1452 2350 1481 2389 in
1498 2351 1576 2389 cives
1599 2352 1628 2389 et
1652 2359 1714 2389 rem
1743 2350 1890 2389 publicam

186 2386 256 2416 nino
271 2391 394 2423 uterque
409 2390 496 2415 natus
511 2387 550 2414 sit
564 2389 645 2423 patre
660 2387 791 2414 Romano
805 2387 833 2418 3.
849 2390 1008 2422 antequam
1026 2386 1036 2387 ί
1063 2387 1198 2422 Ρῑωΐοοιο
1221 2387 1303 2423 urbis
1327 2395 1384 2414 non
1408 2387 1544 2415 absimile
1568 2396 1578 2423 :_
1598 2386 1624 2414 is
1648 2387 1729 2423 enim
1743 2386 1784 2423 fin
1801 2386 1888 2423 lexico

187 2426 281 2451 mater
295 2422 472 2460 Theophane
485 2422 756 2485 Pbocgel‘iiceghoro
772 2422 943 2463 imperatori
958 2431 1008 2450 nu-

187 2460 278 2485 heret.
294 2460 334 2485 Ex
348 2460 384 2485 iis
400 2467 463 2485 ausa
479 2460 648 2485 Panvmius.
686 2466 752 2485 omo
777 2458 862 2485 lonne
888 2458 1008 2485 dilinen-

185 2460 278 2487 heret.
294 2460 334 2487 Ex
348 2458 386 2487 iis
400 2467 463 2495 quae
479 2458 648 2495 Panvinius,
665 2458 752 2495 homo
777 2458 862 2495 longe
883 2458 1011 2495 diligen-

185 2495 322 2534 tissimus
337 2498 366 2534 _e_t
381 2494 589 2534 peritissimus,
606 2494 766 2534 adnotavit,
784 2494 1011 2534 deprehendere

205 2533 268 2558 otes
279 2529 419 2558 Basiliam
432 2530 704 2564 lli,Constantinum
717 2530 752 2556 12
767 2529 884 2557 circiter
898 2538 1009 2557 annum

1068 2420 1214 2463 anonymo
1239 2422 1309 2463 bibl.
1323 2422 1430 2463 ‘Regim
1445 2422 1554 2463 dicitur
1569 2421 1582 2448 ὁ
1597 2424 1647 2463 τῇς
1663 2420 1807 2463 πολιτείας
1821 2421 1888 2463 ἆιρχ-

1067 2457 1271 2499 ηγὸςίήγεμὼν
1288 2457 1331 2499 ξξὶ
1349 2459 1468 2494 πρῶτος.
1483 2457 1702 2499 NisLmalueris
1718 2467 1735 2486 a
1759 2457 1889 2499 consiliis

1088 2493 1249 2530 rmcipuum
1274 2493 1434 2529 afﬁrmare,
1457 2502 1523 2521 cum
1538 2494 1750 2522 Constantinus
1766 2493 1887 2530 Romani

1087 2529 1145 2565 lius
1156 2528 1257 2557 statim
1271 2530 1327 2556 sub
1339 2529 1443 2564 primis
1453 2529 1567 2565 imperii
1578 2529 1719 2565 auspiciis
1730 2532 1792 2558 tres
1802 2528 1890 2557 simul

184 2563 246 2607 isto
255 2569 387 2607 tempore
401 2566 568 2607 egisse,quo
584 2565 747 2607 adimperii
759 2566 929 2607 societatem
940 2569 1011 2607 sunt
1064 2563 1216 2607 προέδρους
1227 2563 1377 2607 creaverit,
1389 2563 1557 2606 scholarum
1570 2563 1777 2607 domesticum,
1792 2567 1888 2607 proto-

185 2610 202 2629 a
217 2601 344 2630 Zimisca
359 2601 452 2635 asciti,
479 2610 496 2629 a
519 2610 577 2637 qua
600 2601 723 2629 vitricus
747 2609 797 2629 eos
822 2602 867 2629 vel
892 2604 1011 2637 propter

186 2640 301 2666 aetatem
313 2637 502 2671 arcuerat,vel
518 2637 621 2665 saltem
633 2637 706 2664 nihil
720 2639 824 2673 preter
834 2645 940 2665 nomen
957 2637 1008 2665 ha-

186 2674 321 2701 buerant.
334 2675 407 2700 Nam
419 2673 448 2700 iu
464 2673 522 2700 ﬁne
534 2673 632 2701 Basilii
646 2674 770 2700 Zonaras
783 2673 824 2700 ait
838 2673 923 2700 etiam
940 2681 1008 2701 cum

185 2709 282 2738 Phoce
297 2717 347 2737 eos
361 2709 532 2744 imperasse.
558 2709 695 2736 Pauvinio
720 2708 917 2744 astipulantur
944 2717 1007 2743 quae

178 2744 270 2773 initio
280 2744 386 2781 horum
396 2744 511 2781 imperii
522 2744 614 2781 multo
623 2752 712 2781 quam
718 2744 779 2781 hac
788 2744 900 2780 aptiora
908 2744 1010 2781 legiun-

181 2783 236 2810 tur
250 2781 327 2817 apud
336 2779 475 2809 Nostrum
487 2782 515 2808 et
528 2779 682 2809 Zonarium
696 2779 1005 2809 habeat’tentemXYL.

1064 2600 1236 2629 vestiarium
1252 2604 1280 2628 et
1295 2601 1502 2637 drungarium,
1518 2609 1591 2637 quos
1608 2600 1791 2637 nonofﬁciis
1803 2601 1889 2629 adau-

1064 2645 1142 2673 gere,
1159 2637 1209 2665 sed
1225 2636 1253 2673 in
1272 2635 1456 2672 negotiorum
1477 2635 1767 2665 administrationem
1789 2637 1887 2673 magis

1063 2672 1205 2700 secretam
1221 2672 1361 2700 advocare
1386 2672 1490 2708 potuit,
1515 2675 1544 2700 et
1561 2673 1624 2708 jam
1643 2672 1796 2708 communi
1811 2673 1887 2708 facta

1063 2707 1205 2745 dignitate
1219 2705 1398 2745 praecipuum
1414 2716 1451 2745 ex
1464 2705 1507 2737 eis
1526 2705 1769 2745 πρωτοπρὸεδρον,
1786 2709 1820 2737 ut
1833 2707 1885 2736 ha-

1062 2744 1112 2772 bet
1127 2743 1314 2781 Curopalates
1327 2745 1356 2772 et
1370 2744 1422 2773 Jus
1437 2744 1485 2774 Gr.
1502 2743 1692 2774 constituere.
1709 2743 1802 2773 Goim.
