1928 3047
176 131 234 162 H5

851 127 1012 160 GEORGII
1034 126 1206 158 GEDRENI

1825 131 1882 161 “6

174 206 208 226 eo
224 199 256 226 ut
271 196 447 226 Manicheos
460 204 511 234 per
525 198 619 225 totum
637 196 785 225 Orientem
807 196 958 232 serpentes
974 196 1003 222 et

1096 203 1108 219 ν
1133 195 1182 227 τῆς
1215 188 1354 235 βασιλείας
1382 191 1559 230 κατάσχεσιν,
1587 196 1644 229 τῆς
1669 193 1764 223 ἐαυτοῦ
1791 187 1880 235 ψυχῇς

174 242 349 277 contagione
365 250 424 270 sua:
437 242 559 278 impurae
575 241 724 277 religionis
748 240 847 269 omnia
871 247 1001 268 corrum-

175 289 278 324 pentes
295 287 324 314 in
339 286 527 315 Occidentem
539 286 569 313 in
585 286 730 314 desertam
752 285 882 321 aliquam
898 284 1003 312 solitu-

177 331 276 359 dinem
293 332 477 367 deportaret;
494 331 523 358 id
549 331 626 367 quod
651 333 750 366 postea
773 329 912 365 temporis
936 329 1006 356 fecit

177 376 462 412 imperator,eosque
474 375 669 412 Pilippopolin
681 383 715 402 ex
725 374 843 402 Oriente
854 373 1006 401 transtulit

177 421 353 457 Polyeuctus
369 422 434 456 post
458 420 606 448 Tzimiscm
633 419 866 454 designationem
890 420 1005 446 tantum

177 465 300 501 triginta
314 465 444 500 quinque
460 465 522 492 dies
533 464 615 491 vixit.
631 465 662 491 In
678 463 848 499 ejuslocum
863 463 1005 491 suffectus

177 509 306 538 Basilius
323 508 486 537 monachus
502 509 749 543 Scamandrenus,
767 509 899 544 perfecta:
914 507 1006 535 virtu-

178 554 217 582 tis
230 553 408 582 testimoniis
422 553 531 582 clarus.
548 554 577 581 Is
592 561 660 589 ergo
677 555 738 581 tum
755 560 851 581 rerum
875 552 1006 581 civilium

179 597 236 626 fuit
250 599 357 626 status.

1060 234 1207 268 ἐπίϐουλος
1224 233 1307 264 ἔσται’
1324 237 1474 271 ἀξιώσαντα
1494 236 1522 265 δὲ
1542 238 1588 266 καὶ
1611 239 1677 270 τοὺς
1699 233 1877 278 Μανιχαίους·

1057 282 1106 316 τὴν
1130 281 1215 318 Ἐῲαν
1238 284 1325 308 πᾶσαν
1348 281 1562 319 ἐπινεμομένους
1595 284 1639 311 καὶ
1663 283 1877 322 λυμαινομένους

1057 328 1091 362 τῆ
1111 324 1251 363 μεταδόσει
1279 329 1329 360 τῆς
1357 329 1476 364 μυσαρᾶς
1506 327 1594 355 αὐτῶν
1622 329 1782 366 θρησκείας,
1812 331 1878 368 πρὸς

1058 371 1107 405 τήν
1124 370 1238 407 ἐσπέραν
1259 370 1398 398 ἀποικίσαι
1424 371 1467 398 xui
1495 371 1533 403 εἵς
1562 383 1622 400 τινα
1635 373 1761 412 ἐσχατιὰν
1786 374 1878 412 ἐγκατ-

1060 415 1159 443 οικίσαι
1185 414 1351 453 πανέρημον,
1383 416 1397 443 6'
1421 417 1465 443 καὶ
1493 416 1652 454 πεποίηκεν,
1683 418 1804 456 ὕστερον,
1831 420 1880 447 ἀπ-

1060 461 1210 496 αναστήσας
1225 460 1338 491 τούτους
1353 460 1398 488 καὶ
1421 463 1455 498 τῇ
1483 461 1707 491 Φιλιππουπόλει
1732 462 1881 501 ’ἱγκατοικί-

1061 515 1120 540 σας,
1160 505 1220 532 Ἐπὶ
1259 503 1282 532 λ¹
1312 503 1341 533 δὲ
1368 505 1413 532 καὶ
1445 506 1463 533 ε’
1493 506 1577 542 μόνας
1602 507 1708 545 ἡμέρας
1739 509 1806 544 μετὰ
1832 509 1880 542 τήν

1061 549 1236 587 ἀναγόρευσιν
1269 550 1314 577 καὶ
1353 551 1367 577 ὁ
1403 549 1576 582 Πολύευκτος
1604 549 1729 583 ἐπιϐιοὺς
1757 552 1884 581 κατέλυσε

1060 595 1111 628 τήν
1126 595 1209 630 ζωήν,
1226 595 1279 622 Καὶ
1295 595 1498 633 προχειρίζεται
1527 596 1581 623 ἀντ’
1605 595 1687 624 αὐτοῦ
1712 598 1885 635 πατριάρχης

179 640 321 673 Βασίλειος
347 642 470 679 μοναχὸς
498 642 513 670 ὸ
537 640 762 679 Σκαμανδρηνὸς,
787 641 828 668 ἐπ’
853 641 950 678 ἀρετῆς
975 636 1128 675 τελειότητι
1160 638 1393 677 μαρτυρούμενος.
1418 639 1467 668 Καὶ
1491 640 1526 668 τὰ
1551 641 1598 678 μὶν
1625 640 1758 669 πολιτικὰ
1780 641 1885 679 ἐφέρετο

178 685 257 724 τῇδε.

219 743 256 769 At
265 741 391 777 Agareni
402 741 571 778 ubicunque
580 743 725 769 terrarum
732 739 1009 777 degentes,alizeque

183 786 320 814 nationes
334 786 467 814 eamdem
483 794 550 814 cum
571 786 617 813 bis
632 785 802 822 religionem
819 785 960 820 colentes,
975 786 1008 812 ut

185 830 322 867 Egyptii,
339 830 442 863 Persae,
459 830 578 864 Arabes,
601 830 742 864 Elamitre,
761 832 790 858 et
813 829 863 865 qui
884 829 1007 857 Felicem

186 875 325 903 Arabiam
340 875 482 911 incolunt,
498 875 658 911 Sabceique,
676 873 850 911 gravissimo
866 873 902 902 ob
919 873 1008 901 amis-

1097 739 1135 775 Τῇ
1159 737 1260 765 ἁλώσει
1288 736 1316 765 δὶ
1343 741 1394 773 ἧς
1424 738 1596 777 Ἀντιοχείας
1624 740 1669 767 καὶ
1700 741 1755 767 τῶν
1785 742 1886 767 λοιπῶν

1062 782 1181 816 πόλεων,
1221 782 1250 813 ἃς
1289 781 1389 815 ἄνωθεν
1426 782 1690 822 ἀπηριθμησάμεθα,
1731 783 1884 823 περιαλγεῖς

1062 826 1202 864 γεγονότες
1216 827 1242 854 οἱ
1256 826 1414 865 ἀπανταχοῦ
1429 831 1482 865 γῆς
1513 826 1587 859 ὄντες
1621 828 1771 867 Ἀγαρηνοὶ
1790 829 1833 856 καὶ
1861 829 1892 856 τὰ

1064 870 1148 899 λοιπά
1171 871 1234 906 ἔθνη
1249 872 1283 899 τὰ
1311 872 1361 907 τὴν
1377 872 1473 909 ὁμοίαν
1489 872 1582 904 αὐτοῖς
1596 870 1712 900 σέϐοντα
1737 873 1888 910 θρησκείαν,

185 927 250 947 sam
272 919 458 947 Antiochiam
483 919 670 955 reliquasque
695 919 794 953 urbes,
820 927 894 954 quas
919 926 1007 954 supra

1096 915 1216 954 γύπιιειοι¹
1248 916 1358 954 Πέρσαι,
1387 914 1517 953 "Agauen,
1543 916 1701 954 Ἐλαμῖται,
1725 917 1770 945 καὶ
1800 918 1825 945 οῖ
1839 918 1886 952 τὴν

187 963 332 998 recensui,
349 963 448 992 dolore
464 964 588 999 permoti
604 963 697 992 foedus
709 963 822 997 iciunt;
838 963 1007 999 magnisque

1096 959 1225 997 ἰνδαίμονα
1253 959 1405 998 λεγομένην
1435 961 1572 994 οῖκοῦντες
1599 962 1644 989 καὶ
1673 962 1706 990 τὸ
1722 959 1807 998 Σαϐἆ,
1824 973 1888 998 συμ-

188 1008 320 1044 undique
330 1008 488 1037 contractis
498 1008 633 1044 copiis,et
639 1007 1013 1043 Carthaginensibus,quod

188 1053 220 1081 hi
236 1052 304 1080 belli
318 1055 397 1081 terra
412 1052 545 1088 marique
565 1053 685 1089 gerendi
710 1054 809 1080 essent
833 1052 1014 1088 peritissimi,

191 1105 309 1126 summa
333 1097 374 1125 rei
397 1098 569 1130 commissa,
595 1098 721 1125 Zochare
745 1097 930 1133 imperatore,
952 1097 1015 1124 viro

191 1142 325 1178 apprime
351 1144 471 1170 strenuo
496 1144 584 1178 atque
612 1141 761 1175 bellicoso,
793 1149 860 1169 cum
886 1142 1014 1169 exercitu

191 1186 268 1215 888
284 1186 390 1213 100000
403 1186 479 1214 bello
493 1187 663 1214 idoneorum
679 1186 807 1214 virorum
823 1186 853 1214 in
870 1188 1015 1214 Romanos

192 1231 317 1264 ducunt,
333 1232 362 1258 et
375 1230 559 1258 Antiochiam
576 1239 639 1266 qua
656 1233 701 1258 est
715 1231 750 1258 ad
767 1231 915 1266 Daphncm
936 1230 1014 1258 obsi-

190 1275 276 1303 dione
292 1275 432 1310 cingunt;
449 1283 537 1311 quam
555 1275 723 1302 diulurnam
745 1275 811 1303 fecit
826 1275 1012 1303 obsessorum

190 1319 330 1348 fortitudo
346 1321 434 1355 atque
455 1319 695 1356 magnanimitas.
721 1320 882 1356 Imperator
906 1319 955 1347 ubi
979 1320 1014 1347 de

186 1363 380 1392 barbarorum
397 1363 522 1392 coitione
536 1366 582 1392 est
598 1364 694 1392 factus
715 1364 829 1398 certior,
845 1363 924 1392 illico
940 1372 1012 1399 prse-

185 1408 295 1436 fectum
312 1408 527 1444 Mesopotamia;
539 1408 677 1444 colligere
692 1409 851 1436 exercitum
867 1410 895 1436 et
910 1409 1012 1436 obses-

185 1452 228 1481 sis
243 1452 399 1480 subvenire
413 1453 523 1488 scripto
534 1453 630 1488 jubet.
648 1453 855 1481 Simulducem
868 1453 919 1482 toli
931 1461 1011 1481 exer-

185 1497 256 1525 citui
273 1497 466 1532 praefuturum
480 1505 546 1524 cum
563 1497 684 1533 reliquis
699 1498 790 1533 copiis
807 1498 897 1526 mittit
920 1498 1010 1534 patri-

185 1541 263 1570 cium
280 1540 443 1574 Nicolaum,
459 1549 552 1569 unum
577 1549 611 1569 ex
634 1541 747 1570 intimis
769 1542 831 1570 suis
854 1542 1009 1570 eunuchis.

184 1585 212 1614 ls
228 1585 278 1613 ubi
293 1592 324 1613 se
346 1593 414 1613 cum
439 1585 502 1613 suis
527 1587 689 1621 conjunxit,
715 1586 866 1620 barbaros,
891 1587 1008 1615 tametsi

1069 1005 1241 1043 φωνήσαντες
1265 1005 1310 1033 καὶ
1325 1005 1479 1043 ὁμαιχμίαν
1497 1005 1616 1043 θέμενοι,
1646 1005 1763 1043 δύναμιν
1792 1017 1891 1034 παντα-

1069 1049 1151 1087 χόθεν
1181 1049 1340 1087 ἡθροικότες
1369 1049 1493 1087 μεγάλην
1527 1051 1573 1078 καὶ
1604 1050 1781 1088 ἡγεμονεύειν
1811 1050 1893 1085 αὐτῆς

1069 1095 1193 1129 τάξαντες
1231 1093 1437 1132 Καρχηδονίους
1476 1096 1574 1133 Ζώχαρ
1612 1094 1729 1133 ἔχοντας
1765 1096 1890 1134 ἄρχοντα,

1069 1139 1216 1175 πρακτικὸν
1247 1138 1330 1175 ἄνδρα
1358 1139 1403 1167 καὶ
1417 1139 1450 1167 τὰ
1466 1139 1505 1171 εἷς
1532 1139 1675 1177 πολέμους
1691 1139 1788 1176 δεινὸν,
1813 1140 1849 1172 ὡς
1862 1140 1888 1167 ἂν

1069 1181 1190 1221 ἀκριϐεῖς
1220 1183 1264 1210 καὶ
1304 1184 1487 1220 ἐπιστήμονας
1522 1186 1576 1212 τῶν
1614 1195 1643 1211 τε
1680 1184 1748 1211 κατά
1774 1187 1823 1221 γῆν
1849 1184 1889 1211 καὶ

1070 1227 1203 1256 θάλατταν
1228 1227 1314 1265 Ιργων
1333 1249 1340 1262 ,
1378 1227 1490 1263 ἐξῆλθον
1526 1229 1594 1256 κατὰ
1622 1228 1770 1265 Ῥωμαίων
1800 1229 1841 1267 ὑφ’
1863 1227 1889 1256 ἓν

1068 1273 1116 1303 τὰς
1145 1273 1230 1303 πάσας
1261 1272 1453 1310 συναγαγόντες
1484 1271 1621 1309 δυνάμεις,
1639 1273 1680 1304 εἷς
1696 1273 1787 1301 ἑκατὸν
1813 1272 1889 1310 μαχί-

1071 1327 1128 1354 μων
1158 1316 1262 1354 ἀνδρῶν
1289 1315 1418 1355 χιλιὰδας
1454 1317 1656 1355 ἀριθμουμένας
1691 1319 1731 1354 [Ρ.
1762 1318 1824 1354 666]
1847 1316 1887 1344 καὶ

1067 1363 1116 1396 τήν
1154 1362 1222 1389 κατὰ
1259 1362 1365 1400 Δάφνην
1396 1362 1565 1399 ’Λντιόχειαν
1595 1360 1797 1393 καταλαϐόντες
1826 1360 1886 1389 ἔπο-

1068 1407 1196 1442 λιόρκουν
1236 1405 1385 1443 ἐπιμελῶς.
1424 1408 1558 1437 Γενναίως
1596 1405 1625 1434 δὲ
1662 1409 1718 1434 τῶν
1743 1403 1817 1433 ἔνδον
1845 1405 1886 1432 καὶ

1067 1451 1195 1489 εὐψύχως
1224 1451 1274 1485 τὴν
1304 1450 1468 1488 πολιορκίαν
1498 1450 1690 1488 ὑφίσταμένων
1720 1451 1763 1478 ἐπὶ
1788 1451 1884 1487 μακρὸν

1067 1496 1218 1524 ἐπετείνετο
1242 1497 1259 1530 ἡ
1288 1494 1450 1532 πολιορκία.
1478 1494 1678 1533 Ἀγγελθείσης
1704 1494 1732 1523 δὶ
1759 1498 1808 1530 τῆς
1833 1496 1883 1521 τῶν

1066 1541 1149 1573 ἐθνῶν
1179 1539 1292 1568 συνόδου
1320 1542 1360 1576 τῷ
1389 1539 1497 1578 βασιλεῖ
1510 1540 1658 1578 γράμματα
1686 1539 1792 1577 ταχέως
1806 1537 1884 1574 ἐπέμ-

1064 1595 1148 1613 ποντο
1167 1585 1236 1622 πρὸς
1250 1585 1295 1613 τὸν
1310 1585 1459 1622 στρατηγὸν
1486 1583 1712 1621 Μεσοποταμίας,
1735 1585 1781 1615 τὰς
1805 1582 1883 1610 ἐκεῖσε

184 1637 285 1659 eorum
300 1629 446 1658 exercitus
460 1630 506 1658 vix
521 1631 676 1658 minimam
694 1633 806 1667 partem
823 1631 887 1659 suis
913 1631 1005 1668 copiis

1096 1630 1209 1658 λεύοντα
1243 1628 1371 1666 δυνάμεις
1408 1629 1532 1666 ἀθροῖσαι
1563 1629 1607 1656 καὶ
1648 1629 1784 1667 βοηθῆσαι
1816 1626 1882 1664 ταχὺ

184 1675 328 1710 aquabst,
342 1674 451 1703 illustri
466 1675 566 1712 praalio
577 1676 652 1704 fudit
665 1685 783 1712 unaque
798 1684 897 1713 pugna
919 1677 1005 1704 dissi-

182 1719 270 1755 pavit,
283 1719 429 1756 urbesque
447 1720 588 1748 Romanis
608 1721 743 1749 subditas
758 1723 839 1749 tutas
855 1721 1004 1757 praestitit.

1061 1677 1120 1706 τοῖς
1151 1673 1407 1712 πολιορκουμένοις·
1436 1671 1539 1711 ἔπεμψε
1564 1672 1592 1701 δὲ
1619 1674 1665 1701 καὶ
1696 1672 1812 1711 ἄρχοντα
1837 1673 1882 1699 τοῦ

1060 1719 1128 1747 ὅλου
1157 1720 1275 1756 στρατοῦ
1293 1717 1360 1755 μετὰ
1374 1717 1419 1745 καὶ
1434 1717 1574 1754 δυνάμεων
1594 1716 1690 1746 ἄλλων
1717 1718 1762 1745 τὸν
1791 1715 1882 1753 πατρί-

181 1772 240 1789 κιον
254 1761 400 1797 Νικόλαον,
430 1761 474 1791 ἕνα
489 1762 553 1791 ὄντα
576 1766 629 1791 τῶν
646 1764 825 1801 ᾠκειωμένων
843 1764 916 1801 αὐτῷ
932 1764 1078 1803 εὐνούχων,
1095 1762 1125 1794 ὅς
1139 1765 1198 1794 ταῖς
1213 1762 1324 1795 λοιπαῖς
1338 1762 1489 1801 προσμίξας
1507 1761 1644 1799 δυνάμεσι,
1656 1762 1705 1790 καὶ
1721 1760 1884 1799 συμπλακεὶς

181 1809 241 1838 τοῖς
258 1804 406 1845 βαρϐάροις
424 1808 635 1846 μυριοπλασίοις
650 1809 736 1843 οὖσιν,
754 1808 882 1847 ἐτρέψατο
898 1808 1034 1847 λαμπρῶς
1048 1809 1092 1836 καὶ
1110 1806 1248 1836 ἐσκέδασιν
1266 1807 1305 1835 ἐνὶ
1320 1807 1448 1850 πολέμῳ,
1463 1807 1509 1835 καὶ
1523 1807 1570 1839 τὰς
1586 1808 1637 1835 ὑπὸ
1660 1806 1814 1844 Ῥωμαίους
1836 1805 1880 1832 οὖν

182 1861 230 1884 σας
243 1850 340 1884 πόλεις
355 1851 382 1879 ἐν
397 1854 436 1889 τῷ
452 1852 569 1892 ἀσφαλεῖ
582 1854 774 1889 κατεστήσατο.

215 1906 357 1933 Οωιοιιυῐῐι
373 1906 557 1940 Rossis,cum
569 1908 588 1935 ii
599 1907 766 1944 Bulgariam
776 1916 834 1944 quo
851 1907 1006 1936 retulimus

180 1950 268 1977 modo
283 1950 480 1986 subegissent,
497 1952 592 1988 captis
608 1952 697 1980 etiam
714 1952 829 1980 duobus
845 1953 922 1980 Petri
939 1952 1006 1980 ﬁliis

181 1994 283 2022 Borisa
296 1997 325 2021 et
336 1994 480 2028 Romano,
496 1996 617 2023 domum
632 1996 736 2024 reverti
748 2005 934 2033 nequaquam
947 1997 1006 2033 pla-

181 2037 243 2065 cuit
257 2045 263 2065 :
281 2038 331 2066 sed
342 2038 473 2066 locorum
485 2040 720 2068 commoditatem
734 2041 1005 2077 admirati,longum

182 2081 246 2110 vale
253 2082 383 2111 dicentes
394 2084 486 2118 pactis
496 2084 730 2121 cumNicephoro
739 2085 913 2121 imperatore
924 2086 1005 2114 initis

181 2125 222 2154 ibi
239 2127 411 2155 commorari
428 2128 627 2165 ditionemque
641 2129 727 2157 istam
737 2129 885 2165 possidere
896 2132 1005 2158 statue-

181 2173 261 2198 runt.
277 2170 358 2199 Hanc
373 2180 473 2200 eorum
490 2173 665 2202 sententiam
683 2174 776 2209 magis
792 2174 880 2202 etiam
896 2176 1004 2202 conﬁr-

181 2214 272 2243 mavit
301 2215 466 2253 Calocyrus,
496 2217 556 2252 qui,
582 2218 607 2245 si
640 2219 676 2246 ab
701 2218 773 2254 ipsis
806 2218 1002 2248 Romanorum

180 2259 386 2296 designaretur
408 2261 577 2297 imperator,
612 2262 748 2299 Bulgaria
773 2263 815 2291 eis
838 2271 1003 2298 cessurum,

181 2304 276 2332 foedus
292 2309 466 2341 perpetuum
494 2306 634 2340 icturum,
656 2307 798 2335 tributum
825 2308 902 2336 584
930 2309 1003 2344 ipsis

179 2348 359 2384 promissum
377 2350 651 2386 multiplicaturum,
669 2352 820 2388 sociosque
840 2355 868 2380 et
892 2353 1002 2381 amicos

179 2400 229 2420 eos
245 2400 296 2428 per
310 2401 428 2422 omnem
443 2394 533 2423 vitam
547 2395 716 2423 habiturum
737 2396 937 2432 pollicebatur.
954 2398 1006 2426 His

179 2436 263 2464 Rossi
277 2437 398 2466 vocibus
414 2438 520 2474 inﬂati,
536 2442 564 2467 et
590 2439 756 2476 Bulgariam
779 2443 811 2468 ut
833 2440 908 2469 bello
933 2450 950 2469 a
973 2451 1004 2471 se

180 2480 333 2510 subactam
349 2482 406 2510 sibi
414 2483 677 2519 vindicaverunt,et
687 2483 799 2520 legatos
808 2485 1002 2521 imperatoris,

181 2525 281 2554 omnia
296 2526 339 2554 eis
349 2527 536 2564 aNicephoro
548 2531 630 2564 pacta
641 2537 671 2557 se
682 2529 899 2564 persoluturum
915 2530 1002 2566 polli-

181 2569 284 2604 centis,
300 2570 457 2600 barbarica
473 2573 643 2609 arrogantia:
659 2573 755 2609 plenis
765 2575 915 2610 responsis
927 2575 1002 2604 datis

179 2614 480 2649 rejecerunt.Proinde
494 2617 653 2653 imperator
660 2618 750 2646 armis
761 2626 824 2646 eam
835 2626 896 2647 rem
907 2619 1000 2648 disce-

177 2660 259 2693 ptare
271 2662 400 2695 coactus,
417 2661 516 2690 missis
533 2662 639 2690 litteris
653 2663 785 2691 celeriter
803 2664 947 2691 exercitus
964 2666 1000 2692 ab

176 2702 292 2731 Oriente
308 2704 337 2732 in
352 2705 538 2735 Occidentem
551 2707 699 2742 transfert,
711 2707 812 2744 eisque
825 2709 928 2736 ducem
941 2717 957 2736 a
968 2717 999 2736 se

175 2747 360 2778 nominatum
368 2750 617 2786 prisﬁoitBardam
625 2752 998 2789 magistrum,cognomento

174 2790 350 2828 Sclerum,id
361 2796 406 2823 est
414 2796 622 2833 Durum,cujus
632 2804 761 2826 sororem
772 2797 894 2826 Mariam
905 2797 997 2835 priva-

1095 1907 1139 1942 Τῷ
1166 1904 1233 1933 ἔθνει
1259 1904 1288 1933 δὶ
1326 1907 1380 1933 τῶν
1406 1905 1473 1936 Ῥὼς
1500 1905 1530 1933 δν
1564 1904 1679 1942 εἴπομεν
1707 1903 1805 1942 τρόπον
1832 1902 1878 1936 τήν

1061 1949 1231 1988 Βουλγαρίαν
1269 1949 1476 1988 χειρωσαμένῳ,
1519 1948 1707 1987 δοριαλώτους
1744 1948 1772 1976 δὶ
1801 1957 1878 1975 κατα-

1061 1995 1155 2032 σχόντι
1181 1993 1305 2025 καὶτοὺς
1331 1992 1379 2022 δύο
1403 1993 1479 2026 υἱοὺς
1499 1996 1548 2022 τοῦ
1571 1994 1676 2032 Πέτρου
1698 1993 1812 2031 Βορίσην
1836 1990 1878 2019 καῖ

1060 2038 1214 2075 Ῥωμανὸν,
1242 2037 1333 2066 οὐκέτι
1361 2038 1395 2073 ἧν
1427 2037 1563 2076 βουλητὸν
1593 2038 1610 2073 ἠ
1640 2037 1684 2066 ἐπ’
1712 2037 1787 2065 οἴκου
1815 2036 1879 2063 ὑπο·

1059 2084 1174 2122 στροφὴ,
1191 2081 1265 2111 ἀλλὰ
1291 2083 1340 2117 τήν
1369 2084 1417 2110 τοῦ
1441 2082 1526 2110 τόπου
1553 2083 1737 2120 θαυμάσαντες
1763 2079 1878 2120 εὐφυΐαν,

1061 2128 1151 2165 μακρὰ
1179 2128 1285 2166 χαίρειν
1321 2127 1441 2159 εἰπόντες
1469 2129 1529 2158 ταῖς
1558 2128 1626 2166 πρὸς
1652 2126 1807 2166 Νικηφόρον
1834 2123 1877 2151 τὸν

1061 2171 1173 2210 βασιλέα
1196 2171 1355 2210 γενομέναις
1385 2172 1552 2207 συνθήκαις,
1584 2172 1723 2211 συμφέρον
1757 2169 1876 2206 ἐνόμισαν

1058 2217 1150 2248 αὐτοῖς
1182 2219 1272 2253 μεῖναι
1300 2215 1367 2243 κάτὰ
1395 2216 1489 2254 χώραν
1515 2215 1559 2243 καὶ
1583 2219 1634 2251 τῆς
1661 2219 1715 2254 γῆς
1738 2213 1875 2252 κυριεύειν.

1059 2262 1153 2298 Ἐνῆγε
1182 2260 1211 2288 δὶ
1233 2261 1302 2298 πρὸς
1325 2262 1405 2288 τοῦτο
1429 2259 1511 2288 πλέον
1541 2260 1640 2292 αὖσοὺς
1669 2261 1714 2288 καὶ
1744 2260 1758 2288 ὁ
1787 2255 1876 2286 Καλό-

1057 2316 1148 2343 κυρος,
1165 2305 1264 2344 λέγων,
1280 2305 1321 2333 ὅτι
1338 2305 1360 2333 εἴ
1375 2306 1439 2344 παρ’
1455 2306 1543 2333 αὐτῶν
1560 2306 1727 2344 ἀναγορευθῇ
1750 2301 1875 2342 βασιλεὺς

1057 2350 1201 2387 Ῥωμαίων
1218 2372 1225 2384 ,
1260 2350 1338 2381 αὐτὸς
1374 2350 1423 2385 τῆς
1458 2360 1488 2377 τε
1526 2349 1694 2389 Βουλγαρίας
1722 2348 1873 2383 ἐπιστήσεται

1059 2396 1103 2423 καὶ
1131 2394 1247 2426 σπονδὰς
1262 2396 1371 2430 ποιήσει
1387 2393 1531 2429 διηνεκεῖς,
1550 2395 1594 2422 καὶ
1615 2395 1663 2426 τὰς
1689 2390 1873 2431 συμφωνηθεί·

1059 2450 1106 2471 σας
1131 2438 1244 2475 δοθῆναι
1283 2438 1371 2470 δόσεις
1395 2439 1488 2470 αὐτοῖς
1512 2440 1618 2478 παρέξει
1647 2434 1873 2468 πολλαπλασίως,

1057 2485 1103 2512 καὶ
1132 2483 1297 2522 συμμάχους
1330 2483 1382 2519 ἔξει
1420 2484 1464 2511 καὶ
1491 2482 1589 2523 φίλους
1615 2483 1712 2515 αὐτοὺς
1738 2481 1781 2510 διὰ
1806 2479 1873 2523 βίου-

1057 2529 1159 2556 Οἴστισι
1188 2521 1290 2567 ῥήμασι
1320 2521 1506 2567 χαυνωθέντες
1534 2529 1559 2555 οἱ
1589 2529 1656 2560 Ῥὼς
1679 2531 1728 2563 τῆς
1743 2536 1772 2554 τε
1789 2521 1874 2567 Βουλξ

1055 2573 1148 2610 γαρίας
1176 2573 1214 2605 ὡς
1244 2572 1406 2610 δορικτήτου
1436 2573 1626 2600 ἀντεποιοῦντο
1655 2574 1803 2609 κτήματος,
1831 2566 1874 2595 καὶ

1057 2615 1335 2655 διαπρεσϐευσάμενον
1368 2618 1414 2645 τὸν
1455 2616 1568 2655 βασιλέα
1609 2618 1655 2645 καὶ
1690 2613 1873 2652 ὑποσχόμενον

1055 2661 1218 2690 ἐπιτελέσειν
1250 2662 1351 2690 ἅπαντα
1378 2663 1412 2690 τὰ
1439 2664 1479 2698 τῷ
1513 2662 1665 2700 Νικηφόρῳ
1690 2656 1874 2696 ἐπηγγελμένα

1054 2705 1085 2734 οὒ
1124 2705 1320 2744 προσεδέξαντο
1339 2729 1346 2742 ,
1388 2705 1545 2744 ἀποκρίσεις
1580 2705 1672 2738 δόντες
1710 2700 1873 2742 βαρϐαρικῆς

1052 2750 1274 2789 πεπληρωμένας
1302 2751 1471 2787 ἀλαζονείας,
1496 2751 1535 2782 ὡς
1558 2751 1757 2788 ἀναγκασθῆναι
1779 2746 1870 2789 τοῦτον

1052 2794 1096 2825 διὰ
1111 2787 1205 2834 μάχης
1219 2799 1310 2834 κρῖναι
1333 2795 1367 2825 τὰ
1388 2796 1546 2835 πράγματα.
1574 2787 1734 2834 Γραμμασιν
1755 2791 1801 2820 οὗν
1829 2787 1869 2826 ἐν·
