  <div class='ocr_page' id='page_1' title='image "/cluster/home/n/w/nwhite01/storage/ocr_20150623/122/njp.32101077773016/070.png"; bbox 0 0 1928 3047; ppageno 0'>
   <div class='ocr_carea' id='block_1_1' title="bbox 62 112 119 142">
    <p class='ocr_par' dir='ltr' id='par_1_1' title="bbox 62 112 119 142">
     <span class='ocr_line' id='line_1_1' title="bbox 62 112 119 142; baseline -0.018 0"><span class='ocrx_word' id='word_1_1' title='bbox 62 112 119 142; x_wconf 81' lang='lat' dir='ltr'>H7</span> 
     </span>
    </p>
   </div>
   <div class='ocr_carea' id='block_1_2' title="bbox 635 107 1205 142">
    <p class='ocr_par' dir='ltr' id='par_1_2' title="bbox 635 107 1205 142">
     <span class='ocr_line' id='line_1_2' title="bbox 635 107 1205 142; baseline 0.005 -3"><span class='ocrx_word' id='word_1_2' title='bbox 635 107 908 140; x_wconf 77' lang='lat' dir='ltr'>HISTORIARUM</span> <span class='ocrx_word' id='word_1_3' title='bbox 931 109 1205 142; x_wconf 83' lang='lat' dir='ltr'>COMPENDIUM.</span> 
     </span>
    </p>
   </div>
   <div class='ocr_carea' id='block_1_3' title="bbox 1713 108 1782 143">
    <p class='ocr_par' dir='ltr' id='par_1_3' title="bbox 1713 108 1782 143">
     <span class='ocr_line' id='line_1_3' title="bbox 1713 108 1782 143; baseline -0.029 0"><span class='ocrx_word' id='word_1_4' title='bbox 1713 108 1782 143; x_wconf 74' lang='lat'>“8-</span> 
     </span>
    </p>
   </div>
   <div class='ocr_carea' id='block_1_4' title="bbox 61 174 822 217">
    <p class='ocr_par' dir='ltr' id='par_1_4' title="bbox 61 175 809 216">
     <span class='ocr_line' id='line_1_4' title="bbox 61 175 809 216; baseline -0.004 -10"><span class='ocrx_word' id='word_1_5' title='bbox 61 177 149 216; x_wconf 82' lang='grc' dir='ltr'>ὄλίγῳ</span> <span class='ocrx_word' id='word_1_6' title='bbox 174 178 225 210; x_wconf 82' lang='grc' dir='ltr'>τὰς</span> <span class='ocrx_word' id='word_1_7' title='bbox 257 177 344 214; x_wconf 82' lang='grc' dir='ltr'>Ἐᾤας</span> <span class='ocrx_word' id='word_1_8' title='bbox 369 175 496 214; x_wconf 85' lang='grc' dir='ltr'>δυνάμεις</span> <span class='ocrx_word' id='word_1_9' title='bbox 520 175 587 214; x_wconf 84' lang='grc' dir='ltr'>πρὸς</span> <span class='ocrx_word' id='word_1_10' title='bbox 614 176 664 212; x_wconf 69' lang='grc' dir='ltr'>τὴν</span> <span class='ocrx_word' id='word_1_11' title='bbox 681 176 809 214; x_wconf 69' lang='grc' dir='ltr'>Ἑσπέραν</span> 
     </span>
    </p>
   </div>
   <div class='ocr_carea' id='block_1_5' title="bbox 1011 174 1772 217">
    <p class='ocr_par' dir='ltr' id='par_1_5' title="bbox 1011 177 1772 217">
     <span class='ocr_line' id='line_1_5' title="bbox 1011 177 1772 217; baseline 0.004 -12"><span class='ocrx_word' id='word_1_12' title='bbox 1011 177 1106 205; x_wconf 86' lang='lat' dir='ltr'>adhuc</span> <span class='ocrx_word' id='word_1_13' title='bbox 1120 178 1251 214; x_wconf 85' lang='lat' dir='ltr'>legitimo</span> <span class='ocrx_word' id='word_1_14' title='bbox 1267 178 1323 207; x_wconf 88' lang='lat' dir='ltr'>sibi</span> <span class='ocrx_word' id='word_1_15' title='bbox 1350 179 1536 207; x_wconf 88' lang='lat' dir='ltr'>matrimonio</span> <span class='ocrx_word' id='word_1_16' title='bbox 1563 180 1772 217; x_wconf 84' lang='lat' dir='ltr'>conjunxerat;</span> 
     </span>
    </p>
   </div>
   <div class='ocr_carea' id='block_1_6' title="bbox 59 220 891 261">
    <p class='ocr_par' dir='ltr' id='par_1_6' title="bbox 59 220 891 261">
     <span class='ocr_line' id='line_1_6' title="bbox 59 220 891 261; baseline -0.004 -11"><span class='ocrx_word' id='word_1_17' title='bbox 59 220 187 257; x_wconf 75' lang='grc' dir='ltr'>ϐιϐάσας,</span> <span class='ocrx_word' id='word_1_18' title='bbox 211 222 335 261; x_wconf 81' lang='grc' dir='ltr'>ἄρχοντά</span> <span class='ocrx_word' id='word_1_19' title='bbox 357 231 387 249; x_wconf 89' lang='grc' dir='ltr'>τε</span> <span class='ocrx_word' id='word_1_20' title='bbox 411 221 504 252; x_wconf 82' lang='grc' dir='ltr'>αὐταῖς</span> <span class='ocrx_word' id='word_1_21' title='bbox 533 220 680 257; x_wconf 73' lang='grc' dir='ltr'>ἐπιστήσας</span> <span class='ocrx_word' id='word_1_22' title='bbox 709 220 737 248; x_wconf 76' lang='grc' dir='ltr'>δν</span> <span class='ocrx_word' id='word_1_23' title='bbox 766 220 891 257; x_wconf 78' lang='grc' dir='ltr'>ὠνόμασε</span> 
     </span>
    </p>
   </div>
   <div class='ocr_carea' id='block_1_7' title="bbox 59 264 890 304">
    <p class='ocr_par' dir='ltr' id='par_1_7' title="bbox 59 264 890 304">
     <span class='ocr_line' id='line_1_7' title="bbox 59 264 890 304; baseline -0.004 -9"><span class='ocrx_word' id='word_1_24' title='bbox 59 267 252 304; x_wconf 78' lang='grc' dir='ltr'>στρατηλάτην</span> <span class='ocrx_word' id='word_1_25' title='bbox 278 265 385 304; x_wconf 84' lang='grc' dir='ltr'>Βάρδαν</span> <span class='ocrx_word' id='word_1_26' title='bbox 419 265 564 303; x_wconf 82' lang='grc' dir='ltr'>μάγιστρον</span> <span class='ocrx_word' id='word_1_27' title='bbox 603 266 649 293; x_wconf 86' lang='grc' dir='ltr'>τὸν</span> <span class='ocrx_word' id='word_1_28' title='bbox 685 265 828 303; x_wconf 85' lang='grc' dir='ltr'>Σκληρὸν,</span> <span class='ocrx_word' id='word_1_29' title='bbox 859 264 890 292; x_wconf 77' lang='grc' dir='ltr'>οὗ</span> 
     </span>
    </p>
   </div>
   <div class='ocr_carea' id='block_1_8' title="bbox 59 310 888 351">
    <p class='ocr_par' dir='ltr' id='par_1_8' title="bbox 59 310 888 351">
     <span class='ocr_line' id='line_1_8' title="bbox 59 310 888 351; baseline -0.005 -11"><span class='ocrx_word' id='word_1_30' title='bbox 59 313 107 347; x_wconf 82' lang='grc' dir='ltr'>τὴν</span> <span class='ocrx_word' id='word_1_31' title='bbox 150 311 273 351; x_wconf 76' lang='grc' dir='ltr'>ἀδελφὴν</span> <span class='ocrx_word' id='word_1_32' title='bbox 313 311 418 349; x_wconf 81' lang='grc' dir='ltr'>Μαρίαν</span> <span class='ocrx_word' id='word_1_33' title='bbox 463 310 582 348; x_wconf 85' lang='grc' dir='ltr'>νόμιμον</span> <span class='ocrx_word' id='word_1_34' title='bbox 621 311 740 349; x_wconf 79' lang='grc' dir='ltr'>ἠγάγετο</span> <span class='ocrx_word' id='word_1_35' title='bbox 768 310 888 348; x_wconf 78' lang='grc' dir='ltr'>γαμετὴν</span> 
     </span>
    </p>
   </div>
   <div class='ocr_carea' id='block_1_9' title="bbox 62 354 889 394">
    <p class='ocr_par' dir='ltr' id='par_1_9' title="bbox 62 354 889 394">
     <span class='ocr_line' id='line_1_9' title="bbox 62 354 889 394; baseline -0.004 -10"><span class='ocrx_word' id='word_1_36' title='bbox 62 356 213 385; x_wconf 68' lang='grc' dir='ltr'>ἰδιωτεύων</span> <span class='ocrx_word' id='word_1_37' title='bbox 244 357 258 385; x_wconf 81' lang='grc' dir='ltr'>ὁ</span> <span class='ocrx_word' id='word_1_38' title='bbox 289 355 428 394; x_wconf 80' lang='grc' dir='ltr'>βασιλεὺς,</span> <span class='ocrx_word' id='word_1_39' title='bbox 457 355 573 392; x_wconf 68' lang='grc' dir='ltr'>ἔμελλεν</span> <span class='ocrx_word' id='word_1_40' title='bbox 602 355 681 394; x_wconf 70' lang='grc' dir='ltr'>ἔαρος</span> <span class='ocrx_word' id='word_1_41' title='bbox 711 354 889 394; x_wconf 66' lang='grc' dir='ltr'>ἐφισταμένου</span> 
     </span>
    </p>
   </div>
   <div class='ocr_carea' id='block_1_10' title="bbox 57 399 888 439">
    <p class='ocr_par' dir='ltr' id='par_1_10' title="bbox 57 399 888 439">
     <span class='ocr_line' id='line_1_10' title="bbox 57 399 888 439; baseline -0.004 -10"><span class='ocrx_word' id='word_1_42' title='bbox 57 401 97 429; x_wconf 78' lang='grc' dir='ltr'>καὶ</span> <span class='ocrx_word' id='word_1_43' title='bbox 129 402 217 432; x_wconf 80' lang='grc' dir='ltr'>αὐτὸς</span> <span class='ocrx_word' id='word_1_44' title='bbox 241 401 390 439; x_wconf 75' lang='grc' dir='ltr'>ἐξορμῆσαι</span> <span class='ocrx_word' id='word_1_45' title='bbox 409 423 415 429; x_wconf 90' lang='grc'>.</span> <span class='ocrx_word' id='word_1_46' title='bbox 446 400 481 429; x_wconf 78' lang='grc' dir='ltr'>Οἱ</span> <span class='ocrx_word' id='word_1_47' title='bbox 512 400 579 431; x_wconf 82' lang='grc' dir='ltr'>Ῥὼς</span> <span class='ocrx_word' id='word_1_48' title='bbox 607 399 636 427; x_wconf 69' lang='grc' dir='ltr'>δὲ</span> <span class='ocrx_word' id='word_1_49' title='bbox 670 399 715 427; x_wconf 80' lang='grc' dir='ltr'>καὶ</span> <span class='ocrx_word' id='word_1_50' title='bbox 742 401 756 426; x_wconf 83' lang='grc' dir='ltr'>ὁ</span> <span class='ocrx_word' id='word_1_51' title='bbox 784 399 888 427; x_wconf 81' lang='grc' dir='ltr'>τούτων</span> 
     </span>
    </p>
   </div>
   <div class='ocr_carea' id='block_1_11' title="bbox 57 443 888 485">
    <p class='ocr_par' dir='ltr' id='par_1_11' title="bbox 57 443 888 485">
     <span class='ocr_line' id='line_1_11' title="bbox 57 443 888 485; baseline -0.004 -11"><span class='ocrx_word' id='word_1_52' title='bbox 57 447 182 484; x_wconf 82' lang='grc' dir='ltr'>ἀρχηγὸς</span> <span class='ocrx_word' id='word_1_53' title='bbox 200 447 215 474; x_wconf 85' lang='grc' dir='ltr'><strong>ὁ</strong></span> <span class='ocrx_word' id='word_1_54' title='bbox 232 443 468 485; x_wconf 74' lang='grc' dir='ltr'>Σφενδοσθλάόος,</span> <span class='ocrx_word' id='word_1_55' title='bbox 487 445 537 479; x_wconf 86' lang='grc' dir='ltr'>τήν</span> <span class='ocrx_word' id='word_1_56' title='bbox 563 444 610 472; x_wconf 69' lang='grc' dir='ltr'>τοῦ</span> <span class='ocrx_word' id='word_1_57' title='bbox 635 443 792 481; x_wconf 84' lang='grc' dir='ltr'>Ῥωμαϊκοῦ</span> <span class='ocrx_word' id='word_1_58' title='bbox 808 454 888 482; x_wconf 88' lang='grc' dir='ltr'>στρα-</span> 
     </span>
    </p>
   </div>
   <div class='ocr_carea' id='block_1_12' title="bbox 56 489 888 527">
    <p class='ocr_par' dir='ltr' id='par_1_12' title="bbox 56 489 888 527">
     <span class='ocr_line' id='line_1_12' title="bbox 56 489 888 527; baseline -0.004 -9"><span class='ocrx_word' id='word_1_59' title='bbox 56 491 193 526; x_wconf 80' lang='grc' dir='ltr'>τεύματος</span> <span class='ocrx_word' id='word_1_60' title='bbox 219 491 257 523; x_wconf 82' lang='grc' dir='ltr'>ὡς</span> <span class='ocrx_word' id='word_1_61' title='bbox 283 490 415 522; x_wconf 82' lang='grc' dir='ltr'>ἐπύθοντο</span> <span class='ocrx_word' id='word_1_62' title='bbox 439 489 599 526; x_wconf 85' lang='grc' dir='ltr'>περαίωσιν,</span> <span class='ocrx_word' id='word_1_63' title='bbox 623 490 888 527; x_wconf 82' lang='grc' dir='ltr'>κοινοπραγήσαντες</span> 
     </span>
    </p>
   </div>
   <div class='ocr_carea' id='block_1_13' title="bbox 55 532 888 573">
    <p class='ocr_par' dir='ltr' id='par_1_13' title="bbox 55 532 888 573">
     <span class='ocr_line' id='line_1_13' title="bbox 55 532 888 573; baseline -0.004 -10"><span class='ocrx_word' id='word_1_64' title='bbox 55 534 282 573; x_wconf 68' lang='grc' dir='ltr'>δεδουλωμένοις</span> <span class='ocrx_word' id='word_1_65' title='bbox 301 533 356 570; x_wconf 77' lang='grc' dir='ltr'>ἤδη</span> <span class='ocrx_word' id='word_1_66' title='bbox 378 536 436 565; x_wconf 90' lang='grc' dir='ltr'>τοῖς</span> <span class='ocrx_word' id='word_1_67' title='bbox 462 533 642 572; x_wconf 85' lang='grc' dir='ltr'>Βουλγάροις,</span> <span class='ocrx_word' id='word_1_68' title='bbox 673 532 888 572; x_wconf 74' lang='grc' dir='ltr'>προσειληφότες</span> 
     </span>
    </p>
   </div>
   <div class='ocr_carea' id='block_1_14' title="bbox 55 577 887 618">
    <p class='ocr_par' dir='ltr' id='par_1_14' title="bbox 55 577 887 618">
     <span class='ocr_line' id='line_1_14' title="bbox 55 577 887 618; baseline -0.005 -10"><span class='ocrx_word' id='word_1_69' title='bbox 55 579 82 608; x_wconf 64' lang='grc' dir='ltr'>δὲ</span> <span class='ocrx_word' id='word_1_70' title='bbox 114 581 163 608; x_wconf 79' lang='grc' dir='ltr'>καὶ</span> <span class='ocrx_word' id='word_1_71' title='bbox 199 580 365 618; x_wconf 78' lang='grc' dir='ltr'>συμμάχους</span> <span class='ocrx_word' id='word_1_72' title='bbox 395 578 459 606; x_wconf 82' lang='grc' dir='ltr'>τούς</span> <span class='ocrx_word' id='word_1_73' title='bbox 487 588 518 606; x_wconf 80' lang='grc' dir='ltr'>τε</span> <span class='ocrx_word' id='word_1_74' title='bbox 546 578 713 612; x_wconf 77' lang='grc' dir='ltr'>Πατζινάκας</span> <span class='ocrx_word' id='word_1_75' title='bbox 743 577 788 605; x_wconf 86' lang='grc' dir='ltr'>καὶ</span> <span class='ocrx_word' id='word_1_76' title='bbox 823 577 887 608; x_wconf 73' lang='grc' dir='ltr'>τοὺς</span> 
     </span>
    </p>
   </div>
   <div class='ocr_carea' id='block_1_15' title="bbox 53 621 887 663">
    <p class='ocr_par' dir='ltr' id='par_1_15' title="bbox 53 621 887 663">
     <span class='ocr_line' id='line_1_15' title="bbox 53 621 887 663; baseline -0.004 -11"><span class='ocrx_word' id='word_1_77' title='bbox 53 625 124 663; x_wconf 78' lang='grc' dir='ltr'>πρὸς</span> <span class='ocrx_word' id='word_1_78' title='bbox 157 623 233 652; x_wconf 81' lang='grc' dir='ltr'>δύσιν</span> <span class='ocrx_word' id='word_1_79' title='bbox 269 624 295 652; x_wconf 90' lang='grc' dir='ltr'>ἐν</span> <span class='ocrx_word' id='word_1_80' title='bbox 328 625 460 659; x_wconf 79' lang='grc' dir='ltr'>Παννονίᾳ</span> <span class='ocrx_word' id='word_1_81' title='bbox 488 622 707 660; x_wconf 67' lang='grc' dir='ltr'>κατῳκισμένους</span> <span class='ocrx_word' id='word_1_82' title='bbox 737 621 887 659; x_wconf 81' lang='grc' dir='ltr'>Τούρκους,</span> 
     </span>
    </p>
   </div>
   <div class='ocr_carea' id='block_1_16' title="bbox 53 668 887 710">
    <p class='ocr_par' dir='ltr' id='par_1_16' title="bbox 53 668 887 710">
     <span class='ocr_line' id='line_1_16' title="bbox 53 668 887 710; baseline -0.004 -9"><span class='ocrx_word' id='word_1_83' title='bbox 53 673 98 701; x_wconf 78' lang='grc' dir='ltr'>καὶ</span> <span class='ocrx_word' id='word_1_84' title='bbox 129 673 174 702; x_wconf 76' lang='grc' dir='ltr'>διὶ</span> <span class='ocrx_word' id='word_1_85' title='bbox 198 673 306 701; x_wconf 83' lang='grc' dir='ltr'>πάντων</span> <span class='ocrx_word' id='word_1_86' title='bbox 336 673 449 710; x_wconf 86' lang='grc' dir='ltr'>στρατὸν</span> <span class='ocrx_word' id='word_1_87' title='bbox 478 671 651 709; x_wconf 77' lang='grc' dir='ltr'>πολεμιστὴν</span> <span class='ocrx_word' id='word_1_88' title='bbox 672 668 832 709; x_wconf 75' lang='grc' dir='ltr'>ἠθροικότες</span> <span class='ocrx_word' id='word_1_89' title='bbox 860 670 887 702; x_wconf 81' lang='grc' dir='ltr'>ἐς</span> 
     </span>
    </p>
   </div>
   <div class='ocr_carea' id='block_1_17' title="bbox 54 715 887 757">
    <p class='ocr_par' dir='ltr' id='par_1_17' title="bbox 54 715 887 757">
     <span class='ocr_line' id='line_1_17' title="bbox 54 715 887 757; baseline -0.002 -12"><span class='ocrx_word' id='word_1_90' title='bbox 54 717 286 757; x_wconf 65' lang='grc' dir='ltr'>ὀκτακισχιλίους</span> <span class='ocrx_word' id='word_1_91' title='bbox 301 717 343 746; x_wconf 68' lang='grc' dir='ltr'>ἐπὶ</span> <span class='ocrx_word' id='word_1_92' title='bbox 360 717 504 755; x_wconf 89' lang='grc' dir='ltr'>τριάκοντα</span> <span class='ocrx_word' id='word_1_93' title='bbox 535 718 646 754; x_wconf 80' lang='grc' dir='ltr'>μυριάσι</span> <span class='ocrx_word' id='word_1_94' title='bbox 670 715 887 755; x_wconf 81' lang='grc' dir='ltr'>κορυφούμενον,</span> 
     </span>
    </p>
   </div>
   <div class='ocr_carea' id='block_1_18' title="bbox 54 759 887 799">
    <p class='ocr_par' dir='ltr' id='par_1_18' title="bbox 54 759 887 799">
     <span class='ocr_line' id='line_1_18' title="bbox 54 759 887 799; baseline -0.004 -9"><span class='ocrx_word' id='word_1_95' title='bbox 54 763 98 790; x_wconf 75' lang='grc' dir='ltr'>καὶ</span> <span class='ocrx_word' id='word_1_96' title='bbox 130 763 181 790; x_wconf 89' lang='grc' dir='ltr'>τὸν</span> <span class='ocrx_word' id='word_1_97' title='bbox 210 764 299 799; x_wconf 79' lang='grc' dir='ltr'>Αἷμον</span> <span class='ocrx_word' id='word_1_98' title='bbox 329 759 491 797; x_wconf 78' lang='grc' dir='ltr'>διαϐάντες,</span> <span class='ocrx_word' id='word_1_99' title='bbox 521 764 606 789; x_wconf 84' lang='grc' dir='ltr'>πᾶσαν</span> <span class='ocrx_word' id='word_1_100' title='bbox 636 759 807 799; x_wconf 68' lang='grc' dir='ltr'>ἐπυρπόλουν</span> <span class='ocrx_word' id='word_1_101' title='bbox 837 761 887 795; x_wconf 84' lang='grc' dir='ltr'>τήν</span> 
     </span>
    </p>
   </div>
   <div class='ocr_carea' id='block_1_19' title="bbox 56 803 887 846">
    <p class='ocr_par' dir='ltr' id='par_1_19' title="bbox 56 803 887 846">
     <span class='ocr_line' id='line_1_19' title="bbox 56 803 887 846; baseline -0.004 -11"><span class='ocrx_word' id='word_1_102' title='bbox 56 807 169 846; x_wconf 72' lang='grc' dir='ltr'>Θρᾴκην</span> <span class='ocrx_word' id='word_1_103' title='bbox 196 807 242 835; x_wconf 90' lang='grc' dir='ltr'>καὶ</span> <span class='ocrx_word' id='word_1_104' title='bbox 259 806 413 843; x_wconf 75' lang='grc' dir='ltr'>ἐληΐζοντο,</span> <span class='ocrx_word' id='word_1_105' title='bbox 429 806 581 843; x_wconf 81' lang='grc' dir='ltr'>πηξάμενοι</span> <span class='ocrx_word' id='word_1_106' title='bbox 602 803 783 844; x_wconf 73' lang='grc' dir='ltr'>παρεμϐολὴν</span> <span class='ocrx_word' id='word_1_107' title='bbox 800 806 887 844; x_wconf 81' lang='grc' dir='ltr'>ἀγχοῦ</span> 
     </span>
    </p>
   </div>
   <div class='ocr_carea' id='block_1_20' title="bbox 54 850 884 890">
    <p class='ocr_par' dir='ltr' id='par_1_20' title="bbox 54 850 884 890">
     <span class='ocr_line' id='line_1_20' title="bbox 54 850 884 890; baseline -0.002 -11"><span class='ocrx_word' id='word_1_108' title='bbox 54 863 109 879; x_wconf 87' lang='grc' dir='ltr'>που</span> <span class='ocrx_word' id='word_1_109' title='bbox 149 854 205 880; x_wconf 84' lang='grc' dir='ltr'>τῶν</span> <span class='ocrx_word' id='word_1_110' title='bbox 239 854 340 890; x_wconf 79' lang='grc' dir='ltr'>τειχῶν</span> <span class='ocrx_word' id='word_1_111' title='bbox 379 850 646 889; x_wconf 77' lang='grc' dir='ltr'>’Δρκαδιουπόλεως,</span> <span class='ocrx_word' id='word_1_112' title='bbox 686 850 794 878; x_wconf 83' lang='grc' dir='ltr'>κάκεῖσε</span> <span class='ocrx_word' id='word_1_113' title='bbox 834 850 884 884; x_wconf 83' lang='grc' dir='ltr'>τήν</span> 
     </span>
    </p>
   </div>
   <div class='ocr_carea' id='block_1_21' title="bbox 53 894 883 935">
    <p class='ocr_par' dir='ltr' id='par_1_21' title="bbox 53 894 883 935">
     <span class='ocr_line' id='line_1_21' title="bbox 53 894 883 935; baseline -0.001 -12"><span class='ocrx_word' id='word_1_114' title='bbox 53 895 223 933; x_wconf 82' lang='grc' dir='ltr'>συμπλοκὴν</span> <span class='ocrx_word' id='word_1_115' title='bbox 263 895 440 935; x_wconf 77' lang='grc' dir='ltr'>ἐκδεχόμενοι</span> <span class='ocrx_word' id='word_1_116' title='bbox 474 898 523 924; x_wconf 79' lang='grc' dir='ltr'>τοῦ</span> <span class='ocrx_word' id='word_1_117' title='bbox 561 894 687 932; x_wconf 73' lang='grc' dir='ltr'>πολέμου</span> <span class='ocrx_word' id='word_1_118' title='bbox 717 896 824 931; x_wconf 83' lang='grc' dir='ltr'>[Ρ.667]</span> <span class='ocrx_word' id='word_1_119' title='bbox 852 895 883 923; x_wconf 91' lang='grc' dir='ltr'>Ὀ</span> 
     </span>
    </p>
   </div>
   <div class='ocr_carea' id='block_1_22' title="bbox 53 937 884 979">
    <p class='ocr_par' dir='ltr' id='par_1_22' title="bbox 53 937 884 979">
     <span class='ocr_line' id='line_1_22' title="bbox 53 937 884 979; baseline -0.002 -11"><span class='ocrx_word' id='word_1_120' title='bbox 53 940 83 968; x_wconf 71' lang='grc' dir='ltr'><strong>δί</strong></span> <span class='ocrx_word' id='word_1_121' title='bbox 114 942 267 979; x_wconf 84' lang='grc' dir='ltr'>μάγιστρος</span> <span class='ocrx_word' id='word_1_122' title='bbox 295 939 398 978; x_wconf 84' lang='grc' dir='ltr'>Βάρδσις</span> <span class='ocrx_word' id='word_1_123' title='bbox 427 940 441 968; x_wconf 87' lang='grc' dir='ltr'>ὁ</span> <span class='ocrx_word' id='word_1_124' title='bbox 470 939 597 976; x_wconf 85' lang='grc' dir='ltr'>Σκληρὸς</span> <span class='ocrx_word' id='word_1_125' title='bbox 626 940 664 971; x_wconf 90' lang='grc' dir='ltr'>ὡς</span> <span class='ocrx_word' id='word_1_126' title='bbox 695 937 792 977; x_wconf 72' lang='grc' dir='ltr'>ᾔσθετο</span> <span class='ocrx_word' id='word_1_127' title='bbox 816 939 884 966; x_wconf 76' lang='grc' dir='ltr'>κατὰ</span> 
     </span>
    </p>
   </div>
   <div class='ocr_carea' id='block_1_23' title="bbox 52 983 884 1023">
    <p class='ocr_par' dir='ltr' id='par_1_23' title="bbox 52 983 884 1023">
     <span class='ocr_line' id='line_1_23' title="bbox 52 983 884 1023; baseline -0.002 -10"><span class='ocrx_word' id='word_1_128' title='bbox 52 984 127 1013; x_wconf 78' lang='grc' dir='ltr'>πολὺ</span> <span class='ocrx_word' id='word_1_129' title='bbox 156 987 198 1021; x_wconf 84' lang='grc' dir='ltr'>τῷ</span> <span class='ocrx_word' id='word_1_130' title='bbox 226 984 327 1021; x_wconf 82' lang='grc' dir='ltr'>πλήθει</span> <span class='ocrx_word' id='word_1_131' title='bbox 358 984 521 1022; x_wconf 84' lang='grc' dir='ltr'>λειπόμενος</span> <span class='ocrx_word' id='word_1_132' title='bbox 548 984 714 1023; x_wconf 81' lang='grc' dir='ltr'>(περιίστατο</span> <span class='ocrx_word' id='word_1_133' title='bbox 737 985 788 1022; x_wconf 74' lang='grc' dir='ltr'>γὰρ</span> <span class='ocrx_word' id='word_1_134' title='bbox 811 983 884 1020; x_wconf 83' lang='grc' dir='ltr'>αύτῷ</span> 
     </span>
    </p>
   </div>
   <div class='ocr_carea' id='block_1_24' title="bbox 52 1026 883 1068">
    <p class='ocr_par' dir='ltr' id='par_1_24' title="bbox 52 1026 883 1068">
     <span class='ocr_line' id='line_1_24' title="bbox 52 1026 883 1068; baseline -0.004 -10"><span class='ocrx_word' id='word_1_135' title='bbox 52 1032 127 1058; x_wconf 75' lang='grc' dir='ltr'>πᾶσα</span> <span class='ocrx_word' id='word_1_136' title='bbox 152 1031 170 1066; x_wconf 82' lang='grc' dir='ltr'>ὴ</span> <span class='ocrx_word' id='word_1_137' title='bbox 188 1030 300 1068; x_wconf 84' lang='grc' dir='ltr'>στρατιὰ</span> <span class='ocrx_word' id='word_1_138' title='bbox 314 1029 351 1061; x_wconf 76' lang='grc' dir='ltr'>εἷς</span> <span class='ocrx_word' id='word_1_139' title='bbox 369 1030 404 1068; x_wconf 86' lang='grc' dir='ltr'>ιβ’</span> <span class='ocrx_word' id='word_1_140' title='bbox 419 1028 573 1068; x_wconf 78' lang='grc' dir='ltr'>χιλιάδας),</span> <span class='ocrx_word' id='word_1_141' title='bbox 603 1031 796 1068; x_wconf 79' lang='grc' dir='ltr'>στρατηγικαῖς</span> <span class='ocrx_word' id='word_1_142' title='bbox 813 1026 883 1067; x_wconf 69' lang='grc' dir='ltr'>ἔγνω</span> 
     </span>
    </p>
   </div>
   <div class='ocr_carea' id='block_1_25' title="bbox 51 1072 883 1112">
    <p class='ocr_par' dir='ltr' id='par_1_25' title="bbox 51 1072 883 1112">
     <span class='ocr_line' id='line_1_25' title="bbox 51 1072 883 1112; baseline -0.002 -10"><span class='ocrx_word' id='word_1_143' title='bbox 51 1074 172 1107; x_wconf 70' lang='grc' dir='ltr'>ἀπάταις</span> <span class='ocrx_word' id='word_1_144' title='bbox 199 1074 265 1106; x_wconf 83' lang='grc' dir='ltr'>τοὺς</span> <span class='ocrx_word' id='word_1_145' title='bbox 300 1074 435 1106; x_wconf 81' lang='grc' dir='ltr'>ἐναντίους</span> <span class='ocrx_word' id='word_1_146' title='bbox 472 1073 625 1112; x_wconf 79' lang='grc' dir='ltr'>περιελθεῖν</span> <span class='ocrx_word' id='word_1_147' title='bbox 654 1074 700 1102; x_wconf 84' lang='grc' dir='ltr'>καί</span> <span class='ocrx_word' id='word_1_148' title='bbox 726 1074 811 1111; x_wconf 70' lang='grc' dir='ltr'>τέχνῃ</span> <span class='ocrx_word' id='word_1_149' title='bbox 838 1072 883 1100; x_wconf 89' lang='grc' dir='ltr'>καὶ</span> 
     </span>
    </p>
   </div>
   <div class='ocr_carea' id='block_1_26' title="bbox 55 1116 883 1158">
    <p class='ocr_par' dir='ltr' id='par_1_26' title="bbox 55 1116 883 1158">
     <span class='ocr_line' id='line_1_26' title="bbox 55 1116 883 1158; baseline -0.002 -11"><span class='ocrx_word' id='word_1_150' title='bbox 55 1119 173 1158; x_wconf 86' lang='grc' dir='ltr'>μηχανῇ</span> <span class='ocrx_word' id='word_1_151' title='bbox 200 1119 234 1147; x_wconf 80' lang='grc' dir='ltr'>τὰ</span> <span class='ocrx_word' id='word_1_152' title='bbox 260 1121 377 1147; x_wconf 73' lang='grc' dir='ltr'>τοσαῦτα</span> <span class='ocrx_word' id='word_1_153' title='bbox 401 1119 614 1158; x_wconf 86' lang='grc' dir='ltr'>κατεργάσασθαι</span> <span class='ocrx_word' id='word_1_154' title='bbox 638 1118 732 1154; x_wconf 86' lang='grc' dir='ltr'>πλήθη</span> <span class='ocrx_word' id='word_1_155' title='bbox 747 1138 753 1146; x_wconf 88' lang='grc'>.</span> <span class='ocrx_word' id='word_1_156' title='bbox 788 1119 820 1145; x_wconf 88' lang='lat'>&#39;0</span> <span class='ocrx_word' id='word_1_157' title='bbox 850 1116 883 1152; x_wconf 86' lang='grc' dir='ltr'><strong>δὴ</strong></span> 
     </span>
    </p>
   </div>
   <div class='ocr_carea' id='block_1_27' title="bbox 52 1162 885 1202">
    <p class='ocr_par' dir='ltr' id='par_1_27' title="bbox 52 1162 885 1202">
     <span class='ocr_line' id='line_1_27' title="bbox 52 1162 885 1202; baseline -0.004 -10"><span class='ocrx_word' id='word_1_158' title='bbox 52 1165 100 1192; x_wconf 80' lang='grc' dir='ltr'>καὶ</span> <span class='ocrx_word' id='word_1_159' title='bbox 130 1163 238 1202; x_wconf 72' lang='grc' dir='ltr'>γέγονε.</span> <span class='ocrx_word' id='word_1_160' title='bbox 268 1163 433 1201; x_wconf 88' lang='grc' dir='ltr'>Συγκλείσας</span> <span class='ocrx_word' id='word_1_161' title='bbox 457 1164 508 1202; x_wconf 78' lang='grc' dir='ltr'>γὰρ</span> <span class='ocrx_word' id='word_1_162' title='bbox 537 1163 630 1191; x_wconf 69' lang='grc' dir='ltr'>ἑαυτὸν</span> <span class='ocrx_word' id='word_1_163' title='bbox 647 1162 693 1190; x_wconf 78' lang='grc' dir='ltr'>σὺν</span> <span class='ocrx_word' id='word_1_164' title='bbox 722 1164 756 1200; x_wconf 79' lang='grc' dir='ltr'>τῇ</span> <span class='ocrx_word' id='word_1_165' title='bbox 773 1162 885 1201; x_wconf 79' lang='grc' dir='ltr'>στρατίᾷ</span> 
     </span>
    </p>
   </div>
   <div class='ocr_carea' id='block_1_28' title="bbox 54 1206 882 1246">
    <p class='ocr_par' dir='ltr' id='par_1_28' title="bbox 54 1206 882 1246">
     <span class='ocr_line' id='line_1_28' title="bbox 54 1206 882 1246; baseline -0.002 -10"><span class='ocrx_word' id='word_1_166' title='bbox 54 1207 121 1236; x_wconf 73' lang='grc' dir='ltr'>εἴσω</span> <span class='ocrx_word' id='word_1_167' title='bbox 138 1210 254 1246; x_wconf 81' lang='grc' dir='ltr'>τειχῶν,</span> <span class='ocrx_word' id='word_1_168' title='bbox 284 1207 378 1235; x_wconf 77' lang='grc' dir='ltr'>πολλὰ</span> <span class='ocrx_word' id='word_1_169' title='bbox 405 1207 636 1245; x_wconf 68' lang='grc' dir='ltr'>προκαλουμένων</span> <span class='ocrx_word' id='word_1_170' title='bbox 665 1210 719 1235; x_wconf 82' lang='grc' dir='ltr'>τῶν</span> <span class='ocrx_word' id='word_1_171' title='bbox 741 1206 882 1244; x_wconf 86' lang='grc' dir='ltr'>πολεμίων</span> 
     </span>
    </p>
   </div>
   <div class='ocr_carea' id='block_1_29' title="bbox 54 1251 885 1290">
    <p class='ocr_par' dir='ltr' id='par_1_29' title="bbox 54 1251 885 1290">
     <span class='ocr_line' id='line_1_29' title="bbox 54 1251 885 1290; baseline -0.002 -10"><span class='ocrx_word' id='word_1_172' title='bbox 54 1252 177 1289; x_wconf 76' lang='grc' dir='ltr'>ἐξελθεῖν</span> <span class='ocrx_word' id='word_1_173' title='bbox 208 1253 254 1281; x_wconf 86' lang='grc' dir='ltr'>καὶ</span> <span class='ocrx_word' id='word_1_174' title='bbox 290 1253 351 1290; x_wconf 85' lang='grc' dir='ltr'>περὶ</span> <span class='ocrx_word' id='word_1_175' title='bbox 389 1255 443 1280; x_wconf 83' lang='grc' dir='ltr'>τῶν</span> <span class='ocrx_word' id='word_1_176' title='bbox 470 1251 543 1280; x_wconf 83' lang='grc' dir='ltr'>ὅλων</span> <span class='ocrx_word' id='word_1_177' title='bbox 573 1251 801 1290; x_wconf 78' lang='grc' dir='ltr'>διαγωνίσασθαι,</span> <span class='ocrx_word' id='word_1_178' title='bbox 831 1252 885 1289; x_wconf 74' lang='grc' dir='ltr'>οὺχ</span> 
     </span>
    </p>
   </div>
   <div class='ocr_carea' id='block_1_30' title="bbox 56 1295 885 1335">
    <p class='ocr_par' dir='ltr' id='par_1_30' title="bbox 56 1295 885 1335">
     <span class='ocr_line' id='line_1_30' title="bbox 56 1295 885 1335; baseline -0.002 -10"><span class='ocrx_word' id='word_1_179' title='bbox 56 1298 225 1333; x_wconf 81' lang='grc' dir='ltr'>ὑπήκουσεν,</span> <span class='ocrx_word' id='word_1_180' title='bbox 255 1297 319 1325; x_wconf 87' lang='grc' dir='ltr'>ἀλλ’</span> <span class='ocrx_word' id='word_1_181' title='bbox 348 1296 482 1335; x_wconf 68' lang='grc' dir='ltr'>ἐκαρτέρει</span> <span class='ocrx_word' id='word_1_182' title='bbox 509 1297 546 1328; x_wconf 82' lang='grc' dir='ltr'>ὡς</span> <span class='ocrx_word' id='word_1_183' title='bbox 560 1296 631 1335; x_wconf 83' lang='grc' dir='ltr'>τάχα</span> <span class='ocrx_word' id='word_1_184' title='bbox 659 1295 806 1331; x_wconf 83' lang='grc' dir='ltr'>δειλιάσας,</span> <span class='ocrx_word' id='word_1_185' title='bbox 825 1295 885 1333; x_wconf 71' lang='grc' dir='ltr'>βλέ-</span> 
     </span>
    </p>
   </div>
   <div class='ocr_carea' id='block_1_31' title="bbox 53 1340 885 1379">
    <p class='ocr_par' dir='ltr' id='par_1_31' title="bbox 53 1340 885 1379">
     <span class='ocr_line' id='line_1_31' title="bbox 53 1340 885 1379; baseline -0.004 -9"><span class='ocrx_word' id='word_1_186' title='bbox 53 1353 112 1370; x_wconf 85' lang='grc' dir='ltr'>πων</span> <span class='ocrx_word' id='word_1_187' title='bbox 130 1342 196 1374; x_wconf 81' lang='grc' dir='ltr'>τοὺς</span> <span class='ocrx_word' id='word_1_188' title='bbox 226 1342 394 1373; x_wconf 77' lang='grc' dir='ltr'>ἀντιπάλους</span> <span class='ocrx_word' id='word_1_189' title='bbox 421 1341 455 1369; x_wconf 77' lang='grc' dir='ltr'>τὰ</span> <span class='ocrx_word' id='word_1_190' title='bbox 482 1340 676 1379; x_wconf 79' lang='grc' dir='ltr'>παρατυχόντα</span> <span class='ocrx_word' id='word_1_191' title='bbox 703 1341 833 1378; x_wconf 67' lang='grc' dir='ltr'>φέροντάς</span> <span class='ocrx_word' id='word_1_192' title='bbox 855 1351 885 1368; x_wconf 88' lang='grc' dir='ltr'>τε</span> 
     </span>
    </p>
   </div>
   <div class='ocr_carea' id='block_1_32' title="bbox 53 1385 884 1424">
    <p class='ocr_par' dir='ltr' id='par_1_32' title="bbox 53 1385 884 1424">
     <span class='ocr_line' id='line_1_32' title="bbox 53 1385 884 1424; baseline 0 -11"><span class='ocrx_word' id='word_1_193' title='bbox 53 1387 99 1413; x_wconf 82' lang='grc' dir='ltr'>καὶ</span> <span class='ocrx_word' id='word_1_194' title='bbox 128 1387 256 1424; x_wconf 80' lang='grc' dir='ltr'>ἄγοντας,</span> <span class='ocrx_word' id='word_1_195' title='bbox 283 1388 371 1416; x_wconf 79' lang='grc' dir='ltr'>Τοῦτο</span> <span class='ocrx_word' id='word_1_196' title='bbox 387 1385 416 1414; x_wconf 75' lang='grc' dir='ltr'>δὶ</span> <span class='ocrx_word' id='word_1_197' title='bbox 433 1387 465 1414; x_wconf 88' lang='grc' dir='ltr'>τὸ</span> <span class='ocrx_word' id='word_1_198' title='bbox 489 1385 630 1424; x_wconf 79' lang='grc' dir='ltr'>βούλευμα</span> <span class='ocrx_word' id='word_1_199' title='bbox 653 1385 774 1423; x_wconf 79' lang='grc' dir='ltr'>μεγάλην</span> <span class='ocrx_word' id='word_1_200' title='bbox 800 1396 884 1414; x_wconf 81' lang='grc' dir='ltr'>κατα-</span> 
     </span>
    </p>
   </div>
   <div class='ocr_carea' id='block_1_33' title="bbox 55 1428 884 1470">
    <p class='ocr_par' dir='ltr' id='par_1_33' title="bbox 55 1428 884 1470">
     <span class='ocr_line' id='line_1_33' title="bbox 55 1428 884 1470; baseline -0.001 -11"><span class='ocrx_word' id='word_1_201' title='bbox 55 1431 190 1470; x_wconf 72' lang='grc' dir='ltr'>φρόνησιν</span> <span class='ocrx_word' id='word_1_202' title='bbox 217 1431 359 1466; x_wconf 85' lang='grc' dir='ltr'>ἐνεποίησε</span> <span class='ocrx_word' id='word_1_203' title='bbox 389 1433 448 1462; x_wconf 84' lang='grc' dir='ltr'>τοῖς</span> <span class='ocrx_word' id='word_1_204' title='bbox 474 1428 633 1469; x_wconf 80' lang='grc' dir='ltr'>βαρϐάροις·</span> <span class='ocrx_word' id='word_1_205' title='bbox 665 1430 802 1466; x_wconf 75' lang='grc' dir='ltr'>οῗηθέντες</span> <span class='ocrx_word' id='word_1_206' title='bbox 831 1431 884 1469; x_wconf 81' lang='grc' dir='ltr'>γὰρ</span> 
     </span>
    </p>
   </div>
   <div class='ocr_carea' id='block_1_34' title="bbox 61 1474 885 1513">
    <p class='ocr_par' dir='ltr' id='par_1_34' title="bbox 61 1474 885 1513">
     <span class='ocr_line' id='line_1_34' title="bbox 61 1474 885 1513; baseline 0 -11"><span class='ocrx_word' id='word_1_207' title='bbox 61 1476 100 1507; x_wconf 89' lang='grc' dir='ltr'>ὡς</span> <span class='ocrx_word' id='word_1_208' title='bbox 146 1479 207 1507; x_wconf 85' lang='grc' dir='ltr'>ταῖς</span> <span class='ocrx_word' id='word_1_209' title='bbox 235 1475 375 1511; x_wconf 80' lang='grc' dir='ltr'>ἀληθείαις</span> <span class='ocrx_word' id='word_1_210' title='bbox 405 1474 477 1512; x_wconf 78' lang='grc' dir='ltr'>ειλίᾳ</span> <span class='ocrx_word' id='word_1_211' title='bbox 506 1475 689 1513; x_wconf 80' lang='grc' dir='ltr'>συνεχόμενος</span> <span class='ocrx_word' id='word_1_212' title='bbox 715 1475 729 1502; x_wconf 87' lang='grc' dir='ltr'>ὁ</span> <span class='ocrx_word' id='word_1_213' title='bbox 758 1474 885 1512; x_wconf 86' lang='grc' dir='ltr'>Σκληρὸς</span> 
     </span>
    </p>
   </div>
   <div class='ocr_carea' id='block_1_35' title="bbox 57 1517 884 1558">
    <p class='ocr_par' dir='ltr' id='par_1_35' title="bbox 57 1517 884 1558">
     <span class='ocr_line' id='line_1_35' title="bbox 57 1517 884 1558; baseline -0.001 -10"><span class='ocrx_word' id='word_1_214' title='bbox 57 1519 260 1558; x_wconf 83' lang='grc' dir='ltr'>συγκεκλεικὼς</span> <span class='ocrx_word' id='word_1_215' title='bbox 285 1519 346 1558; x_wconf 65' lang='grc' dir='ltr'>ἔχει</span> <span class='ocrx_word' id='word_1_216' title='bbox 384 1520 494 1558; x_wconf 83' lang='grc' dir='ltr'>τείχους</span> <span class='ocrx_word' id='word_1_217' title='bbox 535 1517 611 1548; x_wconf 73' lang='grc' dir='ltr'>ἔνδον</span> <span class='ocrx_word' id='word_1_218' title='bbox 643 1520 692 1551; x_wconf 82' lang='grc' dir='ltr'>τὰς</span> <span class='ocrx_word' id='word_1_219' title='bbox 729 1520 884 1556; x_wconf 83' lang='grc' dir='ltr'>Ῥωμαϊκὰς</span> 
     </span>
    </p>
   </div>
   <div class='ocr_carea' id='block_1_36' title="bbox 54 1563 883 1603">
    <p class='ocr_par' dir='ltr' id='par_1_36' title="bbox 54 1563 883 1603">
     <span class='ocr_line' id='line_1_36' title="bbox 54 1563 883 1603; baseline -0.001 -11"><span class='ocrx_word' id='word_1_220' title='bbox 54 1564 210 1603; x_wconf 73' lang='grc' dir='ltr'>φάλαγγας,</span> <span class='ocrx_word' id='word_1_221' title='bbox 238 1564 386 1600; x_wconf 68' lang='grc' dir='ltr'>ἐπεξελθεῖν</span> <span class='ocrx_word' id='word_1_222' title='bbox 417 1566 455 1601; x_wconf 84' lang='grc' dir='ltr'>μή</span> <span class='ocrx_word' id='word_1_223' title='bbox 484 1563 609 1601; x_wconf 83' lang='grc' dir='ltr'>τολμῶν,</span> <span class='ocrx_word' id='word_1_224' title='bbox 640 1563 725 1595; x_wconf 81' lang='grc' dir='ltr'>ἀδεως</span> <span class='ocrx_word' id='word_1_225' title='bbox 751 1574 781 1591; x_wconf 85' lang='grc' dir='ltr'>τε</span> <span class='ocrx_word' id='word_1_226' title='bbox 809 1563 883 1592; x_wconf 86' lang='grc' dir='ltr'>ἐσκε-</span> 
     </span>
    </p>
   </div>
   <div class='ocr_carea' id='block_1_37' title="bbox 51 1607 883 1648">
    <p class='ocr_par' dir='ltr' id='par_1_37' title="bbox 51 1607 883 1648">
     <span class='ocr_line' id='line_1_37' title="bbox 51 1607 883 1648; baseline -0.001 -11"><span class='ocrx_word' id='word_1_227' title='bbox 51 1607 187 1637; x_wconf 73' lang='grc' dir='ltr'>ϐάννυντο</span> <span class='ocrx_word' id='word_1_228' title='bbox 222 1610 267 1637; x_wconf 84' lang='grc' dir='ltr'>καὶ</span> <span class='ocrx_word' id='word_1_229' title='bbox 305 1608 416 1647; x_wconf 82' lang='grc' dir='ltr'>ἀμελῶς</span> <span class='ocrx_word' id='word_1_230' title='bbox 454 1607 716 1648; x_wconf 68' lang='grc' dir='ltr'>ἐστρατοπεδεύοντο</span> <span class='ocrx_word' id='word_1_231' title='bbox 749 1609 795 1636; x_wconf 90' lang='grc' dir='ltr'>καὶ</span> <span class='ocrx_word' id='word_1_232' title='bbox 834 1612 883 1644; x_wconf 81' lang='grc' dir='ltr'>τῆς</span> 
     </span>
    </p>
   </div>
   <div class='ocr_carea' id='block_1_38' title="bbox 52 1657 882 1698">
    <p class='ocr_par' dir='ltr' id='par_1_38' title="bbox 52 1657 882 1698">
     <span class='ocr_line' id='line_1_38' title="bbox 52 1657 882 1698; baseline -0.001 -12"><span class='ocrx_word' id='word_1_233' title='bbox 52 1658 215 1696; x_wconf 78' lang='grc' dir='ltr'>πρεπούσης</span> <span class='ocrx_word' id='word_1_234' title='bbox 242 1657 365 1695; x_wconf 78' lang='grc' dir='ltr'>ἠμέλουν</span> <span class='ocrx_word' id='word_1_235' title='bbox 382 1658 517 1698; x_wconf 81' lang='grc' dir='ltr'>φυλακῆς,</span> <span class='ocrx_word' id='word_1_236' title='bbox 537 1659 632 1689; x_wconf 86' lang='grc' dir='ltr'>πότοις</span> <span class='ocrx_word' id='word_1_237' title='bbox 657 1658 701 1685; x_wconf 88' lang='grc' dir='ltr'>καὶ</span> <span class='ocrx_word' id='word_1_238' title='bbox 720 1659 812 1694; x_wconf 77' lang='grc' dir='ltr'>μέοαις</span> <span class='ocrx_word' id='word_1_239' title='bbox 838 1658 882 1685; x_wconf 77' lang='grc' dir='ltr'>καὶ</span> 
     </span>
    </p>
   </div>
   <div class='ocr_carea' id='block_1_39' title="bbox 58 1700 885 1741">
    <p class='ocr_par' dir='ltr' id='par_1_39' title="bbox 58 1700 885 1741">
     <span class='ocr_line' id='line_1_39' title="bbox 58 1700 885 1741; baseline -0.001 -11"><span class='ocrx_word' id='word_1_240' title='bbox 58 1702 159 1734; x_wconf 79' lang='grc' dir='ltr'>αὐλοῖς</span> <span class='ocrx_word' id='word_1_241' title='bbox 198 1703 243 1730; x_wconf 81' lang='grc' dir='ltr'>καὶ</span> <span class='ocrx_word' id='word_1_242' title='bbox 280 1700 434 1740; x_wconf 80' lang='grc' dir='ltr'>κυμϐάλοις</span> <span class='ocrx_word' id='word_1_243' title='bbox 462 1703 507 1731; x_wconf 87' lang='grc' dir='ltr'>καὶ</span> <span class='ocrx_word' id='word_1_244' title='bbox 541 1703 675 1741; x_wconf 84' lang='grc' dir='ltr'>ἀρχήσεσι</span> <span class='ocrx_word' id='word_1_245' title='bbox 708 1700 885 1740; x_wconf 75' lang='grc' dir='ltr'>βαρϐαρικαῖς</span> 
     </span>
    </p>
   </div>
   <div class='ocr_carea' id='block_1_40' title="bbox 54 1746 884 1784">
    <p class='ocr_par' dir='ltr' id='par_1_40' title="bbox 54 1746 884 1784">
     <span class='ocr_line' id='line_1_40' title="bbox 54 1746 884 1784; baseline -0.001 -9"><span class='ocrx_word' id='word_1_246' title='bbox 54 1747 309 1784; x_wconf 70' lang='grc' dir='ltr'>διανυκτερεύοντες</span> <span class='ocrx_word' id='word_1_247' title='bbox 344 1748 389 1776; x_wconf 84' lang='grc' dir='ltr'>καὶ</span> <span class='ocrx_word' id='word_1_248' title='bbox 421 1747 537 1784; x_wconf 85' lang='grc' dir='ltr'>μηδενὸς</span> <span class='ocrx_word' id='word_1_249' title='bbox 561 1749 615 1775; x_wconf 81' lang='grc' dir='ltr'>τῶν</span> <span class='ocrx_word' id='word_1_250' title='bbox 646 1746 760 1774; x_wconf 85' lang='grc' dir='ltr'>δεόντων</span> <span class='ocrx_word' id='word_1_251' title='bbox 789 1746 884 1784; x_wconf 82' lang='grc' dir='ltr'>ἐπιμε-</span> 
     </span>
    </p>
   </div>
   <div class='ocr_carea' id='block_1_41' title="bbox 55 1789 884 1829">
    <p class='ocr_par' dir='ltr' id='par_1_41' title="bbox 55 1789 884 1829">
     <span class='ocr_line' id='line_1_41' title="bbox 55 1789 884 1829; baseline -0.001 -9"><span class='ocrx_word' id='word_1_252' title='bbox 55 1793 184 1829; x_wconf 82' lang='grc' dir='ltr'>λόμενοι.</span> <span class='ocrx_word' id='word_1_253' title='bbox 226 1795 327 1829; x_wconf 77' lang='grc' dir='ltr'>Καιροῦ</span> <span class='ocrx_word' id='word_1_254' title='bbox 366 1793 456 1820; x_wconf 88' lang='grc' dir='ltr'>τοίνυν</span> <span class='ocrx_word' id='word_1_255' title='bbox 497 1791 653 1828; x_wconf 80' lang='grc' dir='ltr'>ἐπιτηδείου</span> <span class='ocrx_word' id='word_1_256' title='bbox 694 1789 847 1828; x_wconf 78' lang='grc' dir='ltr'>λαϐόμενος</span> <span class='ocrx_word' id='word_1_257' title='bbox 870 1792 884 1819; x_wconf 87' lang='grc' dir='ltr'><strong>ὁ</strong></span> 
     </span>
    </p>
   </div>
   <div class='ocr_carea' id='block_1_42' title="bbox 55 1836 884 1875">
    <p class='ocr_par' dir='ltr' id='par_1_42' title="bbox 55 1836 884 1875">
     <span class='ocr_line' id='line_1_42' title="bbox 55 1836 884 1875; baseline 0 -11"><span class='ocrx_word' id='word_1_258' title='bbox 55 1836 176 1874; x_wconf 79' lang='grc' dir='ltr'>Βάρδας,</span> <span class='ocrx_word' id='word_1_259' title='bbox 203 1836 249 1864; x_wconf 78' lang='grc' dir='ltr'>καὶ</span> <span class='ocrx_word' id='word_1_260' title='bbox 279 1837 353 1868; x_wconf 71' lang='grc' dir='ltr'>ὅπως</span> <span class='ocrx_word' id='word_1_261' title='bbox 382 1836 507 1872; x_wconf 73' lang='grc' dir='ltr'>ἐπίθηται</span> <span class='ocrx_word' id='word_1_262' title='bbox 528 1839 587 1868; x_wconf 86' lang='grc' dir='ltr'>τοῖς</span> <span class='ocrx_word' id='word_1_263' title='bbox 614 1836 725 1875; x_wconf 78' lang='grc' dir='ltr'>ἐχθροῖς</span> <span class='ocrx_word' id='word_1_264' title='bbox 753 1837 781 1864; x_wconf 85' lang='grc' dir='ltr'>εὗ</span> <span class='ocrx_word' id='word_1_265' title='bbox 811 1836 884 1873; x_wconf 81' lang='grc' dir='ltr'>μάλα</span> 
     </span>
    </p>
   </div>
   <div class='ocr_carea' id='block_1_43' title="bbox 57 1879 882 1919">
    <p class='ocr_par' dir='ltr' id='par_1_43' title="bbox 57 1879 882 1919">
     <span class='ocr_line' id='line_1_43' title="bbox 57 1879 882 1919; baseline -0.001 -10"><span class='ocrx_word' id='word_1_266' title='bbox 57 1880 256 1917; x_wconf 82' lang='grc' dir='ltr'>διασκοπήσας,</span> <span class='ocrx_word' id='word_1_267' title='bbox 284 1881 328 1909; x_wconf 85' lang='grc' dir='ltr'>καὶ</span> <span class='ocrx_word' id='word_1_268' title='bbox 347 1882 397 1916; x_wconf 84' lang='grc' dir='ltr'>τήν</span> <span class='ocrx_word' id='word_1_269' title='bbox 410 1882 516 1918; x_wconf 68' lang='grc' dir='ltr'>ἡμέραν</span> <span class='ocrx_word' id='word_1_270' title='bbox 535 1881 579 1909; x_wconf 80' lang='grc' dir='ltr'>καὶ</span> <span class='ocrx_word' id='word_1_271' title='bbox 605 1882 655 1916; x_wconf 82' lang='grc' dir='ltr'>τὴν</span> <span class='ocrx_word' id='word_1_272' title='bbox 682 1879 755 1918; x_wconf 79' lang='grc' dir='ltr'>ὤραν</span> <span class='ocrx_word' id='word_1_273' title='bbox 781 1881 882 1919; x_wconf 85' lang='grc' dir='ltr'>ὁρίσας,</span> 
     </span>
    </p>
   </div>
   <div class='ocr_carea' id='block_1_44' title="bbox 53 1925 884 1964">
    <p class='ocr_par' dir='ltr' id='par_1_44' title="bbox 53 1925 884 1964">
     <span class='ocr_line' id='line_1_44' title="bbox 53 1925 884 1964; baseline -0.001 -11"><span class='ocrx_word' id='word_1_274' title='bbox 53 1926 161 1964; x_wconf 83' lang='grc' dir='ltr'>λόχους</span> <span class='ocrx_word' id='word_1_275' title='bbox 191 1925 237 1953; x_wconf 82' lang='grc' dir='ltr'>καὶ</span> <span class='ocrx_word' id='word_1_276' title='bbox 264 1925 373 1963; x_wconf 72' lang='grc' dir='ltr'>ἐνέδρας</span> <span class='ocrx_word' id='word_1_277' title='bbox 400 1927 495 1957; x_wconf 83' lang='grc' dir='ltr'>νυκτὸς</span> <span class='ocrx_word' id='word_1_278' title='bbox 511 1925 555 1954; x_wconf 71' lang='grc' dir='ltr'>ἐπί</span> <span class='ocrx_word' id='word_1_279' title='bbox 576 1936 658 1954; x_wconf 85' lang='grc' dir='ltr'>τινων</span> <span class='ocrx_word' id='word_1_280' title='bbox 689 1925 884 1963; x_wconf 78' lang='grc' dir='ltr'>εὐκαιροτάτων</span> 
     </span>
    </p>
   </div>
   <div class='ocr_carea' id='block_1_45' title="bbox 53 1969 884 2008">
    <p class='ocr_par' dir='ltr' id='par_1_45' title="bbox 53 1969 884 2008">
     <span class='ocr_line' id='line_1_45' title="bbox 53 1969 884 2008; baseline -0.001 -10"><span class='ocrx_word' id='word_1_281' title='bbox 53 1970 171 2008; x_wconf 78' lang='grc' dir='ltr'>χωρίων</span> <span class='ocrx_word' id='word_1_282' title='bbox 202 1971 373 2007; x_wconf 79' lang='grc' dir='ltr'>στησάμενος</span> <span class='ocrx_word' id='word_1_283' title='bbox 402 1971 529 2006; x_wconf 83' lang='grc' dir='ltr'>Ἰωάννην</span> <span class='ocrx_word' id='word_1_284' title='bbox 558 1969 701 2008; x_wconf 90' lang='grc' dir='ltr'>πατρίκιον</span> <span class='ocrx_word' id='word_1_285' title='bbox 729 1970 776 1997; x_wconf 88' lang='grc' dir='ltr'>τὸν</span> <span class='ocrx_word' id='word_1_286' title='bbox 802 1969 884 1998; x_wconf 83' lang='grc' dir='ltr'>⁷Αλα-</span> 
     </span>
    </p>
   </div>
   <div class='ocr_carea' id='block_1_46' title="bbox 53 2013 884 2052">
    <p class='ocr_par' dir='ltr' id='par_1_46' title="bbox 53 2013 884 2052">
     <span class='ocr_line' id='line_1_46' title="bbox 53 2013 884 2052; baseline 0 -10"><span class='ocrx_word' id='word_1_287' title='bbox 53 2015 139 2042; x_wconf 72' lang='grc' dir='ltr'>κασέα</span> <span class='ocrx_word' id='word_1_288' title='bbox 170 2015 239 2051; x_wconf 85' lang='grc' dir='ltr'>μετά</span> <span class='ocrx_word' id='word_1_289' title='bbox 266 2025 337 2045; x_wconf 87' lang='grc' dir='ltr'>τινος</span> <span class='ocrx_word' id='word_1_290' title='bbox 362 2014 457 2052; x_wconf 82' lang='grc' dir='ltr'>ὀλίγης</span> <span class='ocrx_word' id='word_1_291' title='bbox 483 2013 623 2052; x_wconf 85' lang='grc' dir='ltr'>δυνάμεως</span> <span class='ocrx_word' id='word_1_292' title='bbox 646 2014 790 2052; x_wconf 76' lang='grc' dir='ltr'>ἐκπέμπει,</span> <span class='ocrx_word' id='word_1_293' title='bbox 815 2025 884 2052; x_wconf 84' lang='grc' dir='ltr'>προ-</span> 
     </span>
    </p>
   </div>
   <div class='ocr_carea' id='block_1_47' title="bbox 51 2057 883 2097">
    <p class='ocr_par' dir='ltr' id='par_1_47' title="bbox 51 2057 883 2097">
     <span class='ocr_line' id='line_1_47' title="bbox 51 2057 883 2097; baseline 0 -11"><span class='ocrx_word' id='word_1_294' title='bbox 51 2059 166 2097; x_wconf 66' lang='grc' dir='ltr'>τρέχειν</span> <span class='ocrx_word' id='word_1_295' title='bbox 192 2058 322 2090; x_wconf 86' lang='grc' dir='ltr'>κελεύσας</span> <span class='ocrx_word' id='word_1_296' title='bbox 349 2059 394 2087; x_wconf 90' lang='grc' dir='ltr'><strong>καί</strong></span> <span class='ocrx_word' id='word_1_297' title='bbox 419 2057 574 2087; x_wconf 84' lang='grc' dir='ltr'>διασκοπεῖν</span> <span class='ocrx_word' id='word_1_298' title='bbox 601 2059 665 2091; x_wconf 79' lang='grc' dir='ltr'>τοὺς</span> <span class='ocrx_word' id='word_1_299' title='bbox 696 2059 812 2097; x_wconf 82' lang='grc' dir='ltr'>ἐχθροὺς</span> <span class='ocrx_word' id='word_1_300' title='bbox 838 2059 883 2086; x_wconf 83' lang='grc' dir='ltr'>καὶ</span> 
     </span>
    </p>
   </div>
   <div class='ocr_carea' id='block_1_48' title="bbox 54 2102 883 2142">
    <p class='ocr_par' dir='ltr' id='par_1_48' title="bbox 54 2102 883 2142">
     <span class='ocr_line' id='line_1_48' title="bbox 54 2102 883 2142; baseline 0.001 -12"><span class='ocrx_word' id='word_1_301' title='bbox 54 2103 129 2140; x_wconf 77' lang='grc' dir='ltr'>θαμὰ</span> <span class='ocrx_word' id='word_1_302' title='bbox 145 2103 218 2141; x_wconf 81' lang='grc' dir='ltr'>πρὸς</span> <span class='ocrx_word' id='word_1_303' title='bbox 234 2103 315 2131; x_wconf 76' lang='grc' dir='ltr'>αὐτὸν</span> <span class='ocrx_word' id='word_1_304' title='bbox 346 2103 458 2140; x_wconf 77' lang='grc' dir='ltr'>μηνύειν</span> <span class='ocrx_word' id='word_1_305' title='bbox 480 2103 525 2131; x_wconf 79' lang='grc' dir='ltr'>καὶ</span> <span class='ocrx_word' id='word_1_306' title='bbox 558 2104 612 2139; x_wconf 76' lang='grc' dir='ltr'>ὅπη</span> <span class='ocrx_word' id='word_1_307' title='bbox 640 2104 763 2142; x_wconf 80' lang='grc' dir='ltr'>πάρεισιν</span> <span class='ocrx_word' id='word_1_308' title='bbox 792 2102 883 2131; x_wconf 81' lang='grc' dir='ltr'>ἀναδι-</span> 
     </span>
    </p>
   </div>
   <div class='ocr_carea' id='block_1_49' title="bbox 55 2147 884 2186">
    <p class='ocr_par' dir='ltr' id='par_1_49' title="bbox 55 2147 884 2186">
     <span class='ocr_line' id='line_1_49' title="bbox 55 2147 884 2186; baseline 0.001 -11"><span class='ocrx_word' id='word_1_309' title='bbox 55 2147 180 2184; x_wconf 81' lang='grc' dir='ltr'>δάσκειν,</span> <span class='ocrx_word' id='word_1_310' title='bbox 207 2147 359 2185; x_wconf 75' lang='grc' dir='ltr'>ἐπισκήψας</span> <span class='ocrx_word' id='word_1_311' title='bbox 376 2147 405 2176; x_wconf 72' lang='grc' dir='ltr'>δὲ</span> <span class='ocrx_word' id='word_1_312' title='bbox 419 2148 463 2176; x_wconf 77' lang='grc' dir='ltr'>καὶ</span> <span class='ocrx_word' id='word_1_313' title='bbox 486 2149 617 2186; x_wconf 76' lang='grc' dir='ltr'>συμμῖξαι</span> <span class='ocrx_word' id='word_1_314' title='bbox 632 2148 739 2180; x_wconf 80' lang='grc' dir='ltr'>τούτοις</span> <span class='ocrx_word' id='word_1_315' title='bbox 763 2148 884 2186; x_wconf 82' lang='grc' dir='ltr'>ἐγγίσασι</span> 
     </span>
    </p>
   </div>
   <div class='ocr_carea' id='block_1_50' title="bbox 52 2197 882 2236">
    <p class='ocr_par' dir='ltr' id='par_1_50' title="bbox 52 2197 882 2236">
     <span class='ocr_line' id='line_1_50' title="bbox 52 2197 882 2236; baseline 0.001 -10"><span class='ocrx_word' id='word_1_316' title='bbox 52 2199 98 2226; x_wconf 76' lang='grc' dir='ltr'>καὶ</span> <span class='ocrx_word' id='word_1_317' title='bbox 129 2198 190 2235; x_wconf 73' lang='grc' dir='ltr'>ἅμα</span> <span class='ocrx_word' id='word_1_318' title='bbox 212 2197 247 2236; x_wconf 75' lang='grc' dir='ltr'>τῇ</span> <span class='ocrx_word' id='word_1_319' title='bbox 275 2198 423 2236; x_wconf 82' lang='grc' dir='ltr'>συμπλοκῇ</span> <span class='ocrx_word' id='word_1_320' title='bbox 448 2197 538 2226; x_wconf 79' lang='grc' dir='ltr'>δοῦναι</span> <span class='ocrx_word' id='word_1_321' title='bbox 566 2199 600 2227; x_wconf 75' lang='grc' dir='ltr'>τὰ</span> <span class='ocrx_word' id='word_1_322' title='bbox 627 2201 699 2227; x_wconf 81' lang='grc' dir='ltr'>νῶτα</span> <span class='ocrx_word' id='word_1_323' title='bbox 710 2199 755 2226; x_wconf 83' lang='grc' dir='ltr'>καὶ</span> <span class='ocrx_word' id='word_1_324' title='bbox 771 2198 882 2234; x_wconf 84' lang='grc' dir='ltr'>δόκησιν</span> 
     </span>
    </p>
   </div>
   <div class='ocr_carea' id='block_1_51' title="bbox 946 222 1774 260">
    <p class='ocr_par' dir='ltr' id='par_1_51' title="bbox 946 222 1774 260">
     <span class='ocr_line' id='line_1_51' title="bbox 946 222 1774 260; baseline 0.002 -9"><span class='ocrx_word' id='word_1_325' title='bbox 946 222 1094 258; x_wconf 84' lang='lat' dir='ltr'>statuique</span> <span class='ocrx_word' id='word_1_326' title='bbox 1109 223 1185 251; x_wconf 89' lang='lat' dir='ltr'>veris</span> <span class='ocrx_word' id='word_1_327' title='bbox 1199 223 1283 251; x_wconf 88' lang='lat' dir='ltr'>initio</span> <span class='ocrx_word' id='word_1_328' title='bbox 1302 224 1365 260; x_wconf 87' lang='lat' dir='ltr'>ipse</span> <span class='ocrx_word' id='word_1_329' title='bbox 1390 232 1506 260; x_wconf 90' lang='lat' dir='ltr'>quoque</span> <span class='ocrx_word' id='word_1_330' title='bbox 1529 223 1558 251; x_wconf 92' lang='lat' dir='ltr'>in</span> <span class='ocrx_word' id='word_1_331' title='bbox 1584 224 1691 252; x_wconf 88' lang='lat' dir='ltr'>bellum</span> <span class='ocrx_word' id='word_1_332' title='bbox 1707 233 1774 260; x_wconf 89' lang='lat' dir='ltr'>pro-</span> 
     </span>
    </p>
   </div>
   <div class='ocr_carea' id='block_1_52' title="bbox 945 267 1774 304">
    <p class='ocr_par' dir='ltr' id='par_1_52' title="bbox 945 267 1774 304">
     <span class='ocr_line' id='line_1_52' title="bbox 945 267 1774 304; baseline 0.004 -10"><span class='ocrx_word' id='word_1_333' title='bbox 945 267 1104 295; x_wconf 82' lang='lat' dir='ltr'>ﬁcisci.Sed</span> <span class='ocrx_word' id='word_1_334' title='bbox 1119 267 1203 295; x_wconf 86' lang='lat' dir='ltr'>Rossi</span> <span class='ocrx_word' id='word_1_335' title='bbox 1215 276 1373 304; x_wconf 88' lang='lat' dir='ltr'>eorumque</span> <span class='ocrx_word' id='word_1_336' title='bbox 1383 269 1488 296; x_wconf 90' lang='lat' dir='ltr'>ductor</span> <span class='ocrx_word' id='word_1_337' title='bbox 1495 269 1774 304; x_wconf 84' lang='lat' dir='ltr'>Sphendosthlnbua</span> 
     </span>
    </p>
   </div>
   <div class='ocr_carea' id='block_1_53' title="bbox 945 311 1775 349">
    <p class='ocr_par' dir='ltr' id='par_1_53' title="bbox 945 311 1775 349">
     <span class='ocr_line' id='line_1_53' title="bbox 945 311 1775 349; baseline 0.002 -10"><span class='ocrx_word' id='word_1_338' title='bbox 945 311 1046 339; x_wconf 88' lang='lat' dir='ltr'>audito</span> <span class='ocrx_word' id='word_1_339' title='bbox 1062 312 1208 340; x_wconf 80' lang='lat' dir='ltr'>Romanas</span> <span class='ocrx_word' id='word_1_340' title='bbox 1224 313 1324 349; x_wconf 88' lang='lat' dir='ltr'>copias</span> <span class='ocrx_word' id='word_1_341' title='bbox 1339 313 1499 348; x_wconf 87' lang='lat' dir='ltr'>trajecisse,</span> <span class='ocrx_word' id='word_1_342' title='bbox 1517 314 1685 349; x_wconf 84' lang='lat' dir='ltr'>conjunctis</span> <span class='ocrx_word' id='word_1_343' title='bbox 1701 321 1775 349; x_wconf 91' lang='lat' dir='ltr'>quos</span> 
     </span>
    </p>
   </div>
   <div class='ocr_carea' id='block_1_54' title="bbox 941 357 1774 393">
    <p class='ocr_par' dir='ltr' id='par_1_54' title="bbox 941 357 1774 393">
     <span class='ocr_line' id='line_1_54' title="bbox 941 357 1774 393; baseline 0.004 -10"><span class='ocrx_word' id='word_1_344' title='bbox 941 357 1004 392; x_wconf 87' lang='lat' dir='ltr'>jam</span> <span class='ocrx_word' id='word_1_345' title='bbox 1020 357 1049 384; x_wconf 91' lang='lat' dir='ltr'>in</span> <span class='ocrx_word' id='word_1_346' title='bbox 1056 365 1110 384; x_wconf 87' lang='lat' dir='ltr'>sua</span> <span class='ocrx_word' id='word_1_347' title='bbox 1117 357 1262 385; x_wconf 86' lang='lat' dir='ltr'>habebant</span> <span class='ocrx_word' id='word_1_348' title='bbox 1274 358 1675 393; x_wconf 79' lang='lat' dir='ltr'>potestateBulgaris,aseitis</span> <span class='ocrx_word' id='word_1_349' title='bbox 1684 359 1774 387; x_wconf 88' lang='lat' dir='ltr'>etiam</span> 
     </span>
    </p>
   </div>
   <div class='ocr_carea' id='block_1_55' title="bbox 945 401 1773 438">
    <p class='ocr_par' dir='ltr' id='par_1_55' title="bbox 945 401 1773 438">
     <span class='ocr_line' id='line_1_55' title="bbox 945 401 1773 438; baseline 0.002 -9"><span class='ocrx_word' id='word_1_350' title='bbox 945 401 981 429; x_wconf 90' lang='lat' dir='ltr'>ad</span> <span class='ocrx_word' id='word_1_351' title='bbox 989 401 1054 429; x_wconf 82' lang='lat' dir='ltr'>belli</span> <span class='ocrx_word' id='word_1_352' title='bbox 1061 402 1242 429; x_wconf 77' lang='lat' dir='ltr'>consortium</span> <span class='ocrx_word' id='word_1_353' title='bbox 1249 402 1456 435; x_wconf 85' lang='lat' dir='ltr'>Patzinacis,et</span> <span class='ocrx_word' id='word_1_354' title='bbox 1463 403 1512 438; x_wconf 89' lang='lat' dir='ltr'>qui</span> <span class='ocrx_word' id='word_1_355' title='bbox 1521 403 1550 430; x_wconf 91' lang='lat' dir='ltr'>in</span> <span class='ocrx_word' id='word_1_356' title='bbox 1560 403 1773 431; x_wconf 83' lang='lat' dir='ltr'>Pannoniaver-</span> 
     </span>
    </p>
   </div>
   <div class='ocr_carea' id='block_1_56' title="bbox 944 446 1773 482">
    <p class='ocr_par' dir='ltr' id='par_1_56' title="bbox 944 446 1773 482">
     <span class='ocr_line' id='line_1_56' title="bbox 944 446 1773 482; baseline 0.004 -9"><span class='ocrx_word' id='word_1_357' title='bbox 944 454 995 474; x_wconf 88' lang='lat' dir='ltr'>sus</span> <span class='ocrx_word' id='word_1_358' title='bbox 1011 454 1146 474; x_wconf 82' lang='lat' dir='ltr'>occasum</span> <span class='ocrx_word' id='word_1_359' title='bbox 1164 446 1336 474; x_wconf 79' lang='lat' dir='ltr'>habitabant</span> <span class='ocrx_word' id='word_1_360' title='bbox 1351 447 1464 482; x_wconf 82' lang='lat' dir='ltr'>Turcis,</span> <span class='ocrx_word' id='word_1_361' title='bbox 1482 448 1608 475; x_wconf 83' lang='lat' dir='ltr'>exercitu</span> <span class='ocrx_word' id='word_1_362' title='bbox 1634 447 1773 476; x_wconf 89' lang='lat' dir='ltr'>bellicoso</span> 
     </span>
    </p>
   </div>
   <div class='ocr_carea' id='block_1_57' title="bbox 943 491 1771 529">
    <p class='ocr_par' dir='ltr' id='par_1_57' title="bbox 943 491 1771 529">
     <span class='ocr_line' id='line_1_57' title="bbox 943 491 1771 529; baseline 0.002 -11"><span class='ocrx_word' id='word_1_363' title='bbox 943 493 1118 527; x_wconf 76' lang='lat' dir='ltr'>congregato</span> <span class='ocrx_word' id='word_1_364' title='bbox 1130 491 1166 519; x_wconf 86' lang='lat' dir='ltr'>ad</span> <span class='ocrx_word' id='word_1_365' title='bbox 1181 492 1232 518; x_wconf 85' lang='lat'>308</span> <span class='ocrx_word' id='word_1_366' title='bbox 1248 492 1378 519; x_wconf 92' lang='lat' dir='ltr'>virorum</span> <span class='ocrx_word' id='word_1_367' title='bbox 1400 492 1503 527; x_wconf 79' lang='lat' dir='ltr'>millia,</span> <span class='ocrx_word' id='word_1_368' title='bbox 1519 493 1635 520; x_wconf 64' lang='lat' dir='ltr'>[Emum</span> <span class='ocrx_word' id='word_1_369' title='bbox 1660 493 1771 529; x_wconf 79' lang='lat' dir='ltr'>egressi</span> 
     </span>
    </p>
   </div>
   <div class='ocr_carea' id='block_1_58' title="bbox 943 535 1771 574">
    <p class='ocr_par' dir='ltr' id='par_1_58' title="bbox 943 535 1771 574">
     <span class='ocr_line' id='line_1_58' title="bbox 943 535 1771 574; baseline 0.004 -12"><span class='ocrx_word' id='word_1_370' title='bbox 943 535 1111 563; x_wconf 87' lang='lat' dir='ltr'>universam</span> <span class='ocrx_word' id='word_1_371' title='bbox 1132 535 1286 564; x_wconf 77' lang='lat' dir='ltr'>Thraciam</span> <span class='ocrx_word' id='word_1_372' title='bbox 1312 537 1458 564; x_wconf 84' lang='lat' dir='ltr'>incendiis</span> <span class='ocrx_word' id='word_1_373' title='bbox 1482 545 1515 564; x_wconf 89' lang='lat' dir='ltr'>ac</span> <span class='ocrx_word' id='word_1_374' title='bbox 1540 537 1771 574; x_wconf 66' lang='lat' dir='ltr'>prmdationibus</span> 
     </span>
    </p>
   </div>
   <div class='ocr_carea' id='block_1_59' title="bbox 942 580 1771 617">
    <p class='ocr_par' dir='ltr' id='par_1_59' title="bbox 942 580 1771 617">
     <span class='ocr_line' id='line_1_59' title="bbox 942 580 1771 617; baseline 0.002 -10"><span class='ocrx_word' id='word_1_375' title='bbox 942 581 1113 612; x_wconf 79' lang='lat' dir='ltr'>vastarunt;</span> <span class='ocrx_word' id='word_1_376' title='bbox 1135 580 1298 616; x_wconf 78' lang='lat' dir='ltr'>castrisque</span> <span class='ocrx_word' id='word_1_377' title='bbox 1323 589 1412 617; x_wconf 86' lang='lat' dir='ltr'>prope</span> <span class='ocrx_word' id='word_1_378' title='bbox 1449 589 1547 609; x_wconf 86' lang='lat' dir='ltr'>muros</span> <span class='ocrx_word' id='word_1_379' title='bbox 1569 581 1771 617; x_wconf 85' lang='lat' dir='ltr'>Arcadiopolis</span> 
     </span>
    </p>
   </div>
   <div class='ocr_carea' id='block_1_60' title="bbox 939 625 1770 662">
    <p class='ocr_par' dir='ltr' id='par_1_60' title="bbox 939 625 1770 662">
     <span class='ocr_line' id='line_1_60' title="bbox 939 625 1770 662; baseline 0.002 -10"><span class='ocrx_word' id='word_1_380' title='bbox 939 625 1027 653; x_wconf 89' lang='lat' dir='ltr'>factis</span> <span class='ocrx_word' id='word_1_381' title='bbox 1042 625 1133 661; x_wconf 68' lang='lat' dir='ltr'>praelii</span> <span class='ocrx_word' id='word_1_382' title='bbox 1145 625 1325 653; x_wconf 82' lang='lat' dir='ltr'>occasionem</span> <span class='ocrx_word' id='word_1_383' title='bbox 1343 626 1501 662; x_wconf 69' lang='lat' dir='ltr'>praestolati</span> <span class='ocrx_word' id='word_1_384' title='bbox 1517 629 1639 654; x_wconf 83' lang='lat' dir='ltr'>sunt.At</span> <span class='ocrx_word' id='word_1_385' title='bbox 1649 627 1770 661; x_wconf 83' lang='lat' dir='ltr'>Bardas,</span> 
     </span>
    </p>
   </div>
   <div class='ocr_carea' id='block_1_61' title="bbox 943 670 1769 706">
    <p class='ocr_par' dir='ltr' id='par_1_61' title="bbox 943 670 1769 706">
     <span class='ocr_line' id='line_1_61' title="bbox 943 670 1769 706; baseline 0.001 -8"><span class='ocrx_word' id='word_1_386' title='bbox 943 670 992 706; x_wconf 89' lang='lat' dir='ltr'>qui</span> <span class='ocrx_word' id='word_1_387' title='bbox 1008 678 1039 698; x_wconf 88' lang='lat' dir='ltr'>se</span> <span class='ocrx_word' id='word_1_388' title='bbox 1055 679 1176 698; x_wconf 90' lang='lat' dir='ltr'>numero</span> <span class='ocrx_word' id='word_1_389' title='bbox 1191 670 1327 699; x_wconf 77' lang='lat' dir='ltr'>hostibus</span> <span class='ocrx_word' id='word_1_390' title='bbox 1342 670 1434 699; x_wconf 90' lang='lat' dir='ltr'>multo</span> <span class='ocrx_word' id='word_1_391' title='bbox 1449 671 1617 699; x_wconf 88' lang='lat' dir='ltr'>inferiorem</span> <span class='ocrx_word' id='word_1_392' title='bbox 1634 671 1769 706; x_wconf 84' lang='lat' dir='ltr'>sentiret,</span> 
     </span>
    </p>
   </div>
   <div class='ocr_carea' id='block_1_62' title="bbox 942 715 1770 751">
    <p class='ocr_par' dir='ltr' id='par_1_62' title="bbox 942 715 1770 751">
     <span class='ocr_line' id='line_1_62' title="bbox 942 715 1770 751; baseline 0.001 -9"><span class='ocrx_word' id='word_1_393' title='bbox 942 715 1050 751; x_wconf 87' lang='lat' dir='ltr'>quippe</span> <span class='ocrx_word' id='word_1_394' title='bbox 1057 715 1212 743; x_wconf 79' lang='lat' dir='ltr'>duodecim</span> <span class='ocrx_word' id='word_1_395' title='bbox 1219 715 1339 743; x_wconf 87' lang='lat' dir='ltr'>omnino</span> <span class='ocrx_word' id='word_1_396' title='bbox 1349 715 1473 743; x_wconf 85' lang='lat' dir='ltr'>millium</span> <span class='ocrx_word' id='word_1_397' title='bbox 1487 715 1633 743; x_wconf 84' lang='lat' dir='ltr'>excercitu</span> <span class='ocrx_word' id='word_1_398' title='bbox 1641 716 1770 743; x_wconf 86' lang='lat' dir='ltr'>instruc-</span> 
     </span>
    </p>
   </div>
   <div class='ocr_carea' id='block_1_63' title="bbox 941 759 1769 795">
    <p class='ocr_par' dir='ltr' id='par_1_63' title="bbox 941 759 1769 795">
     <span class='ocr_line' id='line_1_63' title="bbox 941 759 1769 795; baseline 0.001 -8"><span class='ocrx_word' id='word_1_399' title='bbox 941 761 1000 795; x_wconf 85' lang='lat' dir='ltr'>tus,</span> <span class='ocrx_word' id='word_1_400' title='bbox 1018 759 1132 788; x_wconf 87' lang='lat' dir='ltr'>artibus</span> <span class='ocrx_word' id='word_1_401' title='bbox 1147 760 1345 795; x_wconf 89' lang='lat' dir='ltr'>imperatoriis</span> <span class='ocrx_word' id='word_1_402' title='bbox 1361 760 1464 787; x_wconf 79' lang='lat' dir='ltr'>statuit</span> <span class='ocrx_word' id='word_1_403' title='bbox 1473 760 1614 787; x_wconf 87' lang='lat' dir='ltr'>barbaros</span> <span class='ocrx_word' id='word_1_404' title='bbox 1630 760 1704 789; x_wconf 75' lang='lat'>385</span> <span class='ocrx_word' id='word_1_405' title='bbox 1714 760 1769 788; x_wconf 87' lang='lat' dir='ltr'>cir-</span> 
     </span>
    </p>
   </div>
   <div class='ocr_carea' id='block_1_64' title="bbox 942 804 1770 840">
    <p class='ocr_par' dir='ltr' id='par_1_64' title="bbox 942 804 1770 840">
     <span class='ocr_line' id='line_1_64' title="bbox 942 804 1770 840; baseline -0.001 -8"><span class='ocrx_word' id='word_1_406' title='bbox 942 804 1110 832; x_wconf 87' lang='lat' dir='ltr'>cumvenire</span> <span class='ocrx_word' id='word_1_407' title='bbox 1125 806 1251 840; x_wconf 81' lang='lat' dir='ltr'>astuque</span> <span class='ocrx_word' id='word_1_408' title='bbox 1266 807 1294 832; x_wconf 92' lang='lat' dir='ltr'>et</span> <span class='ocrx_word' id='word_1_409' title='bbox 1311 804 1456 832; x_wconf 77' lang='lat' dir='ltr'>machinis</span> <span class='ocrx_word' id='word_1_410' title='bbox 1472 806 1584 832; x_wconf 88' lang='lat' dir='ltr'>tantam</span> <span class='ocrx_word' id='word_1_411' title='bbox 1608 804 1770 840; x_wconf 85' lang='lat' dir='ltr'>opprimere</span> 
     </span>
    </p>
   </div>
   <div class='ocr_carea' id='block_1_65' title="bbox 943 848 1767 885">
    <p class='ocr_par' dir='ltr' id='par_1_65' title="bbox 943 848 1767 885">
     <span class='ocr_line' id='line_1_65' title="bbox 943 848 1767 885; baseline 0 -9"><span class='ocrx_word' id='word_1_412' title='bbox 943 848 1277 885; x_wconf 88' lang='lat' dir='ltr'>multitudinem.Neque</span> <span class='ocrx_word' id='word_1_413' title='bbox 1288 857 1353 877; x_wconf 87' lang='lat' dir='ltr'>eum</span> <span class='ocrx_word' id='word_1_414' title='bbox 1364 849 1389 876; x_wconf 88' lang='lat' dir='ltr'>is</span> <span class='ocrx_word' id='word_1_415' title='bbox 1400 851 1523 877; x_wconf 81' lang='lat' dir='ltr'>conatus</span> <span class='ocrx_word' id='word_1_416' title='bbox 1533 849 1692 877; x_wconf 78' lang='lat' dir='ltr'>frustratus</span> <span class='ocrx_word' id='word_1_417' title='bbox 1702 848 1767 876; x_wconf 79' lang='lat' dir='ltr'>fuit.</span> 
     </span>
    </p>
   </div>
   <div class='ocr_carea' id='block_1_66' title="bbox 938 898 1766 935">
    <p class='ocr_par' dir='ltr' id='par_1_66' title="bbox 938 898 1766 935">
     <span class='ocr_line' id='line_1_66' title="bbox 938 898 1766 935; baseline -0.001 -8"><span class='ocrx_word' id='word_1_418' title='bbox 938 899 1049 935; x_wconf 85' lang='lat' dir='ltr'>Quippe</span> <span class='ocrx_word' id='word_1_419' title='bbox 1063 907 1093 927; x_wconf 88' lang='lat' dir='ltr'>se</span> <span class='ocrx_word' id='word_1_420' title='bbox 1107 907 1172 927; x_wconf 90' lang='lat' dir='ltr'>cum</span> <span class='ocrx_word' id='word_1_421' title='bbox 1188 898 1252 927; x_wconf 88' lang='lat' dir='ltr'>suis</span> <span class='ocrx_word' id='word_1_422' title='bbox 1266 899 1346 927; x_wconf 89' lang='lat' dir='ltr'>intra</span> <span class='ocrx_word' id='word_1_423' title='bbox 1361 907 1460 927; x_wconf 88' lang='lat' dir='ltr'>muros</span> <span class='ocrx_word' id='word_1_424' title='bbox 1476 898 1641 935; x_wconf 83' lang='lat' dir='ltr'>continens,</span> <span class='ocrx_word' id='word_1_425' title='bbox 1657 899 1766 927; x_wconf 87' lang='lat' dir='ltr'>Barba-</span> 
     </span>
    </p>
   </div>
   <div class='ocr_carea' id='block_1_67' title="bbox 938 943 1766 979">
    <p class='ocr_par' dir='ltr' id='par_1_67' title="bbox 938 943 1766 979">
     <span class='ocr_line' id='line_1_67' title="bbox 938 943 1766 979; baseline 0 -8"><span class='ocrx_word' id='word_1_426' title='bbox 938 943 1039 979; x_wconf 86' lang='lat' dir='ltr'>risque</span> <span class='ocrx_word' id='word_1_427' title='bbox 1053 943 1154 971; x_wconf 87' lang='lat' dir='ltr'>crebro</span> <span class='ocrx_word' id='word_1_428' title='bbox 1161 944 1385 979; x_wconf 83' lang='lat' dir='ltr'>provocantibus</span> <span class='ocrx_word' id='word_1_429' title='bbox 1397 944 1432 970; x_wconf 89' lang='lat' dir='ltr'>ad</span> <span class='ocrx_word' id='word_1_430' title='bbox 1443 945 1590 971; x_wconf 83' lang='lat' dir='ltr'>certamen</span> <span class='ocrx_word' id='word_1_431' title='bbox 1601 943 1637 971; x_wconf 90' lang='lat' dir='ltr'>de</span> <span class='ocrx_word' id='word_1_432' title='bbox 1647 951 1766 971; x_wconf 89' lang='lat' dir='ltr'>summa</span> 
     </span>
    </p>
   </div>
   <div class='ocr_carea' id='block_1_68' title="bbox 938 987 1767 1024">
    <p class='ocr_par' dir='ltr' id='par_1_68' title="bbox 938 987 1767 1024">
     <span class='ocr_line' id='line_1_68' title="bbox 938 987 1767 1024; baseline -0.001 -9"><span class='ocrx_word' id='word_1_433' title='bbox 938 996 1036 1016; x_wconf 88' lang='lat' dir='ltr'>rerum</span> <span class='ocrx_word' id='word_1_434' title='bbox 1043 988 1204 1015; x_wconf 89' lang='lat' dir='ltr'>ineundum</span> <span class='ocrx_word' id='word_1_435' title='bbox 1213 996 1270 1015; x_wconf 92' lang='lat' dir='ltr'>non</span> <span class='ocrx_word' id='word_1_436' title='bbox 1277 988 1670 1024; x_wconf 86' lang='lat' dir='ltr'>obtemperans,metumque</span> <span class='ocrx_word' id='word_1_437' title='bbox 1677 987 1767 1015; x_wconf 86' lang='lat' dir='ltr'>simu-</span> 
     </span>
    </p>
   </div>
   <div class='ocr_carea' id='block_1_69' title="bbox 937 1031 1767 1069">
    <p class='ocr_par' dir='ltr' id='par_1_69' title="bbox 937 1031 1767 1069">
     <span class='ocr_line' id='line_1_69' title="bbox 937 1031 1767 1069; baseline -0.002 -8"><span class='ocrx_word' id='word_1_438' title='bbox 937 1033 1014 1066; x_wconf 89' lang='lat' dir='ltr'>lans,</span> <span class='ocrx_word' id='word_1_439' title='bbox 1030 1031 1220 1069; x_wconf 84' lang='lat' dir='ltr'>quantumvis</span> <span class='ocrx_word' id='word_1_440' title='bbox 1235 1040 1356 1060; x_wconf 85' lang='lat' dir='ltr'>suorum</span> <span class='ocrx_word' id='word_1_441' title='bbox 1371 1040 1418 1060; x_wconf 89' lang='lat' dir='ltr'>res</span> <span class='ocrx_word' id='word_1_442' title='bbox 1432 1032 1469 1060; x_wconf 90' lang='lat' dir='ltr'>ab</span> <span class='ocrx_word' id='word_1_443' title='bbox 1484 1032 1568 1060; x_wconf 88' lang='lat' dir='ltr'>hoste</span> <span class='ocrx_word' id='word_1_444' title='bbox 1582 1032 1628 1068; x_wconf 81' lang='lat' dir='ltr'>agi</span> <span class='ocrx_word' id='word_1_445' title='bbox 1640 1032 1767 1068; x_wconf 85' lang='lat' dir='ltr'>ferrique</span> 
     </span>
    </p>
   </div>
   <div class='ocr_carea' id='block_1_70' title="bbox 939 1076 1768 1112">
    <p class='ocr_par' dir='ltr' id='par_1_70' title="bbox 939 1076 1768 1112">
     <span class='ocr_line' id='line_1_70' title="bbox 939 1076 1768 1112; baseline -0.002 -6"><span class='ocrx_word' id='word_1_446' title='bbox 939 1080 1081 1112; x_wconf 86' lang='lat' dir='ltr'>cerneret,</span> <span class='ocrx_word' id='word_1_447' title='bbox 1098 1079 1196 1105; x_wconf 87' lang='lat' dir='ltr'>tamen</span> <span class='ocrx_word' id='word_1_448' title='bbox 1221 1085 1308 1104; x_wconf 86' lang='lat' dir='ltr'>suum</span> <span class='ocrx_word' id='word_1_449' title='bbox 1334 1077 1475 1105; x_wconf 87' lang='lat' dir='ltr'>tenebant</span> <span class='ocrx_word' id='word_1_450' title='bbox 1498 1077 1691 1112; x_wconf 88' lang='lat' dir='ltr'>propositum.</span> <span class='ocrx_word' id='word_1_451' title='bbox 1708 1076 1768 1104; x_wconf 84' lang='lat' dir='ltr'>Hoc</span> 
     </span>
    </p>
   </div>
   <div class='ocr_carea' id='block_1_71' title="bbox 939 1121 1768 1158">
    <p class='ocr_par' dir='ltr' id='par_1_71' title="bbox 939 1121 1768 1158">
     <span class='ocr_line' id='line_1_71' title="bbox 939 1121 1768 1158; baseline -0.002 -8"><span class='ocrx_word' id='word_1_452' title='bbox 939 1123 1022 1158; x_wconf 84' lang='lat' dir='ltr'>pacto</span> <span class='ocrx_word' id='word_1_453' title='bbox 1032 1129 1172 1157; x_wconf 82' lang='lat' dir='ltr'>magnum</span> <span class='ocrx_word' id='word_1_454' title='bbox 1181 1121 1226 1149; x_wconf 90' lang='lat' dir='ltr'>sui</span> <span class='ocrx_word' id='word_1_455' title='bbox 1234 1123 1436 1156; x_wconf 88' lang='lat' dir='ltr'>contemptum</span> <span class='ocrx_word' id='word_1_456' title='bbox 1447 1121 1524 1157; x_wconf 88' lang='lat' dir='ltr'>apud</span> <span class='ocrx_word' id='word_1_457' title='bbox 1535 1121 1680 1149; x_wconf 83' lang='lat' dir='ltr'>Barbaros</span> <span class='ocrx_word' id='word_1_458' title='bbox 1691 1121 1768 1148; x_wconf 88' lang='lat' dir='ltr'>exci-</span> 
     </span>
    </p>
   </div>
   <div class='ocr_carea' id='block_1_72' title="bbox 938 1165 1766 1194">
    <p class='ocr_par' dir='ltr' id='par_1_72' title="bbox 938 1165 1766 1194">
     <span class='ocr_line' id='line_1_72' title="bbox 938 1165 1766 1194; baseline -0.001 0"><span class='ocrx_word' id='word_1_459' title='bbox 938 1166 1026 1194; x_wconf 88' lang='lat' dir='ltr'>tavit:</span> <span class='ocrx_word' id='word_1_460' title='bbox 1038 1166 1057 1193; x_wconf 91' lang='lat' dir='ltr'>ii</span> <span class='ocrx_word' id='word_1_461' title='bbox 1071 1166 1150 1194; x_wconf 86' lang='lat' dir='ltr'>enim</span> <span class='ocrx_word' id='word_1_462' title='bbox 1160 1166 1342 1194; x_wconf 88' lang='lat' dir='ltr'>ratiomnino</span> <span class='ocrx_word' id='word_1_463' title='bbox 1351 1165 1633 1194; x_wconf 88' lang='lat' dir='ltr'>formidineductum</span> <span class='ocrx_word' id='word_1_464' title='bbox 1645 1165 1766 1193; x_wconf 88' lang='lat' dir='ltr'>bardam</span> 
     </span>
    </p>
   </div>
   <div class='ocr_carea' id='block_1_73' title="bbox 940 1209 1769 1246">
    <p class='ocr_par' dir='ltr' id='par_1_73' title="bbox 940 1209 1769 1246">
     <span class='ocr_line' id='line_1_73' title="bbox 940 1209 1769 1246; baseline -0.001 -8"><span class='ocrx_word' id='word_1_465' title='bbox 940 1219 1008 1239; x_wconf 87' lang='lat' dir='ltr'>suos</span> <span class='ocrx_word' id='word_1_466' title='bbox 1016 1210 1162 1238; x_wconf 67' lang='lat' dir='ltr'>moenibus</span> <span class='ocrx_word' id='word_1_467' title='bbox 1169 1209 1297 1238; x_wconf 87' lang='lat' dir='ltr'>inclusos</span> <span class='ocrx_word' id='word_1_468' title='bbox 1305 1210 1546 1246; x_wconf 84' lang='lat' dir='ltr'>detinere,neque</span> <span class='ocrx_word' id='word_1_469' title='bbox 1554 1210 1662 1238; x_wconf 86' lang='lat' dir='ltr'>audere</span> <span class='ocrx_word' id='word_1_470' title='bbox 1669 1209 1769 1246; x_wconf 84' lang='lat' dir='ltr'>egredi</span> 
     </span>
    </p>
   </div>
   <div class='ocr_carea' id='block_1_74' title="bbox 938 1254 1770 1290">
    <p class='ocr_par' dir='ltr' id='par_1_74' title="bbox 938 1254 1770 1290">
     <span class='ocr_line' id='line_1_74' title="bbox 938 1254 1770 1290; baseline 0 -8"><span class='ocrx_word' id='word_1_471' title='bbox 938 1254 1030 1283; x_wconf 84' lang='lat' dir='ltr'>libere</span> <span class='ocrx_word' id='word_1_472' title='bbox 1045 1263 1130 1290; x_wconf 90' lang='lat' dir='ltr'>porro</span> <span class='ocrx_word' id='word_1_473' title='bbox 1146 1254 1255 1290; x_wconf 85' lang='lat' dir='ltr'>vagari,</span> <span class='ocrx_word' id='word_1_474' title='bbox 1281 1256 1377 1282; x_wconf 84' lang='lat' dir='ltr'>castra</span> <span class='ocrx_word' id='word_1_475' title='bbox 1401 1254 1584 1290; x_wconf 85' lang='lat' dir='ltr'>negligenter</span> <span class='ocrx_word' id='word_1_476' title='bbox 1608 1254 1723 1288; x_wconf 82' lang='lat' dir='ltr'>metari,</span> <span class='ocrx_word' id='word_1_477' title='bbox 1741 1256 1770 1282; x_wconf 88' lang='lat' dir='ltr'>et</span> 
     </span>
    </p>
   </div>
   <div class='ocr_carea' id='block_1_75' title="bbox 939 1299 1769 1335">
    <p class='ocr_par' dir='ltr' id='par_1_75' title="bbox 939 1299 1769 1335">
     <span class='ocr_line' id='line_1_75' title="bbox 939 1299 1769 1335; baseline -0.002 -7"><span class='ocrx_word' id='word_1_478' title='bbox 939 1299 1077 1328; x_wconf 85' lang='lat' dir='ltr'>excubias</span> <span class='ocrx_word' id='word_1_479' title='bbox 1092 1299 1206 1327; x_wconf 79' lang='lat' dir='ltr'>debitas</span> <span class='ocrx_word' id='word_1_480' title='bbox 1230 1299 1415 1334; x_wconf 87' lang='lat' dir='ltr'>posthabere,</span> <span class='ocrx_word' id='word_1_481' title='bbox 1433 1301 1533 1327; x_wconf 87' lang='lat' dir='ltr'>noctes</span> <span class='ocrx_word' id='word_1_482' title='bbox 1560 1299 1689 1335; x_wconf 87' lang='lat' dir='ltr'>potando</span> <span class='ocrx_word' id='word_1_483' title='bbox 1716 1306 1769 1334; x_wconf 88' lang='lat' dir='ltr'>per</span> 
     </span>
    </p>
   </div>
   <div class='ocr_carea' id='block_1_76' title="bbox 939 1343 1767 1372">
    <p class='ocr_par' dir='ltr' id='par_1_76' title="bbox 939 1343 1767 1372">
     <span class='ocr_line' id='line_1_76' title="bbox 939 1343 1767 1372; baseline -0.001 0"><span class='ocrx_word' id='word_1_484' title='bbox 939 1344 1108 1372; x_wconf 76' lang='lat' dir='ltr'>ebrietatem</span> <span class='ocrx_word' id='word_1_485' title='bbox 1124 1344 1201 1372; x_wconf 88' lang='lat' dir='ltr'>inter</span> <span class='ocrx_word' id='word_1_486' title='bbox 1215 1343 1331 1371; x_wconf 82' lang='lat' dir='ltr'>ﬁstulas</span> <span class='ocrx_word' id='word_1_487' title='bbox 1347 1345 1375 1371; x_wconf 86' lang='lat' dir='ltr'>et</span> <span class='ocrx_word' id='word_1_488' title='bbox 1394 1343 1520 1371; x_wconf 89' lang='lat' dir='ltr'>cimbala</span> <span class='ocrx_word' id='word_1_489' title='bbox 1543 1346 1570 1371; x_wconf 85' lang='lat' dir='ltr'>et</span> <span class='ocrx_word' id='word_1_490' title='bbox 1594 1343 1767 1371; x_wconf 82' lang='lat' dir='ltr'>saltationes</span> 
     </span>
    </p>
   </div>
   <div class='ocr_carea' id='block_1_77' title="bbox 939 1387 1767 1424">
    <p class='ocr_par' dir='ltr' id='par_1_77' title="bbox 939 1387 1767 1424">
     <span class='ocr_line' id='line_1_77' title="bbox 939 1387 1767 1424; baseline -0.001 -8"><span class='ocrx_word' id='word_1_491' title='bbox 939 1389 1105 1417; x_wconf 82' lang='lat' dir='ltr'>barbaricas</span> <span class='ocrx_word' id='word_1_492' title='bbox 1121 1389 1236 1422; x_wconf 85' lang='lat' dir='ltr'>ducere,</span> <span class='ocrx_word' id='word_1_493' title='bbox 1255 1387 1382 1423; x_wconf 88' lang='lat' dir='ltr'>denique</span> <span class='ocrx_word' id='word_1_494' title='bbox 1402 1387 1476 1415; x_wconf 90' lang='lat' dir='ltr'>nihil</span> <span class='ocrx_word' id='word_1_495' title='bbox 1492 1396 1594 1415; x_wconf 87' lang='lat' dir='ltr'>eorum</span> <span class='ocrx_word' id='word_1_496' title='bbox 1619 1395 1683 1424; x_wconf 65' lang='lat' dir='ltr'>quae</span> <span class='ocrx_word' id='word_1_497' title='bbox 1699 1388 1767 1415; x_wconf 88' lang='lat' dir='ltr'>atti-</span> 
     </span>
    </p>
   </div>
   <div class='ocr_carea' id='block_1_78' title="bbox 939 1432 1767 1468">
    <p class='ocr_par' dir='ltr' id='par_1_78' title="bbox 939 1432 1767 1468">
     <span class='ocr_line' id='line_1_78' title="bbox 939 1432 1767 1468; baseline -0.001 -7"><span class='ocrx_word' id='word_1_498' title='bbox 939 1434 1027 1461; x_wconf 83' lang='lat' dir='ltr'>nebat</span> <span class='ocrx_word' id='word_1_499' title='bbox 1042 1441 1154 1461; x_wconf 87' lang='lat' dir='ltr'>curare.</span> <span class='ocrx_word' id='word_1_500' title='bbox 1168 1433 1241 1468; x_wconf 80' lang='lat' dir='ltr'>Ergo</span> <span class='ocrx_word' id='word_1_501' title='bbox 1265 1432 1375 1460; x_wconf 85' lang='lat' dir='ltr'>Bardas</span> <span class='ocrx_word' id='word_1_502' title='bbox 1399 1432 1582 1460; x_wconf 75' lang='lat' dir='ltr'>Occasionem</span> <span class='ocrx_word' id='word_1_503' title='bbox 1606 1433 1723 1465; x_wconf 84' lang='lat' dir='ltr'>nactus,</span> <span class='ocrx_word' id='word_1_504' title='bbox 1739 1433 1767 1461; x_wconf 86' lang='lat' dir='ltr'>et</span> 
     </span>
    </p>
   </div>
   <div class='ocr_carea' id='block_1_79' title="bbox 939 1476 1767 1514">
    <p class='ocr_par' dir='ltr' id='par_1_79' title="bbox 939 1476 1767 1514">
     <span class='ocr_line' id='line_1_79' title="bbox 939 1476 1767 1514; baseline -0.002 -8"><span class='ocrx_word' id='word_1_505' title='bbox 939 1478 1085 1514; x_wconf 89' lang='lat' dir='ltr'>quomodo</span> <span class='ocrx_word' id='word_1_506' title='bbox 1101 1477 1200 1505; x_wconf 88' lang='lat' dir='ltr'>hostes</span> <span class='ocrx_word' id='word_1_507' title='bbox 1215 1477 1381 1504; x_wconf 83' lang='lat' dir='ltr'>adoriretur</span> <span class='ocrx_word' id='word_1_508' title='bbox 1395 1478 1531 1504; x_wconf 86' lang='lat' dir='ltr'>accurate</span> <span class='ocrx_word' id='word_1_509' title='bbox 1546 1476 1767 1510; x_wconf 87' lang='lat' dir='ltr'>meditatue,die</span> 
     </span>
    </p>
   </div>
   <div class='ocr_carea' id='block_1_80' title="bbox 940 1525 1767 1562">
    <p class='ocr_par' dir='ltr' id='par_1_80' title="bbox 940 1525 1767 1562">
     <span class='ocr_line' id='line_1_80' title="bbox 940 1525 1767 1562; baseline -0.002 -7"><span class='ocrx_word' id='word_1_510' title='bbox 940 1527 1070 1562; x_wconf 84' lang='lat' dir='ltr'>horaque</span> <span class='ocrx_word' id='word_1_511' title='bbox 1089 1527 1124 1554; x_wconf 85' lang='lat' dir='ltr'>ad</span> <span class='ocrx_word' id='word_1_512' title='bbox 1142 1526 1195 1554; x_wconf 83' lang='lat' dir='ltr'>hoc</span> <span class='ocrx_word' id='word_1_513' title='bbox 1209 1526 1383 1562; x_wconf 80' lang='lat' dir='ltr'>designatis,</span> <span class='ocrx_word' id='word_1_514' title='bbox 1398 1525 1550 1562; x_wconf 83' lang='lat' dir='ltr'>dispositis</span> <span class='ocrx_word' id='word_1_515' title='bbox 1561 1534 1613 1562; x_wconf 89' lang='lat' dir='ltr'>per</span> <span class='ocrx_word' id='word_1_516' title='bbox 1627 1527 1767 1562; x_wconf 89' lang='lat' dir='ltr'>opportu-</span> 
     </span>
    </p>
   </div>
   <div class='ocr_carea' id='block_1_81' title="bbox 940 1570 1767 1606">
    <p class='ocr_par' dir='ltr' id='par_1_81' title="bbox 940 1570 1767 1606">
     <span class='ocr_line' id='line_1_81' title="bbox 940 1570 1767 1606; baseline -0.002 -7"><span class='ocrx_word' id='word_1_517' title='bbox 940 1571 1065 1600; x_wconf 87' lang='lat' dir='ltr'>nissima</span> <span class='ocrx_word' id='word_1_518' title='bbox 1078 1571 1143 1599; x_wconf 91' lang='lat' dir='ltr'>loca</span> <span class='ocrx_word' id='word_1_519' title='bbox 1156 1570 1429 1605; x_wconf 83' lang='lat' dir='ltr'>insidiis,Joannem</span> <span class='ocrx_word' id='word_1_520' title='bbox 1441 1570 1599 1606; x_wconf 87' lang='lat' dir='ltr'>patricium</span> <span class='ocrx_word' id='word_1_521' title='bbox 1610 1570 1767 1598; x_wconf 77' lang='lat' dir='ltr'>Alacasen-</span> 
     </span>
    </p>
   </div>
   <div class='ocr_carea' id='block_1_82' title="bbox 940 1614 1769 1650">
    <p class='ocr_par' dir='ltr' id='par_1_82' title="bbox 940 1614 1769 1650">
     <span class='ocr_line' id='line_1_82' title="bbox 940 1614 1769 1650; baseline -0.004 -5"><span class='ocrx_word' id='word_1_522' title='bbox 940 1625 1002 1645; x_wconf 88' lang='lat' dir='ltr'>sem</span> <span class='ocrx_word' id='word_1_523' title='bbox 1018 1623 1085 1644; x_wconf 91' lang='lat' dir='ltr'>cum</span> <span class='ocrx_word' id='word_1_524' title='bbox 1110 1615 1223 1643; x_wconf 85' lang='lat' dir='ltr'>modica</span> <span class='ocrx_word' id='word_1_525' title='bbox 1247 1623 1336 1643; x_wconf 87' lang='lat' dir='ltr'>manu</span> <span class='ocrx_word' id='word_1_526' title='bbox 1361 1615 1479 1649; x_wconf 89' lang='lat' dir='ltr'>emittit,</span> <span class='ocrx_word' id='word_1_527' title='bbox 1507 1615 1557 1650; x_wconf 90' lang='lat' dir='ltr'>qui</span> <span class='ocrx_word' id='word_1_528' title='bbox 1583 1614 1769 1650; x_wconf 81' lang='lat' dir='ltr'>speculatum</span> 
     </span>
    </p>
   </div>
   <div class='ocr_carea' id='block_1_83' title="bbox 939 1659 1770 1696">
    <p class='ocr_par' dir='ltr' id='par_1_83' title="bbox 939 1659 1770 1696">
     <span class='ocr_line' id='line_1_83' title="bbox 939 1659 1770 1696; baseline -0.002 -7"><span class='ocrx_word' id='word_1_529' title='bbox 939 1661 1038 1689; x_wconf 86' lang='lat' dir='ltr'>hostes</span> <span class='ocrx_word' id='word_1_530' title='bbox 1048 1660 1338 1696; x_wconf 84' lang='lat' dir='ltr'>excurreret.ubique</span> <span class='ocrx_word' id='word_1_531' title='bbox 1350 1660 1368 1687; x_wconf 90' lang='lat' dir='ltr'>ii</span> <span class='ocrx_word' id='word_1_532' title='bbox 1382 1662 1482 1688; x_wconf 82' lang='lat' dir='ltr'>essent</span> <span class='ocrx_word' id='word_1_533' title='bbox 1498 1660 1575 1688; x_wconf 92' lang='lat' dir='ltr'>illico</span> <span class='ocrx_word' id='word_1_534' title='bbox 1587 1659 1643 1687; x_wconf 87' lang='lat' dir='ltr'>sibi</span> <span class='ocrx_word' id='word_1_535' title='bbox 1657 1667 1770 1687; x_wconf 88' lang='lat' dir='ltr'>renun-</span> 
     </span>
    </p>
   </div>
   <div class='ocr_carea' id='block_1_84' title="bbox 938 1705 1767 1741">
    <p class='ocr_par' dir='ltr' id='par_1_84' title="bbox 938 1705 1767 1741">
     <span class='ocr_line' id='line_1_84' title="bbox 938 1705 1767 1741; baseline -0.002 -7"><span class='ocrx_word' id='word_1_536' title='bbox 938 1706 1034 1740; x_wconf 88' lang='lat' dir='ltr'>tiaret,</span> <span class='ocrx_word' id='word_1_537' title='bbox 1050 1705 1184 1733; x_wconf 87' lang='lat' dir='ltr'>hostibus</span> <span class='ocrx_word' id='word_1_538' title='bbox 1200 1705 1507 1741; x_wconf 85' lang='lat' dir='ltr'>appropinquantibus</span> <span class='ocrx_word' id='word_1_539' title='bbox 1523 1712 1643 1732; x_wconf 87' lang='lat' dir='ltr'>manum</span> <span class='ocrx_word' id='word_1_540' title='bbox 1665 1711 1767 1732; x_wconf 87' lang='lat' dir='ltr'>conse-</span> 
     </span>
    </p>
   </div>
   <div class='ocr_carea' id='block_1_85' title="bbox 939 1749 1767 1786">
    <p class='ocr_par' dir='ltr' id='par_1_85' title="bbox 939 1749 1767 1786">
     <span class='ocr_line' id='line_1_85' title="bbox 939 1749 1767 1786; baseline -0.002 -8"><span class='ocrx_word' id='word_1_541' title='bbox 939 1750 1182 1785; x_wconf 86' lang='lat' dir='ltr'>reret,subitoque</span> <span class='ocrx_word' id='word_1_542' title='bbox 1193 1752 1275 1785; x_wconf 87' lang='lat' dir='ltr'>terga</span> <span class='ocrx_word' id='word_1_543' title='bbox 1286 1750 1362 1777; x_wconf 90' lang='lat' dir='ltr'>dans</span> <span class='ocrx_word' id='word_1_544' title='bbox 1373 1749 1502 1786; x_wconf 86' lang='lat' dir='ltr'>speciem</span> <span class='ocrx_word' id='word_1_545' title='bbox 1518 1750 1591 1784; x_wconf 65' lang='lat' dir='ltr'>fugas</span> <span class='ocrx_word' id='word_1_546' title='bbox 1607 1749 1767 1784; x_wconf 84' lang='lat' dir='ltr'>exhiberet,</span> 
     </span>
    </p>
   </div>
   <div class='ocr_carea' id='block_1_86' title="bbox 940 1793 1768 1831">
    <p class='ocr_par' dir='ltr' id='par_1_86' title="bbox 940 1793 1768 1831">
     <span class='ocr_line' id='line_1_86' title="bbox 940 1793 1768 1831; baseline -0.004 -8"><span class='ocrx_word' id='word_1_547' title='bbox 940 1803 996 1823; x_wconf 88' lang='lat' dir='ltr'>non</span> <span class='ocrx_word' id='word_1_548' title='bbox 1013 1795 1132 1831; x_wconf 86' lang='lat' dir='ltr'>quidem</span> <span class='ocrx_word' id='word_1_549' title='bbox 1149 1796 1181 1822; x_wconf 93' lang='lat' dir='ltr'>ut</span> <span class='ocrx_word' id='word_1_550' title='bbox 1195 1795 1286 1822; x_wconf 71' lang='lat' dir='ltr'>effuse</span> <span class='ocrx_word' id='word_1_551' title='bbox 1300 1793 1405 1822; x_wconf 84' lang='lat' dir='ltr'>laxatis</span> <span class='ocrx_word' id='word_1_552' title='bbox 1422 1802 1567 1829; x_wconf 90' lang='lat' dir='ltr'>equorum</span> <span class='ocrx_word' id='word_1_553' title='bbox 1583 1793 1706 1821; x_wconf 83' lang='lat' dir='ltr'>habenis</span> <span class='ocrx_word' id='word_1_554' title='bbox 1722 1793 1768 1820; x_wconf 87' lang='lat' dir='ltr'>fu-</span> 
     </span>
    </p>
   </div>
   <div class='ocr_carea' id='block_1_87' title="bbox 939 1837 1768 1876">
    <p class='ocr_par' dir='ltr' id='par_1_87' title="bbox 939 1837 1768 1876">
     <span class='ocr_line' id='line_1_87' title="bbox 939 1837 1768 1876; baseline -0.004 -9"><span class='ocrx_word' id='word_1_555' title='bbox 939 1842 1052 1876; x_wconf 83' lang='lat' dir='ltr'>gerent,</span> <span class='ocrx_word' id='word_1_556' title='bbox 1067 1839 1117 1866; x_wconf 88' lang='lat' dir='ltr'>sed</span> <span class='ocrx_word' id='word_1_557' title='bbox 1145 1838 1288 1874; x_wconf 83' lang='lat' dir='ltr'>paulatim</span> <span class='ocrx_word' id='word_1_558' title='bbox 1311 1840 1340 1866; x_wconf 89' lang='lat' dir='ltr'>et</span> <span class='ocrx_word' id='word_1_559' title='bbox 1364 1838 1442 1866; x_wconf 76' lang='lat'>388</span> <span class='ocrx_word' id='word_1_560' title='bbox 1468 1837 1627 1873; x_wconf 83' lang='lat' dir='ltr'>composito</span> <span class='ocrx_word' id='word_1_561' title='bbox 1650 1837 1768 1872; x_wconf 83' lang='lat' dir='ltr'>agmine</span> 
     </span>
    </p>
   </div>
   <div class='ocr_carea' id='block_1_88' title="bbox 939 1881 1768 1919">
    <p class='ocr_par' dir='ltr' id='par_1_88' title="bbox 939 1881 1768 1919">
     <span class='ocr_line' id='line_1_88' title="bbox 939 1881 1768 1919; baseline -0.005 -7"><span class='ocrx_word' id='word_1_562' title='bbox 939 1884 1117 1919; x_wconf 79' lang='lat' dir='ltr'>recederent,</span> <span class='ocrx_word' id='word_1_563' title='bbox 1133 1890 1347 1918; x_wconf 86' lang='lat' dir='ltr'>nonnunquam</span> <span class='ocrx_word' id='word_1_564' title='bbox 1363 1883 1452 1910; x_wconf 89' lang='lat' dir='ltr'>etiam</span> <span class='ocrx_word' id='word_1_565' title='bbox 1465 1891 1547 1917; x_wconf 65' lang='lat' dir='ltr'>asquo</span> <span class='ocrx_word' id='word_1_566' title='bbox 1559 1882 1622 1910; x_wconf 92' lang='lat' dir='ltr'>loco</span> <span class='ocrx_word' id='word_1_567' title='bbox 1634 1881 1768 1910; x_wconf 89' lang='lat' dir='ltr'>conversi</span> 
     </span>
    </p>
   </div>
   <div class='ocr_carea' id='block_1_89' title="bbox 938 1926 1767 1963">
    <p class='ocr_par' dir='ltr' id='par_1_89' title="bbox 938 1926 1767 1963">
     <span class='ocr_line' id='line_1_89' title="bbox 938 1926 1767 1963; baseline -0.004 -7"><span class='ocrx_word' id='word_1_568' title='bbox 938 1937 1004 1957; x_wconf 89' lang='lat' dir='ltr'>cum</span> <span class='ocrx_word' id='word_1_569' title='bbox 1021 1929 1104 1956; x_wconf 88' lang='lat' dir='ltr'>hoste</span> <span class='ocrx_word' id='word_1_570' title='bbox 1120 1929 1295 1963; x_wconf 80' lang='lat' dir='ltr'>pugnarent,</span> <span class='ocrx_word' id='word_1_571' title='bbox 1312 1928 1405 1954; x_wconf 84' lang='lat' dir='ltr'>donec</span> <span class='ocrx_word' id='word_1_572' title='bbox 1423 1935 1489 1954; x_wconf 91' lang='lat' dir='ltr'>eum</span> <span class='ocrx_word' id='word_1_573' title='bbox 1507 1927 1537 1954; x_wconf 88' lang='lat' dir='ltr'>in</span> <span class='ocrx_word' id='word_1_574' title='bbox 1562 1926 1686 1954; x_wconf 85' lang='lat' dir='ltr'>insidias</span> <span class='ocrx_word' id='word_1_575' title='bbox 1700 1934 1767 1962; x_wconf 84' lang='lat' dir='ltr'>per-</span> 
     </span>
    </p>
   </div>
   <div class='ocr_carea' id='block_1_90' title="bbox 938 1971 1768 2006">
    <p class='ocr_par' dir='ltr' id='par_1_90' title="bbox 938 1971 1768 2006">
     <span class='ocr_line' id='line_1_90' title="bbox 938 1971 1768 2006; baseline -0.004 -5"><span class='ocrx_word' id='word_1_576' title='bbox 938 1973 1089 2002; x_wconf 86' lang='lat' dir='ltr'>traherent</span> <span class='ocrx_word' id='word_1_577' title='bbox 1106 1981 1112 2000; x_wconf 88' lang='lat'>:</span> <span class='ocrx_word' id='word_1_578' title='bbox 1128 1975 1192 2000; x_wconf 88' lang='lat' dir='ltr'>tum</span> <span class='ocrx_word' id='word_1_579' title='bbox 1207 1980 1273 2000; x_wconf 88' lang='lat' dir='ltr'>vero</span> <span class='ocrx_word' id='word_1_580' title='bbox 1295 1972 1385 2000; x_wconf 84' lang='lat' dir='ltr'>ell&#39;use</span> <span class='ocrx_word' id='word_1_581' title='bbox 1400 1974 1429 1999; x_wconf 88' lang='lat' dir='ltr'>et</span> <span class='ocrx_word' id='word_1_582' title='bbox 1444 1971 1524 1999; x_wconf 89' lang='lat' dir='ltr'>nullo</span> <span class='ocrx_word' id='word_1_583' title='bbox 1550 1971 1652 1998; x_wconf 90' lang='lat' dir='ltr'>ordine</span> <span class='ocrx_word' id='word_1_584' title='bbox 1667 1971 1768 2006; x_wconf 76' lang='lat' dir='ltr'>fugam</span> 
     </span>
    </p>
   </div>
   <div class='ocr_carea' id='block_1_91' title="bbox 939 2015 1769 2051">
    <p class='ocr_par' dir='ltr' id='par_1_91' title="bbox 939 2015 1769 2051">
     <span class='ocr_line' id='line_1_91' title="bbox 939 2015 1769 2051; baseline -0.005 -5"><span class='ocrx_word' id='word_1_585' title='bbox 939 2018 1078 2046; x_wconf 82' lang='lat' dir='ltr'>facerent.</span> <span class='ocrx_word' id='word_1_586' title='bbox 1104 2017 1193 2045; x_wconf 82' lang='lat' dir='ltr'>Erant</span> <span class='ocrx_word' id='word_1_587' title='bbox 1215 2016 1331 2045; x_wconf 85' lang='lat' dir='ltr'>barbari</span> <span class='ocrx_word' id='word_1_588' title='bbox 1357 2016 1386 2043; x_wconf 92' lang='lat' dir='ltr'>in</span> <span class='ocrx_word' id='word_1_589' title='bbox 1413 2018 1472 2044; x_wconf 87' lang='lat' dir='ltr'>tres</span> <span class='ocrx_word' id='word_1_590' title='bbox 1494 2015 1580 2043; x_wconf 89' lang='lat' dir='ltr'>divisi</span> <span class='ocrx_word' id='word_1_591' title='bbox 1601 2016 1710 2051; x_wconf 84' lang='lat' dir='ltr'>partes.</span> <span class='ocrx_word' id='word_1_592' title='bbox 1737 2015 1769 2042; x_wconf 91' lang='lat' dir='ltr'>In</span> 
     </span>
    </p>
   </div>
   <div class='ocr_carea' id='block_1_92' title="bbox 939 2058 1768 2099">
    <p class='ocr_par' dir='ltr' id='par_1_92' title="bbox 939 2058 1768 2099">
     <span class='ocr_line' id='line_1_92' title="bbox 939 2058 1768 2099; baseline -0.005 -9"><span class='ocrx_word' id='word_1_593' title='bbox 939 2062 1033 2099; x_wconf 88' lang='lat' dir='ltr'>prima</span> <span class='ocrx_word' id='word_1_594' title='bbox 1048 2063 1131 2090; x_wconf 83' lang='lat' dir='ltr'>erant</span> <span class='ocrx_word' id='word_1_595' title='bbox 1147 2069 1213 2089; x_wconf 90' lang='lat' dir='ltr'>cum</span> <span class='ocrx_word' id='word_1_596' title='bbox 1239 2060 1341 2089; x_wconf 81' lang='lat' dir='ltr'>Rossis</span> <span class='ocrx_word' id='word_1_597' title='bbox 1366 2060 1497 2096; x_wconf 83' lang='lat' dir='ltr'>Bulgari,</span> <span class='ocrx_word' id='word_1_598' title='bbox 1521 2059 1644 2088; x_wconf 86' lang='lat' dir='ltr'>seorsim</span> <span class='ocrx_word' id='word_1_599' title='bbox 1669 2058 1768 2092; x_wconf 89' lang='lat' dir='ltr'>Turci,</span> 
     </span>
    </p>
   </div>
   <div class='ocr_carea' id='block_1_93' title="bbox 939 2104 1769 2136">
    <p class='ocr_par' dir='ltr' id='par_1_93' title="bbox 939 2104 1769 2136">
     <span class='ocr_line' id='line_1_93' title="bbox 939 2104 1769 2136; baseline -0.004 -1"><span class='ocrx_word' id='word_1_600' title='bbox 939 2107 1060 2136; x_wconf 86' lang='lat' dir='ltr'>seorsim</span> <span class='ocrx_word' id='word_1_601' title='bbox 1077 2107 1165 2135; x_wconf 88' lang='lat' dir='ltr'>etiam</span> <span class='ocrx_word' id='word_1_602' title='bbox 1182 2106 1351 2134; x_wconf 77' lang='lat' dir='ltr'>Patzinacae.</span> <span class='ocrx_word' id='word_1_603' title='bbox 1369 2107 1439 2134; x_wconf 84' lang='lat' dir='ltr'>Fors</span> <span class='ocrx_word' id='word_1_604' title='bbox 1454 2106 1496 2133; x_wconf 88' lang='lat' dir='ltr'>ita</span> <span class='ocrx_word' id='word_1_605' title='bbox 1510 2105 1577 2133; x_wconf 89' lang='lat' dir='ltr'>tulit</span> <span class='ocrx_word' id='word_1_606' title='bbox 1593 2106 1625 2132; x_wconf 91' lang='lat' dir='ltr'>ut</span> <span class='ocrx_word' id='word_1_607' title='bbox 1639 2104 1769 2132; x_wconf 87' lang='lat' dir='ltr'>Joannes</span> 
     </span>
    </p>
   </div>
   <div class='ocr_carea' id='block_1_94' title="bbox 939 2149 1766 2188">
    <p class='ocr_par' dir='ltr' id='par_1_94' title="bbox 939 2149 1766 2188">
     <span class='ocr_line' id='line_1_94' title="bbox 939 2149 1766 2188; baseline -0.004 -9"><span class='ocrx_word' id='word_1_608' title='bbox 939 2152 1033 2188; x_wconf 89' lang='lat' dir='ltr'>primo</span> <span class='ocrx_word' id='word_1_609' title='bbox 1049 2151 1182 2180; x_wconf 89' lang='lat' dir='ltr'>omnium</span> <span class='ocrx_word' id='word_1_610' title='bbox 1198 2151 1228 2178; x_wconf 90' lang='lat' dir='ltr'>in</span> <span class='ocrx_word' id='word_1_611' title='bbox 1250 2150 1421 2178; x_wconf 87' lang='lat' dir='ltr'>Patzinacas</span> <span class='ocrx_word' id='word_1_612' title='bbox 1446 2149 1598 2178; x_wconf 86' lang='lat' dir='ltr'>incideret.</span> <span class='ocrx_word' id='word_1_613' title='bbox 1624 2151 1766 2184; x_wconf 88' lang='lat' dir='ltr'>Cumque,</span> 
     </span>
    </p>
   </div>
   <div class='ocr_carea' id='block_1_95' title="bbox 939 2193 1767 2229">
    <p class='ocr_par' dir='ltr' id='par_1_95' title="bbox 939 2193 1767 2229">
     <span class='ocr_line' id='line_1_95' title="bbox 939 2193 1767 2229; baseline -0.004 -5"><span class='ocrx_word' id='word_1_614' title='bbox 939 2197 982 2225; x_wconf 90' lang='lat' dir='ltr'>uti</span> <span class='ocrx_word' id='word_1_615' title='bbox 998 2197 1170 2224; x_wconf 88' lang='lat' dir='ltr'>mandatum</span> <span class='ocrx_word' id='word_1_616' title='bbox 1186 2196 1211 2224; x_wconf 92' lang='lat' dir='ltr'>ei</span> <span class='ocrx_word' id='word_1_617' title='bbox 1227 2195 1319 2223; x_wconf 84' lang='lat' dir='ltr'>fuisse</span> <span class='ocrx_word' id='word_1_618' title='bbox 1342 2194 1621 2227; x_wconf 82' lang='lat' dir='ltr'>demonstravimus,</span> <span class='ocrx_word' id='word_1_619' title='bbox 1646 2193 1767 2229; x_wconf 87' lang='lat' dir='ltr'>oblique</span> 
     </span>
    </p>
   </div>
   <div class='ocr_carea' id='block_1_96' title="bbox 55 2235 816 2281">
    <p class='ocr_par' dir='ltr' id='par_1_96' title="bbox 55 2242 813 2281">
     <span class='ocr_line' id='line_1_96' title="bbox 55 2242 813 2281; baseline 0.001 -11"><span class='ocrx_word' id='word_1_620' title='bbox 55 2242 215 2281; x_wconf 68' lang='grc' dir='ltr'>φευγόντων</span> <span class='ocrx_word' id='word_1_621' title='bbox 254 2243 479 2281; x_wconf 72' lang='grc' dir='ltr'>παρεσχηκέναι,</span> <span class='ocrx_word' id='word_1_622' title='bbox 517 2243 554 2280; x_wconf 81' lang='grc' dir='ltr'>μὴ</span> <span class='ocrx_word' id='word_1_623' title='bbox 584 2243 706 2280; x_wconf 78' lang='grc' dir='ltr'>ἀκρατῶς</span> <span class='ocrx_word' id='word_1_624' title='bbox 736 2245 813 2280; x_wconf 80' lang='grc' dir='ltr'>μέντο</span> 
     </span>
    </p>
   </div>
   <div class='ocr_carea' id='block_1_97' title="bbox 1003 2235 1764 2281">
    <p class='ocr_par' dir='ltr' id='par_1_97' title="bbox 1004 2237 1764 2277">
     <span class='ocr_line' id='line_1_97' title="bbox 1004 2237 1764 2277; baseline -0.005 -8"><span class='ocrx_word' id='word_1_625' title='bbox 1004 2242 1076 2269; x_wconf 89' lang='lat' dir='ltr'>dens</span> <span class='ocrx_word' id='word_1_626' title='bbox 1092 2242 1191 2277; x_wconf 80' lang='lat' dir='ltr'>fugam</span> <span class='ocrx_word' id='word_1_627' title='bbox 1207 2239 1370 2274; x_wconf 85' lang='lat' dir='ltr'>simularet,</span> <span class='ocrx_word' id='word_1_628' title='bbox 1388 2240 1547 2267; x_wconf 66' lang='lat' dir='ltr'>Patzinacm</span> <span class='ocrx_word' id='word_1_629' title='bbox 1560 2238 1687 2267; x_wconf 87' lang='lat' dir='ltr'>turbatis</span> <span class='ocrx_word' id='word_1_630' title='bbox 1703 2237 1764 2266; x_wconf 89' lang='lat' dir='ltr'>suis</span> 
     </span>
    </p>
   </div>
   <div class='ocr_carea' id='block_1_98' title="bbox 50 2286 882 2326">
    <p class='ocr_par' dir='ltr' id='par_1_98' title="bbox 50 2286 882 2326">
     <span class='ocr_line' id='line_1_98' title="bbox 50 2286 882 2326; baseline 0.001 -11"><span class='ocrx_word' id='word_1_631' title='bbox 50 2287 175 2326; x_wconf 66' lang='grc' dir='ltr'>φεύγειν,</span> <span class='ocrx_word' id='word_1_632' title='bbox 210 2286 269 2324; x_wconf 75' lang='grc' dir='ltr'>ὅλῳ</span> <span class='ocrx_word' id='word_1_633' title='bbox 309 2287 406 2326; x_wconf 81' lang='grc' dir='ltr'>ῥυτῆρι</span> <span class='ocrx_word' id='word_1_634' title='bbox 445 2286 569 2320; x_wconf 85' lang='grc' dir='ltr'>ἐνδόντας</span> <span class='ocrx_word' id='word_1_635' title='bbox 607 2291 666 2319; x_wconf 84' lang='grc' dir='ltr'>τοῖς</span> <span class='ocrx_word' id='word_1_636' title='bbox 693 2287 789 2320; x_wconf 67' lang='grc' dir='ltr'>’ίπποις</span> <span class='ocrx_word' id='word_1_637' title='bbox 817 2288 882 2320; x_wconf 81' lang='grc' dir='ltr'>τοὺς</span> 
     </span>
    </p>
   </div>
   <div class='ocr_carea' id='block_1_99' title="bbox 51 2331 881 2370">
    <p class='ocr_par' dir='ltr' id='par_1_99' title="bbox 51 2331 881 2370">
     <span class='ocr_line' id='line_1_99' title="bbox 51 2331 881 2370; baseline 0.001 -11"><span class='ocrx_word' id='word_1_638' title='bbox 51 2331 199 2370; x_wconf 75' lang='grc' dir='ltr'>χαΛινοὺς,</span> <span class='ocrx_word' id='word_1_639' title='bbox 237 2331 300 2360; x_wconf 80' lang='grc' dir='ltr'>ἀλλ’</span> <span class='ocrx_word' id='word_1_640' title='bbox 329 2332 421 2370; x_wconf 71' lang='grc' dir='ltr'>ἠρέμα</span> <span class='ocrx_word' id='word_1_641' title='bbox 447 2333 492 2360; x_wconf 78' lang='grc' dir='ltr'>καὶ</span> <span class='ocrx_word' id='word_1_642' title='bbox 524 2333 591 2369; x_wconf 75' lang='grc' dir='ltr'>μετὰ</span> <span class='ocrx_word' id='word_1_643' title='bbox 617 2332 733 2368; x_wconf 80' lang='grc' dir='ltr'>τάξεως,</span> <span class='ocrx_word' id='word_1_644' title='bbox 763 2332 817 2368; x_wconf 74' lang='grc' dir='ltr'>ὅπη</span> <span class='ocrx_word' id='word_1_645' title='bbox 853 2331 881 2360; x_wconf 79' lang='grc' dir='ltr'>δὲ</span> 
     </span>
    </p>
   </div>
   <div class='ocr_carea' id='block_1_100' title="bbox 51 2376 880 2416">
    <p class='ocr_par' dir='ltr' id='par_1_100' title="bbox 51 2376 880 2416">
     <span class='ocr_line' id='line_1_100' title="bbox 51 2376 880 2416; baseline 0 -12"><span class='ocrx_word' id='word_1_646' title='bbox 51 2377 203 2415; x_wconf 79' lang='grc' dir='ltr'>παρείκοι,</span> <span class='ocrx_word' id='word_1_647' title='bbox 241 2376 286 2404; x_wconf 85' lang='grc' dir='ltr'>καὶ</span> <span class='ocrx_word' id='word_1_648' title='bbox 326 2376 542 2416; x_wconf 73' lang='grc' dir='ltr'>ὁποπρέφοντας</span> <span class='ocrx_word' id='word_1_649' title='bbox 580 2376 780 2415; x_wconf 79' lang='grc' dir='ltr'>συῤῥήγνυσθαι</span> <span class='ocrx_word' id='word_1_650' title='bbox 821 2380 880 2408; x_wconf 87' lang='grc' dir='ltr'>τοῖς</span> 
     </span>
    </p>
   </div>
   <div class='ocr_carea' id='block_1_101' title="bbox 51 2420 879 2460">
    <p class='ocr_par' dir='ltr' id='par_1_101' title="bbox 51 2420 879 2460">
     <span class='ocr_line' id='line_1_101' title="bbox 51 2420 879 2460; baseline 0.001 -12"><span class='ocrx_word' id='word_1_651' title='bbox 51 2421 179 2459; x_wconf 56' lang='grc' dir='ltr'>ἐχθροῖς,</span> <span class='ocrx_word' id='word_1_652' title='bbox 208 2421 254 2448; x_wconf 81' lang='grc' dir='ltr'>καὶ</span> <span class='ocrx_word' id='word_1_653' title='bbox 269 2420 341 2449; x_wconf 78' lang='grc' dir='ltr'>οὕτω</span> <span class='ocrx_word' id='word_1_654' title='bbox 355 2424 443 2449; x_wconf 85' lang='grc' dir='ltr'>ποιεῖν</span> <span class='ocrx_word' id='word_1_655' title='bbox 475 2421 573 2460; x_wconf 78' lang='grc' dir='ltr'>μέχρις</span> <span class='ocrx_word' id='word_1_656' title='bbox 602 2421 631 2448; x_wconf 80' lang='grc' dir='ltr'>ἂν</span> <span class='ocrx_word' id='word_1_657' title='bbox 646 2422 683 2453; x_wconf 84' lang='grc' dir='ltr'>εἷς</span> <span class='ocrx_word' id='word_1_658' title='bbox 698 2422 762 2454; x_wconf 83' lang='grc' dir='ltr'>τοὺς</span> <span class='ocrx_word' id='word_1_659' title='bbox 777 2421 879 2460; x_wconf 88' lang='grc' dir='ltr'>λόχους</span> 
     </span>
    </p>
   </div>
   <div class='ocr_carea' id='block_1_102' title="bbox 51 2465 881 2502">
    <p class='ocr_par' dir='ltr' id='par_1_102' title="bbox 51 2465 881 2502">
     <span class='ocr_line' id='line_1_102' title="bbox 51 2465 881 2502; baseline 0.002 -10"><span class='ocrx_word' id='word_1_660' title='bbox 51 2465 181 2501; x_wconf 80' lang='grc' dir='ltr'>τούτους,</span> <span class='ocrx_word' id='word_1_661' title='bbox 197 2465 242 2493; x_wconf 78' lang='grc' dir='ltr'>καὶ</span> <span class='ocrx_word' id='word_1_662' title='bbox 263 2465 300 2496; x_wconf 78' lang='grc' dir='ltr'>εἷς</span> <span class='ocrx_word' id='word_1_663' title='bbox 323 2465 370 2497; x_wconf 80' lang='grc' dir='ltr'>τὰς</span> <span class='ocrx_word' id='word_1_664' title='bbox 386 2465 494 2502; x_wconf 80' lang='grc' dir='ltr'>ἐνέδρας</span> <span class='ocrx_word' id='word_1_665' title='bbox 509 2465 733 2501; x_wconf 82' lang='grc' dir='ltr'>ἐναπσκλείσωσ-ι,</span> <span class='ocrx_word' id='word_1_666' title='bbox 762 2467 824 2494; x_wconf 88' lang='grc' dir='ltr'>τότε</span> <span class='ocrx_word' id='word_1_667' title='bbox 853 2465 881 2493; x_wconf 66' lang='grc' dir='ltr'>δὲ</span> 
     </span>
    </p>
   </div>
   <div class='ocr_carea' id='block_1_103' title="bbox 55 2509 879 2549">
    <p class='ocr_par' dir='ltr' id='par_1_103' title="bbox 55 2509 879 2549">
     <span class='ocr_line' id='line_1_103' title="bbox 55 2509 879 2549; baseline 0 -12"><span class='ocrx_word' id='word_1_668' title='bbox 55 2510 187 2546; x_wconf 75' lang='grc' dir='ltr'>ἀκόσμως</span> <span class='ocrx_word' id='word_1_669' title='bbox 213 2509 320 2548; x_wconf 75' lang='grc' dir='ltr'>φεύγειν</span> <span class='ocrx_word' id='word_1_670' title='bbox 346 2510 391 2538; x_wconf 78' lang='grc' dir='ltr'>καὶ</span> <span class='ocrx_word' id='word_1_671' title='bbox 420 2509 624 2548; x_wconf 83' lang='grc' dir='ltr'>προτροπάδην.</span> <span class='ocrx_word' id='word_1_672' title='bbox 654 2514 744 2549; x_wconf 86' lang='grc' dir='ltr'>Τριχῆ</span> <span class='ocrx_word' id='word_1_673' title='bbox 771 2510 799 2538; x_wconf 75' lang='grc' dir='ltr'>δὲ</span> <span class='ocrx_word' id='word_1_674' title='bbox 826 2513 879 2538; x_wconf 80' lang='grc' dir='ltr'>τῶν</span> 
     </span>
    </p>
   </div>
   <div class='ocr_carea' id='block_1_104' title="bbox 56 2552 880 2593">
    <p class='ocr_par' dir='ltr' id='par_1_104' title="bbox 56 2552 880 2593">
     <span class='ocr_line' id='line_1_104' title="bbox 56 2552 880 2593; baseline 0.001 -12"><span class='ocrx_word' id='word_1_675' title='bbox 56 2552 204 2592; x_wconf 77' lang='grc' dir='ltr'>βαρϐάρων</span> <span class='ocrx_word' id='word_1_676' title='bbox 236 2553 423 2591; x_wconf 71' lang='grc' dir='ltr'>διαιρεθέντων</span> <span class='ocrx_word' id='word_1_677' title='bbox 470 2554 635 2592; x_wconf 88' lang='grc' dir='ltr'>(Βούλγαροι</span> <span class='ocrx_word' id='word_1_678' title='bbox 669 2555 715 2592; x_wconf 77' lang='grc' dir='ltr'>μὲν</span> <span class='ocrx_word' id='word_1_679' title='bbox 752 2555 801 2593; x_wconf 77' lang='grc' dir='ltr'>γὰρ</span> <span class='ocrx_word' id='word_1_680' title='bbox 835 2554 880 2582; x_wconf 82' lang='grc' dir='ltr'>καὶ</span> 
     </span>
    </p>
   </div>
   <div class='ocr_carea' id='block_1_105' title="bbox 54 2597 882 2637">
    <p class='ocr_par' dir='ltr' id='par_1_105' title="bbox 54 2597 882 2637">
     <span class='ocr_line' id='line_1_105' title="bbox 54 2597 882 2637; baseline 0.001 -11"><span class='ocrx_word' id='word_1_681' title='bbox 54 2599 123 2630; x_wconf 73' lang='grc' dir='ltr'>Ῥὼς</span> <span class='ocrx_word' id='word_1_682' title='bbox 156 2599 205 2633; x_wconf 78' lang='grc' dir='ltr'>τήν</span> <span class='ocrx_word' id='word_1_683' title='bbox 237 2599 347 2637; x_wconf 85' lang='grc' dir='ltr'>πρώτην</span> <span class='ocrx_word' id='word_1_684' title='bbox 382 2597 536 2637; x_wconf 80' lang='grc' dir='ltr'>ἀνεπλήρου</span> <span class='ocrx_word' id='word_1_685' title='bbox 563 2598 678 2637; x_wconf 84' lang='grc' dir='ltr'>μερίδα,</span> <span class='ocrx_word' id='word_1_686' title='bbox 706 2602 822 2637; x_wconf 80' lang='grc' dir='ltr'>Τοῦρκοι</span> <span class='ocrx_word' id='word_1_687' title='bbox 853 2598 882 2627; x_wconf 75' lang='grc' dir='ltr'>δὲ</span> 
     </span>
    </p>
   </div>
   <div class='ocr_carea' id='block_1_106' title="bbox 53 2643 880 2681">
    <p class='ocr_par' dir='ltr' id='par_1_106' title="bbox 53 2643 880 2681">
     <span class='ocr_line' id='line_1_106' title="bbox 53 2643 880 2681; baseline 0.002 -11"><span class='ocrx_word' id='word_1_688' title='bbox 53 2644 111 2670; x_wconf 77' lang='grc' dir='ltr'>καθ’</span> <span class='ocrx_word' id='word_1_689' title='bbox 141 2644 254 2674; x_wconf 75' lang='grc' dir='ltr'>ἑαυτοὺς</span> <span class='ocrx_word' id='word_1_690' title='bbox 284 2644 350 2678; x_wconf 71' lang='grc' dir='ltr'>ἦσαν</span> <span class='ocrx_word' id='word_1_691' title='bbox 369 2643 446 2679; x_wconf 89' lang='grc' dir='ltr'>μόνοι</span> <span class='ocrx_word' id='word_1_692' title='bbox 469 2643 514 2671; x_wconf 85' lang='grc' dir='ltr'>καὶ</span> <span class='ocrx_word' id='word_1_693' title='bbox 540 2645 703 2678; x_wconf 84' lang='grc' dir='ltr'>Πατζινάκαι</span> <span class='ocrx_word' id='word_1_694' title='bbox 729 2644 880 2681; x_wconf 76' lang='grc' dir='ltr'>ὡσαύτως),</span> 
     </span>
    </p>
   </div>
   <div class='ocr_carea' id='block_1_107' title="bbox 55 2691 882 2730">
    <p class='ocr_par' dir='ltr' id='par_1_107' title="bbox 55 2691 882 2730">
     <span class='ocr_line' id='line_1_107' title="bbox 55 2691 882 2730; baseline 0.001 -11"><span class='ocrx_word' id='word_1_695' title='bbox 55 2691 209 2729; x_wconf 70' lang='grc' dir='ltr'>ἐρχόμενος</span> <span class='ocrx_word' id='word_1_696' title='bbox 231 2691 276 2719; x_wconf 75' lang='grc' dir='ltr'>οὖν</span> <span class='ocrx_word' id='word_1_697' title='bbox 303 2693 317 2719; x_wconf 88' lang='grc' dir='ltr'><strong>ὁ</strong></span> <span class='ocrx_word' id='word_1_698' title='bbox 340 2691 469 2728; x_wconf 81' lang='grc' dir='ltr'>Ἰωάννης</span> <span class='ocrx_word' id='word_1_699' title='bbox 493 2692 675 2730; x_wconf 81' lang='grc' dir='ltr'>συμπλέκεται</span> <span class='ocrx_word' id='word_1_700' title='bbox 703 2696 762 2725; x_wconf 88' lang='grc' dir='ltr'>τοῖς</span> <span class='ocrx_word' id='word_1_701' title='bbox 786 2696 882 2728; x_wconf 87' lang='grc' dir='ltr'>Πατζι-</span> 
     </span>
    </p>
   </div>
   <div class='ocr_carea' id='block_1_108' title="bbox 54 2736 881 2775">
    <p class='ocr_par' dir='ltr' id='par_1_108' title="bbox 54 2736 881 2775">
     <span class='ocr_line' id='line_1_108' title="bbox 54 2736 881 2775; baseline 0.002 -11"><span class='ocrx_word' id='word_1_702' title='bbox 54 2736 146 2767; x_wconf 65' lang='grc' dir='ltr'>νίκαις</span> <span class='ocrx_word' id='word_1_703' title='bbox 161 2736 231 2764; x_wconf 76' lang='grc' dir='ltr'>κατὰ</span> <span class='ocrx_word' id='word_1_704' title='bbox 244 2736 332 2775; x_wconf 86' lang='grc' dir='ltr'>τύχην</span> <span class='ocrx_word' id='word_1_705' title='bbox 349 2737 532 2772; x_wconf 86' lang='grc' dir='ltr'>συνηντηκὼς,</span> <span class='ocrx_word' id='word_1_706' title='bbox 556 2737 601 2764; x_wconf 86' lang='grc' dir='ltr'>καὶ</span> <span class='ocrx_word' id='word_1_707' title='bbox 625 2737 715 2775; x_wconf 83' lang='grc' dir='ltr'>ὥσπερ</span> <span class='ocrx_word' id='word_1_708' title='bbox 744 2739 776 2773; x_wconf 84' lang='grc' dir='ltr'>ἧν</span> <span class='ocrx_word' id='word_1_709' title='bbox 806 2739 881 2775; x_wconf 80' lang='grc' dir='ltr'>αύτῷ</span> 
     </span>
    </p>
   </div>
   <div class='ocr_carea' id='block_1_109' title="bbox 57 2780 897 2822">
    <p class='ocr_par' dir='ltr' id='par_1_109' title="bbox 57 2780 897 2822">
     <span class='ocr_line' id='line_1_109' title="bbox 57 2780 897 2822; baseline 0.002 -13"><span class='ocrx_word' id='word_1_710' title='bbox 57 2780 305 2820; x_wconf 69' lang='grc' dir='ltr'>παρηγγελμίνον,</span> <span class='ocrx_word' id='word_1_711' title='bbox 327 2784 516 2820; x_wconf 77' lang='grc' dir='ltr'>προσποιεῖται</span> <span class='ocrx_word' id='word_1_712' title='bbox 541 2783 639 2822; x_wconf 72' lang='grc' dir='ltr'>φυγὴν,</span> <span class='ocrx_word' id='word_1_713' title='bbox 664 2781 800 2821; x_wconf 79' lang='grc' dir='ltr'>σχολαίαν</span> <span class='ocrx_word' id='word_1_714' title='bbox 829 2784 897 2819; x_wconf 29' lang='grc' dir='ltr'>τήνν</span> 
     </span>
    </p>
   </div>
   <div class='ocr_carea' id='block_1_110' title="bbox 936 2282 1765 2320">
    <p class='ocr_par' dir='ltr' id='par_1_110' title="bbox 936 2282 1765 2320">
     <span class='ocr_line' id='line_1_110' title="bbox 936 2282 1765 2320; baseline -0.005 -6"><span class='ocrx_word' id='word_1_715' title='bbox 936 2286 1088 2315; x_wconf 88' lang='lat' dir='ltr'>ordinibus</span> <span class='ocrx_word' id='word_1_716' title='bbox 1104 2285 1322 2320; x_wconf 87' lang='lat' dir='ltr'>instabant,spe</span> <span class='ocrx_word' id='word_1_717' title='bbox 1334 2284 1477 2320; x_wconf 84' lang='lat' dir='ltr'>fugientes</span> <span class='ocrx_word' id='word_1_718' title='bbox 1489 2283 1585 2311; x_wconf 89' lang='lat' dir='ltr'>subito</span> <span class='ocrx_word' id='word_1_719' title='bbox 1601 2290 1704 2311; x_wconf 87' lang='lat' dir='ltr'>omnes</span> <span class='ocrx_word' id='word_1_720' title='bbox 1718 2282 1765 2310; x_wconf 91' lang='lat' dir='ltr'>de-</span> 
     </span>
    </p>
   </div>
   <div class='ocr_carea' id='block_1_111' title="bbox 934 2327 1764 2365">
    <p class='ocr_par' dir='ltr' id='par_1_111' title="bbox 934 2327 1764 2365">
     <span class='ocr_line' id='line_1_111' title="bbox 934 2327 1764 2365; baseline -0.004 -7"><span class='ocrx_word' id='word_1_721' title='bbox 934 2331 1024 2359; x_wconf 90' lang='lat' dir='ltr'>lendi.</span> <span class='ocrx_word' id='word_1_722' title='bbox 1042 2330 1165 2358; x_wconf 83' lang='lat' dir='ltr'>Romani</span> <span class='ocrx_word' id='word_1_723' title='bbox 1181 2330 1267 2358; x_wconf 88' lang='lat' dir='ltr'>modo</span> <span class='ocrx_word' id='word_1_724' title='bbox 1283 2329 1399 2365; x_wconf 80' lang='lat' dir='ltr'>agmine</span> <span class='ocrx_word' id='word_1_725' title='bbox 1422 2328 1583 2365; x_wconf 87' lang='lat' dir='ltr'>composito</span> <span class='ocrx_word' id='word_1_726' title='bbox 1606 2327 1764 2363; x_wconf 77' lang='lat' dir='ltr'>fugientes,</span> 
     </span>
    </p>
   </div>
   <div class='ocr_carea' id='block_1_112' title="bbox 937 2375 1764 2412">
    <p class='ocr_par' dir='ltr' id='par_1_112' title="bbox 937 2375 1764 2412">
     <span class='ocr_line' id='line_1_112' title="bbox 937 2375 1764 2412; baseline -0.005 -6"><span class='ocrx_word' id='word_1_727' title='bbox 937 2379 1023 2407; x_wconf 89' lang='lat' dir='ltr'>modo</span> <span class='ocrx_word' id='word_1_728' title='bbox 1038 2378 1173 2406; x_wconf 87' lang='lat' dir='ltr'>hostibus</span> <span class='ocrx_word' id='word_1_729' title='bbox 1189 2385 1254 2406; x_wconf 85' lang='lat' dir='ltr'>sese</span> <span class='ocrx_word' id='word_1_730' title='bbox 1269 2378 1452 2406; x_wconf 83' lang='lat' dir='ltr'>obvertentes</span> <span class='ocrx_word' id='word_1_731' title='bbox 1477 2385 1511 2404; x_wconf 85' lang='lat' dir='ltr'>ac</span> <span class='ocrx_word' id='word_1_732' title='bbox 1535 2375 1713 2412; x_wconf 76' lang='lat' dir='ltr'>praeliantes,</span> <span class='ocrx_word' id='word_1_733' title='bbox 1728 2375 1764 2402; x_wconf 89' lang='lat' dir='ltr'>ad</span> 
     </span>
    </p>
   </div>
   <div class='ocr_carea' id='block_1_113' title="bbox 935 2419 1765 2457">
    <p class='ocr_par' dir='ltr' id='par_1_113' title="bbox 935 2419 1765 2457">
     <span class='ocr_line' id='line_1_113' title="bbox 935 2419 1765 2457; baseline -0.005 -6"><span class='ocrx_word' id='word_1_734' title='bbox 935 2423 1060 2451; x_wconf 84' lang='lat' dir='ltr'>insidias</span> <span class='ocrx_word' id='word_1_735' title='bbox 1076 2431 1196 2451; x_wconf 87' lang='lat' dir='ltr'>cursum</span> <span class='ocrx_word' id='word_1_736' title='bbox 1212 2423 1370 2456; x_wconf 86' lang='lat' dir='ltr'>tenebant;</span> <span class='ocrx_word' id='word_1_737' title='bbox 1387 2421 1417 2449; x_wconf 92' lang='lat' dir='ltr'>in</span> <span class='ocrx_word' id='word_1_738' title='bbox 1434 2430 1507 2457; x_wconf 86' lang='lat' dir='ltr'>quas</span> <span class='ocrx_word' id='word_1_739' title='bbox 1524 2420 1637 2448; x_wconf 88' lang='lat' dir='ltr'>medias</span> <span class='ocrx_word' id='word_1_740' title='bbox 1653 2419 1703 2447; x_wconf 88' lang='lat' dir='ltr'>ubi</span> <span class='ocrx_word' id='word_1_741' title='bbox 1715 2427 1765 2447; x_wconf 91' lang='lat' dir='ltr'>ve-</span> 
     </span>
    </p>
   </div>
   <div class='ocr_carea' id='block_1_114' title="bbox 936 2465 1767 2502">
    <p class='ocr_par' dir='ltr' id='par_1_114' title="bbox 936 2465 1767 2502">
     <span class='ocr_line' id='line_1_114' title="bbox 936 2465 1767 2502; baseline -0.006 -6"><span class='ocrx_word' id='word_1_742' title='bbox 936 2471 1053 2502; x_wconf 87' lang='lat' dir='ltr'>nerunt,</span> <span class='ocrx_word' id='word_1_743' title='bbox 1069 2468 1173 2496; x_wconf 87' lang='lat' dir='ltr'>laxatis</span> <span class='ocrx_word' id='word_1_744' title='bbox 1189 2467 1312 2495; x_wconf 86' lang='lat' dir='ltr'>habenis</span> <span class='ocrx_word' id='word_1_745' title='bbox 1329 2467 1420 2495; x_wconf 74' lang='lat' dir='ltr'>effuse</span> <span class='ocrx_word' id='word_1_746' title='bbox 1437 2466 1621 2502; x_wconf 80' lang='lat' dir='ltr'>fugerunt,ac</span> <span class='ocrx_word' id='word_1_747' title='bbox 1632 2465 1767 2492; x_wconf 84' lang='lat' dir='ltr'>Patzina-</span> 
     </span>
    </p>
   </div>
   <div class='ocr_carea' id='block_1_115' title="bbox 936 2509 1764 2549">
    <p class='ocr_par' dir='ltr' id='par_1_115' title="bbox 936 2509 1764 2549">
     <span class='ocr_line' id='line_1_115' title="bbox 936 2509 1764 2549; baseline -0.005 -9"><span class='ocrx_word' id='word_1_748' title='bbox 936 2521 973 2540; x_wconf 65' lang='lat' dir='ltr'>ca</span> <span class='ocrx_word' id='word_1_749' title='bbox 990 2513 1140 2549; x_wconf 86' lang='lat' dir='ltr'>dissipatis</span> <span class='ocrx_word' id='word_1_750' title='bbox 1151 2512 1305 2540; x_wconf 86' lang='lat' dir='ltr'>ordinibus</span> <span class='ocrx_word' id='word_1_751' title='bbox 1317 2511 1481 2547; x_wconf 85' lang='lat' dir='ltr'>promiscue</span> <span class='ocrx_word' id='word_1_752' title='bbox 1490 2519 1539 2538; x_wconf 89' lang='lat' dir='ltr'>eos</span> <span class='ocrx_word' id='word_1_753' title='bbox 1550 2512 1620 2538; x_wconf 91' lang='lat' dir='ltr'>sunt</span> <span class='ocrx_word' id='word_1_754' title='bbox 1635 2509 1764 2537; x_wconf 87' lang='lat' dir='ltr'>insecuti</span> 
     </span>
    </p>
   </div>
   <div class='ocr_carea' id='block_1_116' title="bbox 935 2553 1763 2590">
    <p class='ocr_par' dir='ltr' id='par_1_116' title="bbox 935 2553 1763 2590">
     <span class='ocr_line' id='line_1_116' title="bbox 935 2553 1763 2590; baseline -0.006 -5"><span class='ocrx_word' id='word_1_755' title='bbox 935 2558 989 2585; x_wconf 87' lang='lat' dir='ltr'>Sed</span> <span class='ocrx_word' id='word_1_756' title='bbox 1006 2558 1056 2585; x_wconf 92' lang='lat' dir='ltr'>ubi</span> <span class='ocrx_word' id='word_1_757' title='bbox 1072 2557 1178 2585; x_wconf 88' lang='lat' dir='ltr'>Bardas</span> <span class='ocrx_word' id='word_1_758' title='bbox 1194 2556 1291 2585; x_wconf 85' lang='lat' dir='ltr'>subito</span> <span class='ocrx_word' id='word_1_759' title='bbox 1307 2564 1374 2584; x_wconf 89' lang='lat' dir='ltr'>cum</span> <span class='ocrx_word' id='word_1_760' title='bbox 1391 2558 1451 2584; x_wconf 88' lang='lat' dir='ltr'>toto</span> <span class='ocrx_word' id='word_1_761' title='bbox 1467 2556 1596 2584; x_wconf 87' lang='lat' dir='ltr'>exercitu</span> <span class='ocrx_word' id='word_1_762' title='bbox 1617 2553 1763 2590; x_wconf 77' lang='lat' dir='ltr'>apparuit,</span> 
     </span>
    </p>
   </div>
   <div class='ocr_carea' id='block_1_117' title="bbox 936 2599 1764 2638">
    <p class='ocr_par' dir='ltr' id='par_1_117' title="bbox 936 2599 1764 2638">
     <span class='ocr_line' id='line_1_117' title="bbox 936 2599 1764 2638; baseline -0.006 -8"><span class='ocrx_word' id='word_1_763' title='bbox 936 2611 966 2630; x_wconf 89' lang='lat' dir='ltr'>re</span> <span class='ocrx_word' id='word_1_764' title='bbox 981 2602 1141 2638; x_wconf 86' lang='lat' dir='ltr'>improvisa</span> <span class='ocrx_word' id='word_1_765' title='bbox 1156 2602 1334 2630; x_wconf 87' lang='lat' dir='ltr'>consternati</span> <span class='ocrx_word' id='word_1_766' title='bbox 1350 2601 1460 2628; x_wconf 86' lang='lat' dir='ltr'>omissa</span> <span class='ocrx_word' id='word_1_767' title='bbox 1486 2599 1689 2636; x_wconf 86' lang='lat' dir='ltr'>persecutione</span> <span class='ocrx_word' id='word_1_768' title='bbox 1705 2606 1764 2626; x_wconf 89' lang='lat' dir='ltr'>non</span> 
     </span>
    </p>
   </div>
   <div class='ocr_carea' id='block_1_118' title="bbox 936 2642 1762 2682">
    <p class='ocr_par' dir='ltr' id='par_1_118' title="bbox 936 2642 1762 2682">
     <span class='ocr_line' id='line_1_118' title="bbox 936 2642 1762 2682; baseline -0.006 -8"><span class='ocrx_word' id='word_1_769' title='bbox 936 2646 1055 2682; x_wconf 89' lang='lat' dir='ltr'>quidem</span> <span class='ocrx_word' id='word_1_770' title='bbox 1071 2647 1146 2682; x_wconf 67' lang='lat' dir='ltr'>fugae</span> <span class='ocrx_word' id='word_1_771' title='bbox 1160 2647 1211 2674; x_wconf 89' lang='lat' dir='ltr'>sed</span> <span class='ocrx_word' id='word_1_772' title='bbox 1227 2645 1390 2673; x_wconf 87' lang='lat' dir='ltr'>defensioni</span> <span class='ocrx_word' id='word_1_773' title='bbox 1407 2653 1472 2673; x_wconf 87' lang='lat' dir='ltr'>sese</span> <span class='ocrx_word' id='word_1_774' title='bbox 1492 2645 1643 2680; x_wconf 85' lang='lat' dir='ltr'>pararunt.</span> <span class='ocrx_word' id='word_1_775' title='bbox 1668 2642 1762 2670; x_wconf 83' lang='lat' dir='ltr'>Vehe-</span> 
     </span>
    </p>
   </div>
   <div class='ocr_carea' id='block_1_119' title="bbox 935 2687 1759 2726">
    <p class='ocr_par' dir='ltr' id='par_1_119' title="bbox 935 2687 1759 2726">
     <span class='ocr_line' id='line_1_119' title="bbox 935 2687 1759 2726; baseline -0.005 -8"><span class='ocrx_word' id='word_1_776' title='bbox 935 2690 1025 2719; x_wconf 90' lang='lat' dir='ltr'>menti</span> <span class='ocrx_word' id='word_1_777' title='bbox 1041 2693 1139 2719; x_wconf 82' lang='lat' dir='ltr'>autem</span> <span class='ocrx_word' id='word_1_778' title='bbox 1154 2699 1221 2719; x_wconf 89' lang='lat' dir='ltr'>cum</span> <span class='ocrx_word' id='word_1_779' title='bbox 1237 2691 1349 2726; x_wconf 88' lang='lat' dir='ltr'>impetu</span> <span class='ocrx_word' id='word_1_780' title='bbox 1366 2690 1464 2717; x_wconf 70' lang='lat' dir='ltr'>Bardae</span> <span class='ocrx_word' id='word_1_781' title='bbox 1480 2689 1606 2717; x_wconf 85' lang='lat' dir='ltr'>exercitu</span> <span class='ocrx_word' id='word_1_782' title='bbox 1618 2687 1759 2720; x_wconf 81' lang='lat' dir='ltr'>irruente,</span> 
     </span>
    </p>
   </div>
   <div class='ocr_carea' id='block_1_120' title="bbox 935 2735 1759 2776">
    <p class='ocr_par' dir='ltr' id='par_1_120' title="bbox 935 2735 1759 2776">
     <span class='ocr_line' id='line_1_120' title="bbox 935 2735 1759 2776; baseline -0.007 -8"><span class='ocrx_word' id='word_1_783' title='bbox 935 2742 1022 2775; x_wconf 86' lang='lat' dir='ltr'>atque</span> <span class='ocrx_word' id='word_1_784' title='bbox 1037 2739 1128 2768; x_wconf 87' lang='lat' dir='ltr'>altera</span> <span class='ocrx_word' id='word_1_785' title='bbox 1151 2747 1268 2776; x_wconf 88' lang='lat' dir='ltr'>quoque</span> <span class='ocrx_word' id='word_1_786' title='bbox 1284 2748 1300 2767; x_wconf 92' lang='lat' dir='ltr'>a</span> <span class='ocrx_word' id='word_1_787' title='bbox 1315 2741 1397 2774; x_wconf 85' lang='lat' dir='ltr'>tergo</span> <span class='ocrx_word' id='word_1_788' title='bbox 1421 2738 1566 2775; x_wconf 85' lang='lat' dir='ltr'>phalange</span> <span class='ocrx_word' id='word_1_789' title='bbox 1589 2735 1759 2772; x_wconf 82' lang='lat' dir='ltr'>compositis</span> 
     </span>
    </p>
   </div>
   <div class='ocr_carea' id='block_1_121' title="bbox 943 2781 1791 2821">
    <p class='ocr_par' dir='ltr' id='par_1_121' title="bbox 943 2781 1791 2821">
     <span class='ocr_line' id='line_1_121' title="bbox 943 2781 1791 2821; baseline -0.006 -8"><span class='ocrx_word' id='word_1_790' title='bbox 943 2785 1105 2814; x_wconf 87' lang='lat' dir='ltr'>ordinibus</span> <span class='ocrx_word' id='word_1_791' title='bbox 1126 2784 1394 2821; x_wconf 82' lang='lat' dir='ltr'>ingruente,statim</span> <span class='ocrx_word' id='word_1_792' title='bbox 1411 2783 1566 2812; x_wconf 84' lang='lat' dir='ltr'>fortissimi</span> <span class='ocrx_word' id='word_1_793' title='bbox 1582 2781 1689 2817; x_wconf 86' lang='lat' dir='ltr'>quique</span> <span class='ocrx_word' id='word_1_794' title='bbox 1703 2781 1759 2816; x_wconf 80' lang='lat' dir='ltr'>Scy</span> <span class='ocrx_word' id='word_1_795' title='bbox 1787 2795 1791 2798; x_wconf 93' lang='lat'><em>-</em></span> 
     </span>
    </p>
   </div>
  </div>
