1936 3048
140 103 198 136 H9
816 102 975 134 GEORGII
997 101 1168 132 CEDRENI
1786 100 1853 132 120

129 171 250 200 tharum
266 171 454 207 ceciderunt;
470 172 499 199 et
513 179 613 199 eorum
628 170 773 207 phalange
797 170 854 198 alte
869 170 958 198 dissi-

1057 168 1191 206 ιχώρησιν
1218 166 1391 203 ποιούμενος*
1418 166 1550 195 ένέκειντο
1575 166 1597 195 δ’
1623 167 1650 195 οἳ
1677 166 1844 201 ΙΙατζινάκαι

130 218 210 253 pata,
227 215 366 244 cornibus
381 217 582 244 Romanorum
605 215 780 244 coeuntibus
805 215 835 243 in
864 214 962 242 medio

1057 224 1064 244 :
1089 213 1190 240 ἑαυτῶν
1217 211 1346 244 λύσαντες
1367 212 1465 248 τάξεις,
1495 212 1532 243 ὥς
1557 211 1630 250 τάχα
1644 211 1707 243 τοὺς
1729 211 1848 250 φεύγον-

131 260 306 297 deprehensi
322 259 481 288 Patzinacts
497 262 584 296 atque
606 259 635 287 in
652 261 752 288 orbem
769 258 963 287 circumventi

1057 268 1063 289 :
1092 257 1246 296 ἀφανίσαιεν
1263 255 1359 294 ἄρδην.
1385 257 1498 284 Ἐκεῖνοι
1528 255 1556 284 δὲ
1571 259 1615 284 νῦν
1634 256 1682 292 μὶν
1699 255 1850 295 φεύγοντες

132 315 190 335 non
208 306 258 334 diu
273 305 332 333 vim
349 305 565 341 sustinuerunt,
582 305 631 333 sed
650 305 790 333 inclinata
801 305 862 332 acie
873 312 962 340 prope

1057 302 1087 329 τὰ
1101 303 1213 338 τάξεως,
1239 304 1284 328 νῦν
1310 300 1331 329 δ’
1359 302 1571 340 ὑποστρέφοντες
1601 300 1647 328 καὶ
1676 301 1848 337 ἀμυνόμενοι

133 350 264 379 universi
279 352 351 378 sunt
365 350 465 378 occisi.

1057 357 1091 374 ιον
1122 347 1191 384 πρὸς
1219 346 1283 377 τοὺς
1307 346 1410 385 λόχους
1426 369 1433 375 .
1460 347 1533 374 Ἐπεὶ
1560 344 1589 373 εὶ
1618 345 1663 373 καὶ
1690 345 1716 377 ἒς
1747 346 1851 382 μέσους

134 394 259 433 ἐγένοντο
288 393 413 428 τούτους,
451 394 514 421 τότε
551 392 584 428 δὴ
623 393 726 424 ἀνέντες
763 392 828 424 τοὺς
865 391 1007 431 χαλινοὺς
1043 392 1165 429 ἀκρατῶς
1201 390 1323 430 ἔφευγον,
1357 391 1403 418 καὶ
1439 391 1465 418 οἱ
1496 391 1659 426 Πατζινάκρι
1689 389 1852 428 ἇκχυθέντες

135 438 259 470 ἀτάκτως
289 437 414 466 ἰδίωκον.
455 438 646 476 Ἐπιφανέντος
682 436 704 465 δ’
742 437 866 475 ἐξαίφνης
905 438 954 464 τοῦ
990 435 1138 474 μαγίστρου
1176 436 1243 472 μετᾶ
1274 436 1374 466 παντὸς
1410 437 1458 462 τοῦ
1487 437 1612 472 στρατοῦ,
1641 437 1680 470 τῷ
1708 433 1852 472 ἀπροσδο-

136 484 213 520 κήτῳ
239 482 457 520 καταπλαγέντες
485 483 535 517 τὴν
567 483 613 519 μέν
645 481 735 518 δίωξιν
763 481 878 519 ἐπέσχον
909 482 953 519 [Ρ.
969 482 1033 517 668]
1059 480 1090 508 οὐ
1120 481 1173 516 μήν
1204 491 1235 518 γε
1261 480 1306 507 καὶ
1329 480 1356 512 ἐς
1380 480 1469 519 φυγὴγ
1497 479 1618 516 ἀπεῖδον,
1645 479 1708 507 ἀλλ’
1737 478 1847 515 ἔμενον,

137 526 170 563 ἥν
196 537 237 559 τις
266 527 339 555 ἐπίοι
366 526 515 564 δεξόμενοι.
545 527 620 555 Μετὰ
643 525 760 564 σφοδρᾶς
790 525 818 553 δὲ.
848 526 938 565 ῥύμης
964 528 1019 552 τῶν
1048 526 1110 562 περὶ
1136 525 1182 553 τὸν
1211 525 1358 562 μάγιστρον
1389 524 1582 561 συμπεσόντων
1612 524 1718 558 αὐτοῖς,
1733 524 1778 551 καὶ
1793 527 1848 558 τῆς

140 572 242 607 λοιπῆς
271 572 410 611 φάλαγγος
432 570 541 599 ὄπισθεν
571 572 726 610 ἐρχομένης
757 572 814 608 μετ’
845 570 989 607 εὐκοσμίας
1018 570 1063 598 καὶ
1090 570 1201 606 τάξεως,
1230 569 1376 597 πίπτουσιν
1409 570 1487 602 εὐθὺς
1527 569 1553 596 οἱ
1577 568 1766 606 ἀλκιμώτεροι
1792 570 1852 596 τῶν

139 617 261 645 Σκυθῶν.
292 615 342 643 Καὶ
370 616 439 643 κατὰ
469 616 552 653 βάθος
576 619 624 650 τῆς
652 614 793 654 φάλαγγος
829 615 988 653 σχισθείσης
1023 614 1050 646 ές
1084 614 1183 650 μέσους
1208 614 1372 651 ἐμπίπτουσι
1396 613 1460 644 τοὺς
1485 612 1588 651 λόχους
1614 613 1641 640 οἱ
1671 612 1851 649 Πατζινάκαι,

136 662 192 689 τῶν
212 660 334 698 κεράτων
350 660 534 688 συνελθόντων
551 659 688 696 ἀλλήλοις
704 659 748 688 καὶ
763 659 900 688 κύκλωσιν
913 657 1147 688 ἀποτελεοάντων.
1165 659 1223 688 Ἐπ’
1242 658 1335 697 ὀλίγον
1363 657 1408 686 οὖν
1431 658 1605 696 ἀντισχόντες
1629 655 1780 691 ἰνέκλιναν,
1803 656 1852 684 καὶ

138 705 237 737 πάντες
252 703 350 743 σχεδὸν
366 704 563 740 κατεκόπησαν.

178 759 253 787 ³87
271 759 322 787 His
336 759 392 787 hoc
404 759 491 787 modo
506 758 601 792 victis,
615 758 725 786 Bardas
741 766 808 787 cum
823 766 858 786 ex
872 757 965 794 capti-

1057 756 1134 786 O’Jtu)
1154 756 1184 785 δὶ
1211 757 1324 790 τούτους
1351 755 1519 795 τρεψάμενος
1550 756 1564 783 ὸ
1594 753 1707 793 Βάρδας,
1735 755 1780 783 καὶ
1805 754 1854 783 διὰ

142 804 187 833 vis
202 803 398 832 intellexisset
412 803 541 839 reliquos
556 803 652 831 adhuc
677 804 805 840 integros
826 803 973 831 instructa

144 849 206 877 acie
220 855 352 885 pugnam
368 850 546 884 exspectare,
562 850 640 876 recta
654 848 685 875 in
699 856 749 876 eos
763 847 854 876 ducit.
873 847 894 874 Ii
906 855 972 875 vero

144 893 263 921 tametsi
287 900 389 920 recens
414 895 552 928 acceptus
584 892 619 920 de
644 892 864 920 Patzinacarum
889 891 972 919 clade

143 938 267 966 nuntius
280 937 393 965 animos
409 944 512 965 eorum
524 936 673 972 insperata
687 936 972 972 calamitateﬁractos

141 982 398 1017 dejeceragtamen
413 983 516 1009 mutuo
533 989 598 1009 sese
613 980 871 1016 cobortati,uscitis
881 980 970 1009 etiam

142 1026 194 1063 qui
208 1034 243 1054 ex
258 1026 326 1062 fuga
340 1025 539 1060 conﬂuebant,
555 1026 697 1054 Romanis
712 1028 880 1058 occurrunt,
896 1033 969 1061 pris-

142 1070 243 1098 missis
258 1070 408 1106 equitibus
424 1078 457 1098 ac
474 1070 724 1106 subsequentibus
739 1078 788 1098 eos
812 1069 968 1106 peditibus.

142 1115 238 1143 Primo
253 1123 414 1150 congressu
429 1115 543 1150 equites
565 1123 582 1142 α
609 1114 760 1149 Romanis,
785 1123 910 1150 quorum
927 1113 969 1141 vis

142 1158 264 1187 subsiin
281 1168 338 1186 non
356 1167 442 1194 posse
456 1159 620 1193 videbatur,
637 1159 736 1194 rejecti
753 1159 841 1194 inque
858 1158 968 1194 pedita-

142 1206 204 1231 tum
219 1203 364 1239 compulsi
379 1203 504 1232 sunt.lbi
516 1212 547 1232 se
562 1203 775 1239 recollegerunt
785 1205 813 1231 et
824 1205 968 1230 Romano-

143 1256 209 1276 rum
221 1247 364 1284 impetum
372 1248 767 1284 sustinuernnt.Aliquandiu
779 1248 866 1275 dubio
877 1247 968 1274 Marte

139 1294 307 1329 pugnatum
317 1294 372 1327 est,
386 1292 478 1320 donec
493 1292 598 1328 Scytha
612 1293 732 1328 quidam
748 1292 822 1320 mole
838 1291 969 1328 corporis

145 1339 173 1365 et
188 1336 292 1364 robore
307 1336 398 1364 animi
422 1336 528 1370 elatus,
553 1339 621 1364 ante
645 1336 730 1365 alios-
743 1344 922 1373 progressus,
937 1336 967 1364 in

144 1381 244 1417 ipsum
260 1381 351 1409 fertur
374 1381 511 1416 Bardam,
538 1381 589 1417 qui
611 1389 701 1417 eques
725 1381 843 1409 ordines
868 1381 969 1408 obibat

144 1427 233 1472 atque
248 1425 340 1472 dictis
348 1425 509 1472 animabat.
526 1425 625 1472 Hujus
636 1426 743 1454 cussidi
768 1425 875 1472 Scytha
899 1433 967 1472 cum
985 1438 1006 1472 Ο

143 1469 277 1506 gladium
292 1469 458 1505 inﬂixisset,
473 1469 532 1497 ictu
553 1469 704 1497 delabente
720 1473 844 1498 conatus
868 1469 970 1497 irritus

145 1514 210 1542 fuit.
226 1514 336 1542 Bardas
347 1522 413 1542 vero
429 1522 499 1542 ense
514 1514 627 1550 galeam
644 1514 757 1550 Scythae
777 1514 874 1542 feriit:
891 1516 919 1542 et
933 1514 970 1542 ob

145 1558 203 1587 vim
211 1566 315 1586 manus
329 1567 362 1586 ac
373 1559 441 1586 ferri
448 1561 635 1595 praestantem
645 1559 735 1587 tinctu
741 1567 801 1586 rem
811 1559 881 1587 ictui
890 1561 971 1587 tanta

145 1602 201 1631 fuit
216 1602 377 1631 efﬁcacitas
393 1605 425 1631 ut
440 1602 569 1631 medium
582 1603 720 1639 Scytham
731 1603 970 1631 dissecuerit.Sed

144 1651 172 1675 et
188 1647 400 1675 Constantinus
416 1647 672 1683 pstricius,Bardas
687 1648 788 1682 frater,
804 1648 895 1676 alium
906 1648 972 1684 Scy-

144 1692 240 1727 tham,
256 1691 306 1727 qui
320 1699 380 1720 una
393 1699 460 1720 cum
475 1692 571 1728 priore
586 1691 742 1728 ingruebat
756 1701 789 1720 ac
802 1701 834 1720 se
847 1693 971 1720 ferocius

145 1736 277 1771 gerebat,
295 1737 327 1764 ut
342 1736 425 1764 fratri
448 1736 653 1772 opitularetur,
677 1740 765 1772 caput
793 1737 876 1765 l‘erire
899 1737 970 1764 dum

145 1780 216 1815 vult,
234 1780 398 1809 declinante
421 1781 480 1808 ictu
497 1781 630 1815 barbaro,
647 1781 736 1816 hujus
750 1781 818 1817 equi
833 1781 972 1809 cervicem

145 1824 244 1861 gladio
254 1825 348 1861 tangit
357 1828 503 1861 caputque
510 1827 656 1861 amputat;
670 1826 892 1862 collapsumque
902 1827 970 1863 Scy-

145 1869 238 1904 tham,
255 1869 331 1897 888
348 1870 384 1898 ab
399 1878 474 1906 equo
491 1870 681 1902 descendens,
699 1878 787 1898 manu
800 1874 895 1898 mento
906 1871 971 1906 ejus

145 1914 400 1950 erreptojugulat.
409 1916 468 1942 Hoc
480 1914 593 1943 facinus
603 1914 743 1942 Romanis
754 1915 868 1943 animos
880 1915 970 1949 auxit,

145 1958 268 1995 Scythas
293 1961 391 1986 autem
417 1964 495 1986 metu
520 1959 666 1994 implevit;
683 1960 782 1995 itaque
805 1958 888 1986 obliti
905 1967 972 1987 mox

144 2002 262 2031 virtutis
277 2004 360 2039 terga
384 2003 538 2039 dederunt,
563 2005 741 2039 turpemque
765 2003 846 2031 nullo
871 2004 971 2031 ordine

145 2047 244 2083 fugam
269 2047 411 2080 fecerunt,
439 2055 514 2083 quos
536 2048 659 2075 insecuti
686 2047 809 2075 Romani
833 2056 970 2084 campum

144 2091 337 2120 cadaveribus
357 2091 558 2128 oppleverunt.
583 2091 684 2119 Plures
709 2091 870 2120 interfectis
894 2092 970 2127 capti

144 2137 226 2170 sunt,
242 2139 271 2164 et
286 2123 576 2172 superstites.paucis
591 2136 730 2173 demptis,
740 2144 842 2164 omnes
853 2123 971 2164 fuerunt
986 2123 1010 2154 D

144 2180 247 2208 saucii.
266 2180 407 2213 Quodnisi
425 2189 480 2209 nox
500 2180 639 2216 ingruens
661 2181 806 2209 Romanos
831 2189 848 2209 a
873 2189 968 2217 persa-

143 2225 260 2261 quendo
275 2225 359 2254 hoste
375 2228 549 2260 revocasset,
567 2234 652 2254 nemo
675 2234 745 2253 sane
764 2226 914 2254 evasisset.
931 2226 970 2254 De

143 2271 188 2298 tot
204 2269 359 2298 millitibus
376 2270 567 2298 barbarorum
585 2270 721 2306 perpauci
738 2271 945 2306 superfuerunt
962 2279 968 2300 :

143 2315 179 2343 de
196 2315 334 2344 Romanis
350 2315 380 2343 in
401 2315 463 2343 acie
488 2315 656 2343 ceciderunt
676 2314 729 2342 viri
754 2315 799 2350 25,
826 2315 970 2343 vulnerati

143 2362 214 2388 sunt
227 2359 366 2388 universi.

1026 811 1080 829 των
1103 801 1291 839 αἰχμαλώτων
1321 802 1412 838 μαθὼν
1441 801 1478 832 ὡς
1504 799 1549 828 καὶ
1565 800 1592 828 o't
1620 799 1714 828 λοιποὶ
1728 799 1855 837 ἀκμῆτες

1026 845 1101 877 ὄντες
1138 846 1320 884 προσμένουσι
1362 846 1571 883 συντεταγμένοι
1615 844 1660 872 τὸν
1699 844 1823 881 πόλεμον
1844 865 1853 878 ,

1025 890 1150 927 τρέπεται
1187 891 1237 925 τὴν
1274 890 1406 928 ταχίστην
1441 890 1509 928 πρὸς
1548 888 1674 920 ἐκείνους.
1712 889 1790 926 ’Ἄρτι
1827 887 1855 916 δ’

1026 934 1124 962 ἐκεῖνοι
1159 935 1191 962 τὸ
1229 936 1282 962 τῶν
1318 936 1492 969 Πατζινακῶν
1533 933 1679 972 ἐγνωκότες
1717 933 1853 971 ἀτύχημα

1025 979 1246 1015 κατεκλείσθησαν
1277 980 1325 1011 τὰς
1350 979 1448 1017 ίψυχὰς
1486 980 1525 1015 τῷ
1553 977 1681 1014 ἀδοκήτῳ
1708 981 1758 1013 τῆς
1783 988 1855 1014 συμ·

1025 1027 1120 1064 φορᾶς.
1159 1026 1254 1061 Ὅμως
1292 1024 1526 1062 παρακαλέσαντες
1559 1023 1670 1054 ἑαυτοὺς
1707 1022 1753 1050 καὶ
1784 1023 1853 1054 τοὺς

1025 1069 1055 1096 ἐκ
1078 1072 1127 1104 τῆς
1158 1073 1244 1108 φυγῆς
1282 1067 1470 1101 σκεδασθέντας
1501 1067 1732 1103 ἀνακαλεσάμενοι
1761 1077 1850 1104 προσ-

1024 1111 1157 1142 ϐάλλουσι
1196 1116 1254 1145 τοῖς
1283 1113 1447 1150 Ῥωμαίοις,
1477 1113 1504 1140 οἱ
1531 1113 1578 1149 μὲν
1604 1113 1696 1144 ἱππεῖς
1724 1111 1850 1150 προδρα-

1026 1158 1131 1194 μόντες,
1162 1159 1188 1186 οἱ
1218 1157 1246 1186 δὲ
1273 1159 1350 1193 πεζοὶ
1376 1158 1489 1185 κατόπιν
1518 1157 1676 1195 ἐρχόμενοι.
1699 1158 1742 1188 Ὡς
1758 1155 1786 1184 δὲ
1801 1157 1847 1184 καὶ

1023 1203 1090 1231 κατὰ
1117 1204 1167 1238 τὴν
1193 1203 1303 1240 πρώτην
1333 1200 1491 1240 προσϐολὴν
1508 1202 1676 1236 ἀνεκόπησαν
1704 1202 1730 1229 οἱ
1751 1202 1846 1232 ἱππεῖς

1022 1248 1068 1278 τὰς
1098 1247 1184 1285 ὁρμὰς
1215 1248 1266 1275 ὑπὸ
1302 1247 1446 1283 Ῥωμαίων
1481 1246 1669 1274 ἀνυποστάτιυν
1699 1246 1848 1283 φανέντων,

1023 1291 1191 1324 ἐκκλίναντες
1219 1292 1257 1323 εἷς
1285 1291 1348 1323 τοὺς
1377 1291 1474 1326 πεζοὺς
1505 1290 1716 1326 συνηλάθησαν.
1745 1291 1851 1319 Ἑκεῖσι

1023 1335 1052 1364 δὲ
1079 1336 1163 1364 πάλιν
1197 1337 1338 1374 γενόμενοι
1367 1333 1554 1373 ἀνελάμϐανον
1585 1335 1705 1368 ἑαυτοὺς,
1721 1335 1849 1366 καὶτοὺς

1023 1381 1173 1417 Ῥωμαίους
1196 1382 1362 1419 προσέμενον
1395 1380 1618 1418 ἐπερχομένους.
1658 1379 1706 1407 Καὶ
1735 1379 1768 1414 ἦν
1801 1379 1850 1416 μὶν

1025 1424 1090 1463 ἄχρι
1107 1426 1210 1461 τινὸςή
1228 1426 1305 1464 μάχη
1321 1425 1503 1463 ἀγχώμαλος,
1531 1425 1583 1456 ἓως
1613 1423 1644 1452 οὗ
1671 1424 1778 1458 Σκύθης
1808 1435 1853 1456 τις

1027 1470 1132 1508 μεγέθει
1169 1471 1295 1506 σώματος
1334 1471 1379 1497 καὶ
1416 1468 1510 1506 ἀνδρίᾳ
1538 1471 1631 1507 ψυχῆς
1659 1468 1850 1506 ἐπαιρόμενος,

1023 1517 1077 1542 τῶν
1106 1513 1199 1542 ἄλλων
1230 1513 1435 1552 ὑπερπηδήσας,
1465 1514 1505 1542 ἐπ’
1535 1513 1615 1541 αὐτὸν
1634 1514 1679 1541 τὸν
1699 1514 1849 1550 μάγιστρον

1025 1559 1133 1598 φέρεται
1159 1558 1364 1597 παριππεύοντα
1404 1558 1449 1586 καὶ
1485 1558 1534 1590 τὰς
1560 1557 1648 1594 τάξεις
1675 1557 1848 1596 παραθαῤῥύ-

1025 1614 1113 1638 νοντα,
1143 1604 1186 1631 καὶ
1217 1604 1286 1641 ξίφει
1315 1601 1388 1630 παίει
1416 1602 1484 1630 κατὰ
1508 1604 1557 1630 τοῦ
1583 1603 1709 1641 κράνους.
1737 1603 1790 1629 Τοῦ
1819 1600 1849 1628 δὶ

1026 1647 1119 1685 ξίφους
1143 1646 1396 1686 παρολισθήσαντος
1423 1646 1558 1685 ἄπρακτος
1587 1646 1689 1685 ἰγένετο
1718 1647 1736 1681 ἡ
1763 1645 1845 1684 βολή.

1025 1694 1125 1720 Τοῦτον
1156 1690 1184 1719 δὲ
1211 1692 1224 1719 ὁ
1255 1691 1400 1730 μάγιστρος
1427 1691 1496 1731 ξίφει
1523 1691 1598 1719 παίει
1626 1689 1694 1718 κατᾶ
1716 1692 1763 1718 τοῦ
1778 1690 1846 1728 κρά-

1025 1746 1097 1768 νους·
1116 1736 1192 1775 βάρει
1217 1735 1246 1764 δὲ
1270 1739 1320 1771 τῆς
1349 1737 1443 1774 χειρὸς
1468 1736 1513 1764 καὶ
1545 1736 1635 1775 βραφῇ
1661 1737 1710 1763 τοῦ
1732 1733 1847 1772 σιδήρου

1027 1781 1097 1809 οὕτω
1113 1780 1218 1818 γέγονεν
1235 1780 1342 1819 ένεργὸς
1369 1782 1386 1816 ὴ
1416 1780 1516 1817 πλῆξις
1541 1781 1578 1811 ὡς
1609 1779 1675 1818 δίχα
1694 1777 1758 1808 ὅλον
1788 1777 1844 1806 δια-

1025 1827 1164 1863 τμηθῆναι
1192 1825 1237 1853 τὸν
1267 1825 1385 1862 Σκύθην.
1415 1826 1464 1853 Καὶ
1490 1828 1690 1856 Κωνο-ταντῖνος
1708 1823 1737 1852 δὲ
1751 1823 1847 1862 πατρί-

1025 1881 1084 1902 κιος
1099 1871 1175 1898 ὁτοῦ
1192 1869 1341 1909 μαγίστρου
1365 1868 1492 1908 ἀδελφὸς,
1521 1872 1561 1906 τῷ
1590 1868 1699 1908 ἀδελφῷ
1726 1869 1847 1907 βοηθῶν,

1025 1915 1116 1953 ἓτερον
1132 1914 1238 1950 Σκύθην
1265 1912 1458 1951 συναιρόμενον
1491 1917 1531 1951 τῷ
1560 1914 1667 1952 ῥηθέντι
1683 1913 1728 1941 καὶ
1742 1913 1848 1949 ἰταμώ-

1024 1969 1102 1997 τερον
1132 1959 1281 1999 φερόμενον
1312 1962 1406 1987 παῖσαι
1437 1958 1504 1986 κατᾶ
1527 1959 1576 1994 τῆς
1600 1957 1723 1997 κεφαλῆς
1746 1957 1849 1985 ἐσπού-

1026 2003 1112 2031 δασεν·
1149 2003 1252 2031 ἐκείνου
1291 2002 1313 2031 δ’
1351 2002 1395 2031 ἐπὶ
1422 2003 1519 2040 θάτερα
1558 2001 1701 2034 κλίναντος
1742 2003 1848 2037 ἑαυτὸν,

1026 2046 1213 2085 διαμαρτήσας
1238 2048 1252 2075 ὁ
1275 2048 1477 2078 Κωνσῖαντῖνος
1501 2048 1644 2086 καταφέρει
1671 2047 1702 2075 τὸ
1719 2047 1794 2085 ξίφος
1809 2046 1849 2078 εἷς

1024 2093 1070 2120 τὸν
1086 2092 1187 2130 αὐχένα
1209 2095 1257 2120 τοῦ
1278 2091 1366 2120 ’ίππου
1382 2093 1427 2120 καὶ
1451 2092 1597 2129 ἀποτέμνει
1626 2094 1674 2120 τοῦ
1701 2091 1848 2129 τραχήλου

1024 2138 1073 2173 τήν
1098 2136 1231 2175 κεφαλήν.
1261 2138 1394 2169 Πεσόντος
1410 2136 1439 2165 δέ
1466 2139 1515 2165 τοῦ
1544 2137 1649 2168 Σκύθου
1679 2133 1786 2168 ἀποϐὰς
1799 2138 1847 2163 τοῦ

1021 2182 1111 2210 ’ίππου
1134 2183 1179 2210 καὶ
1200 2185 1234 2220 τῇ
1261 2183 1334 2221 χειρῖ
1358 2187 1408 2218 τῆς
1422 2181 1560 2221 γενειάδος
1588 2182 1754 2220 δραξάμενος
1782 2182 1847 2209 ἀπο-

1024 2228 1133 2267 σφάττει
1163 2229 1269 2257 τοῦτον.
1308 2227 1396 2256 Τοῦτο
1435 2228 1465 2255 τὸ
1503 2226 1590 2265 ἔργον,
1619 2226 1769 2263 Ῥωμαίους
1799 2226 1847 2262 μὶν

1025 2272 1161 2310 έπέριὲωσε
1189 2272 1233 2300 καὶ
1263 2271 1500 2311 θαρραλεωτέρους
1529 2272 1656 2307 ἐποίησε,
1687 2269 1789 2302 δειλίας
1818 2268 1848 2298 δὶ

1024 2317 1069 2344 καὶ
1098 2314 1185 2356 φόϐου
1212 2316 1276 2349 τοὺς
1303 2317 1408 2349 Σκύθας
1431 2316 1572 2352 ἐνέπλησε·
1598 2315 1643 2343 καὶ
1657 2315 1728 2353 ταχὺ
1752 2313 1848 2342 ἐπιλε-

1026 2360 1159 2398 λησμένοι
1176 2360 1262 2396 ἀλκῆς
1274 2362 1308 2389 τὰ
1321 2363 1396 2389 νῶτα
1418 2359 1562 2395 δεδώκασι,
1595 2360 1639 2388 καὶ
1664 2359 1788 2397 ἀσέμνως
1802 2360 1846 2387 καὶ

145 2403 213 2440 μετᾶ
228 2402 339 2438 πολλῆς
354 2401 468 2443 ἔφευγον
483 2402 626 2440 ἀκοσμίας.
645 2401 762 2430 Εἴποντο
779 2401 807 2431 δὲ
823 2404 965 2441 Ῥωμαῖοι,
980 2406 1025 2433 καὶ
1039 2406 1106 2433 ἅπαν
1120 2406 1151 2433 τὸ
1166 2404 1258 2434 πεδίον
1274 2408 1375 2443 νεκρῶν
1392 2405 1611 2442 ἐμπεπλήκασιν.
1623 2404 1750 2433 ’Πλωσαν
1766 2403 1794 2432 δὲ
1803 2404 1849 2432 καὶ

143 2447 256 2486 ζωγρίαι
270 2450 324 2476 τῶν
341 2448 477 2476 πεσόντων
492 2447 616 2480 πλείους.
633 2448 774 2486 Ἐγένοντο
792 2447 820 2476 δὲ
834 2449 878 2476 καὶ
894 2449 967 2485 πλὴν
984 2450 1084 2488 ὀλίγων
1101 2452 1197 2482 πάντες
1214 2452 1240 2478 οἱ
1255 2450 1473 2489 περιλειφθέντες
1495 2451 1670 2488 τραυματίαι.
1693 2453 1741 2480 Καὶ
1759 2449 1849 2483 οὐδεὶς

140 2492 170 2520 ἂν
188 2491 280 2530 διέδρα
293 2493 339 2520 τὸν
354 2491 475 2520 κίνδυνον
490 2493 531 2529 [Ρ.
547 2493 610 2529 669]
626 2492 649 2519 εἷ
666 2493 704 2528 μὴ
718 2493 761 2528 νὺξ
775 2493 883 2531 ξπιγενο
891 2494 958 2530 μένη
975 2493 1074 2533 ἐπέσχε
1086 2499 1137 2530 τῆς
1153 2494 1270 2532 διώξεως
1284 2495 1347 2526 τοὺς
1364 2495 1525 2532 Ῥωμαίους.
1543 2495 1594 2524 Καὶ
1610 2498 1663 2523 τῶν
1680 2496 1727 2533 μὶν
1747 2493 1847 2534 βαρϐά-

141 2547 196 2576 ρων
211 2536 240 2565 ἐκ
254 2536 390 2565 τοσούτων
408 2537 547 2575 μυριάδων
565 2537 657 2575 ὀλίγοι
673 2537 814 2570 παντελῶς
830 2537 990 2577 διεγένοντο.

141 2593 187 2610 νον
202 2583 307 2620 τοὸμοῦ
322 2593 348 2610 τι
369 2582 533 2619 σύμπαντες.

178 2636 316 2665 Nondum
340 2637 470 2665 conlecto
495 2637 629 2674 Scythico
654 2637 740 2671 bello,
761 2646 829 2666 cum
847 2637 965 2674 quidem

142 2681 274 2709 nondum
290 2689 424 2710 cruorem
437 2681 523 2710 istius
538 2681 628 2717 praelii
643 2681 761 2710 abluere
775 2682 917 2710 Romanis
932 2681 966 2710 li-

143 2725 375 2760 cuisset,litteris
388 2726 576 2763 imperatoris
589 2726 700 2755 Bardss
714 2726 810 2755 Durus
826 2726 862 2755 ad
878 2726 968 2762 impe-

144 2772 272 2802 ratorem
288 2774 435 2801 evocatur.
451 2771 505 2805 Qui
522 2774 553 2800 ut
567 2779 601 2800 eo
615 2771 705 2806 venit,
721 2771 824 2800 statim
845 2771 969 2807 jubetur

1012 2540 1143 2577 Ῥωμαῖοι
1161 2538 1189 2568 δὶ
1203 2538 1298 2567 ἔπεσον
1314 2539 1339 2567 ἰν
1354 2542 1388 2577 τῇ
1407 2540 1484 2578 μάχῃ
1499 2541 1545 2577 κε’,
1556 2540 1719 2579 τραυματίαι
1746 2539 1768 2568 δ’
1791 2539 1848 2578 έγέ-

1057 2636 1141 2667 Οὔπω
1168 2636 1248 2670 τέλος
1276 2638 1333 2676 εἶχε
1359 2640 1400 2675 τῷ
1428 2637 1547 2677 Σκληρῷ
1574 2639 1608 2666 τὰ
1635 2641 1682 2666 τοῦ
1712 2641 1846 2672 Σκυθικοῦ

1022 2682 1158 2719 πολέμου,
1186 2681 1249 2711 ούδὶ
1277 2683 1455 2721 προσεγένετο
1480 2686 1540 2715 τοῖς
1563 2683 1711 2720 Ῥωμαίοις
1739 2684 1787 2712 τὸν
1816 2684 1846 2712 ἐκ

1021 2730 1082 2762 τῆς
1113 2727 1206 2765 μάχης
1240 2726 1448 2759 ἀποπλύνασθαι
1483 2726 1593 2763 λύθρον,
1622 2728 1668 2756 καὶ
1696 2729 1845 2766 γράμματα

1022 2770 1115 2811 ἐφοίτα
1154 2770 1283 2809 βασιλικὰ
1312 2771 1484 2809 μετάκλητον
1514 2774 1643 2801 ποιοῦντα
1664 2772 1702 2806 εἶς
1731 2771 1844 2810 βασιλέα
