1928 3047
63 71 126 102 121

645 68 922 102 HISTORIARUM
944 68 1219 102 GOMPENDIUM.

1727 75 1786 106 122

59 139 110 165 τὸν
141 138 295 176 μάγιστρον
311 147 318 154 ·
345 138 376 166 ὃν
405 138 571 178 ἀφικόμενον
602 137 629 169 ἐς
656 137 706 171 τήν
734 135 820 164 ’Δσίαι

1038 136 1309 173 exercitu,quantus
1315 138 1465 174 proposito
1471 140 1626 168 certamini
1638 141 1787 172 videretur

62 182 148 211 κεύει
193 183 403 220 περαιωθῆναι,
443 183 479 211 τὰ
521 182 589 220 πρὸς
631 182 678 210 τὸν
724 180 902 218 προκείμενον

64 228 213 265 ἀρκοῦντα
250 227 341 265 ἀγῶνα
390 226 524 266 εἰληφότα
567 226 764 265 στρατεύματα,
800 226 903 262 Ἔτυχε

62 271 119 310 γὰρ
150 271 260 310 Βὰρδας
289 273 303 300 6
331 274 430 303 Φωκᾶς
468 270 589 310 ἀποδρὰς
623 270 649 306 ἐξ
678 269 838 307 ’Λμασείας,
867 269 900 304 ἣν

65 316 158 344 οἲκεῖν
188 317 372 355 κατεκὶκριτο,
399 316 466 353 μετὰ
502 318 636 354 συγγενῶν
670 315 715 343 καὶ
745 313 832 352 φίλων
857 313 901 341 καὶ

66 362 212 397 σνυήθων,
253 362 311 398 μεθ’
345 362 381 388 ὧν
418 361 527 401 ἀφανῶς
559 361 738 400 φυνωμόσατο
778 359 828 393 τήν
872 358 897 386 ἐν

66 405 258 442 Καππαδοκίᾳ
290 403 454 434 καταλαϐεῖν
494 406 664 443 Καισάρειαν,
693 405 801 432 κάκεῖσε
828 403 900 431 ἔται-

66 451 148 488 ρικὸν
166 451 221 478 οὐκ
246 449 339 489 ὀλίγον
362 450 499 488 ἀθροίσας,
523 450 559 478 ὥν
588 450 656 485 ἦσαν
680 447 790 487 ἕξαρχοι
812 449 838 476 οἱ
852 450 900 475 τοῦ

67 495 221 533 πατρικίου
264 493 418 523 Θεοδούλου
457 493 551 526 παῖδες
588 496 637 522 τοῦ
677 494 901 531 ΙΙαρσακουτηνοῦ

64 539 216 578 Θεόδωρος
245 540 291 568 καὶ
321 540 478 579 Νικηφόρος
506 539 551 567 καί
578 549 620 571 τις
648 538 790 574 πατρίκιος
814 536 901 568 ἄλλος

65 585 190 621 Συμεών
214 585 229 612 6
252 583 403 620 Ἀμπελᾶς,
441 582 564 620 διάδημα
587 583 710 621 περιθεὶς
739 583 827 618 ἑαυτῷ
857 581 900 609 καὶ

63 629 99 657 τὰ
132 628 222 657 λοιπὰ
259 632 310 664 τῆς
352 628 489 666 βασιλείας
530 627 685 665 ἀνειληφὼς
726 626 902 665 γνωρίσματα

65 673 241 702 ἀποστασίαν
266 673 335 701 κατὰ
359 675 408 701 τοῦ
435 672 570 711 βασιλέως
595 676 713 707 κινῆσαι,
736 673 785 699 τοῦ
799 671 901 708 πατρὸς

66 718 157 746 αὐτοῦ
172 718 290 749 Λὲοντος
314 720 363 746 τοῦ
391 717 601 756 κουροπαλάτου
623 717 687 748 τοὺς
719 718 765 753 μὲν
792 716 901 744 ἀναπεί-

66 773 167 794 σαντος
183 761 285 800 δώροις
310 763 346 793 ε’ίς
369 762 461 796 τοῦτο,
479 764 542 793 τοῦς
569 761 597 790 δὶ
619 761 795 799 ὑποσχέσεσιν
821 761 902 797 ἀξιω-

68 808 168 844 μάτων
197 807 243 835 καὶ
266 808 398 844 κτήσεων,
430 807 552 844 ὕπηρέτῃ
582 806 651 843 πρὸς
682 809 762 834 τοῦτο
792 815 900 843 χρησα-
919 828 942 860 Β

95 852 100 860 1
196 852 212 858 θ
258 855 272 860 .-
318 849 399 860 ..ριι
459 851 467 860 1
545 851 551 860 1
639 848 685 860 In,
711 850 733 860 I‘
817 849 839 860 ΒΧ
894 850 901 860 \

69 852 158 888 μένου
173 852 215 888 τῷ
239 855 290 887 τῆς
318 849 433 879 1Δϐύδου
458 851 610 888 ἦπισκόπῳ.
639 848 785 880 Ἐϐούλετο
815 849 902 878 δὲκαὶ

67 896 154 927 αὐτός
184 896 215 924 lx
236 899 286 931 τῆς
315 893 420 924 Λεσϐου
450 894 579 934 διαπερᾷν
610 895 697 934 λάθρα
727 894 774 922 σὺν
799 897 837 930 τῷ
852 895 904 930 υἱῷ

69 941 232 979 Νικηφόρῳ
247 941 286 972 εἷς
301 942 334 968 τὰ
358 940 402 969 ἐπὶ
428 939 538 978 Θρῆκην
564 940 666 978 χωρία.
690 939 859 971 Γνωσθέντος
876 937 904 965 δὲ

69 984 173 1013 τούτου
198 987 238 1021 τῷ
262 984 380 1023 βασιλεῖ,
407 984 465 1013 ἐπεὶ
488 985 532 1012 καὶ
550 985 564 1012 6
586 984 733 1014 ἆπίσκοπος
753 982 902 1019 συνειλημ-

76 1029 159 1065 μένος
175 1029 221 1057 καὶ
236 1029 301 1060 τοὺς
317 1029 450 1068 ἰλὲγχους
467 1029 522 1067 οὐχ
537 1029 595 1061 οἷός
605 1039 633 1056 τε
650 1029 685 1056 ὥν
704 1027 904 1066 διαδιδράσκειν

73 1074 164 1101 πάντα
177 1073 277 1109 ἐξοῖσεν
292 1074 330 1105 εἰς
344 1074 508 1112 τούμφανὲς,
532 1073 670 1112 παρεδόθη
691 1075 750 1104 τοῖς
767 1071 904 1103 δικασταῖς

75 1119 90 1146 6
104 1118 331 1156 κουροπαλάτης,
347 1119 390 1146 καὶ
416 1118 469 1146 ὐπὸ
493 1119 602 1146 πάντων
628 1118 731 1145 τούτων
750 1120 903 1156 προστιμᾶ-

74 1173 120 1191 ται
144 1164 268 1191 τεθνάναι
292 1163 338 1190 σὺν
363 1165 403 1199 τῷ
426 1164 477 1199 υἱῷ
493 1173 500 1180 ⁸
526 1163 721 1200 ἐπιεικέστερον
745 1160 774 1189 δὲ
794 1162 904 1200 χρησα-

78 1208 165 1244 μάνου
194 1210 244 1236 τοῦ
272 1207 416 1244 βασιλέως,
447 1207 572 1245 ἀειφυγίᾳ
608 1207 653 1234 καὶ
689 1206 743 1234 τῶν
770 1206 902 1243 ὀμμάτων

76 1252 206 1289 πηρώσει
229 1252 273 1280 καὶ
304 1252 387 1289 ἄμφω
415 1251 650 1286 καταδικάζονται,
680 1250 848 1286 λεληθότως,
866 1251 904 1281 ὡς

78 1296 264 1335 λέγιται,τοῦ
288 1297 423 1334 βασιλέως
452 1295 684 1335 παραγγείλαντος
704 1298 762 1327 τοῖς
791 1294 902 1331 δημίοις

77 1340 216 1378 μηδαμῶς
251 1341 300 1372 τὰς
343 1339 419 1378 ὅψεις
460 1341 564 1369 τούτων
610 1339 796 1376 λωϐήσασθαι,
830 1339 903 1367 ἀλλὰ

79 1385 193 1421 δοκησιν
235 1386 282 1422 μὶν
322 1388 472 1424 παρασχεῖν
518 1384 725 1425 ἐκτυφλώσεως,
766 1383 836 1422 ἔργῳ
879 1383 902 1411 δ’

79 1430 156 1458 ἇᾶσσιι
185 1431 298 1463 τούτους
325 1431 356 1458 τὸ
389 1430 490 1458 οἰκεῖον
530 1430 710 1468 ἀποφέρεσθαι
740 1431 805 1468 φῶς,
832 1429 900 1456 ἀπο-

78 1474 181 1513 κρύψαι
201 1473 230 1502 δὲ
258 1474 303 1502 καὶ
328 1475 370 1502 ὅτι
396 1474 629 1513 προστεταγμένον
657 1474 690 1509 ἢν
719 1476 799 1502 τοῦτο
828 1473 901 1512 παρὰ

957 181 1178 216 suﬂecturus,in
1195 182 1294 210 Asiam
1311 183 1573 219 trajicere.Etenim
1589 186 1699 215 Bardas
1709 187 1785 216 Pho-

956 233 1006 253 cas
1022 233 1056 253 ex
1073 226 1193 254 Amasia
1208 227 1394 263 profugus,in
1409 235 1500 264 quam
1516 228 1663 265 relegatus
1680 231 1784 267 fuerat,

956 270 1032 298 facta
1046 270 1159 299 occulte
1174 271 1391 307 conspiratione
1407 281 1474 300 cum
1489 274 1742 309 cognatis,amicis
1757 279 1788 304 et

955 314 1151 344 familiaribus
1161 315 1235 350 suis,
1245 319 1437 353 occupaverat
1456 318 1619 346 Caesaream
1634 319 1785 356 Cappado-

955 359 1119 396 cize,ibique
1137 361 1232 388 socios
1243 361 1320 389 haud
1344 370 1454 398 paucos
1478 363 1644 399 collegerat,
1655 372 1781 400 quorum

955 404 1102 441 principes
1117 407 1201 433 erant
1216 405 1267 433 ﬁlii
1285 406 1400 442 patricii
1427 406 1571 436 Tbeoduli
1592 410 1781 437 Parsacuteni

954 449 1125 477 Theodorus
1132 450 1393 486 etNioepborus,ac
1400 451 1516 487 quidam
1523 452 1663 488 patricius
1669 453 1783 482 Simeon

955 493 1158 529 Ampelas.His
1170 495 1262 523 fretus
1273 495 1349 524 889
1364 496 1470 524 Bardas
1481 497 1594 525 Phocas
1602 497 1782 534 opibus,dia-

955 538 1070 566 demate
1085 538 1265 575 reliquisque
1279 540 1394 575 imperii
1416 541 1585 577 insignibus
1610 543 1783 579 assumptis,

954 583 1095 610 adversus
1109 582 1316 619 imperatorem
1333 584 1505 613 seditionem
1517 587 1704 614 moverat.Ad
1717 595 1783 615 eam

955 627 1143 656 defectionem
1158 630 1240 663 pater
1251 629 1314 663 ejus
1325 629 1380 657 Leo
1390 630 1574 666 curopalates
1589 631 1663 659 alios
1679 639 1783 660 mune-

955 671 1050 705 ribus,
1066 672 1138 700 alios
1153 672 1330 708 dignitatum
1355 676 1384 702 et
1404 682 1494 709 opum
1521 675 1784 710 pollicitationibus

956 718 1224 751 permoverat,usus
1234 718 1268 745 ad
1286 717 1340 745 hoc
1352 718 1515 746 ministerio
1530 719 1659 756 episcopi
1670 721 1784 757 Abyde-

956 761 1006 795 ni;
1023 762 1111 797 atque
1135 761 1198 797 ipse
1222 764 1366 790 statuerat
1390 762 1558 791 clanculum
1583 772 1617 792 ex
1641 764 1731 792 Lesbo
1754 765 1784 792 in

956 805 1110 833 Thraciam
1122 814 1181 834 una
1189 814 1255 834 cum
1271 806 1331 834 ﬁlio
1343 815 1396 835 suo
1406 807 1568 844 Nicephoro
1578 809 1723 844 trajicere.
1733 809 1784 837 Hie

958 850 1140 886 curopalates
1160 859 1191 879 re
1215 851 1384 887 imperatori
1407 852 1518 880 delecta
1542 853 1784 889 (comprehensus

958 894 1036 922 enim
1051 894 1207 931 episcopus
1221 895 1379 931 Abydenus
1393 898 1422 924 et
1433 897 1584 925 convictus
1600 905 1661 926 rem
1689 901 1782 926 totam

958 938 1144 975 patefecerat)
1155 940 1308 975 judicibus
1322 941 1459 974 traditus,
1475 941 1513 969 ab
1528 942 1625 977 iisque
1637 945 1731 971 morte
1740 946 1788 971 est

958 991 1025 1010 cum
1040 983 1099 1011 filio
1111 983 1278 1012 damnatus.
1295 985 1350 1013 Sed
1367 985 1528 1021 imperator
1547 986 1590 1014 ita
1605 987 1784 1015 sententiam

959 1027 1104 1064 mitigavit
1127 1031 1160 1056 ut
1181 1031 1302 1065 uterque
1333 1029 1427 1058 oculis
1460 1031 1581 1059 orbatus
1607 1034 1783 1067 perpetuum

958 1072 1113 1101 exsularet.
1136 1073 1296 1109 Ferturque
1318 1074 1393 1102 clam
1416 1075 1604 1103 carniﬁcibus
1628 1076 1786 1105 mandasse

959 1125 995 1144 ne
1010 1117 1104 1146 oculis
1119 1126 1168 1146 eos
1184 1118 1342 1154 privarent,
1363 1120 1414 1147 sed
1437 1119 1577 1148 simulato
1592 1128 1641 1148 eos
1657 1129 1689 1148 se
1711 1121 1784 1148 σπο-

958 1162 1037 1190 disse
1051 1162 1148 1190 visum
1163 1163 1340 1191 incolumem
1357 1163 1430 1199 ipsis
1453 1164 1663 1200 relinquerent,
1688 1173 1784 1202 neque

959 1207 1098 1234 mandato
1112 1207 1140 1234 id
1157 1215 1188 1235 se
1202 1208 1396 1244 imperatoris,
1412 1209 1461 1236 sed
1481 1209 1663 1237 humanitate
1687 1212 1782 1238 motos

958 1251 1063 1279 fecisse
1076 1260 1133 1286 prae
1149 1260 1180 1279 se
1206 1252 1323 1280 ferrent.
1351 1253 1378 1280 Is
1401 1255 1464 1280 tum
1490 1253 1543 1280 fuit
1565 1253 1660 1281 exitus
1685 1263 1782 1282 rerum

957 1296 1293 1332 curopalataeﬂaaterum
1310 1297 1407 1325 Durus
1424 1300 1456 1325 ut
1470 1297 1499 1325 in
1517 1298 1614 1326 Asiam
1639 1299 1674 1326 ad
1691 1299 1782 1335 Dory-

956 1339 1041 1368 leaum
1057 1341 1198 1376 pervenit,
1215 1341 1310 1376 primo
1325 1341 1451 1369 Phocam
1467 1344 1495 1369 et
1510 1343 1574 1377 ejus
1588 1343 1783 1378 conspiratio-

957 1385 1003 1412 nis
1015 1385 1168 1420 populares
1175 1385 1422 1421 promissionibus
1433 1386 1619 1422 splendidisa
1631 1387 1782 1423 proposito

956 1429 1098 1457 deducere
1113 1429 1245 1457 tentavit.
1262 1430 1450 1458 Mandaverat
1465 1431 1543 1458 enim
1556 1431 1613 1467 ipsi
1622 1431 1783 1467 imperator

955 1476 988 1501 ut
1003 1474 1098 1510 quoad
1114 1475 1179 1510 ejus
1202 1474 1322 1503 omnino
1338 1475 1400 1503 ﬁeri
1425 1478 1535 1511 posset,
1559 1484 1665 1503 manus
1688 1476 1783 1504 civilis

76 1521 124 1546 τοῦ
157 1518 305 1558 βασιλέως,
333 1520 439 1551 ἑαυτοῖς
469 1518 498 1547 δὶ
525 1519 557 1547 τὸ
587 1518 664 1557 ἔργον
694 1519 832 1546 ἀναθέσθαι

1020 1519 1111 1555 guinis
1126 1527 1215 1554 puras
1230 1522 1367 1547 servaret.
1384 1520 1541 1555 Postquam
1558 1528 1625 1548 vero
1641 1520 1670 1548 id
1687 1521 1740 1549 abs
1751 1529 1781 1549 re

73 1565 146 1601 τάχα
188 1563 510 1603 φιλανθρωπευσαμὶνοις
552 1564 596 1591 καὶ
633 1563 830 1601 χαρισαμένοις
868 1563 900 1590 τὸ

75 1608 187 1646 βλέπειν
208 1609 310 1640 αὐτοῖς.
340 1608 392 1636 Καὶ
419 1608 453 1636 τὰ
483 1609 531 1645 μὲν
558 1610 607 1636 τοῦ
628 1607 836 1646 κουροπαλάτου
863 1607 901 1639 εἷς

72 1655 154 1680 τοῦτο
185 1652 333 1680 ἐτελεύτα·
381 1651 476 1684 διαϐὰς
517 1651 546 1680 δὲ
586 1653 600 1680 6
630 1652 757 1689 Σκληρὸς
784 1652 821 1682 εἰς
849 1652 899 1686 τήν

75 1697 168 1725 Ἀσίαν
194 1697 243 1725 κάν
269 1699 309 1734 τῷ
345 1696 489 1735 Δορυλαίῳ
527 1696 668 1735 γενόμενος
711 1699 818 1734 πρῶτον
852 1697 899 1732 μὲν

75 1741 241 1780 ἀπεπειρᾶτο
256 1743 304 1769 τοῦ
325 1744 409 1770 Φωκᾶ
432 1742 476 1769 καὶ
498 1744 552 1769 τῶν
574 1752 664 1778 τουτῳ
687 1740 898 1779 συναιρομένων,

75 1785 102 1813 εἴ
127 1797 188 1817 πως
217 1786 344 1822 συνηθείη
377 1785 457 1818 αὐτὸς
494 1787 600 1824 ἀγαθῶν
631 1786 807 1824 ὑποσχέσεσιν
836 1786 900 1812 ἁπο-

74 1833 170 1865 στῆναι
194 1833 286 1858 πεῖσαι
316 1832 369 1858 τῶν
393 1828 618 1868 βεϐουλευμένων
644 1831 698 1867 (καὶ
726 1831 776 1868 γὰρ
806 1828 839 1865 δὴ
853 1830 899 1857 καὶ

73 1874 259 1913 παραγγελίαν
290 1875 362 1912 εἶχεν
387 1874 418 1902 ἐκ
442 1874 576 1912 βασιλέως
601 1875 639 1906 ὡς
662 1874 774 1902 ἀνυστὸν
798 1874 900 1912 ἀγωνί-

73 1926 167 1952 σασθαι
211 1919 350 1958 ἐμφυλίου
403 1917 520 1956 αἵματος
566 1920 684 1957 καθαρὰς
735 1918 898 1957 διατηρῆσαι

74 1964 122 1995 τὰς
163 1965 295 2002 χεῖρας)”
326 1964 363 1995 ὡς
404 1963 427 1991 δ’
469 1963 612 1999 ἀνηνύτοις
650 1963 721 2001 ἔγνω
749 1963 897 2001 ἐπιχειρῶν

76 2008 266 2047 (ἐθρασύνοντο
289 2008 339 2046 γὰρ
370 2007 477 2045 μᾶλλον
515 2007 533 2043 ἤ
559 2008 724 2046 ἐχαυνοῦντο
747 2011 807 2039 ταῖς
835 2018 899 2046 πρε-

74 2051 176 2084 σϐείαις
194 2053 220 2081 οἱ
250 2052 421 2087 ἀποστάται),
451 2052 533 2091 ἔργου
559 2051 614 2088 ἤδη
642 2051 770 2080 ἅπτεσθαι
799 2051 896 2090 ἔκρινε,

76 2098 116 2135 [Ρ.
141 2098 205 2134 670]
231 2097 276 2124 καὶ
292 2097 345 2128 ,τὸν
376 2097 488 2134 στρατὸν
516 2096 624 2135 ἀγείρας
651 2097 733 2134 ἀπῄεί
758 2097 823 2134 πρὸς
845 2097 894 2131 τὴν

71 2142 246 2180 Καισάρειαν.
275 2142 358 2179 Ὀτιερ
393 2142 419 2169 οἱ
454 2141 500 2168 σὺν
540 2144 580 2178 τῷ
619 2144 703 2177 Φωκᾷ
737 2141 895 2179 ἐγνωκότες,

70 2186 116 2214 καὶ
138 2186 170 2214 τὸ
194 2185 235 2214 ἐπ’
264 2184 380 2221 ἀδήλοις
409 2185 514 2214 ἐλπίσιν
545 2185 670 2230 ὀχεῖσθαι
697 2185 832 2230 ἐάσαντες,
850 2186 895 2214 καί
911 2198 934 2230 D

71 2232 104 2259 τὰ
128 2229 153 2258 δν
183 2230 263 2268 χερσὶ
291 2231 522 2268 προτιμήσαντες,
551 2230 598 2261 τὰς
624 2229 654 2258 ἐκ
681 2232 731 2258 τοῦ
762 2229 896 2268 βασιλέως

74 2275 219 2312 διδομένας
245 2274 339 2306 αὐτοῖς
367 2273 471 2312 δωρεὰς
494 2274 632 2312 δεξάμενοι
656 2276 751 2306 νυκτὸς
774 2275 894 2314 ἐπιγινο-

77 2321 159 2357 μένης
187 2318 374 2356 αὐτομολοῦσι
400 2319 469 2356 πρὸς
492 2319 538 2348 τὸν
566 2319 703 2357 Σκληρὸν,
716 2322 825 2358 πρῶτος
846 2320 893 2357 μὲν

75 2366 89 2393 6
106 2364 231 2402 Διογένης
259 2362 454 2401 Ἀδράλεστος,
486 2364 542 2392 εἶτα
568 2364 614 2392 καὶ
643 2365 657 2392 6
683 2363 823 2402 ’Δμπελᾶς
849 2364 894 2392 καὶ

72 2410 96 2437 οἱ
111 2411 158 2437 τοῦ
172 2407 326 2436 Θεοδούλου
351 2407 457 2443 παῖδας,
474 2409 501 2436 οἱ
524 2408 570 2436 καὶ
590 2409 622 2436 τὸ
641 2412 691 2436 πᾶν
711 2413 762 2444 τῆς
777 2410 894 2436 ἀποστα-

75 2454 132 2484 σίας
171 2452 448 2491 προκαταρτύσαντες,
489 2453 535 2481 καὶ
583 2453 677 2492 ἐφεξῆς
719 2455 750 2481 τὸ
795 2453 892 2481 λοιπὸν

75 2499 141 2526 ἅπαν
170 2499 288 2532 πλῆθος,
317 2497 356 2528 ὡς
387 2497 469 2534 μόνον
494 2498 593 2536 ἀθρόον
631 2499 698 2534 μετὰ
719 2500 773 2525 τῶν
798 2498 893 2525 ἑαυτοῦ

75 2541 242 2581 θεραπόντων
278 2541 489 2581 περιλειφθῆναι
527 2542 573 2570 τὸν
605 2545 716 2571 ψωριᾶν.
744 2543 838 2578 Πάσης
864 2541 894 2570 δὲ

72 2586 194 2626 βοηθείας
236 2583 341 2623 ἔρημος
384 2586 463 2618 οὗτος
513 2586 698 2627 ἄπολειφθεὶς,
742 2587 786 2614 καὶ
832 2586 892 2623 ἀνίᾳ

73 2629 226 2671 βαπτισθεὶς
255 2630 300 2657 καὶ
338 2629 412 2668 λύπῃ
452 2632 520 2659 κατά
556 2634 610 2660 τῶν
639 2631 891 2669 παρακινησάν-ιων,

108 2741 116 2759 ¹
132 2738 211 2768 Psal.
226 2745 322 2774 xxxxv,
339 2739 366 2767 3.

956 1571 986 1591 se
993 1563 1092 1591 conari
1103 1563 1180 1591 390
1199 1563 1272 1591 vidit
1285 1564 1403 1600 (quippe
1412 1563 1543 1592 seditiosi
1556 1564 1660 1600 legatis
1671 1565 1782 1593 auditis

955 1609 1056 1644 potius
1071 1608 1266 1636 efferebantur
1294 1616 1383 1644 quam
1408 1610 1441 1636 ut
1462 1609 1624 1645 quidquam
1639 1610 1780 1638 concede-

955 1654 1041 1688 rent),
1066 1661 1126 1680 rem
1151 1661 1250 1688 gerere
1284 1653 1420 1687 intendit,
1448 1653 1627 1690 collectoque
1651 1655 1779 1683 exercitu

954 1700 1113 1725 Caesaream
1130 1697 1223 1733 petiit.
1237 1698 1270 1725 At
1289 1697 1359 1725 socii
1375 1698 1476 1726 Phocea
1493 1706 1526 1725 eo
1555 1698 1683 1734 cognito,
1711 1707 1779 1735 spes

953 1743 1081 1770 incertas
1096 1742 1286 1778 repudiantes
1300 1742 1396 1779 iisque
1411 1743 1440 1770 in
1457 1747 1591 1779 promptu
1609 1743 1666 1772 sita
1681 1744 1778 1780 praefe-

954 1789 1063 1819 rentes,
1082 1787 1210 1822 acceptis
1230 1795 1295 1822 quae
1319 1787 1356 1814 ab
1378 1787 1554 1822 imperatore
1583 1787 1780 1816 ollerebantur

953 1831 1135 1865 muneribus,
1152 1835 1235 1859 nocte
1250 1832 1326 1860 facta
1342 1832 1378 1859 ad
1394 1832 1518 1860 Bardam
1542 1833 1778 1868 transfugerunt,

953 1876 1067 1912 primus
1093 1876 1226 1903 omnium
1253 1876 1396 1912 Diogenes
1420 1876 1603 1910 Adralestus,
1629 1877 1735 1906 deinde
1749 1881 1779 1905 et

953 1920 1088 1956 Ampelas
1111 1922 1140 1948 et
1168 1920 1310 1948 Theoduli
1341 1921 1405 1956 filii,
1440 1921 1491 1956 qui
1527 1924 1661 1950 auctores
1684 1922 1777 1950 totius

952 1964 1122 1992 defectionis
1138 1965 1271 1998 fuerant;
1287 1966 1351 1992 tum
1367 1964 1481 2000 reliqua
1492 1965 1589 1993 omnis
1605 1965 1777 2001 multitudo,

951 2008 993 2036 ita
1005 2011 1038 2036 ut
1060 2008 1142 2037 solus
1167 2017 1234 2036 cum
1260 2009 1323 2037 suis
1349 2009 1469 2037 famulis
1490 2010 1602 2037 Pbocas
1623 2010 1777 2039 manserit.

950 2055 1045 2088 Atque
1070 2053 1117 2081 hic
1149 2053 1229 2081 omni
1262 2053 1422 2081 destitutus
1455 2053 1574 2086 auxilio,
1609 2054 1777 2089 aegritudini

951 2097 1043 2125 animi
1061 2099 1146 2133 atque
1170 2097 1366 2133 indignationi
1395 2098 1536 2125 adversus
1562 2105 1612 2126 eos
1635 2099 1687 2134 qui
1708 2106 1776 2126 eum

950 2142 1032 2178 prius
1046 2143 1081 2170 ad
1096 2141 1286 2170 rebellionem
1301 2142 1459 2170 incitarant
1476 2144 1566 2177 atque
1587 2145 1649 2170 tum
1675 2143 1777 2179 prodi-

950 2186 1051 2214 derant
1074 2186 1244 2222 immersus,
1273 2188 1358 2214 nocte
1378 2187 1441 2222 jam
1476 2186 1631 2222 ingruente
1660 2188 1775 2223 sopitus

950 2233 1004 2258 est.
1022 2231 1073 2258 Per
1088 2239 1223 2259 somnum
1247 2230 1424 2267 imaginatus
1441 2233 1485 2258 est
1499 2230 1632 2266 quiritari
1654 2239 1686 2258 se
1710 2231 1776 2258 ani-

951 2283 1058 2311 moque
1073 2275 1185 2311 angi,et
1198 2277 1232 2303 de
1247 2275 1283 2303 iis
1299 2275 1348 2311 qui
1365 2275 1475 2310 injuria
1490 2276 1588 2310 ipsum
1604 2275 1774 2309 affecerant,

950 2320 992 2348 sic
1009 2321 1064 2348 Deo
1080 2320 1220 2356 conqueri
1238 2329 1244 2348 :
1263 2331 1273 2345 ι
1293 2320 1425 2354 Domine,
1441 2319 1582 2347 ulciscere
1595 2328 1655 2354 eos,
1667 2319 1717 2356 qui
1729 2328 1775 2348 me

948 2365 1160 2392 infestarunt‘.
1178 2375 1191 2389 »
1206 2367 1338 2400 Cumque
1364 2364 1513 2400 reliquum
1534 2364 1641 2400 psalmi
1666 2364 1773 2393 addere

948 2409 1044 2444 vellet,
1059 2417 1159 2437 vocem
1185 2409 1288 2437 audire
1313 2417 1375 2444 quae
1402 2409 1536 2445 progredi
1558 2411 1679 2443 vetaret,
1695 2410 1774 2445 quod

948 2454 1056 2482 diceret
1067 2453 1209 2490 reliquam
1223 2453 1364 2481 carminis
1377 2455 1559 2490 partemjam
1574 2461 1638 2482 esse
1654 2462 1671 2482 a
1682 2454 1775 2482 Barda

948 2501 1144 2534 anteceptam.
1162 2498 1294 2526 Surrexit
1309 2506 1377 2534 ergo
1392 2498 1616 2531 tremebundus,
1634 2498 1776 2534 omnique

947 2551 979 2571 se
997 2551 1049 2579 spe
1064 2543 1207 2571 excidisse
1227 2543 1340 2577 videns,
1363 2545 1396 2571 ut
1421 2545 1484 2570 erat
1507 2543 1682 2578 instructus,
1706 2551 1774 2570 cum

947 2588 1009 2616 suis
1029 2596 1119 2624 equos
1142 2587 1324 2623 conscendit,
1352 2587 1478 2624 fugaque
1500 2587 1653 2616 castellum
1682 2587 1775 2623 Tyro-

947 2641 1043 2669 pmum
1061 2631 1151 2668 petiit.
1168 2632 1278 2660 Bardas
1304 2626 1353 2660 ubi
1370 2633 1405 2660 de
1430 2632 1500 2668 fuga
1523 2632 1587 2668 ejus
1609 2631 1716 2660 certior
1731 2633 1776 2659 est
