1936 3048
109 70 168 102 133

106 183 262 211 occurrant
275 183 305 209 et
326 183 485 216 antequam
509 180 664 209 castellum
692 180 781 208 intret
801 188 935 217 compre-

107 227 248 255 hendant.
273 226 293 254 li
317 225 414 253 citatis
435 226 509 253 89]
544 225 630 261 equis
653 225 728 254 vecti
752 225 880 254 Phocam
905 226 935 254 in

108 280 212 306 campo
239 272 442 306 assequuntur
468 270 593 305 jamiam
618 270 678 297 imo
705 270 796 298 monti
823 271 853 298 in
879 279 936 307 quo

114 314 268 344 castellum
297 317 360 342 erat
373 315 464 342 situm
487 315 676 342 subeuntem.
705 314 772 342 Erat
797 315 874 343 inter
888 323 937 343 eos

109 360 232 388 audacia
246 361 275 387 et
298 358 396 387 indole
419 359 557 395 princeps
583 359 796 388 Constantinus
810 359 936 388 Charon.

107 405 137 432 Is
153 403 274 439 reliquis
297 411 315 431 a
340 406 421 440 tergo
447 403 557 431 relictis
582 403 712 432 Phocam
737 404 823 432 citato
848 413 936 432 cursu

107 449 263 476 insecutus
287 452 341 481 est,
367 456 470 484 agmen
496 456 619 476 suorum
644 448 829 477 claudentem
857 452 885 477 et
901 449 937 477 ad

107 496 226 521 strenue
241 492 454 521 defendendam
469 493 531 521 vim
556 495 702 529 paratum.
723 493 807 521 Hunc
822 494 936 522 Charon

106 538 222 566 eminus
238 540 429 574 conspectum
445 546 513 565 cum
525 539 810 574 agnasceret,turpia
824 538 853 566 in
869 547 936 566 eum

102 583 175 618 jecit
187 582 325 616 convitia,
347 582 519 618 degenerem
550 586 580 610 et
607 583 744 610 timidum
773 583 938 619 appellans,

104 627 274 663 jubensque
298 626 448 663 paulisper
472 627 570 662 operi,
593 627 662 655 dum
690 627 844 663 praemium
861 628 938 655 defe-

106 671 213 700 ctionis
235 671 391 707 acciperet.
415 671 524 699 Phocas
548 671 745 699 contumelias
770 672 939 706 inaudiens,

108 723 203 751 neque
228 716 369 752 ignorans
395 715 446 752 qui
478 724 526 744 eas
543 716 678 752 jactaret,
712 716 839 745 inhibito
864 725 939 753 equo

109 769 141 789 se
155 760 295 789 Charonti
311 760 446 794 obvertit,
463 763 492 789 et
514 771 529 786 «
542 761 631 796 Heus,
656 761 765 797 inquit,
787 761 941 797 oportebat

111 807 140 834 te
154 804 380 834 instabilitatem
399 805 536 833 humanis
557 805 680 833 fortuna;
705 806 937 834 considerantem

112 858 171 878 non
187 850 372 886 exprch‘rare,
389 857 484 885 neque
499 849 642 878 insultare
665 849 778 878 homini
801 850 865 886 ejus
880 851 938 879 im-

110 894 255 931 probitate
270 894 300 922 in
324 894 401 922 hane
420 895 551 930 conjecto
577 894 795 929 necessitatem,
819 896 870 923 sed
887 895 939 923 mi-

111 940 203 968 serari
219 939 317 976 potius
332 947 429 967 meam
446 939 657 976 calamitatem,
673 940 734 968 nati
755 941 838 976 patre
853 949 939 968 curo-

113 984 225 1020 pnlata,
247 992 299 1012 avo
323 985 445 1018 Caasare.
471 985 576 1020 patruo
598 984 791 1020 imperatore;
817 985 941 1022 ejusque

116 1029 201 1063 adeo,
227 1027 279 1065 qui
301 1036 368 1057 cum
392 1030 422 1056 et
445 1029 505 1056 dux
528 1029 634 1057 fuisset
656 1031 685 1057 et
707 1029 785 1058 inter
809 1038 942 1058 summos

112 1075 297 1108 numeratus,
314 1081 391 1101 nunc
406 1073 544 1101 extremis
560 1073 777 1102 calamitatibus
793 1076 882 1110 atque
896 1074 941 1103 in-

114 1118 252 1146 fortuniis
266 1125 392 1154 premor.
409 1133 444 1139 -—-
460 1128 475 1143 ››
491 1118 534 1145 Ad
550 1118 611 1146 haec
625 1118 750 1152 Charon,
766 1129 781 1145 «
798 1119 942 1153 Recte,in-

118 1163 194 1199 quit,
210 1163 310 1199 pueris
322 1162 393 1196 haec,
414 1162 548 1198 sceleste,
571 1163 747 1198 dicerentur,
773 1164 824 1200 qui
845 1164 941 1192 verbis

117 1206 181 1235 ludi
196 1209 324 1243 queant:
341 1215 387 1235 me
401 1207 449 1235 his
464 1208 552 1244 nugis
567 1215 625 1235 non
649 1208 787 1243 decipies.
803 1219 817 1233 »
833 1208 940 1236 Simul-

116 1260 172 1287 que
194 1259 269 1288 equo
289 1251 453 1279 calcaribus
486 1251 636 1279 stimulato
665 1252 792 1280 ferocius
816 1252 938 1281 invadit.

113 1297 189 1324 Tum
205 1296 316 1324 Phocas
332 1295 456 1330 clavam,
473 1304 562 1332 quam
578 1297 633 1324 sub
649 1297 857 1333 paludamento
873 1305 942 1333 pen-

113 1341 229 1368 dentem
246 1341 368 1375 ferebat,
385 1340 499 1376 arripit,
515 1340 691 1376 obviumque
705 1349 737 1370 se
759 1342 866 1377 ferens,
882 1343 939 1371 iclu

112 1385 142 1413 in
159 1387 248 1421 caput
262 1385 400 1421 impacto,
414 1385 491 1413 392
504 1385 561 1413 leto
577 1386 627 1413 dat
647 1385 833 1423 Charontem,
858 1387 941 1423 galea

114 1430 189 1458 nihil
205 1431 347 1458 adversus
367 1430 425 1458 vim
449 1430 540 1467 plagas
552 1431 684 1466 valente;
701 1434 730 1459 et
753 1440 828 1468 equo
850 1432 940 1461 frenis

113 1483 215 1504 averso
231 1474 401 1502 institutum
417 1475 472 1503 iter
492 1475 689 1511 prosequitur.
717 1476 789 1504 Cum
813 1485 880 1505 vero
895 1477 940 1505 in-

112 1519 300 1556 sequentium
316 1519 421 1555 reliqui
437 1528 470 1548 eo
485 1520 698 1556 pervenissent,
714 1521 852 1549 cadavere
867 1521 940 1550 Gha-

113 1564 208 1593 rontis
222 1566 423 1600 conspecto,re
437 1563 597 1600 improvisa
612 1566 789 1593 consternati
802 1566 941 1594 substite-

113 1610 194 1644 runt,
219 1608 336 1636 nemine
359 1616 460 1636 eorum
485 1609 563 1637 ultra
586 1610 721 1645 progredi
745 1611 942 1639 andente.1ta

116 1653 225 1681 Phocas
240 1653 429 1681 securitatem
447 1656 551 1681 nactus
573 1654 602 1681 in
624 1653 776 1682 castellum
801 1656 940 1691 pervenit.

114 1700 179 1726 Mox
200 1698 303 1726 eodem
330 1698 438 1725 Bardas
475 1698 607 1732 recessit,
641 1698 881 1735 continenterque
905 1700 941 1727 ad

114 1742 242 1770 Phoeam
257 1742 358 1770 missis
371 1742 574 1777 internuntiis,
591 1743 764 1778 interposito
771 1744 941 1779 juramento

116 1786 301 1815 confirmavit
327 1795 359 1814 se
382 1787 477 1823 ipsius
508 1795 572 1815 eam
595 1795 696 1816 curam
727 1796 827 1824 gerere
853 1797 940 1824 quam

115 1831 212 1859 affinis
228 1831 335 1859 habere
351 1840 404 1868 par
415 1833 493 1860 esset
509 1832 590 1868 (nam
606 1832 715 1868 Sophia
734 1832 837 1862 Phocae
860 1842 943 1862 soror

115 1875 308 1904 Constantino
336 1876 406 1904 Duri
433 1876 516 1904 fratri
541 1878 705 1913 nupserat),
734 1878 885 1914 suasitque
908 1880 942 1906 ut

115 1920 287 1956 imperatori
303 1929 334 1948 se
350 1921 479 1956 dederet,
495 1921 708 1957 impetraturus
730 1923 765 1949 ab
790 1931 823 1950 eo
848 1923 942 1950 rebel-

117 1964 204 1992 lionis
217 1964 344 1992 veniam.
361 1966 462 2001 Itaque
486 1965 543 1993 ﬁde
565 1973 581 1993 a
602 1966 700 2000 jurato
725 1966 801 1994 Duro
826 1970 944 2003 accepta

118 2009 240 2044 Phocas,
266 2008 340 2037 nihil
364 2009 394 2036 in
419 2017 450 2037 se
471 2011 555 2037 atrox
577 2012 722 2038 statutum
746 2011 793 2045 iri,
815 2011 884 2039 huic
912 2019 943 2039 se

117 2060 246 2090 suosque
262 2053 352 2081 dedit.
368 2053 588 2089 Contentusque
602 2054 657 2082 hac
672 2063 758 2091 poena
780 2055 836 2083 fuit
851 2056 942 2091 impe-

119 2100 198 2125 rator
214 2099 246 2125 ut
261 2105 328 2125 eum
344 2097 483 2126 clericum
496 2097 605 2126 factum
620 2098 650 2126 in
663 2099 768 2127 Chium
785 2099 942 2136 relegaret;

115 2145 145 2171 et
159 2145 270 2170 Durum
285 2150 352 2170 eum
369 2142 511 2178 expeditis
526 2143 697 2171 cohortibus
715 2143 805 2180 jussit
816 2144 846 2172 in
863 2144 943 2173 Occi-

116 2187 234 2215 dentem
250 2186 365 2215 reverti.

783 67 941 99 GEORGII
962 67 1134 98 CEDRENI

105 137 206 172 frctas,
224 135 376 173 expeditos
400 135 514 172 equites
541 135 645 169 mittit,
678 135 730 172 qui
753 134 887 164 celeriter
907 135 932 164 ei

993 134 1048 162 εἶτα
1073 132 1299 172 προδεδωκότων,
1338 134 1493 172 κατηνίχθη
1525 133 1594 171 πρὸς

1753 66 1817 97 124

1636 131 1718 161 ὕπνον
1756 131 1814 168 ἤδη

990 180 1085 210 νυκτὸς
1113 179 1272 214 ἐπιστάσης.
1306 178 1418 215 ’Έδοξεν
1455 177 1501 207 οὖν
1540 179 1686 206 ὑπνώττων
1716 177 1816 215 ἀγανα-

990 226 1062 251 κτεῖν
1088 223 1133 251 καὶ
1161 223 1253 252 ἀλύειν
1279 223 1324 251 καὶ
1357 224 1419 262 περὶ
1442 225 1497 251 τῶν
1519 222 1705 258 ἀδικησάντων
1724 221 1816 250 διαλί-

991 274 1085 306 γισθαι
1110 271 1152 305 τῷ
1180 271 1248 305 Θεῷ,
1280 280 1294 295 (ι
1332 269 1456 302 Δίκασον,
1495 267 1587 305 Κύριε,
1620 267 1717 305 λέγων,
1750 266 1818 299 τοὺς

991 312 1151 344 ἀδικοῦντάς
1168 324 1211 349 με.
1228 325 1243 339 »
1266 313 1308 342 'Ev
1333 312 1355 350 ᾧ
1380 312 1409 340 δὲ
1434 310 1535 350 ἔμελλε
1549 313 1582 340 τὰ
1597 313 1716 349 ἑπόμενα
1730 311 1818 339 εἰπεῖν

991 360 1040 385 τοῦ
1055 357 1179 394 ψαλμοῦ,
1196 357 1296 393 ἤκουσε
1309 358 1360 396 γὰρ
1383 359 1397 385 ὁ
1422 357 1550 395 Σκληρὸς
1570 356 1768 395 προειληφίναι
1782 356 1818 384 τὸ

993 401 1141 430 ἐπίλοιπον
1171 406 1222 437 τῆς
1250 401 1336 439 ᾠδῆς.
1370 402 1515 433 Διαναστὰς
1540 401 1585 430 οὖν
1601 399 1761 440 σύντρομος,
1779 401 1819 433 ὡς

993 450 1062 489 ἔγνω
1094 452 1183 487 πάσης
1223 450 1334 483 ἐλπίδος
1376 451 1550 487 ὡλισθηκὼς,
1579 451 1616 483 ὡς
1644 451 1715 489 εἶχεν
1745 450 1820 485 ἐξιπ-

992 496 1148 533 πασάμενος
1179 497 1245 533 μετὰ
1270 498 1325 523 τῶν
1349 495 1409 533 περὶ
1439 496 1518 523 αὐτὸν
1542 496 1612 533 πρὸς
1635 495 1667 522 τὸ
1684 494 1816 534 φρούριον

993 539 1089 580 ἔφευγε
1116 541 1161 568 τὸν
1189 540 1355 578 Τυροποιόν.
1379 541 1548 572 Γνωσθιντος
1574 539 1603 567 δὲ
1623 542 1671 567 τοῦ
1695 539 1818 576 δρανμοῦ

991 588 1031 622 τῷ
1057 585 1198 624 μαγίοτρῳ
1228 584 1318 624 Βάρδᾳ
1342 584 1382 621 τῷ
1404 585 1535 622 Σκληρῷ,
1565 585 1658 616 ἱππεῖς
1681 583 1818 612 ἀπεστέλ-

993 629 1076 658 λοντο
1093 629 1206 665 εὔζωνοι
1220 631 1407 668 καταταχῆσαι
1426 629 1470 657 καί
1490 627 1653 657 καταλαϐεῖν
1669 628 1748 656 αὐτὸν
1762 629 1819 666 πρὸ

992 677 1041 703 τοῦ
1071 675 1109 706 είς
1131 677 1180 702 τοῦ
1216 674 1345 714 φρούριον
1382 674 1531 702 εἰσελθεῖν·
1570 672 1668 706 οἵτινες
1696 673 1820 709 συντόνῳ

996 725 1213 763 ’χρησάμενοιτῇ
1231 723 1319 760 διώξει
1340 721 1629 760 καταταλαμϐάνουσιν
1654 722 1734 750 αὐτὸν
1748 722 1820 750 κατᾶ

993 769 1024 796 τὸ
1040 768 1131 797 πεδίον
1161 769 1206 796 καὶ
1236 769 1374 806 μέλλοντα
1395 768 1456 796 ὅσον
1473 767 1580 796 οὐδέπω
1595 770 1654 799 ταῖς
1667 769 1717 795 τοῦ
1732 777 1819 805 φρου-

954 824 978 857 B
994 813 1054 852 ρίου
1070 813 1257 852 προσεγγίζειν
1285 813 1441 851 ὑπωρείαις.
1466 814 1513 844 Εἷς
1542 812 1571 841 Si
1595 812 1699 841 τούτων
1721 810 1816 849 τολμῃ

995 859 1138 898 προφέρων
1167 858 1212 886 καὶ
1239 858 1420 896 γενναιότητι,
1453 857 1576 894 τοῦνομα
1603 858 1817 890 Κωνσταντῖνος,

994 903 1089 943 Χάρων
1104 904 1153 938 τὴν
1170 903 1365 941 προσηγορίαν,
1389 901 1454 934 τοὺς
1480 902 1583 934 ἄλλους
1596 901 1708 930 κατόπιν
1726 901 1817 929 λιπὼν

996 953 1064 989 μετὰ
1087 951 1225 983 συντονίας
1261 951 1398 989 ἐπήρχετο
1425 953 1465 987 τῷ
1492 953 1587 986 Φωκᾷ,
1614 951 1721 978 ὄπισθεν
1751 949 1815 987 οὖρ-

994 998 1104 1034 αγοῦντι
1121 999 1173 1024 οῶν
1190 997 1296 1031 ἑαυτοῦ,
1312 996 1358 1023 καὶ
1381 995 1414 1031 ἥν
1439 1006 1480 1027 τις
1493 995 1556 1033 ἐπίῃ
1576 994 1698 1030 δέξασθαι
1713 993 1819 1032 προθύ-

997 1053 1056 1079 μως
1081 1041 1335 1079 παρεσκευασμένῳ.
1370 1041 1474 1069 Τοῦτον
1512 1039 1651 1078 πόῤῥωθιν
1681 1037 1748 1066 ὶδὼν
1771 1038 1818 1066 καὶ

995 1086 1130 1124 γνωρίσας
1154 1087 1168 1113 ὸ
1197 1086 1293 1124 Χάρων
1323 1083 1430 1124 ὕϐρεσιν
1454 1085 1583 1121 ἀσὲμνοις
1607 1084 1652 1112 καὶ
1672 1082 1819 1121 ἀπρεπέσιν

996 1133 1122 1170 ἔϐαλλεν,
1137 1135 1230 1173 ἀγεννῆ
1255 1135 1300 1162 καί
1330 1133 1459 1172 ἄνανδρον
1488 1133 1645 1167 ἀποκαλῶν,
1670 1133 1714 1160 καὶ
1733 1142 1819 1170 προσ-

997 1181 1084 1217 μένειν
1106 1179 1225 1207 κελεύων
1256 1179 1353 1217 μικρὸν
1381 1179 1450 1207 ὥστε
1464 1179 1497 1206 τὰ
1511 1179 1576 1217 γέρα
1591 1181 1640 1214 τῆς
1656 1177 1819 1207 ἀποστασίας

996 1222 1098 1253 λαϐεῖν.
1114 1225 1144 1253 Ὀ
1161 1223 1189 1252 δὲ
1204 1226 1257 1251 τῶν
1283 1221 1385 1262 ὕϐρεων
1411 1223 1562 1257 ἐπακούων,
1584 1223 1629 1250 καὶ
1651 1222 1725 1253 ὅστις
1740 1222 1754 1249 ὁ
1770 1220 1818 1249 λί-

994 1280 1050 1307 γων
1078 1270 1115 1306 μή
1144 1269 1289 1307 ἀγνοήσας,
1314 1267 1436 1306 ἐπισχών
1464 1269 1510 1296 τὸν
1538 1267 1652 1306 χαλινὸν
1682 1266 1726 1294 καὶ
1751 1266 1819 1304 πρὸς

995 1314 1094 1342 ἐκεῖνον
1128 1313 1312 1352 ἐπιστραφεὶς,
1346 1324 1360 1341 ι
1386 1311 1460 1341 ’Έδιι
1489 1323 1528 1347 σε,
1545 1313 1567 1339 ὧ
1593 1312 1728 1348 ἃνθρωηο,
1748 1309 1811 1350 ἔφη,

994 1364 1025 1391 τὸ
1041 1363 1213 1400 ἀστάθμητον
1241 1361 1421 1400 λογισάμενον
1451 1365 1500 1397 τῆς
1523 1363 1577 1389 τῶν
1601 1361 1749 1398 ἀνθρώπων
1770 1359 1817 1387 τύ-

995 1418 1050 1446 χης
1069 1409 1106 1444 μή
1133 1405 1359 1444 προσονειδίζιιν,
1386 1405 1451 1443 μηδ’
1480 1403 1652 1442 ἐπεμϐαίνειν
1681 1405 1816 1442 ἀνθρώπῳ

995 1455 1057 1491 ταῖς
1073 1452 1097 1489 ἐξ
1127 1452 1212 1487 αὐτῆς
1229 1451 1366 1489 ἔπῃρείαις
1384 1451 1594 1489 ἠναγκασμὲνῳ,
1621 1449 1684 1478 ἀλλ’
1714 1449 1816 1477 οἰκτεί-

997 1508 1051 1536 ρειν
1069 1496 1175 1534 μᾶλλον
1204 1496 1248 1524 καὶ
1278 1495 1360 1524 ἐλεεῖν
1391 1496 1436 1524 τὸν
1463 1495 1647 1534 δυστυχοῦντα
1668 1505 1701 1532 με
1715 1494 1816 1531 πατέρα

998 1542 1045 1580 μὶν
1070 1541 1208 1579 ἐσχηκότα
1231 1539 1453 1578 κουροπαλάτην,
1487 1539 1596 1568 πάππον
1626 1538 1654 1566 δὲ
1683 1538 1815 1578 Καίσαρα,

995 1592 1065 1619 θεῖον
1097 1589 1220 1628 βασιλέα,
1249 1588 1333 1617 δοῦκα
1366 1590 1422 1626 (24)
1449 1588 1478 1617 δὲ
1503 1589 1548 1616 καὶ
1577 1588 1656 1615 αὑτὸν
1686 1587 1817 1626 γεγονότα

995 1635 1039 1663 καὶ
1055 1637 1112 1666 τσῖς
1143 1634 1270 1672 ἀνωτέρω
1295 1633 1538 1671 συναριθμηθέντα,
1567 1632 1625 1660 νυνὶ
1649 1631 1678 1660 δὲ
1692 1632 1817 1670 ἐσχάτοις

995 1682 1089 1710 κακοῖς
1119 1676 1344 1715 ὑποϐεϐλημένον
1372 1678 1417 1706 καὶ
1447 1679 1489 1715 [Ρ.
1505 1678 1568 1714 671]
1598 1677 1815 1714 ἀκληρήμασι.»

994 1730 1047 1756 Τοῦ
1072 1727 1111 1762 δὶ,
1142 1740 1156 1754 ιι
1187 1727 1262 1755 Καλᾶ
1290 1729 1383 1761 ταῦτα,
1415 1727 1437 1754 ὦ
1456 1727 1526 1760 κακὴ
1549 1724 1667 1764 κεφαλὴ,
1693 1725 1817 1762 λέγεσθαι

995 1773 1064 1811 πρὸς
1078 1771 1176 1803 παῖδας
1203 1771 1267 1804 τοὺς
1295 1770 1460 1808 δυναμένους
1485 1770 1668 1806 ἀπατηθῆναι,
1683 1770 1816 1806 εἰπόντος,

997 1817 1046 1854 ὲμὶ
1061 1816 1090 1845 δὶ
1105 1817 1137 1845 οὐ
1154 1816 1305 1854 φενακίσεις
1319 1819 1377 1847 τοῖς
1401 1815 1541 1846 τοιούτοις
1554 1825 1602 1842 σου
1618 1813 1784 1852 λογυδρίοις,
1802 1826 1816 1839 ››

996 1868 1040 1896 καὶ
1067 1868 1113 1895 τὸν
1138 1867 1223 1894 ’ίππον
1253 1866 1442 1903 μυωπίζοντος
1466 1865 1512 1893 καὶ
1540 1865 1701 1904 θρασύτερον
1731 1875 1816 1902 προσ-

999 1910 1095 1947 ιόντος,
1112 1912 1280 1949 σπασάμενος
1297 1912 1311 1939 ὁ
1331 1913 1430 1943 Φωκᾶς
1455 1911 1504 1944 τὴν
1520 1909 1545 1937 ἐν
1561 1911 1595 1947 τῇ
1612 1908 1746 1949 ἱφεστρίδι
1763 1910 1817 1946 (25)

996 1961 1218 1999 παρῃωρημὲνην
1242 1959 1360 1997 κορύνην
1390 1959 1436 1987 καὶ
1465 1959 1629 1989 ὕπαντιάσας
1656 1957 1729 1986 παίει
1759 1960 1819 1985 τοῦ-

996 2016 1042 2034 τον
1072 2006 1140 2033 κατὰ
1166 2007 1215 2032 τοῦ
1242 2004 1368 2042 κράνους,
1395 2004 1439 2031 καὶ
1465 2002 1543 2031 αὐτὸν
1569 2003 1615 2039 μὶν
1645 2001 1817 2030 ἀποδείκνυσι

997 2050 1090 2088 νεκρὸν
1112 2048 1275 2086 παραυτίκα,
1308 2047 1453 2085 ἐμποδίσαι
1496 2048 1534 2084 μὴ
1578 2046 1737 2082 δυνηθείσης
1764 2050 1813 2082 τῆς

997 2095 1112 2132 κόρυθος
1125 2096 1160 2131 τῇ
1178 2094 1224 2131 βίᾳ
1251 2096 1302 2128 τῆς
1330 2091 1458 2130 πληγῆς,
1473 2092 1574 2123 ἰκιῖνος
1591 2090 1621 2119 δὶ
1648 2091 1818 2129 ἀποστρέψας

996 2144 1044 2172 τὸν
1058 2141 1175 2181 νχαλικὸν
1193 2140 1283 2180 εἷ’χετο
1298 2145 1347 2176 τῆς
1363 2140 1437 2170 ὀδοῦ.
1453 2141 1487 2170 Οἱ
1504 2139 1532 2168 δὶ
1545 2140 1688 2172 διώκοντες
1704 2140 1816 2168 κατόπιν

998 2187 1211 2227 ἐρχόμινοι,καὶ
1242 2185 1303 2214 ἔνθα
1329 2186 1343 2213 ὁ
1368 2186 1464 2225 Χάρων
1486 2185 1623 2221 τεθνηκὼς
1640 2183 1726 2212 ἵκοιτο
1745 2184 1818 2224 γενό-

710 2237 896 2267 XYLANDRI
916 2240 961 2268 ET
982 2238 1092 2268 GOARI
1112 2237 1230 2266 NOTIE.

150 2281 212 2320 (εᾴλ
221 2280 336 2320 Nobilis
349 2282 394 2308 est
409 2280 439 2308 in
455 2280 588 2308 historiis
603 2280 650 2320 his
661 2283 804 2320 Ducarum
821 2283 941 2320 familia.
957 2286 980 2318 Ι)
997 2281 1129 2320 stragula
1149 2283 1240 2316 veste,
1268 2288 1327 2317 qua
1350 2288 1444 2320 equus
1475 2278 1665 2320 integeretur,
1689 2279 1816 2320 positum

115 2316 230 2354 Sedhic
246 2316 335 2354 officii
351 2325 458 2354 nomen
475 2324 539 2345 esse
554 2325 611 2344 non
626 2317 740 2354 dubito.
755 2320 856 2354 Neque
864 2319 942 2347 enim

115 2352 242 2380 arbitror
251 2353 368 2381 easdem
381 2353 472 2381 fuisse
481 2355 626 2380 Ducarum
641 2355 670 2380 et
684 2352 846 2382 Phocarum
858 2355 942 2383 fami-

116 2388 292 2416 lias.Etcum
300 2389 447 2422 alibi,tum
455 2389 485 2416 in
493 2388 638 2424 principio
651 2389 751 2417 Basilii
762 2391 882 2418 Romani
890 2391 941 2419 filii

115 2423 245 2466 invenies
259 2423 335 2466 hanc
349 2432 448 2466 vocem
457 2423 509 2466 pro
523 2423 598 2466 (Luce
607 2425 744 2466 positam.
754 2426 941 2466 Rursumque

114 2460 283 2497 prafectum
296 2460 512 2497 Thessalonicae
530 2460 779 2497 Theophylactum
803 2460 940 2491 Botau-ia-

113 2493 172 2523 tem
187 2493 270 2534 δοὲκα
285 2496 464 2534 vocat,alia_s
472 2494 591 2534 ἄρχοντα
605 2493 633 2534 et
647 2493 797 2534 ἆτρατῃγόν
814 2499 941 2534 appella-

112 2534 185 2559 tum.
211 2531 258 2559 Sic
281 2533 309 2559 et
331 2531 493 2560 Antiochiet
508 2531 546 2560 δι
562 2532 660 2560 Iberia:
680 2531 787 2565 ’δπύκας
810 2531 840 2562 in
853 2531 938 2562 'Con-

113 2567 234 2604 stantini
249 2567 348 2595 fratris
364 2567 497 2604 imperio.
514 2569 590 2598 Θεῑος
606 2570 703 2597 autem
719 2571 748 2597 et
763 2570 810 2597 hic
826 2572 854 2598 et
869 2570 939 2598 alibi

114 2603 262 2639 signiﬁcat
277 2603 507 2642 patrisfratrem
522 2613 530 2633 :
547 2613 614 2642 nam
631 2605 688 2642 Leo
698 2606 881 2642 curopalates
892 2607 939 2640 (de

113 2646 172 2678 qua
186 2647 254 2678 voce
270 2638 582 2678 alihidictumifrater
596 2640 651 2668 fuit
666 2638 821 2678 Nicephori
838 2638 937 2670 Phocea

115 2675 300 2710 imperatoris
317 2675 394 2704 filius
413 2676 512 2704 Bardaa
528 2675 830 2715 Phocae.quem'pater
844 2678 937 2714 impe-

115 2712 195 2739 rator
209 2710 304 2739 factus
319 2711 461 2740 Caesarem
476 2715 598 2740 crearat.
613 2714 686 2741 XYL.

526 2721 598 2740 arat.
615 2721 686 2741 AYL.

148 2747 206 2782 (25)
229 2746 369 2785 Ἐφισιρις
391 2748 440 2777 hic
462 2749 592 2785 ponitur,
622 2749 699 2785 quod
725 2751 753 2778 et
773 2757 864 2786 supra
885 2757 937 2785 pro

997 2316 1122 2346 videtur.
1146 2320 1205 2353 Ego
1225 2316 1284 2344 non
1307 2316 1432 2353 multam
1464 2316 1817 2353 proprietatemnistarum

995 2363 1100 2382 vocum
1116 2351 1194 2389 apud
1215 2353 1294 2380 hunc
1319 2352 1490 2389 scriptorem
1512 2351 1701 2389 deprehendi,
1719 2351 1818 2389 itaque

995 2390 1068 2418 verti
1083 2387 1205 2417 liberius
1219 2389 1300 2416 talia.
1317 2388 1405 2416 Porro
1420 2388 1530 2416 circum
1547 2387 1608 2415 haec
1623 2387 1686 2415 loca
1701 2387 1816 2422 aliquo-

995 2426 1050 2454 ties
1065 2433 1117 2462 per
1131 2425 1317 2453 Occidentem
1338 2422 1489 2462 Cpo_lis_et
1512 2432 1577 2462 quas
1600 2423 1626 2450 ei
1651 2424 1680 2450 in
1706 2423 1819 2462 Europa

995 2458 1092 2490 adhuc
1107 2462 1258 2493 suberant,
1277 2468 1329 2496 per
1353 2458 1500 2496 Orientem
1521 2458 1641 2496 Asiana!
1666 2458 1819 2496 provincias

995 2500 1066 2526 sunt
1080 2494 1287 2532 intelligenda,
1313 2503 1349 2522 ne
1373 2495 1441 2532 quis
1467 2495 1623 2532 imperitus
1645 2494 1756 2522 italiam
1773 2495 1819 2523 hic

995 2534 1133 2561 somniet.
1151 2530 1232 2565 Quod
1249 2533 1347 2559 autem
1376 2531 1529 2559 Theodore.
1552 2530 1682 2558 Zimiscaa
1707 2538 1790 2562 uxor,
1803 2539 1819 2558 a

994 2569 1124 2597 Cedreno
1141 2568 1202 2596 ﬁlia
1216 2566 1399 2596 Constantini
1417 2566 1521 2594 Leonis
1536 2566 1588 2593 filii
1613 2568 1642 2594 et
1665 2574 1748 2594 soror
1762 2568 1818 2594 Ro-

994 2605 1073 2632 mani
1090 2604 1167 2632 tertii
1192 2604 1327 2632 aNostro
1351 2603 1469 2637 dicitur,
1493 2602 1571 2630 idem
1596 2605 1639 2630 est
1662 2602 1720 2630 fers
1741 2602 1816 2638 apud

993 2643 1146 2668 Zonaram.
1163 2639 1334 2674 Panvinius,
1348 2638 1421 2666 alios
1437 2640 1529 2674 (puto)
1545 2640 1678 2666 auctores
1690 2640 1815 2672 secutus,

992 2676 1084 2704 ﬁliam
1102 2676 1225 2704 Romani
1240 2676 1257 2703 3
1271 2684 1306 2703 ex
1319 2673 1535 2710 Theophanone
1560 2674 1715 2710 Anastasis
1738 2673 1815 2709 facit,

993 2720 1122 2741 sororem
1138 2711 1251 2740 scilicet
1265 2710 1366 2740 Basilii
1381 2709 1408 2737 et
1421 2709 1604 2738 Constantini
1620 2710 1653 2737 10
1667 2711 1739 2739 Χνι..
