1928 3047
118 77 178 108 125
690 77 947 110 HlSTORIABUll

1038 78 1258 110 MPENDIUM.
1771 82 1829 115 136

118 152 212 180 μενοι,
240 144 286 171 καὶ
314 145 354 180 τῷ
384 143 563 180 ἀνυποστάτῳ
590 145 639 171 τοῦ
661 144 809 180 πτώματος
833 142 1051 179 ἐκπληττόμενοι
1079 144 1176 175 πάντες
1198 142 1283 171 ’ίστων
1307 144 1356 178 τήν
1386 143 1490 180 δίωξιν,
1514 144 1632 181 μηδενὸς
1657 147 1823 184 τολμῶντος

116 188 288 227 προσωτέρω
313 187 390 216 ἱέναι.
406 188 456 216 Καὶ
481 188 567 219 οὕτως
592 186 682 220 ἀδείας
706 185 858 225 λαϐόμενος
871 187 885 214 ὁ
902 189 1001 218 Φωκᾶς
1017 188 1117 215 ἄνεισιν
1135 187 1172 219 εἷς
1189 188 1219 215 τὸ
1235 187 1375 226 φρούριον.
1392 190 1557 227 Παρεγένετο
1574 191 1641 227 μετὰ
1654 193 1738 219 ταῦτα
1751 193 1797 220 καὶ
1811 193 1825 220 ὁ

120 232 261 270 Σκληρὸς,
283 235 406 270 συνεχῶς
424 232 494 270 πρὸς
514 231 615 260 ἐκεῖνον
636 231 765 268 πέμπων,
779 231 823 259 καὶ
846 230 975 266 κήδεσθαι
1000 232 1058 268 μεθ’
1073 231 1161 270 ὅρκων
1184 232 1295 269 γράφων
1322 232 1361 264 ὡς
1375 231 1508 268 κηδεστοῦ
1522 233 1642 270 (νύμφην
1659 235 1711 273 γὰρ
1727 235 1771 262 ἰπὶ
1785 238 1825 272 τῷ

119 275 233 315 ἀδελφῷ
249 277 444 314 Κωνσταντίνῳ
459 278 509 312 τὴν
524 277 627 304 ἐκείνου
643 277 715 314 εἶχεν
732 275 851 315 ἀδελφήν
868 277 994 315 Σοφίαν),
1005 276 1051 303 καὶ
1069 274 1264 313 συμϐουλεύων
1286 281 1487 315 προσχωρῆσαι
1514 280 1554 314 τῷ
1578 279 1686 316 βασιλεῖ
1711 279 1756 307 καὶ
1775 280 1825 314 τήν

120 322 218 350 ἑαυτοῦ
234 321 279 349 διὰ
291 325 342 357 τῆς
358 321 526 358 αὐτομολίας
542 322 707 358 συμπάθειαν
729 320 933 350 ἐπισπάσασθαι.
948 322 1065 359 ’Ὁρκους
1081 320 1127 348 οὗν
1139 319 1230 349 λαϐὼν
1247 322 1285 353 ὡς
1301 320 1379 349 οὐδὲν
1394 333 1420 350 τι
1435 322 1554 351 πείσεται
1570 323 1699 362 φλαῦρον,
1715 323 1829 362 παραδί-

119 365 203 394 δωσιν
220 366 313 394 ὲαυτόν
327 369 368 403 τῷ
384 366 504 404 Σκλήρῷ
515 366 561 393 σὺν
571 369 629 397 τοῖς
645 368 766 394 συνοῦσιν
781 365 866 402 αὐτῷ.
880 366 928 394 Ὃν
947 364 1030 402 μηδὲν
1047 365 1118 394 ἄλλο
1133 366 1254 398 παθόντα
1268 367 1362 401 κακὸν,
1384 367 1464 404 μόνον
1481 366 1509 395 δὲ
1523 369 1667 405 γενόμενον
1692 367 1826 407 κληρικὸν

118 411 145 439 ἑν
160 412 196 448 τῇ
212 412 289 447 νήσῳ
304 411 364 448 Χίῳ
381 411 533 449 ὑπερορίζει
548 411 563 438 ό
581 409 719 448 βασιλεύς.
733 411 786 440 Τὸν
803 409 832 438 δὲ
848 409 975 449 Σκληρὸν
991 410 1115 446 εὖζώνως
1133 411 1200 447 μετά
1219 413 1272 439 τῶν
1295 411 1404 451 κούφων
1418 411 1565 450 ταγμάτων
1591 410 1717 448 διαϐῆναι
1741 413 1826 442 πάλιν

117 455 226 484 κελεύει
241 457 310 494 πρὸς
324 457 373 492 τὴν
386 456 529 494 Ἑσπέραν.

155 522 272 556 ’Ἀγεται
297 518 326 546 δὶ
352 519 441 555 ἑαυτῷ
464 520 577 557 γυναῖκα
605 519 620 546 ὁ
649 517 776 554 Ἰωάννης
804 516 945 556 Θεοδώραν

1040 520 1182 547 Praeterea
1208 519 1369 556 imperator
1393 528 1513 549 uxorem
1539 521 1621 549 ducit
1645 521 1830 550 Theodoram

117 564 170 599 τὴν
198 562 320 603 ἀδελφήν
349 564 502 600 Ῥωμανοῦ,
516 562 648 601 θυγατέρα
676 561 705 590 δε
732 561 781 590 τοῦ
804 563 947 601 Πορφυρο-

118 609 256 645 γεννήτου
272 607 483 636 Κωνοταντίνου·
500 607 545 635 καὶ
558 607 643 645 ταύτῃ
659 609 693 644 τῇ
708 608 802 646 πράξει
821 606 948 645 μεγάλως

120 650 238 690 εἷ’»φρανε
264 651 328 683 τοὺς
356 651 472 684 πολίτας
500 652 538 683 ὡς
567 651 599 679 τὸ
626 652 676 686 τῆς
697 651 834 689 βασιλείας
849 651 947 689 κράτος

119 695 332 736 περιφολάττων
347 699 387 732 τῷ
401 697 472 734 γένει
478 717 485 724 .

159 742 281 780 Δευτέρῳ
297 740 325 769 δδ
345 739 398 769 ἔτει
421 744 472 776 τῆς
498 739 636 779 βασιλείας
661 741 743 768 αὐτοῦ
771 740 881 777 μέλλων
904 740 947 768 ἰκ-

121 786 277 823 στρατεύειν
298 787 366 813 κατᾶ
387 787 440 813 τῶν
456 785 524 817 Ῥὼς
547 785 581 813 τά
601 796 630 813 τε
653 785 840 824 στρατεύματα
868 785 948 825 φιλο-

119 831 230 867 τιμίαις
243 827 424 867 ἀνελάμϐανε,
439 830 485 858 καὶ
506 830 674 868 στρατηγοὺς
699 829 793 869 ιφίατα
817 830 862 858 ιπὶ
884 841 948 858 συν-

121 875 177 903 ἑσει
199 874 246 902 καὶ
269 874 398 912 ἐμπειρίᾳ
421 875 656 912 στρατηγημάτων
682 872 878 913 βεϐοημὲνους,
903 874 948 902 καὶ

118 922 177 948 τῶν
193 918 287 947 ἄλλων
299 919 460 956 ἐπεμελεῖτο
474 919 663 956 παρασκευῶν,
676 918 723 947 ’ίνα
739 918 856 956 μηδενὸς
881 929 949 947 σπα-

119 963 194 999 νίζοι
215 964 247 992 τὸ
271 964 434 1001 στράτευμα.
449 964 628 1001 Ἐπεμελήθη
656 963 684 992 Si
707 963 751 992 καὶ
773 965 821 991 τοῦ
849 963 949 991 στόλου

121 1008 167 1037 διὰ
183 1008 301 1041 Λέοντος
315 1011 364 1036 τοῦ
385 1009 454 1046 μετὰ
470 1011 553 1037 ταῦτα
575 1007 837 1048 πρωτοϐεστιαρίου,
851 1007 949 1047 δρουγ-

119 1054 220 1092 γαρίου
253 1054 316 1082 τότε
350 1055 405 1082 τῶν
447 1052 584 1091 πλωΐμων
616 1054 810 1092 τυγχάνοντος,
841 1055 875 1081 τὰ
902 1054 949 1090 μὶν

122 1098 230 1127 παλαιὰ
245 1098 432 1132 ἐπισκευάσας,
445 1099 642 1130 κατασκευάσας
663 1097 691 1126 δὲ
713 1099 758 1126 καὶ
780 1098 852 1126 ἄλλα
871 1099 952 1126 καινὰ

119 1143 168 1171 καὶ
205 1142 303 1171 στόλον
337 1143 482 1181 ἀξιόλογον
523 1143 771 1180 καταστησάμενος.
808 1143 884 1171 Ἐπεὶ
922 1142 951 1170 δὲ

121 1189 212 1216 πάντα
231 1190 324 1219 καλῶς
350 1187 423 1226 εἶχεν
440 1188 515 1224 αὐτῷ
538 1187 617 1225 ἔαρος
641 1187 807 1221 ἐπιστάντος,
830 1190 871 1224 τῷ
893 1190 950 1224 Θεῷ

119 1233 156 1260 τὰ
184 1232 305 1269 ίξιτήρια
334 1232 415 1264 θύσας
441 1233 485 1260 καὶ
512 1232 708 1269 συνταξάμενος
736 1234 794 1263 τοῖς
821 1231 949 1264 πολίταις

120 1276 203 1314 ἔξεισι
227 1279 277 1310 τῆς
305 1275 457 1315 βασιλίδος.
486 1277 630 1314 Τενομὲνῳ
653 1275 676 1304 δ’
701 1277 775 1314 αύτῷ
802 1276 870 1304 κατὰ
896 1277 946 1312 τήν

119 1321 274 1350 Ῥαιδεστὸν
302 1320 350 1349 δύο
379 1324 527 1349 συναντῶσι
557 1319 717 1359 πρεσϐευταὶ
743 1324 795 1349 τῶν
824 1324 946 1359 Σκυθῶν,

118 1370 160 1404 τῷ
176 1366 265 1395 δοκεῖν
283 1367 331 1403 μὶν
346 1363 492 1404 πρεσϐείαν
512 1366 749 1404 ἀποπληροῦντες,
765 1363 835 1404 ἔργῳ
860 1364 888 1394 δὶ
914 1367 948 1394 τὰ

117 1411 263 1448 Ῥωμαίων
301 1410 426 1442 ἐλθόντες
461 1412 665 1446 κατασκοπῆσαι
702 1411 865 1448 πράγματα’
902 1410 947 1442 οὖς

120 1455 304 1490 ὀνειδίζοντας
318 1456 361 1483 καὶ
390 1454 470 1483 ὃίδικα
494 1455 610 1493 πάσχειν
635 1452 840 1492 ἐπιϐοωμένους
862 1465 948 1493 προσ-

115 1500 207 1536 έταξεν
229 1500 244 1527 ὁ
268 1499 395 1538 βασιλεὺς
430 1498 584 1537 περιελθεῖν
616 1499 684 1527 ἅπαν
714 1500 745 1527 τὸ
766 1499 946 1537 στρατόπεδον

114 1545 163 1573 καί
178 1544 298 1583 θεωροὺς
312 1544 434 1583 γενέσθαι
458 1546 512 1572 τῶν
534 1544 636 1580 τάξεων
657 1543 731 1581 (οὐδὲ
754 1545 806 1582 γὰρ
829 1544 948 1582 ἠγνόησε

116 1591 169 1624 τῆς
195 1589 309 1629 ἀφίξεως
332 1589 382 1623 τὴν
408 1587 521 1625 αΐτίαν).
548 1589 590 1626 [Ρ.
611 1589 675 1625 672]
699 1587 891 1627 περιελθόντας
919 1587 948 1616 δὶ

118 1634 165 1661 καὶ
199 1633 286 1661 πάντα
325 1633 584 1669 κατασκοπήσαντας
621 1632 839 1661 ἀπαλλάττεσθαι
878 1643 948 1672 παρ-

119 1677 272 1714 εκελεύετο,
288 1678 334 1705 καὶ
359 1680 400 1714 τῷ
429 1680 503 1717 σφῶν
534 1678 680 1716 ἡγουμένῳ
708 1678 796 1716 λέγειν
825 1678 863 1709 ὡς
881 1678 949 1715 μετὰ

117 1723 251 1758 τοιαύτης
271 1722 417 1759 εὐκοσμίας
440 1722 484 1750 καὶ
510 1721 653 1756 πειθηνίου
674 1721 743 1750 λαοῦ
768 1722 782 1750 ό
804 1722 946 1759 Ῥωμαίων

121 1767 257 1806 βασιλεὺς
284 1766 393 1805 ἔρχεται
410 1766 597 1805 ὡχυρωμένος
612 1765 781 1803 πολεμήσων
797 1766 881 1804 αὐτῷ.
896 1767 946 1796 Καὶ

116 1812 182 1844 τοὺς
201 1812 249 1850 μὶν
268 1809 434 1849 πρεσϐευτὰς
464 1812 644 1850 ὑποχωρῆσαι
672 1811 818 1848 πεποίηκεν
848 1812 946 1847 οὕτως,

116 1856 200 1888 αὐτὸς
216 1855 246 1884 δὶ
259 1856 371 1884 κατόπιν
398 1855 531 1891 εὐζώνους
555 1854 659 1891 λαϐὼν,
674 1855 773 1890 πεζοὺς
800 1856 846 1892 μὶν
873 1856 943 1895 ἀμφὶ

115 1903 164 1933 τὰς
189 1902 270 1929 πέντε
294 1900 425 1940 χιλιάδας
454 1901 548 1932 ἱππεῖς
577 1899 606 1928 ὃὶ
632 1900 671 1933 εἴς
691 1900 943 1938 τετρακισχιλίους,

114 1947 146 1974 τὸ
162 1945 193 1974 ὃὶ
207 1945 305 1974 λοιπὸν
320 1946 388 1973 ἅπαν
404 1944 512 1981 πλῆθος
527 1944 668 1983 σχολαίως
683 1943 796 1978 ἕπεσθαι
814 1944 944 1977 κελεύσας

116 1991 186 2027 μετᾶ
200 1989 344 2018 Βασιλείου
359 1992 409 2018 τοῦ
425 1990 688 2027 παρακοιμωμένου,
703 1990 749 2017 τὸν
775 1990 863 2026 Αἶμον
885 1989 943 2018 δια-

114 2033 164 2067 ϐὰς
179 2035 338 2072 ἀπρόοπτος
351 2034 389 2066 εἷς
402 2035 453 2070 τὴν
468 2033 605 2071 πολεμίαν
630 2031 758 2062 διαϐαίνει
783 2034 828 2062 καὶ
847 2031 944 2062 ἐσϐάλ-

114 2079 168 2114 λει,
185 2079 232 2107 καὶ
247 2079 325 2117 ἰγγὺς
338 2082 389 2114 τῆς
401 2078 511 2110 πόλεως
530 2081 580 2113 τῆς
608 2077 729 2116 μεγάλης
753 2077 941 2116 Περσθλάϐας,

113 2123 177 2158 ἥτις
193 2125 253 2161 εἶχε
267 2124 301 2150 τὰ
313 2125 367 2150 τῶν
383 2122 553 2162 Βουλγάρων
571 2122 707 2160 βασίλεια,
721 2122 772 2157 τὴν
795 2132 942 2160 στρατοπε-

113 2167 186 2196 δείαν
202 2167 328 2203 ἐπήξατο.
345 2169 434 2196 Τοῦτο
460 2165 604 2206 αἰφνιδίως
627 2166 773 2204 γινόμενον
799 2166 863 2198 τοὺς
894 2167 940 2204 μὶν

113 2212 221 2245 Σκύθας
234 2212 273 2244 εἱς
288 2211 410 2240 ἔκστασιν
423 2211 469 2239 καί
494 2211 649 2250 ἀμηχανίαν
678 2208 798 2248 Ξνὲὄαλε,
814 2211 941 2240 Καλόκυ-

112 2268 160 2296 ρος
175 2257 205 2285 δε
220 2257 235 2285 6
246 2258 302 2285 τῶν
319 2256 460 2293 παρόντων
476 2258 566 2284 κακῶν
583 2255 763 2293 πρωτουργός
777 2266 808 2283 τε
831 2256 874 2283 καὶ
901 2255 941 2283 αἶ’-

110 2313 181 2336 τιος,
200 2301 271 2339 μηδὲ
284 2302 334 2336 τὴν
349 2305 401 2336 τῆς
412 2299 567 2339 σάλπιγγος
582 2301 657 2339 ἠχὴν
674 2300 850 2332 ἐνωτίσασθαι
873 2310 939 2338 καρ-

110 2348 228 2384 τερήσας
254 2343 346 2384 (ἔτυχε
366 2346 416 2384 γὰρ
441 2345 486 2373 καὶ
514 2346 593 2377 οὗτος
624 2344 708 2372 ἰκεῖσε
736 2342 938 2383 ἐνδιατρίϐων),

1003 563 1128 591 Romani
1143 572 1286 600 sororem,
1302 564 1392 593 ﬁliam
1416 566 1599 594 Constantini
1627 566 1829 603 Porphyroge-

1002 607 1068 636 niti.
1083 609 1150 640 Quae
1165 608 1275 644 nuptiae
1291 611 1431 645 pergrata;
1457 610 1574 638 fuerunt
1598 610 1721 644 civibus,
1749 612 1827 648 quod

1003 660 1070 680 eum
1087 652 1244 689 imperium
1260 653 1309 681 isti
1325 654 1442 682 familiae
1458 662 1631 683 conservare
1657 655 1731 684 velle
1742 655 1827 691 judi-

1002 698 1111 724 carent.

1038 741 1196 769 Tzimisces
1211 749 1288 770 anno
1308 743 1436 771 secundo
1457 743 1575 780 imperii
1600 743 1648 772 sui
1667 743 1697 772 in
1717 744 1827 773 Rossos

1002 786 1217 822 expeditionem
1237 789 1441 823 suscepturus,
1466 796 1533 816 cum
1560 788 1675 817 animos
1699 789 1827 817 militum

1002 830 1178 859 liberalitate
1193 840 1247 860 sua
1262 831 1421 868 refecisset,
1438 832 1528 861 duces
1542 833 1579 861 iis
1595 833 1723 870 praefecit
1750 834 1827 862 898

1002 875 1159 911 prudentia
1167 878 1196 904 et
1206 876 1312 905 artium
1321 876 1575 914 imperatoriarum
1588 878 1693 915 peritia
1703 878 1828 913 nobiles;

1003 922 1032 948 et
1045 919 1167 956 reliquis
1181 921 1320 949 omnibus
1335 922 1512 958 apparandis
1526 931 1590 951 eam
1617 923 1762 959 impendit
1776 932 1827 951 cu-

1003 972 1077 998 ram,
1091 973 1128 992 ne
1143 965 1213 1000 quid
1224 973 1322 993 rerum
1342 966 1574 995 necessariarum
1598 967 1774 996 exercitibus
1790 968 1828 996 de

1003 1010 1090 1037 esset.
1106 1008 1235 1037 Classem
1251 1017 1369 1046 quoque
1383 1010 1496 1039 curavit
1519 1019 1608 1047 opera
1630 1012 1735 1040 Leonis
1762 1012 1828 1047 ejus

1004 1053 1055 1089 qui
1072 1055 1141 1080 tunc
1157 1053 1198 1081 rei
1213 1054 1323 1082 navalis
1338 1055 1528 1091 drungarius,
1545 1057 1646 1091 postea
1661 1058 1706 1084 est
1726 1059 1827 1092 proto-

1002 1097 1158 1126 vestiarius
1172 1098 1267 1126 factus
1281 1107 1288 1133 ;
1300 1100 1329 1126 et
1343 1107 1409 1127 cum
1420 1101 1533 1128 veteres
1545 1107 1633 1128 naves
1649 1100 1750 1128 refecit
1763 1102 1826 1128 tum

1005 1151 1094 1170 novas
1110 1142 1270 1171 fabricatus
1285 1145 1339 1176 est,
1356 1145 1384 1171 et
1399 1144 1524 1171 classem
1537 1144 1650 1179 justam
1675 1145 1829 1173 constituit

1004 1187 1148 1215 Omnibus
1163 1188 1253 1223 probe
1267 1187 1427 1224 adornatis,
1444 1188 1563 1216 ineunte
1576 1196 1643 1216 vere
1663 1188 1754 1217 sacris
1770 1189 1828 1217 Deo

1003 1239 1054 1267 pro
1070 1230 1145 1258 felici
1161 1231 1237 1258 exitu
1254 1233 1402 1267 operatus,
1418 1234 1447 1259 et
1462 1231 1572 1260 relictis
1588 1233 1623 1260 ad
1644 1233 1720 1261 cives
1742 1241 1826 1261 mau-

1002 1274 1090 1309 datis,
1105 1275 1268 1310 Cpoli_exit.
1285 1275 1358 1303 Cum
1374 1276 1409 1303 ad
1426 1277 1590 1305 Raedestum
1604 1277 1743 1310 venisset,
1767 1277 1826 1306 duo

1001 1320 1042 1349 illi
1050 1322 1229 1349 occurrunta
1241 1321 1358 1357 Scythis
1365 1321 1449 1349 missi
1460 1321 1674 1358 sublegationis
1685 1324 1825 1358 praetextu

1001 1366 1184 1402 exploratum
1199 1374 1246 1393 res
1258 1366 1414 1394 Romanas.
1428 1366 1506 1398 Quos
1521 1367 1740 1403 expostulantes
1753 1369 1782 1395 et
1792 1368 1828 1395 de

1001 1410 1120 1447 injuriis
1138 1410 1261 1447 Scythiae
1287 1410 1366 1447 genti
1392 1411 1460 1439 facti
1485 1413 1652 1447 querentes.
1676 1420 1743 1440 cum
1769 1420 1827 1440 non

1002 1455 1150 1492 ignoraret
1164 1462 1283 1483 causam
1298 1463 1399 1482 eorum
1414 1455 1569 1489 adventus,
1590 1463 1643 1492 per
1657 1457 1719 1484 tota
1733 1457 1830 1484 castra

1002 1499 1136 1535 circuire,
1160 1501 1188 1527 et
1217 1507 1319 1527 omnes
1357 1499 1475 1528 ordines
1508 1500 1711 1536 contemplari,
1736 1508 1829 1536 eoque

1001 1545 1077 1572 facto
1092 1544 1214 1572 domum
1229 1543 1335 1577 redire,
1352 1552 1465 1580 suoque
1488 1544 1614 1580 principi
1638 1544 1733 1572 dicere
1745 1544 1829 1579 jubet

1002 1590 1165 1618 Romanum
1180 1589 1222 1617 sic
1237 1591 1339 1617 ornato
1355 1591 1383 1617 et
1396 1589 1482 1618 dictis
1508 1590 1686 1625 obsequente
1701 1590 1828 1618 exercitu

1002 1635 1038 1663 ad
1063 1633 1173 1662 bellum
1194 1636 1296 1662 contra
1318 1634 1417 1670 ipsum
1449 1634 1609 1670 gerendum
1633 1634 1742 1662 venire.
1766 1634 1828 1662 Hoc

1002 1679 1090 1708 modo
1105 1678 1237 1707 dimissis
1252 1678 1498 1714 exploratoribus,
1514 1679 1578 1715 ipse
1593 1687 1660 1707 cum
1685 1679 1828 1715 expeditis

1002 1724 1117 1752 circiter
1125 1724 1197 1751 5000
1208 1723 1390 1760 peditibuset
1401 1725 1528 1759 quatuor
1537 1723 1670 1760 equitum
1682 1723 1828 1756 millibus,

1002 1768 1141 1796 mandato
1155 1767 1275 1804 reliquis
1290 1770 1323 1795 ut
1338 1767 1410 1796 duce
1431 1767 1537 1796 Basilio
1562 1767 1741 1796 cubicularis
1757 1768 1830 1796 citra

1002 1812 1217 1840 festinationem
1242 1812 1506 1848 subsequerentur,
1532 1814 1670 1848 superato
1693 1812 1775 1841 Eme
1798 1812 1828 1840 in

1001 1857 1148 1885 hosticum
1167 1856 1284 1884 nemine
1300 1858 1487 1892 exspectante
1512 1856 1661 1892 irrumpit,
1688 1859 1716 1884 et
1738 1865 1828 1893 prope

1000 1902 1100 1930 urbem
1118 1909 1255 1937 magnam
1271 1900 1537 1931 Persthlsbam.ubi
1551 1900 1630 1937 regia
1645 1903 1708 1928 erat
1718 1901 1827 1936 Bulga-

998 1948 1210 1979 rorum,castra
1224 1945 1364 1981 ponit.Ee
1380 1945 1479 1973 subita
1496 1954 1542 1974 res
1556 1944 1671 1981 Scythis
1684 1947 1825 1973 terrorem

998 1993 1210 2027 stuporemque
1225 1990 1303 2018 894
1318 1989 1463 2024 incussit;
1479 1992 1509 2018 et
1524 1989 1681 2026 Calocyrus
1697 1998 1826 2027 prasen-

997 2035 1071 2063 tium
1087 2034 1232 2063 malorum
1248 2034 1413 2071 auctor,qui
1431 2037 1494 2063 tum
1510 2042 1544 2062 ea
1560 2034 1589 2062 in
1605 2035 1676 2062 urbe
1691 2035 1825 2071 degebat,

997 2087 1034 2107 ne
1063 2079 1192 2107 sonitum
1228 2079 1346 2114 quidem
1384 2079 1462 2106 tuba:
1493 2079 1631 2107 exaudire
1663 2079 1827 2115 sustinens,

997 2123 1112 2159 cognito
1127 2123 1226 2159 ipsum
1240 2123 1447 2159 imperatorem
1464 2124 1499 2151 ad
1513 2131 1575 2151 rem
1599 2124 1757 2160 gerendam
1771 2124 1824 2152 ad-

995 2176 1071 2203 esse,
1097 2168 1197 2196 t‘urtim
1222 2168 1295 2196 urbe
1329 2168 1447 2204 elapsus
1477 2168 1506 2196 in
1542 2170 1638 2197 castra
1661 2169 1824 2197 Rossorum

994 2213 1083 2241 venit.
1101 2213 1139 2240 Eo
1154 2213 1217 2241 viso
1240 2213 1352 2247 Rossis,
1377 2215 1406 2241 et
1421 2213 1457 2241 de
1484 2213 1610 2240 adventu
1637 2213 1824 2248 imperatoris

995 2257 1132 2286 certiores
1147 2257 1361 2293 redditis,haud
1375 2257 1531 2286 mediocris
1542 2257 1646 2285 incidit
1655 2257 1822 2293 trepidatio.

994 2303 1105 2330 Tamen
1127 2301 1383 2338 Sphendosthlaho
1409 2301 1511 2329 multis
1534 2309 1583 2329 eos
1609 2301 1771 2334 cohortato,
1795 2303 1824 2329 et

993 2354 1055 2382 qua:
1072 2354 1200 2381 prtesens
1216 2354 1314 2374 rerum
1331 2348 1427 2374 status
1449 2345 1616 2381 requirebat
1639 2345 1822 2381 concionato,

111 2390 220 2428 ἐπείπερ
254 2389 352 2427 ᾔσθετο
385 2390 431 2418 τὸν
469 2389 584 2428 βασιλέα
620 2389 817 2427 παραγενέσθαι
857 2389 938 2417 αὐτὸν

1038 2389 1102 2418 imis
1119 2390 1244 2426 receptis
1259 2391 1295 2418 ad
1312 2391 1414 2418 urbem
1431 2391 1576 2419 accedunt
1601 2392 1630 2419 et
1653 2392 1750 2419 castra
1764 2391 1824 2419 Ro-

112 2435 259 2473 αὗτουργὸν
285 2434 414 2472 ἰσόμενον
438 2433 488 2462 τοῦ
510 2433 648 2471 πολέμου,
665 2433 752 2472 λάθρα
774 2435 823 2462 τοῦ
845 2433 939 2465 ἄστεος

1038 2443 1150 2463 tuorum
1168 2435 1272 2463 castris
1289 2437 1452 2471 opponunt,
1469 2435 1589 2463 Interim
1605 2435 1750 2463 exercitus
1766 2435 1825 2463 im-

112 2478 229 2511 ὑπεκδὺς
246 2479 315 2517 πρὸς
329 2479 379 2514 τὴν
393 2476 575 2516 παρεμϐολὴν
585 2477 778 2516 ἀποδιδράσκει
793 2480 847 2505 τῶν
859 2478 936 2510 Ῥώς.

1038 2479 1136 2508 ratoris
1152 2479 1182 2507 in
1199 2479 1364 2516 planitiem,
1388 2487 1450 2515 quas
1469 2482 1533 2508 erat
1559 2481 1625 2507 ante
1650 2479 1763 2513 urbem,
1777 2487 1824 2507 se-

108 2526 155 2553 Ὃν
173 2523 277 2555 ῗδόντες
301 2524 386 2559 οὗτοι,
406 2524 450 2551 καὶ
475 2524 525 2558 τήν
550 2523 598 2550 τοῦ
622 2522 756 2560 βασιλέως
783 2522 937 2558 ποθὸμενοι

1038 2525 1146 2552 il'erens
1164 2524 1192 2551 in
1214 2523 1314 2552 hostes
1337 2523 1411 2551 nihil
1435 2532 1558 2560 prorsus
1582 2523 1640 2551 tale
1667 2525 1821 2560 sperantes

109 2569 209 2608 ἄφιξιν,
225 2568 253 2600 ἐς
267 2569 392 2607 ταραχὴν
407 2567 438 2595 οὗ
454 2567 563 2605 μετρίαν
585 2567 738 2603 ἐνέπιπτον,
756 2564 939 2599 ἀναλαϐόντες

1038 2568 1092 2596 )ito
1110 2568 1215 2596 incidit
1231 2577 1237 2596 :
1254 2568 1275 2596 ii
1290 2569 1373 2596 erant
1387 2568 1404 2595 8
1429 2568 1559 2596 virorum
1582 2568 1677 2595 millia
1691 2570 1720 2595 et
1734 2567 1823 2604 quin-

109 2613 131 2642 δ’
146 2613 223 2650 ὅμως
239 2612 364 2647 ἑαυτοὺς,
380 2614 430 2640 τοῦ
449 2609 675 2650 Σφενδοσθλάϐου
701 2610 796 2639 πολλὰ
820 2621 943 2649 παραινε.

1038 2612 1181 2645 nti,extra
1197 2612 1299 2640 urbem
1314 2611 1345 2640 in
1366 2612 1457 2640 armis
1480 2620 1545 2640 sese
1568 2614 1744 2641 exercentes.
1768 2612 1824 2644 Qui

107 2659 171 2686 τικὰ
195 2658 307 2696 ῥήματα
329 2658 374 2685 καὶ
397 2659 438 2693 τῷ
467 2658 555 2694 καιρῷ
587 2655 834 2693 δημηγορήσαντος
858 2656 942 2693 πρόσ-

1038 2665 1064 2684 m
1071 2656 1289 2693 aliquantulum
1297 2656 1711 2692 restitissent,moxdefatigati
1722 2656 1822 2692 fugam

107 2713 189 2742 φορα,
221 2702 399 2742 ἀφικνοῦνται
428 2701 473 2729 καὶ
512 2699 846 2739 παραστρατοπεδεύονται
883 2703 943 2732 τοῖς

1038 2703 1138 2735 ierunt,
1155 2702 1183 2728 et
1198 2700 1306 2737 partim
1322 2701 1477 2738 inglorium
1490 2701 1675 2738 oppetierunt
1685 2702 1822 2735 mortem,

105 2746 266 2784 Ῥωμαίοις.
285 2745 360 2778 Τὲως
386 2744 415 2774 δι
435 2746 467 2774 τὸ
491 2745 569 2774 συνὸν
589 2747 628 2780 τῷ
656 2743 764 2784 βασιλεῖ
787 2745 943 2782 στράτευμα

1038 2745 1106 2774 rtim
1125 2745 1154 2774 in
1180 2745 1284 2775 urbem
1310 2747 1475 2776 evaserunt.
1499 2748 1575 2776 Dum
1598 2745 1659 2775 huic
1679 2747 1824 2782 geruntur
