1936 3048
97 107 156 138 127

763 107 922 140 GEORGII
946 109 1116 140 GEDRENI

1742 106 1803 137 128

95 173 208 210 Scytha)
223 172 274 210 qui
288 173 368 202 intra
383 174 492 202 mcent‘a
506 174 762 210 erant,ssntientes
778 175 859 204 Romi

1039 175 1063 203 τὸ
1077 176 1130 213 πρὸ
1144 179 1194 212 τῆς
1217 175 1325 206 πόλεως
1352 172 1445 202 πεδίον
1471 172 1684 211 παραγενόμενοι
1712 163 1803 210 αἰφνι-

96 226 131 246 ex
143 218 304 254 improviso
320 218 442 247 irruisse
457 221 485 247 et
505 227 572 247 cum
597 219 660 248 suis
681 227 803 247 manum
819 223 925 248 contu-

97 263 179 296 lisse,
206 263 305 292 subito
329 266 362 291 ut
388 263 497 299 quique
521 272 607 292 casus
634 273 783 292 armorum
815 264 926 300 aliquid

97 307 238 336 oii'erebat
250 308 396 341 instructi,
414 309 484 336 urbe
497 316 528 336 se
543 308 579 336 ad
596 309 749 336 ferendum
765 309 829 336 suis
845 309 926 337 suxi-

97 352 172 380 lium
187 352 366 386 eﬁ‘undunt;
390 353 498 388 quibus
524 353 718 389 incomposito
742 354 927 382 venientibus

98 397 216 433 agmine
227 403 412 427 occurrentes
423 399 547 427 Romani
559 407 696 435 magnam
713 400 806 427 edunt
817 400 925 427 caedem

98 446 127 470 et
147 443 264 470 barbari
280 451 316 471 ne
330 443 548 479 aliquantulum
564 444 683 479 quidem
695 444 770 472 395
790 444 927 472 resistere

98 487 229 515 volentes
252 488 323 515 dant
353 489 444 524 terga.
478 488 534 515 Sed
567 488 637 524 quia
661 489 785 516 Romani
814 489 927 524 equites

99 532 197 560 citatis
211 532 297 567 equis
312 532 389 560 viam
405 533 434 560 in
452 534 552 560 urbem
570 533 725 561 ducentem
751 536 929 570 occuparant

100 579 188 612 atque
203 576 383 611 insederant,
400 577 469 613 fuga
484 585 536 613 per
550 585 670 613 campos
686 578 820 613 palantes
841 581 928 613 atque

99 620 274 657 deprehensi
290 621 474 649 occiduntur.
492 622 593 657 Itaque
608 625 637 650 et
659 623 852 650 cadaveribus
868 625 929 650 tota

99 665 238 701 planities
253 668 404 694 constrata
418 669 464 694 est
478 669 507 694 et
533 666 682 694 innumeri
698 667 785 703 capti.
802 667 928 695 Proinde

100 710 287 746 Sphegellus,
303 711 389 746 cujus
405 713 472 747 post
495 711 787 747 Sphendosthlabum
811 721 929 740 summa

99 762 162 782 erat
176 755 253 782 inter
266 754 390 791 Scythas
404 755 576 791 auctoritas,
592 756 797 784 Persthlabani
819 757 927 784 exerci-

99 801 150 827 tus
166 799 331 835 praefectus,
343 800 407 835 jam
425 800 460 827 de
475 800 541 836 ipsa
559 800 631 828 urbe
646 801 798 829 retinenda
823 801 928 829 anxius

100 846 202 880 portas
217 843 330 872 claudit
344 852 377 872 ac
401 844 532 872 vectibus
557 844 679 880 objectis
706 846 815 881 munit,
839 848 869 874 et
893 847 928 874 de

101 896 187 916 muro
202 888 300 916 omnis
312 889 431 925 generis
445 889 607 917 missilibus
622 898 655 917 ac
671 889 751 918 saxis
768 890 929 918 subeuntes

99 933 246 962 Romanos
279 936 369 964 arcet.
400 934 462 962 Nox
491 934 594 963 oborta
627 935 810 964 obsidionem
832 935 927 964 solvit.

98 977 241 1006 Postridie
258 979 354 1014 prima
366 978 430 1007 luce
445 986 553 1015 praeses
566 979 694 1008 Basilius
721 988 788 1008 cum
806 980 929 1016 reliquis

98 1022 193 1059 copiis
209 1023 313 1058 adfuit,
341 1023 427 1058 cujus
453 1024 597 1052 adventus
623 1032 764 1060 magnum
787 1025 930 1060 gaudium

99 1067 271 1102 imperatori
288 1067 406 1103 attulit;
422 1069 451 1096 et
461 1067 566 1095 collem
575 1069 736 1104 quamdam
748 1069 930 1104 conscendit,

103 1114 137 1139 ut
151 1111 267 1147 Scythis
291 1114 369 1139 esset
391 1112 580 1148 conspicuus.
608 1112 727 1140 Interim
753 1113 841 1149 copize
856 1113 933 1141 inter

104 1163 135 1184 se
150 1156 314 1192 conjunctae
331 1157 433 1184 urbem
453 1157 585 1192 cingunt.
611 1157 711 1185 Multis
736 1157 850 1185 hortato
866 1158 932 1186 bar-

103 1201 192 1229 baros
209 1201 386 1237 imperatore
404 1204 435 1229 ut
449 1201 486 1229 ab
502 1201 617 1237 incepto
641 1202 816 1230 desisterent
839 1210 933 1238 neque

104 1245 161 1274 sibi
176 1245 248 1281 ipsis
263 1245 343 1273 exitii
359 1254 449 1274 causa
463 1249 572 1278 essent,
590 1254 657 1274 cum
674 1245 748 1274 nihil
777 1247 933 1282 proficere-

104 1293 163 1325 tur,
178 1290 301 1318 Romani
313 1291 397 1326 justa
418 1291 530 1318 incensi
547 1291 591 1318 ire.
614 1291 863 1327 oppugnationem
880 1300 932 1326 ag-

103 1335 196 1370 gressi
213 1335 331 1371 sagittis
347 1343 501 1363 murorum
518 1335 686 1363 defensores
700 1335 932 1372 abigunt,scalas

104 1379 198 1407 muris
212 1382 385 1415 opponunt;
402 1382 431 1407 et
442 1379 562 1415 quidam
573 1380 727 1408 animosus
737 1380 822 1408 miles
831 1381 932 1408 dextra

102 1423 233 1459 gladium
251 1425 366 1458 tenens,
380 1422 510 1459 laavaque
525 1426 643 1452 scutum
659 1424 695 1452 ad
710 1424 816 1460 capitis
832 1424 931 1452 deten-

102 1467 218 1495 sionem
243 1466 352 1495 elatum
387 1469 519 1503 gestans,
546 1467 659 1504 primus
694 1476 746 1504 per
767 1469 877 1497 scalam
902 1469 933 1497 in

103 1519 222 1540 murum
243 1512 350 1547 evadit,
372 1514 456 1540 scuto
478 1512 556 1540 ictus
571 1512 716 1540 amoliens
742 1515 771 1541 et
795 1521 864 1542 ense
880 1513 932 1541 ob-

101 1558 216 1584 stantes
228 1564 341 1591 arcens,
352 1556 451 1592 itaque
458 1565 510 1593 per
521 1557 743 1593 propugnacula
758 1558 932 1592 ascendens,
947 1550 969 1584 C

100 1600 253 1636 dissipatis
269 1601 320 1636 qui
335 1600 377 1628 ibi
392 1603 475 1628 erant
489 1600 636 1634 hostibus,
661 1602 724 1630 suis
740 1605 838 1630 tutum
853 1603 930 1630 muri

102 1644 320 1673 conscendendi
337 1644 434 1673 locum
455 1645 532 1673 800
548 1646 667 1681 praebet.
693 1647 776 1674 Hunc
801 1646 850 1674 alii
865 1649 932 1682 post

102 1689 178 1717 alios
203 1689 369 1723 imitantur,
402 1697 529 1726 eumque
559 1689 614 1718 hoc
648 1691 735 1718 modo
765 1691 932 1727 complures

103 1742 222 1762 murum
235 1734 298 1770 jam
314 1736 458 1768 tenerent,
475 1742 567 1762 cuneo
581 1735 656 1763 facto
667 1734 790 1770 Scythas
807 1735 932 1771 pellunt,

102 1779 183 1815 iique
198 1787 230 1807 se
245 1778 281 1806 de
295 1779 389 1808 muris
404 1781 497 1815 agunt
510 1779 684 1815 praecipites.
710 1779 783 1807 Aliis
818 1788 933 1816 quoque

102 1822 228 1851 diversis
254 1822 327 1852 locis
352 1823 437 1851 multi
461 1823 572 1860 priores
597 1823 705 1852 imitati
725 1833 776 1860 per
791 1824 886 1853 scalas
901 1825 932 1852 in

105 1875 222 1895 murum
235 1868 446 1896 succedunt.Et
457 1868 573 1905 Scythis
584 1869 800 1904 trepidantibus
811 1870 933 1905 quidam

104 1912 227 1940 Romani
244 1912 328 1940 hoste
343 1921 400 1940 non
422 1912 672 1941 animadvertente
685 1914 720 1941 ad
738 1916 837 1949 portas
854 1913 935 1942 nullo

104 1956 220 1992 negotio
236 1956 521 1993 perveniunt,iisque
533 1958 644 1993 apertis
659 1959 753 1985 totum
770 1958 936 1986 immittunt

105 2000 277 2028 exercitum.
307 2003 368 2028 Hoc
402 2001 489 2029 modo
524 2001 597 2029 urbe
635 2004 730 2037 capta,
759 2002 869 2039 Scythis
886 2012 937 2039 per

106 2046 262 2081 angiporta
286 2045 475 2081 dill'ugientes
506 2045 683 2081 deprehensi
715 2046 934 2082 interimuntur,

107 2089 247 2117 mulieres
261 2092 290 2117 et
306 2089 388 2125 pueri
403 2089 510 2126 captivi
525 2090 684 2118 ducuntur.
697 2091 816 2127 Capitur
831 2093 859 2119 et
869 2099 936 2120 cum

107 2134 234 2170 conjuge
249 2136 278 2162 et
293 2133 395 2162 liberis
420 2134 536 2163 Borises
553 2135 744 2171 Bulgarorum
770 2144 830 2170 rex,
854 2136 936 2172 regni

108 2177 237 2213 insignis
255 2178 351 2206 adhuc
365 2180 495 2214 gestans,
512 2181 542 2207 et
556 2179 592 2207 ad
618 2179 825 2215 imperatorem
841 2180 936 2208 addu-

983 218 1048 251 δίως
1078 219 1163 258 μηδὶν
1190 218 1362 258 προσδοκῶσι
1386 221 1446 250 τοῖς
1466 217 1613 255 πολεμίοις
1628 216 1804 254 ἐμπίπτουσι,

981 263 1221 302 καταλαμϐάνουσι
1238 264 1267 293 δί
1282 263 1332 300 ἔξω
1343 265 1444 301 τειχῶν
1457 263 1508 297 τὴν
1529 261 1655 290 ἰνὸπλιον
1680 260 1804 289 παιδείαν

981 310 1205 347 γυμναζομένους
1220 307 1318 347 ἄνδρας
1349 309 1386 339 είς
1417 307 1641 345 ὀκτακισχιλίους
1668 306 1712 334 καὶ
1739 316 1806 334 πεν-

980 354 1126 385 τακοσίους
1155 353 1384 391 ἀριθμουμένους,
1415 351 1512 384 οίίτινες
1540 351 1583 379 ἐπὶ
1613 351 1714 389 χρόνον
1743 350 1806 378 τινὰ

982 398 1167 436 ἀντισχόντες,
1198 398 1254 426 εἶτα
1284 398 1514 432 καταπονηθέντες
1547 395 1677 435 ἔφευγον
1706 395 1750 422 καὶ
1779 395 1806 422 οἱ

984 443 1030 480 μὲν
1047 443 1152 474 ἀκλεῶς
1170 443 1347 480 ἀνῃρέθησαν,
1364 443 1391 469 οἱ
1406 440 1435 469 δὲ
1456 441 1496 472 είς
1519 441 1568 475 τήν
1592 439 1675 468 πόλιν
1703 438 1806 467 διασώ-

984 491 1082 522 ζονται.
1098 489 1140 515 Ἐν
1157 488 1180 524 ᾦ
1196 486 1225 515 Si
1238 489 1322 515 ταῦτα
1337 486 1495 524 ἐπράττετο,
1506 485 1532 512 οἱ
1548 482 1622 512 ἔνδον
1653 482 1728 515 ὄντες
1755 486 1806 518 τῆς

981 532 1090 564 πόλεως
1106 533 1217 568 Σκύθαι,
1233 532 1282 566 τήν
1299 531 1454 568 ἀπρόοπτον
1483 529 1622 558 ἒπέλευσιν
1650 528 1806 565 αἰσθόμενοι

981 578 1034 605 τῶν
1049 578 1195 614 Ῥωμαίων
1221 576 1266 604 καὶ
1292 576 1342 611 τήν
1372 576 1440 614 πρὸς
1467 574 1531 606 τοὺς
1560 573 1704 613 σφετέρους
1735 584 1805 609 συμ-

981 621 1102 658 πλοκὴν,
1116 620 1228 653 ἕκαστος
1255 622 1293 654 ὡς
1319 621 1333 649 ὃ
1360 621 1455 658 καιρὸς
1484 618 1575 648 ἐδίδου
1604 619 1634 646 τὸ
1649 617 1805 655 προστυχὸν

983 663 1168 703 λαμϐάνοντες
1191 665 1278 694 ὅπλον
1303 665 1411 702 ἐξῄεσαν
1436 664 1474 696 είς
1506 664 1644 701 βοήθειαν.
1661 661 1714 693 Οὓς
1744 673 1806 690 συν-

982 713 1113 743 αντῶντες
1141 711 1167 738 οἳ.
1195 713 1338 747 Ῥωμαῖοι,
1367 709 1530 737 ἀσύντακτον
1567 708 1611 736 καὶ
1643 706 1809 743 διεσπασμέ-

982 766 1031 791 νην
1047 756 1096 791 τήν
1123 755 1234 793 πορείαν
1259 756 1416 789 ποιοῦντας,
1431 753 1560 782 ἔκτεινον.
1581 753 1628 780 Διὸ
1651 750 1716 789 μηδ’
1735 751 1810 779 ἀντι-

983 804 1060 840 σχεῖν
1085 801 1130 829 καὶ
1160 801 1204 829 ἰπὶ
1236 801 1332 839 μικρὸν
1359 801 1460 839 χρόνον
1486 798 1644 835 δυνηθέντες
1671 798 1811 826 κλίνουσιν

983 845 1021 878 εἲς
1047 847 1145 885 φυγήν.
1171 845 1390 884 Προδραμόντων
1417 843 1446 872 δὶ
1464 847 1518 872 τῶν
1543 843 1649 872 ἱππέων
1673 846 1723 878 τῆς
1746 843 1811 871 Ῥωο

986 890 1072 928 μαίων
1089 890 1232 929 φάλαγγος
1247 891 1290 918 καὶ
1308 891 1357 924 τήν
1374 889 1401 920 ἐς
1412 890 1463 924 τὴν
1483 888 1565 917 πόλιν
1591 887 1720 927 φέρουσαν
1747 887 1808 915 tm-

982 935 1173 973 τειχισάντων,
1200 935 1248 962 ἀνὰ
1273 936 1304 963 τὸ
1328 933 1421 962 πεδίον
1444 932 1633 970 έσκεδασμένοι
1663 932 1808 972 φεύγοντες

983 979 1028 1007 καὶ
1061 977 1337 1016 καταλαμϐανόμενοι
1374 978 1535 1016 ἀνῃροῦντο,
1565 978 1603 1010 ὡς
1641 977 1745 1004 ἅπαντα
1775 976 1810 1004 τὰ

985 1024 1079 1061 ὁμαλὰ
1093 1024 1399 1062 πληρωθῆναινεκρῶν,
1416 1023 1535 1061 ζωγρίας
1564 1021 1594 1050 δὶ
1620 1020 1724 1049 ἁλῶναι
1748 1021 1809 1058 ἀρι-

986 1069 1057 1105 Θμοῦ
1072 1069 1220 1106 κρείττους.
1239 1067 1400 1108 Σφάγελλος
1416 1067 1445 1095 δὶ
1463 1068 1477 1096 ὁ
1495 1068 1585 1102 πάσης
1612 1069 1663 1101 τῆς
1692 1065 1718 1093 ἐν
1742 1068 1810 1103 Περ-

987 1111 1093 1149 σθλάϐᾳ
1121 1116 1247 1151 στρατιᾶς
1272 1113 1452 1150 ἐξηγούμενος
1468 1111 1602 1148 (ἐτάττετο
1631 1109 1661 1138 δὶ
1689 1109 1813 1148 δεύτερος

989 1158 1056 1194 μετᾶ
1069 1158 1115 1186 τὸν
1133 1155 1359 1197 Σφενδοσθλάϐον
1375 1157 1401 1184 έν
1416 1156 1554 1192 Σκύθαις),
1569 1155 1614 1183 καὶ
1629 1154 1691 1193 περὶ
1714 1155 1812 1189 αὐτῆς,

987 1202 1024 1233 ὡς
1039 1202 1121 1238 εἷκὸς,
1139 1201 1228 1233 δείσας
1242 1205 1292 1236 τῆς
1317 1200 1438 1235 πόλεως,
1453 1200 1501 1230 τὰς
1530 1199 1618 1232 πύλας
1646 1197 1812 1229 ἀποκλείσας

986 1247 1031 1274 καὶ
1059 1246 1179 1284 μοχλοῖς
1208 1245 1455 1285 έξασφαλισάμενος
1489 1243 1588 1272 ἄνεισιν
1624 1243 1661 1274 εἰς
1693 1243 1724 1270 τὸ
1756 1245 1812 1270 τεῖ-

987 1301 1048 1329 χος,
1070 1292 1112 1328 [Ρ-
1128 1292 1191 1328 673]
1217 1290 1262 1318 καὶ
1286 1289 1426 1321 παντοίοις
1452 1288 1543 1327 βέλεσι
1567 1288 1612 1316 καὶ
1637 1288 1725 1320 λίθοις
1747 1287 1811 1318 τοὺς

988 1335 1112 1366 έπιόντας
1128 1336 1282 1372 Ῥωμαίους
1307 1334 1439 1372 ἠμύνετο.
1456 1333 1509 1369 Νὺξ
1540 1333 1587 1370 μὶν
1617 1331 1662 1360 οὖν
1690 1332 1811 1370 ἰπιγενο-

989 1380 1056 1417 μένη
1087 1378 1194 1407 διέλυσε
1221 1380 1271 1414 τὴν
1300 1378 1475 1417 πολιορκίαν,
1490 1377 1572 1406 ἔωθεν
1597 1376 1626 1405 δὶ
1649 1375 1812 1414 ὁπρόεδρος

987 1423 1131 1456 Βασίλειος
1144 1424 1263 1462 ἀνεφάνη
1295 1424 1362 1460 μετά
1390 1425 1439 1451 τοῦ
1466 1423 1580 1451 κατόπιν
1607 1422 1709 1453 παντὸς
1737 1421 1810 1456 πλή-

988 1474 1060 1502 θους·
1077 1469 1122 1496 καὶ
1138 1469 1152 1496 ὁ
1184 1468 1311 1506 βασιλεὺς
1340 1469 1375 1504 τῇ
1403 1467 1501 1495 τούτου
1526 1466 1630 1495 ὲλεύσει
1658 1465 1812 1504 περιχαρὴς

987 1514 1133 1551 γενόμενος
1150 1511 1248 1540 ἄνεισιν
1277 1512 1320 1540 ἐπί
1345 1522 1419 1543 τινος
1448 1510 1603 1549 γεωλόφου,
1619 1510 1656 1542 ὡς
1683 1509 1726 1545 εἵη
1754 1513 1812 1541 τοῖς

989 1557 1105 1590 Σκύθαις
1134 1557 1303 1596 καταφανὴς,
1326 1556 1360 1584 τὰ
1389 1555 1418 1584 δὲ
1442 1555 1536 1591 πλήθη
1560 1555 1587 1587 ές
1611 1555 1693 1583 ταυτὸ
1717 1553 1811 1582 συνελ-

988 1603 1068 1635 θόντα
1084 1601 1215 1630 ἐκύκλουν
1228 1602 1278 1636 τήν
1294 1600 1386 1629 πόλιν.
1402 1601 1447 1632 Ὠς
1467 1599 1496 1628 δὶ
1507 1599 1601 1628 πολλὰ
1611 1599 1660 1628 τοῦ
1678 1598 1811 1638 βασιλέως

985 1646 1208 1684 παρακαλοῦντος
1235 1645 1357 1674 ἰνδοῦναι
1383 1647 1433 1680 τῆς
1461 1645 1610 1676 ἐνστάσεως
1638 1645 1681 1672 καὶ
1709 1644 1747 1680 μή
1763 1642 1812 1681 ἅρ-

987 1691 1038 1727 δην
1054 1689 1239 1724 ἀπολωλέναι,
1256 1691 1305 1718 οὐκ
1323 1689 1461 1718 ἐπείθοντο
1474 1689 1594 1717 κατιέναι
1616 1691 1665 1716 τοῦ
1689 1688 1811 1726 τείχους,

987 1737 1075 1772 θυμοῦ
1101 1734 1207 1763 δικαίου
1233 1734 1399 1770 πλησθέντες
1423 1735 1449 1762 οἱ
1471 1735 1603 1770 Ῥωμαῖοι
1631 1733 1740 1771 εἷ’χοντο
1762 1736 1812 1767 τῆς

987 1780 1263 1818 πολιορκίας,τόξοις
1278 1789 1306 1807 τε
1320 1779 1386 1810 τοὺς
1402 1779 1500 1806 ἄνωθεν
1525 1777 1661 1816 εἴργοντες
1683 1777 1726 1805 καὶ
1751 1777 1812 1805 κλί-

989 1835 1076 1862 μακας
1088 1825 1147 1855 τοῖς
1164 1824 1267 1862 τείχεσι
1288 1822 1519 1862 προσερείδοντες.
1535 1822 1589 1851 Καί
1612 1833 1654 1854 ¹ιις
1678 1821 1812 1859 στρατιώ-

987 1880 1038 1904 της
1059 1868 1198 1906 γεννάδας,
1216 1869 1291 1908 ξΐφος
1313 1870 1348 1905 τῇ
1370 1867 1442 1904 δεξιᾷ
1465 1868 1586 1906 κατέχων
1615 1867 1660 1894 καὶ
1687 1868 1722 1903 τῇ
1749 1865 1814 1902 λαιᾷ

989 1913 1088 1941 ἄνωθεν
1115 1917 1164 1947 τῆς
1192 1912 1315 1952 κεφαλῆς
1347 1913 1397 1947 τὴν
1436 1910 1536 1939 ἀσπίδα
1572 1908 1813 1949 προϐεϐλημένος,

989 1962 1098 1996 πρῶτος
1124 1957 1169 1985 διὰ
1197 1960 1260 1994 μιᾶς
1288 1959 1342 1985 τῶν
1358 1956 1502 1993 κλιμάκων
1518 1955 1753 1994 ἀναῤῥιχώμενος,
1768 1954 1813 1982 καὶ

989 2004 1024 2039 τῇ
1046 2003 1092 2039 μὶν
1110 2001 1203 2030 ἀσπίδι
1218 2002 1266 2033 τὰς
1283 2000 1368 2040 βολὰς
1383 2000 1614 2039 ἀποκρουόμενος,
1630 2003 1671 2036 τῷ
1690 1998 1719 2027 δί
1745 1999 1815 2038 ξίφει

989 2047 1054 2078 τοὺς
1083 2046 1210 2077 ἐπιόντας
1238 2046 1282 2074 καὶ
1320 2045 1478 2077 κωλύοντας
1514 2045 1699 2082 ἀμυνόμενος,
1730 2043 1814 2071 ἄνεισι

992 2090 1037 2119 διὰ
1064 2093 1118 2119 τῶν
1153 2089 1302 2127 ἐπάλξεων,
1331 2090 1377 2118 καὶ
1409 2089 1474 2121 τοὺς
1507 2088 1593 2117 ἐκεῖσε
1630 2090 1686 2126 (26)
1716 2088 1816 2119 πάντας

991 2134 1169 2167 διασκεδάσας
1193 2134 1282 2163 ἄδειαν
1309 2133 1408 2162 ἀνόδου
1434 2137 1494 2165 τοῖς
1518 2134 1631 2162 κατόπιν
1650 2132 1813 2171 παρέσχετο’

991 2181 1020 2208 ὃν
1048 2179 1238 2217 μιμησάμενος
1267 2178 1353 2211 ἄλλος
1377 2178 1421 2207 καί
1451 2177 1484 2206 αὗ
1521 2177 1607 2210 ἄλλος
1632 2178 1676 2205 καὶ
1712 2176 1817 2205 πολλοὶ

108 2222 194 2250 citur.
211 2222 263 2250 Cui
276 2230 309 2250 se
321 2222 482 2259 imperator
497 2223 656 2251 admodum
682 2223 816 2252 exhibuit
830 2224 869 2252 hu

1053 2235 1078 2252 οι
1093 2224 1225 2259 ἀνῆλθον.
1241 2224 1293 2253 Καὶ
1313 2224 1501 2260 συνασπισμοῦ
1523 2221 1672 2261 γενομὲνου
1695 2222 1722 2249 οἱ
1746 2221 1815 2249 Σκύ-

107 2275 191 2301 num,
219 2275 318 2304 regem
357 2267 551 2304 Bulgarorum
582 2267 743 2304 appellans,
778 2277 939 2306 omnesque

107 2311 236 2348 captivos
254 2312 397 2348 Bulgaros
411 2312 502 2340 libere
517 2321 574 2348 quo
589 2313 715 2349 quisque
739 2313 821 2342 abire
850 2313 939 2343 vellet

993 2270 1037 2297 Θαι
1056 2268 1268 2307 κατισχυόμενοι
1290 2267 1401 2300 ἑαυτοὺς
1414 2267 1468 2296 ἀπὸ
1483 2269 1538 2295 τῶν
1553 2268 1654 2306 τειχῶν
1682 2266 1816 2304 κατεκρή-

995 2316 1100 2350 μνιζον,
1116 2312 1224 2342 Πολλοὶ
1244 2311 1273 2341 δὶ
1286 2313 1332 2341 καὶ
1347 2313 1479 2349 Ῥωμαῖοι
1495 2312 1564 2340 κατᾶ
1579 2310 1664 2346 ζῆλον
1681 2313 1734 2338 τῶν
1747 2320 1817 2348 προ-

704 2372 888 2401 XYLANDRI
908 2373 951 2401 ET
969 2373 1077 2402 GOARI
1096 2373 1212 2402 NOTAE.

146 2420 204 2456 (26)
216 2419 370 2457 Librarius
392 2421 422 2449 in
450 2420 582 2456 margine
606 2420 667 2457 haec
695 2422 831 2457 ascripsit
848 2430 854 2449 ε
871 2425 938 2457 Θαυ-

112 2453 282 2494 μάζωέεῗπεμ
292 2455 342 2494 οὐκ
356 2456 389 2490 ἧν
404 2457 467 2483 τότε
487 2453 552 2494 τοῖς.
572 2453 722 2494 βαρϐάροις
747 2453 813 2494 δόρυ
841 2455 937 2494 utﬁu-

111 2489 169 2528 ρὸν,
187 2489 222 2518 δι⁴
251 2489 282 2518 οὗ
308 2489 509 2520 τὸν⁷τοιοῦτον
537 2489 576 2520 ἄν’
598 2489 736 2520 ἐκώλυσαν
763 2489 814 2528 τῆς
838 2491 936 2522 ἀναϐά-

110 2527 285 2565 σεωςηουοά
301 2528 416 2565 videtur
429 2537 462 2557 eo
479 2529 633 2564 pertinere,
658 2530 728 2565 quia
752 2538 822 2558 sane
837 2530 936 2559 diluta

110 2567 180 2591 sunt
194 2563 240 2602 hae
256 2564 457 2602 narrationes;
476 2563 600 2602 ettanta
611 2563 741 2593 facinora
764 2565 936 2602 diligentius

110 2599 414 2638 per‘oircumstentias
429 2601 623 2638 describenda
638 2603 717 2636 sunt,
745 2610 780 2629 ne
796 2599 937 2638 ﬁgmenta.

111 2635 381 2698 Eotlusyideantur
395 2638 423 2664 et
437 2636 563 2672 ineptias.
580 2639 650 2664 Nam
667 2637 738 2671 quin
757 2635 832 2678 saepe
847 2639 936 2666 unius

132 2679 240 2698 ominis
256 2674 349 2698 Virtus
368 2674 469 2698 contra
493 2672 601 2698 multos
622 2672 721 2698 hostes
741 2674 885 2698 Eubmslni.
903 2682 936 2698 no

132 2671 240 2698 ominis
256 2671 349 2700 virtus
368 2674 469 2700 contra
486 2671 601 2700 ’multos
622 2672 721 2702 hostes
741 2671 885 2702 subsistat
903 2682 936 2702 ac

109 2706 262 2739 vindicat..
278 2715 337 2735 non
353 2710 398 2736 est
413 2707 537 2736 dubium
553 2708 692 2737 historica
706 2708 834 2738 ﬁde.Sed
843 2718 937 2738 unum

111 2742 241 2780 aliquem
256 2751 290 2780 eo
305 2743 392 2772 modo
407 2751 465 2780 quo
480 2743 527 2772 hic
542 2744 681 2773 scribitur
694 2744 724 2772 in
741 2753 860 2773 murum
871 2753 936 2774 eva-

111 2778 191 2813 dere,
206 2778 309 2809 multis
324 2778 451 2816 desuper
466 2779 589 2810 armatis
604 2780 741 2810 hostibus
754 2781 935 2817 videntibus,

992 2423 1106 2452 videtur
1120 2425 1172 2449 τῶν
1189 2420 1338 2450 ἀδυνάτων.
1360 2419 1545 2449 Nerissimile
1564 2421 1609 2448 est
1631 2420 1708 2455 quod
1725 2422 1816 2447 Zona-

991 2468 1055 2487 ram
1071 2460 1194 2487 innuere
1209 2460 1411 2500 apparet,eum
1424 2456 1488 2500 loco
1503 2455 1816 2500 aliquodefenporibus

990 2503 1082 2524 vacuo
1107 2491 1552 2532 murum'itenuissetitemque
1562 2491 1668 2532 ~elice;
1694 2492 1762 2532 inde
1787 2491 1817 2532 in

992 2537 1226 2569 propugnatores
1240 2530 1315 2569 facto
1326 2528 1489 2565 impetu,iis
1505 2527 1683 2569 pgpﬂigatis‘,
1695 2527 1818 2569 reliquis

992 2562 1169 2594 ascendendi
1186 2565 1352 2594 facultatem
1369 2562 1705 2594 harassefNon—multo
1730 2562 1819 2591 artiﬁ-

992 2603 1088 2630 ciosor
1103 2604 1146 2629 est
1161 2602 1236 2629 infra
1251 2601 1281 2629 in
1297 2600 1405 2629 Basilio
1420 2601 1456 2629 de
1470 2600 1569 2627 Ibatza
1592 2601 1733 2627 excecato
1749 2607 1818 2626 nar-

992 2637 1078 2669 ratio,
1095 2637 1144 2665 ubi
1159 2637 1234 2665 tanti
1249 2637 1385 2665 facinoris
1401 2638 1502 2664 auctor
1516 2635 1611 2664 hostis
1630 2635 1727 2671 potuit
1742 2633 1817 2662 mul-

991 2673 1148 2701 titudinem
1164 2672 1300 2701 hostilem
1316 2674 1460 2700 armatam
1472 2674 1500 2700 et
1524 2672 1696 2699 frementem
1710 2678 1817 2699 manus

991 2712 1074 2736 motu
1090 2709 1192 2737 sedare
1206 2711 1236 2737 et
1249 2708 1381 2737 oratione
1392 2707 1577 2743 demitigare,
1594 2715 1657 2743 quae
1675 2714 1710 2735 ne
1726 2705 1817 2743 magi-

990 2746 1120 2809 ;{tratum
1148 2745 1268 2782 quidem
1295 2743 1385 2773 semel
1423 2743 1568 2772 concitata
1601 2743 1703 2772 audire
1730 2742 1816 2772 solet.

1018 2788 1064 2809 τι.

1018 2788 1064 2815 τι,
