1928 3047
85 111 144 140 £29
653 109 920 141 HISTORIARUM

1007 109 1226 142 MPENDIUM.
1737 114 1798 144 130

82 175 170 214 τὲρων
187 174 233 203 καὶ
260 175 285 203 ἄν
312 174 453 214 διαφόροις
475 175 570 206 τόποις
587 173 631 203 διὰ
642 173 787 211 κλιμάκων
805 172 914 202 ἀνέϐαι-

1008 176 1156 212 rmittens,
1170 185 1228 205 non
1250 177 1286 206 ad
1303 177 1484 214 subigendos
1508 179 1560 207 sed
1575 179 1611 208 ad
1628 179 1797 210 liberandos

84 231 132 248 νον
157 219 196 251 εἰς
224 220 256 248 τὸ
282 223 385 258 τεῖχος.
411 219 462 249 Καὶ
488 222 540 247 τῶν
567 222 678 252 Σκυθῶν
707 217 915 257 θορυϐουμένων

1007 221 1112 258 Ilgaros
1128 221 1237 250 bellum
1254 231 1285 250 se
1301 223 1427 252 movisse
1444 223 1556 257 dicens,
1572 224 1709 262 solosque
1724 225 1797 254 Ros-

84 264 186 297 ἔλαθόν
214 274 284 297 τινες
305 264 427 302 ἀμογητὶ
450 264 519 302 πρὸς
542 264 590 296 τὰς
616 264 705 295 πύλας
740 263 839 300 ἰλθεῖν,
868 265 912 292 καὶ

1007 275 1019 294 s
1032 274 1063 294 se
1078 265 1208 294 hostium
1224 267 1332 295 habere
1347 275 1481 296 numero.

82 309 186 340 ταύτας
214 309 425 341 ἀναπετάσαντες
449 308 558 347 εἰσῆγον
572 309 604 336 τὸ
617 310 780 348 στράτευμα,
797 308 846 336 Καὶ
873 309 973 337 τοῦτον
996 310 1043 337 τὸν
1067 310 1168 347 τρόπον
1197 314 1248 346 τῆς
1275 310 1384 342 πόλεως
1414 310 1536 347 ἁλούσης
1565 313 1591 340 οἱ
1623 313 1670 349 μὲν
1698 313 1797 341 Σκόθαι

85 354 136 382 ἀνᾶ
150 354 216 385 τοὺς
241 353 394 386 στενωποὺς
417 353 562 393 φεύγοντες
589 354 635 381 καὶ
663 351 940 391 καταλαμϐανόμενοι
970 353 1131 392 ἀνῃροῦντο,
1161 358 1286 393 γυναῖκες
1314 354 1343 383 δὲ
1367 356 1412 384 καὶ
1437 354 1532 384 παιδία
1555 356 1796 396 ᾖχμαλωτίζοντο,

84 398 180 427 Ἑάλω
205 398 235 427 δὶ
257 399 302 426 καὶ
326 398 443 436 Βορίσης
459 399 472 426 δ
490 398 617 437 βασιλεὺς
631 401 685 425 τῶν
711 397 876 436 Βυυλγάρων
906 399 963 435 ἅμα
990 399 1097 438 γυναικὶ
1126 400 1171 428 καὶ
1199 400 1315 435 τέκνοις,
1339 399 1378 428 ἔτι
1404 401 1437 429 τὰ
1461 401 1611 439 παράσημα
1635 403 1725 441 φιρων
1749 404 1798 437 τῆς

87 443 241 482 βασιλείας,
269 444 313 471 καὶ
344 444 381 475 είς
411 442 523 481 βασιλέα
552 444 677 481 ἀπήχθη.
708 443 804 479 Τούτῳ
834 441 862 470 δὲ
888 444 902 471 ὁ
934 443 1061 481 βασιλεὺς
1090 443 1291 484 φιλανθρώπως
1330 446 1477 484 ἐχρήσατο,
1508 446 1588 474 αὐτόν
1626 457 1655 474 τε
1685 447 1798 485 βασιλὲα

85 486 256 526 Βουλγάρων
282 487 440 524 ἀποκαλῶν,
469 487 512 515 καὶ
542 487 644 518 πάντας
672 487 735 518 τοὺς
766 486 964 524 ἀλισκομὲνους
1002 487 1177 527 Βουλγάρους
1212 489 1323 521 ἀνὲτους
1360 490 1449 529 ἀφιεὶς
1476 490 1522 518 καὶ
1557 489 1715 528 ἐλευθὲρους
1743 490 1797 526 ὅπη

85 532 134 559 καὶ
166 532 312 570 βούλοιντο
341 533 458 567 ἀπιᾶναι,
488 531 538 560 οὐκ
565 531 609 559 ἰπὶ
635 530 747 567 δουλείᾳ
774 531 882 571 φάσκων
911 532 1083 571 Βουλγάρων,
1113 533 1177 562 ἀλλ’
1202 533 1245 562 ἄπ’
1268 533 1408 573 ἐλευθερίᾳ
1432 533 1539 572 μᾶλλον
1570 535 1798 573 ἁφίξεσθαι,¹Ρὼς

87 575 117 604 δὲ
135 577 236 613 μόνους
252 577 390 615 γινώσκειν
407 576 522 614 ἐχθροὺς
535 576 580 603 καὶ
595 575 703 608 τούτοις
719 580 840 614 χρῆσθαι
853 576 890 608 ὡς
906 579 1066 614 πολεμίοις.

124 622 160 650 Οἱ
176 620 205 648 δὶ
220 624 274 649 τῶν
291 622 400 648 Σκυθῶν
426 620 605 658 γενναιότεροι
631 620 766 658 ὀχύρωμά
785 631 810 648 τι
827 631 917 648 κατει-

88 665 211 705 ληφότες
227 665 301 697 ἐντὸς
325 667 380 693 τῶν
403 667 453 698 τῆς
477 665 584 697 πόλεως
609 664 768 703 βασιλείων,
790 665 917 693 ὀκτακισ-

89 709 183 748 χίλιοι
197 710 244 738 τὸν
269 709 394 748 ἀριθμὸν,
414 709 459 737 ἐπί
482 720 543 737 τινα
566 709 666 748 χρόνον
693 708 848 744 ἐλάνθανον,
872 710 916 738 καὶ

88 754 217 786 πολλοὺς
230 756 284 782 τῶν
305 754 365 786 καθ’
391 754 511 792 ἱστορίαν
538 754 624 782 ἐκεῖσε
648 754 802 792 γενομένων
822 755 841 790 ἢ
857 754 918 782 σκύ-

90 799 150 828 λων
187 800 312 838 ἁρπαγὴν
351 799 514 838 ἀσυμφανῶς
552 801 713 837 κρατοῦντες
750 798 916 828 ἀπέκτεινον.

89 845 131 874 Οὗ
146 844 317 883 γνωσθέντος
330 846 371 881 τῷ
389 844 497 882 βασιλεῖ
520 845 632 882 στρατὸς
655 844 698 872 ὶπ¹
713 844 811 877 αὐτοὺς
826 843 918 872 tam.

91 889 157 918 λετο
182 889 344 927 ἀξιόμαχος.
367 889 508 927 Ὀκνηρῶς
534 887 562 917 δὲ
587 889 661 926 εἶχον
684 889 711 916 οἱ
733 888 917 925 πεμπόμενοι,

89 935 135 962 καὶ
174 938 227 969 τῆς
262 933 425 971 πολιορκίας
457 932 585 978 Δεδειλίων
608 933 830 978 νᾷποπειρᾷσθαι,
860 932 957 978 νοῦκΒ

89 978 188 1014 ἄπειδὴ
214 978 278 1010 τοὺς
306 979 373 1009 Ῥὼς
401 975 559 1017 ἐφοϐοῦντο,
589 976 653 1005 ἀλλ’
681 977 775 1013 ἐπειδὴ
801 978 815 1005 ὁ
834 977 918 1009 τόπος

89 1024 194 1062 ὀχυρὸς
218 1024 252 1058 ἦν
279 1023 324 1051 καὶ
348 1022 500 1054 ἀνάλωτος.
526 1024 566 1059 [Ρ.
591 1024 654 1059 674]
677 1022 726 1050 Καὶ
751 1024 831 1050 τοῦτο
855 1021 883 1050 δὲ
902 1023 917 1050 ὁ

90 1068 221 1107 βασιλεὺς
247 1067 368 1106 εὐχερῶς
405 1066 560 1103 διελύσατο,
589 1067 623 1094 τὰ
651 1066 726 1094 δπλὰ
755 1066 846 1094 λαῗὶὼν
872 1067 917 1094 καὶ

87 1113 171 1148 πεζὸς
187 1112 340 1150 ἔμπροσθεν
365 1114 419 1140 τῶν
445 1111 537 1139 ἄλλων
561 1112 812 1149 προπορευόμενοςο
835 1113 916 1138 τοῦτο

86 1159 138 1197 γὰρ
155 1157 260 1189 ἰδόντες
277 1158 304 1185 οἱ
328 1159 490 1195 στρατιῶται
517 1157 610 1194 ἀθρόοι
636 1156 669 1183 τὰ
693 1155 766 1184 ὅπλα
787 1154 916 1187 λαϐόντες

87 1202 176 1239 ἔθεον,
203 1201 314 1233 ἕκαστος
338 1202 384 1230 τὸν
413 1201 526 1240 βασιλᾶα
553 1199 702 1238 προλαϐεῖν
732 1200 916 1238 ἐπειγόμενοι,

88 1248 135 1276 καὶ
153 1247 221 1284 μετὰ
239 1247 305 1284 βοῆς
319 1247 364 1274 καὶ
381 1245 545 1283 ἀλαλαγμοῦ
566 1248 606 1282 τῷ
630 1245 753 1284 φρουρίῳ
774 1243 918 1284 προσϐάλ-

89 1292 197 1321 λουσιν·
213 1291 356 1328 Ἐκθύμως
372 1290 401 1318 δὲ
415 1293 468 1318 τῶν
491 1291 560 1322 Ῥὼς
586 1290 776 1326 ὑπομενόντων
801 1291 850 1325 τὴν
866 1300 917 1318 πο-

89 1337 227 1375 λιορκίαν,
243 1338 297 1374 πῦρ
313 1336 352 1368 είς
367 1335 461 1364 πολλὰ
484 1336 554 1373 μέρη
581 1335 742 1374 ὑφάψαντες,
760 1334 831 1362 οὕτω
853 1334 918 1367 τοὺς

89 1381 302 1418 ἀνθισταμένους
340 1379 574 1418 κατηγωνίσαντο’
617 1379 656 1417 μὴ
694 1380 833 1417 στέγοντες
866 1380 916 1417 γὰρ

87 1427 138 1461 τὴν
163 1428 213 1454 τοῦ
239 1425 325 1463 πυρὸς
350 1423 465 1461 δύναμιν
489 1423 534 1452 καὶ
563 1424 613 1459 τήν
639 1424 795 1461 Ῥωμαϊκὴν
825 1426 916 1462 χεῖρα,

88 1469 204 1502 ἕκαστος
247 1469 342 1497 ἑαυτὸν
383 1468 580 1506 κρημνίζοντες
619 1467 829 1505 ἀπεδίδρασκον·
872 1467 917 1495 καὶ

87 1514 193 1543 πολλοὶ
211 1515 258 1551 μὶν
274 1513 418 1549 ἀνήλωντο
441 1515 481 1550 τῷ
505 1513 583 1551 πυρὶ,
598 1512 701 1541 πολλοὶ
721 1512 750 1540 δὲ
764 1512 917 1550 κρημνιζό-

89 1570 168 1596 μενοι
207 1558 363 1594 ἀπώλοντο,
398 1557 462 1589 τοὺς
501 1557 531 1586 δὶ
564 1557 679 1588 λοιποὺς
714 1558 838 1595 μάχαιρα
871 1556 916 1585 καὶ

86 1603 273 1642 αἲχμαλωσία
288 1601 450 1638 διεδέξαντο.
466 1603 513 1630 Καὶ
530 1603 547 1638 ἡ
565 1603 612 1638 μὲν
628 1601 711 1633 πόλις
724 1604 819 1629 τοῦτον
841 1601 915 1629 ἑάλω

1008 623 1129 651 Interim
1144 623 1320 660 Scytharum
1346 624 1539 653 animosiores
1563 625 1599 653 ad
1624 627 1688 654 octo
1705 625 1799 654 millia

972 667 1070 695 locum
1087 667 1115 695 in
1132 668 1213 704 regia
1227 668 1375 696 munitum
1389 672 1544 704 occupant,
1556 669 1656 705 ibique
1665 670 1798 706 aliquan-

972 711 1022 739 diu
1039 711 1142 745 latent,
1158 720 1191 740 ac
1215 713 1325 742 multos
1350 713 1402 749 qui
1425 713 1482 741 loci
1506 713 1724 750 contemplandi
1748 716 1799 742 aut

973 756 1135 792 spoliorum
1160 765 1250 786 causa
1271 765 1305 786 eo
1327 758 1508 792 accederent,
1533 758 1646 786 occulte
1665 761 1800 795 arreptos

973 800 1165 829 interﬁciunt.
1183 801 1346 837 Imperator
1357 810 1387 830 re
1401 802 1520 838 cognite
1529 801 1689 830 exercitum
1700 802 1802 831 adver-

973 853 1024 873 sus
1039 853 1089 873 eos
1109 845 1212 874 mittit.
1235 846 1290 879 Qui
1311 854 1378 874 cum
1394 846 1493 875 animo
1510 846 1664 882 langueret
1678 847 1753 875 897
1771 848 1801 876 et

972 889 1218 926 oppugnationem
1235 892 1349 918 tentare
1373 898 1431 919 non
1446 891 1578 924 auderet,
1594 899 1652 919 non
1667 891 1800 920 hostium

972 933 1002 961 id
1018 936 1109 970 metu,
1125 935 1176 962 sed
1192 935 1269 970 quod
1285 935 1368 963 locus
1382 935 1409 963 is
1424 936 1557 964 munitus
1572 937 1661 972 atque
1675 936 1800 972 inexpu-

972 978 1099 1015 gnabilis
1114 979 1279 1013 videbatur,
1295 979 1457 1016 imperator
1471 979 1556 1008 facile
1571 980 1734 1008 remedium
1746 980 1800 1009 ad-

972 1023 1079 1054 hibuit.
1095 1024 1158 1059 ipse
1174 1024 1301 1060 sumptis
1316 1025 1407 1052 armis
1431 1024 1545 1060 primus
1561 1024 1693 1052 omnium
1710 1024 1800 1060 pedes

972 1068 1008 1095 ad
1024 1067 1107 1096 illum
1125 1069 1221 1096 locum
1236 1069 1427 1096 contendens.
1440 1069 1471 1097 Id
1488 1069 1566 1096 enim
1582 1077 1652 1097 cum
1667 1069 1800 1098 viderent

972 1112 1091 1146 milites,
1107 1113 1262 1141 confertim
1277 1121 1360 1141 arma
1374 1113 1503 1149 rapiunt,
1517 1116 1545 1141 et
1559 1113 1657 1149 quivis
1673 1113 1798 1150 impera-

971 1159 1065 1184 torem
1081 1159 1250 1193 praavertere
1262 1157 1413 1193 cupientes
1422 1157 1539 1186 sublato
1550 1158 1678 1186 clamore
1691 1158 1799 1186 Hossos

971 1209 1139 1237 oppugnare
1145 1202 1368 1238 aggrediuntur.
1377 1202 1542 1230 Fortiteriis
1549 1203 1799 1239 oppugnationem

971 1245 1286 1280 tolerantibus,multis
1296 1247 1368 1275 locis
1380 1247 1477 1283 ignem
1492 1247 1686 1282 succendunt,
1698 1247 1799 1283 itaque

970 1297 1022 1318 eos
1036 1293 1214 1326 expugnant.
1228 1291 1302 1318 Nam
1318 1291 1374 1319 vim
1392 1291 1469 1328 ignis
1485 1300 1542 1319 non
1558 1292 1684 1319 ferentes
1698 1291 1797 1326 Rossi,

972 1342 1066 1370 neque
1078 1335 1277 1363 Romanorum
1289 1335 1386 1364 robori
1395 1344 1490 1371 pares.
1500 1344 1551 1372 per
1564 1336 1724 1372 praecipitia
1734 1344 1799 1364 sese

971 1379 1141 1414 dejicientes
1165 1379 1291 1416 quisque
1316 1381 1474 1416 aufugiunt
1492 1389 1498 1408 :
1515 1380 1602 1408 multi
1617 1388 1719 1408 eorum
1735 1380 1798 1417 igni

971 1423 1131 1459 absumpti,
1156 1424 1241 1452 multi
1265 1424 1405 1460 praecipiti
1430 1433 1500 1452 casu
1526 1425 1674 1459 exstincti,
1689 1425 1797 1461 reliqui

971 1468 1048 1496 ferro
1063 1468 1150 1496 occisi
1167 1471 1218 1496 aut
1233 1469 1320 1504 capti.
1332 1469 1391 1497 Hoc
1404 1469 1492 1497 modo
1508 1469 1585 1497 intra
1601 1469 1724 1497 biduum
1736 1471 1798 1498 tota

971 1513 1043 1541 urbs
1057 1515 1152 1549 capta.
1167 1513 1279 1541 Befecit
1289 1513 1533 1549 samimperator,
1542 1516 1570 1542 et
1585 1522 1602 1542 a
1616 1522 1670 1542 suo
1681 1514 1799 1542 nomine

970 1557 1177 1593 Joannopolim
1185 1557 1387 1586 denominavit
1396 1567 1404 1592 ;
1414 1558 1611 1594 impositoque
1620 1558 1715 1586 valido
1725 1567 1801 1594 prae-

971 1602 1056 1634 sidio,
1074 1602 1162 1630 rebus
1178 1602 1214 1630 ad
1229 1602 1318 1630 vitam
1330 1602 1505 1630 necessariis
1515 1602 1633 1631 abunde
1647 1603 1798 1631 instruxit.

435 1630 514 1679 όλαις
537 1630 654 1684 ’λμὲραις
683 1630 720 1683 μῖὴ
736 1646 911 1684 ἀντισχοῦσα-

1007 1630 1138 1674 de'festo
1155 1646 1312 1674 Dominicis
1336 1646 1569 1675 Resurrectionis
1594 1647 1642 1675 die
1656 1630 1731 1681 acto,
1748 1630 1799 1682 po-

87 1694 191 1728 ταύτην
225 1691 250 1720 δ’
273 1692 390 1720 ἀλοῦσαν
416 1691 636 1727 ἀνακτησάμενος
662 1691 675 1718 ὁ
701 1690 849 1729 βασιλεὺς,
871 1690 917 1718 καὶ

88 1738 211 1777 φρουρὰν
238 1736 379 1774 ἀξιόλογον
405 1735 560 1771 ἐπιστήσας,
590 1735 635 1763 καὶ
663 1736 698 1763 τὰ
725 1735 794 1771 πρὸς
818 1735 849 1762 τὸ
869 1736 916 1771 ζῇν

973 1690 1076 1719 stridis
1091 1691 1128 1718 ad
1149 1690 1350 1724 Dorostolum,
1366 1690 1413 1719 cui
1429 1693 1458 1719 et
1482 1690 1595 1720 Dristra
1611 1699 1729 1727 nomen,
1745 1692 1801 1720 iter

973 1735 1150 1771 ingreditur.

88 1781 234 1817 ἐπιτήδεια
259 1779 382 1818 δαψιλῶς
407 1779 703 1818 παρασκευασάμενος,.
718 1779 764 1807 καὶ
786 1779 835 1814 τὴν
859 1781 910 1812 τῆς
936 1777 1012 1817 ἁγίας
1036 1778 1214 1811 ’Δναστασίας
1237 1780 1294 1816 (27)
1318 1777 1429 1810 τελέσας
1454 1779 1561 1816 ἑορτὴν,
1583 1780 1627 1807 καὶ
1650 1779 1676 1815 ἆξ
1705 1780 1801 1807 ἑαυτοῦ

88 1825 302 1855 Ἰωαννούπολιν
321 1825 508 1862 μετονομάσας
521 1824 571 1859 τήν
587 1823 680 1860 πόλιν,
704 1825 740 1861 τῇ
762 1822 891 1862 ἐπαύριον
915 1826 967 1858 τῆς
981 1822 1024 1850 ἐπὶ
1048 1822 1080 1850 τὸ
1104 1822 1283 1860 Δορόστολον,
1299 1823 1314 1850 ’ὸ
1329 1823 1374 1850 καὶ
1402 1823 1519 1861 Δρίστρα
1544 1823 1679 1853 καλεῖται.
1695 1823 1798 1861 εἴχετο,

89 1871 216 1945 “0'53”;-
234 1911 458 1954 Σφενδοσθλάὸος
480 1913 531 1948 τὴν
551 1917 601 1949 τῆς
629 1910 805 1951 Περσθλάϐας
831 1911 916 1940 πυθό-

90 1971 172 1998 μενος
199 1959 301 1988 ἅλωσιν
330 1959 369 1990 εἱς
395 1959 520 1996 ταραχὴν
550 1957 683 1992 ἐνέπεσεν,
713 1957 751 1988 ὡς
777 1957 860 1992 εἰκὸς,
885 1956 917 1984 ού

90 2007 144 2042 μήν
161 2015 194 2042 γε
208 2004 254 2032 καὶ
274 2005 322 2031 τοῦ
347 2004 523 2042 φρονήματος
545 2005 712 2041 καθυφῆκεν,
734 2000 807 2029 ἀλλὰ
830 2010 917 2038 παρα-

1006 1913 1043 1940 At
1054 1920 1122 1940 vero
1138 1911 1427 1948 Sphendosthlabus,
1440 1912 1558 1940 tametsi
1570 1912 1671 1940 audita
1683 1912 1802 1941 Persth-

971 1956 1043 1984 laba;
1059 1956 1274 1992 expugnatione
1286 1957 1477 1992 perturbatus
1496 1956 1575 1984 haud
1591 1957 1700 1992 injuria
1715 1959 1802 1991 esset,

973 2001 1097 2029 infracto
1108 2003 1208 2029 tamen
1224 2001 1324 2028 animo
1335 2009 1404 2029 suos
1420 2001 1589 2029 cohortatus
1602 2003 1636 2029 ut
1645 2002 1803 2037 porrojam

89 2049 225 2088 θιρῥύνας
247 2048 311 2079 τοὺς
333 2047 395 2085 περὶ
421 2047 510 2082 αὐτὸν,
534 2047 580 2074 καὶ
604 2048 648 2074 νῦν
672 2044 777 2082 μᾶλλον
801 2045 918 2083 ἀγαθοὺς

1007 2048 1055 2073 nto
1070 2053 1101 2073 se
1118 2045 1224 2073 fortius
1239 2048 1354 2081 gerant,
1369 2045 1540 2073 constitutis
1557 2046 1646 2074 etiam
1663 2048 1695 2074 ut
1705 2054 1752 2074 res
1764 2046 1802 2074 fe-

90 2094 191 2132 ἅνδρας
213 2093 379 2132 ἀναφανῆναι
399 2090 599 2127 παρακαλέσας,
621 2089 711 2118 τᾶλλά
736 2100 765 2118 τε
793 2090 830 2121 ὡς
857 2089 918 2125 ἐνῆν

1007 2090 1076 2117 bant
1087 2089 1220 2125 reliquis,
1229 2092 1258 2117 et
1273 2097 1348 2125 quos
1359 2092 1511 2125 suspectos
1522 2089 1649 2118 habebat
1660 2090 1802 2126 Bulgaros

88 2137 350 2174 καταστησάμενος,
375 2137 421 2164 καὶ
448 2135 549 2167 πάντας
580 2135 628 2167 οὓς
656 2135 727 2172 εἶχεν
757 2134 783 2162 ἰν
816 2133 919 2171 ὑποψίᾳ

1007 2134 1111 2162 nnibus
1135 2134 1231 2170 (erant
1254 2137 1352 2161 autem
1368 2134 1491 2162 trecenti
1512 2134 1589 2162 898
1614 2135 1738 2170 circiter)
1755 2135 1801 2162 in-

90 2186 143 2211 τῶν
175 2181 343 2219 Βουλγάρων
367 2180 438 2218 ἀμφὶ
466 2180 529 2211 τοὺς
564 2179 737 2218 τριακοσίους
766 2176 844 2211 ὄντας
871 2179 917 2206 τὸν

1007 2178 1116 2211 rfectis,
1128 2179 1282 2206 adversum
1295 2178 1444 2206 Romanos
1454 2178 1658 2214 proﬁciscitur.
1672 2179 1801 2215 Impera-

90 2227 208 2265 ἀριθμὸν
231 2225 346 2265 ανελὼν,
371 2224 450 2262 ἔξεισι
473 2224 542 2252 κατὰ
562 2223 715 2261 Ῥωμαίων.
737 2226 767 2252 Ὁ
793 2221 821 2250 δὲ
843 2223 919 2268 βασι-

1007 2231 1019 2250 r
1043 2223 1216 2251 institutum
1239 2223 1295 2250 iter
1321 2231 1500 2259 persequens
1525 2223 1613 2252 urbes
1628 2223 1658 2251 in
1679 2231 1713 2251 eo
1728 2224 1801 2251 sitas

91 2271 154 2303 λεὺς
170 2272 217 2302 τὰς
234 2270 259 2298 ἰν
273 2272 307 2307 τῇ
331 2268 444 2308 παρόδῳ
464 2268 560 2300 πόλεις
587 2268 656 2296 ἑλὼν
682 2268 727 2296 καὶ
750 2267 918 2304 στρατηγοὺς

1010 2275 1077 2295 nere
1091 2267 1181 2303 capit,
1197 2267 1292 2303 iisque
1307 2267 1459 2302 praefectos
1470 2268 1636 2303 constituit,
1653 2270 1682 2296 et
1697 2267 1800 2296 multis

91 2317 185 2347 αὐταῖς
200 2315 356 2351 ἐπιστήσας,
379 2313 472 2342 πολλά
496 2324 525 2341 τε
549 2313 666 2352 φρούρια
690 2312 734 2340 καὶ
759 2311 919 2348 πολίσματα

1008 2311 1101 2340 stellis
1125 2313 1214 2347 atque
1238 2311 1356 2347 oppidis
1380 2312 1517 2340 evastatis
1541 2320 1575 2340 ac
1599 2312 1697 2348 praeda
1712 2312 1800 2340 militi

91 2361 264 2398 ικπορθήσας
279 2359 324 2387 καὶ
339 2361 398 2390 τοῖς
419 2359 597 2396 στρατιώταις
622 2357 661 2389 είς
680 2356 805 2395 ἀρπαγὴν
831 2354 918 2384 δεδω-

1010 2363 1112 2384 ncessa
1142 2355 1247 2392 pergit.
1275 2355 1330 2383 Ubi
1358 2355 1556 2392 exploratores
1587 2356 1800 2385 nuntiaverunt

89 2407 158 2441 κὼς,
175 2403 267 2442 εἴχετο
292 2407 343 2439 τῆς
365 2402 440 2431 ὁδοὶ.
456 2404 515 2430 Τῶν
532 2401 561 2430 δὲ
582 2403 690 2430 σκοπῶν
707 2401 782 2436 ἥκειν
798 2401 918 2440 φρασάν-

88 2461 144 2478 των
159 2449 264 2482 Σκύθας
278 2448 364 2484 τινὰς,
387 2446 455 2476 λαὸν
479 2446 620 2475 ἐπίλεκτον
646 2445 789 2483 ἐκπέμπει.
810 2444 918 2474 Θεόδω-

972 2400 1094 2437 Scythas
1109 2401 1276 2434 adventare,
1293 2399 1440 2428 delectum
1456 2401 1617 2429 exercitum
1633 2401 1800 2438 praemittit,

973 2445 1046 2473 duce
1060 2445 1213 2473 Theodoro
1226 2453 1243 2472 a
1253 2444 1392 2473 Mistheia
1402 2454 1410 2480 ;
1422 2445 1569 2482 jubetque
1578 2445 1710 2474 hostium
1721 2445 1802 2474 mul-

692 2531 881 2561 XYLANDRI
902 2531 947 2560 ET
964 2529 1073 2559 GOARI
1091 2529 1209 2559 NOT/E.

128 2598 187 2635 (27)
201 2597 271 2630 Quae
285 2603 355 2635 vo_x__
365 2603 423 2623 non
449 2594 564 2635 integra
587 2595 631 2635 est
646 2593 775 2635 scripta;
792 2595 863 2621 nota
875 2595 923 2635 ta-

95 2628 164 2664 men
180 2628 361 2661 'Sﬁostendit
385 2638 442 2658 non
469 2628 638 2663 ἁναῖπασίας,
670 2628 727 2658 non
754 2628 925 2662 ἁναστασίαν,

97 2671 149 2699 sed
184 2668 357 2697 ἀναστάσεως
389 2665 445 2702 legi
475 2666 591 2694 debere.
625 2666 727 2702 Itaque
759 2665 858 2702 accepi
890 2665 926 2702 de

99 2705 209 2736 Christi
225 2713 242 2733 e
268 2702 392 2732 mortuis
415 2700 637 2735 resurrectione,
654 2700 687 2729 eo
711 2700 926 2736 facilius'quod

99 2741 189 2780 paulo
204 2742 273 2777 post
287 2737 429 2780 festue‘D.
445 2737 566 2780 Georgio
590 2738 653 2780 dies
663 2738 927 2780 commemoratur,

100 2771 152 2817 qui
167 2771 229 2806 fere
243 2784 305 2805 non
320 2774 447 2804 multum
461 2771 564 2803 abes—se
579 2776 646 2811 post
660 2773 775 2802 Pascha
789 2772 872 2802 solet.
887 2771 929 2803 De

978 2591 1120 2628 Anastasi
1130 2593 1158 2619 et
1172 2591 1328 2628 Anastasia
1342 2591 1446 2628 Noster
1461 2600 1551 2628 supra
1565 2592 1683 2621 alicubi.
1693 2595 1802 2621 Χγι.-

980 2626 1154 2670 ἱΛναστασίας
1176 2627 1318 2670 templum
1343 2626 1508 2669 ἀναστάσεως
1528 2637 1642 2670 quoque
1661 2628 1802 2670 miraculo

982 2664 1090 2692 famam
1114 2663 1227 2699 accepit
1242 2671 1248 2690 :
1266 2662 1340 2699 hinc
1357 2664 1525 2699 promiscua
1536 2662 1626 2692 ‘vocis
1649 2665 1802 2698 utriusque

981 2699 1136 2736 usurpatio
1153 2707 1159 2727 :
1174 2697 1222 2726 Hic
1244 2707 1297 2735 pro
1311 2697 1418 2727 Christi
1434 2700 1647 2728 resurrectione
1662 2697 1801 2728 sumitur.

981 2736 1055 2763 Vide
1079 2736 1228 2763 auctorem
1251 2734 1282 2763 in
1304 2734 1511 2763 Valentiniano
1540 2735 1654 2763 iuniore
1681 2743 1710 2763 ι).
1738 2732 1800 2760 315.

1008 2742 1055 2763 me
1079 2742 1228 2764 auctorem
1251 2743 1282 2764 In
1309 2742 1511 2764 νοιοιηιῐιιειιο
1537 2742 1654 2771 ,11111101⁵0
1681 2743 1710 2771 p.
1738 2742 1800 2760 διο.

983 2772 1073 2801 ϐοΑιι.
