1928 3047
136 115 189 145 131

811 112 968 144 GEORGII
989 113 1158 144 CEDRENI

1793 113 1855 143 132

124 179 292 208 'titudinem
313 178 466 216 exquiram
489 180 518 208 et
541 179 597 208 sibi
612 179 753 214 indicare,
769 181 798 207 et
819 179 844 208 si
859 180 883 207 it

1090 188 1116 206 τι
1139 178 1186 205 τὸν
1210 178 1240 205 ἐκ
1262 177 1393 210 Μισθείας
1418 178 1507 206 αὐτῶν
1527 180 1567 214 τῷ
1589 179 1694 214 πλήθει
1718 177 1851 216 ἀρχηγὸν

135 225 238 254 deatur
248 226 449 259 commodum,
460 224 514 253 levi
527 224 625 261 praelia
634 233 734 253 eorum
745 224 822 252 vires
834 226 957 252 tentare.

136 271 200 306 Ipse
211 278 277 298 cum
286 270 429 297 instructo
441 269 578 297 universo
588 269 716 297 exercitu
727 277 802 305 pone
812 268 957 304 sequitur.

135 315 304 344 Theodorus
315 322 383 342 cum
399 313 462 342 suis
476 314 527 342 ubi
543 314 579 342 ad
594 314 694 342 hostes
706 314 847 350 pervenit,
862 313 913 341 dat
928 313 958 340 in

133 367 183 387 eos
206 359 361 395 impetum.
387 358 472 387 Rossi
497 358 622 386 insidias
646 358 769 386 subesse
792 357 874 385 veriti
891 365 958 393 pro-

131 412 234 441 gressu
249 403 419 437 abstinent;
436 403 598 439 multisque
609 411 729 431 suorum
746 402 824 436 ictis,
837 402 958 438 quibus-

130 449 198 476 dam
213 449 302 477 etiam
315 448 446 483 dejectis,
457 448 526 484 fuga
541 448 571 475 in
584 447 696 475 vicinos
708 449 825 475 montes
836 447 957 474 densos-

131 501 187 529 que
201 495 230 521 et
240 492 354 528 amplos
363 491 456 520 saltus
472 500 504 520 se
513 492 699 528 dispergunt,
711 500 744 519 ac
755 499 807 527 per
817 492 958 519 montana

130 538 165 564 ad
183 537 324 565 Dristram
334 536 514 573 perfugiunt.
524 536 609 564 Rossi
619 537 698 564 fuere
709 544 832 564 numero
843 537 956 572 septem

131 581 236 616 millia,
262 581 385 609 Romani
408 589 476 609 vero
506 581 556 617 qui
585 589 633 609 eos
657 581 796 608 fuderunt
823 579 955 608 trecenti.

129 625 240 662 Scythas
252 628 351 654 autem
359 625 615 662 Sphendosthlabo
626 625 775 661 conjuncti
786 627 920 653 auctores
931 623 957 652 ei

128 671 249 699 fuerunt
263 672 296 698 ut
308 679 375 698 cum
387 671 525 698 omnibus
541 671 634 706 copiis
649 669 894 706 (numerabantur
905 678 956 697 au-

129 717 189 743 tem
213 716 345 743 trecenta
369 715 492 751 triginta
517 715 646 743 virorum
671 714 776 750 millia)
801 714 956 742 duodecim

129 761 198 788 ante
213 759 401 788 Dorostolum
414 759 593 788 milliaribus
604 761 702 787 castra
714 760 843 795 poneret,
856 758 957 794 ibique

128 804 316 840 imperatoris
337 804 496 839 adventum
522 804 665 840 intrepide
689 804 904 840 exspectarunt.
919 803 956 831 At

128 848 276 877 Romanos
292 848 459 877 recentibus
473 848 603 877 victoriis
619 847 723 884 elatos,
740 850 768 876 et
779 848 903 883 jamjam
919 847 955 875 de

127 901 247 921 summa
272 900 371 921 rerum
393 892 494 929 praalio
522 893 703 921 decertatum
729 891 765 920 iri
789 894 953 928 sperantes,

127 937 254 966 scientes
277 937 399 974 insuper
413 937 504 966 Deum
528 945 558 965 se
581 937 688 965 habere
713 937 889 973 adjutorem,
905 936 958 972 qui

127 990 187 1010 non
203 982 279 1010 899
295 981 488 1011 inferentibus
511 982 563 1011 sed
586 981 682 1018 passis
697 981 838 1017 injuriam
854 981 954 1017 opitu-

127 1026 183 1054 lari
211 1026 329 1062 soleret,
353 1035 411 1054 non
433 1034 483 1054 eos
507 1026 594 1054 modo
619 1026 670 1062 qui
694 1026 865 1054 fortitudine
888 1026 954 1053 aliis

128 1071 290 1106 anteibant,
307 1071 359 1099 sed
372 1071 434 1106 jam
451 1073 480 1099 et
489 1070 655 1099 timidiores
671 1070 807 1099 alacritas
817 1072 847 1098 et
861 1071 953 1098 auda-

127 1115 172 1144 cia
186 1116 362 1149 incessebat,
380 1115 552 1151 ardentique
577 1123 683 1151 pugnsa
699 1115 844 1143 desiderio
861 1115 953 1151 agita-

129 1161 247 1188 bantur.
259 1160 312 1188 Ubi
328 1160 358 1188 in
366 1163 558 1196 conspectum
570 1162 672 1188 mutuo
682 1167 788 1188 venere
798 1159 953 1192 exercitus,

129 1207 256 1240 utroque
271 1205 447 1240 imperatore
461 1213 531 1232 suos
541 1204 629 1233 dictis
646 1204 745 1240 qualia
760 1203 896 1240 praesenti
912 1203 953 1231 rei

132 1249 352 1277 accommodata
366 1251 450 1277 erant
464 1249 613 1277 animante
633 1251 721 1284 atque
737 1249 905 1284 instigante,
922 1249 955 1276 ut

130 1293 288 1321 classicum
304 1292 418 1327 cecinit,
431 1301 539 1329 magna
553 1300 620 1320 cum
631 1293 656 1320 vi
673 1293 794 1329 parique
805 1292 955 1320 alacritate

131 1345 307 1366 concursum
322 1339 377 1366 est.
387 1338 484 1365 Primo
493 1337 629 1366 conﬂictu
645 1337 778 1373 Romani,
789 1336 954 1365 vehementi

130 1383 206 1411 facto
222 1383 344 1417 impetu,
359 1382 461 1410 multis
485 1382 607 1418 dejectis
632 1382 762 1410 hostium
777 1382 894 1410 ordines
909 1381 954 1409 1a-

129 1427 287 1455 befactant.
305 1427 405 1463 Neque
420 1428 517 1454 tamen
534 1427 643 1454 cedunt
657 1426 767 1460 hostes,
790 1434 881 1461 neque
896 1426 953 1454 Ho-

129 1471 226 1499 manis
241 1479 292 1499 eos
307 1471 501 1508 persequendi
511 1471 598 1500 datur
613 1470 746 1506 facultas,
762 1471 879 1507 Scythis
890 1478 954 1499 sese

128 1516 372 1544 confirmantibus
388 1524 563 1551 rursumque
577 1515 694 1543 sublato
709 1515 835 1543 clamore
852 1515 882 1543 in
897 1517 952 1543 Ro-

128 1569 230 1589 manos
252 1560 444 1589 irruentibus.
468 1562 620 1596 Pugnatur
635 1560 847 1596 aliquantisper
868 1568 951 1596 sequo
967 1552 988 1586 C

130 1609 232 1634 marte.
248 1605 315 1634 Jam
330 1607 429 1633 autem
445 1605 480 1633 ad
496 1613 647 1641 vesperam
663 1604 821 1632 inclinante
836 1604 883 1632 die
899 1604 954 1632 Ro-

131 1649 211 1677 mani
227 1657 291 1678 sese
316 1650 502 1678 cohortantes
526 1651 555 1677 et
577 1649 667 1678 veluti
690 1651 829 1677 acuentes
845 1648 956 1677 mutuis

127 1693 380 1722 exhortationibus
405 1694 559 1722 sinistrum
585 1694 759 1730 Scytharum
785 1702 875 1722 cornu
890 1701 956 1729 pre-

126 1740 222 1770 munt,
237 1741 266 1767 et
281 1738 455 1767 intolerabili
471 1739 498 1766 vi
514 1739 686 1775 ingruentes
703 1739 813 1766 multos
830 1741 956 1774 proster-

125 1785 211 1810 nunt.
228 1782 361 1819 Cumque
375 1783 411 1811 ad
421 1783 562 1811 afﬂictam
578 1787 688 1819 partem
706 1783 819 1820 Scythas
832 1783 956 1818 coirent,

127 1835 249 1855 suorum
266 1828 412 1864 quosdam
428 1828 579 1855 Romanus
595 1827 754 1864 imperator
768 1828 831 1856 suis
848 1827 955 1855 auxilio

126 1871 229 1908 mittit,
240 1872 362 1909 ipseque
377 1873 570 1908 subsequitur
585 1873 695 1908 apertis
710 1881 777 1901 cum
792 1873 907 1909 imperii
919 1873 957 1901 si-

126 1916 203 1953 gnis,
219 1925 294 1953 equo
310 1917 476 1945 calcaribus
492 1917 624 1952 incitato,
635 1920 663 1946 et
678 1917 792 1945 hastam
809 1917 955 1945 infensam

128 1961 237 1995 ferens,
253 1969 382 1998 suosque
395 1961 493 1990 verbis
516 1962 696 1990 exstimulat.
724 1963 871 1990 Acerrime
885 1964 955 1991 tunc

125 2007 302 2041 pugnatum,
319 2007 349 2033 et
362 2006 452 2033 variis
463 2006 578 2034 vicibus
593 2006 692 2042 praelio
705 2008 817 2034 mutato
834 2007 956 2042 (duode-

125 2050 185 2077 cies
195 2050 274 2077 400
283 2049 362 2077 enim
374 2050 493 2078 fuerunt
508 2050 665 2079 inclinatas
676 2050 765 2087 acies)
776 2051 821 2079 vix
834 2051 954 2079 tandem

125 2093 221 2129 Rossi,
233 2094 387 2130 desperata
398 2094 503 2130 salute,
513 2095 681 2124 inordinata
696 2096 765 2132 fuga
775 2095 805 2123 in
817 2104 955 2132 campum

126 2146 157 2166 se
172 2138 347 2172 eﬂundunt;
363 2146 473 2174 eosque
488 2138 617 2167 insecuti
633 2139 756 2167 Romani
772 2139 884 2167 multos
894 2148 956 2175 per-

125 2182 233 2210 imunt.
256 2185 296 2210 De
311 2182 412 2210 Bessis
436 2183 567 2211 cecidere
581 2183 677 2218 multi,
694 2183 772 2219 capti
785 2184 872 2212 etiam
890 2184 954 2220 plu-

124 2235 171 2254 res
189 2234 195 2254 :
214 2226 320 2263 reliqui
336 2226 522 2255 Dorostolum
539 2227 608 2264 fuga
622 2230 789 2257 evaserunt.

1014 223 1159 258 ἐπιστήσας
1183 225 1361 260 προηγεῖσθαι
1385 223 1522 261 ἇπέσκηψε
1545 225 1593 251 τοῦ
1615 225 1750 260 στρατοῦ,
1768 233 1854 250 κατα-

1014 268 1125 295 σκοπεῖν
1138 277 1168 295 τε
1192 267 1223 294 τὸ
1247 266 1353 300 πλῆθος
1375 269 1428 295 τῶν
1454 267 1580 295 ἐναντίων
1604 267 1649 295 καὶ
1677 267 1759 303 αὐτῷ
1777 265 1855 294 διδό-

1013 323 1054 339 ναι
1067 314 1179 349 γνῶσιν,
1196 311 1218 339 εἰ
1240 311 1402 350 προχωροίη
1429 310 1467 348 δὲ,
1483 312 1527 339 καὶ
1553 311 1696 350 διάπειραν
1719 313 1774 344 τῆς
1800 311 1852 339 αὖ-

1012 359 1064 384 τῶν
1088 356 1185 394 ἰσχύος
1215 354 1464 395 ἀκροϐολισάμενον
1501 356 1662 396 εἷληφὲναι·
1695 356 1782 388 αὐτὸς
1824 355 1853 384 δὲ

1012 400 1125 429 κατόπιν
1166 401 1255 429 είπετο
1298 401 1507 439 συντεταγμένος
1555 402 1622 439 μετὰ
1658 402 1757 437 πάσης
1803 403 1856 436 τῆς

1013 448 1147 484 στρατιᾶς.
1178 447 1212 474 Οἱ
1240 446 1286 473 σὺν
1314 446 1354 482 τῷ
1390 445 1524 485 Θεοδώρῳ
1559 449 1624 484 γοῦν
1662 445 1782 484 ἐπείπερ
1815 445 1854 476 εἱς

1012 493 1108 528 χεῖρας
1137 490 1224 525 ἦλθον
1253 493 1310 521 τοῖς
1337 489 1503 527 πολεμίοις,
1531 490 1702 527 ἕμπίπτουσι
1736 490 1854 522 τούτοις

1012 534 1146 574 ῥαγδαῖοι.
1177 536 1212 564 Ol.
1241 534 1269 563 δὲ
1297 536 1362 567 Ῥὼς
1391 535 1499 571 ἐνέδραν
1526 533 1726 571 εὐλαϐηθέντες
1750 535 1852 574 πρόσω

1013 580 1060 616 μὲν
1072 580 1160 607 οὗκέτι
1177 579 1311 618 ἐχώρουν,
1327 580 1441 608 πολλῶν
1457 579 1486 608 δὲ
1504 579 1665 618 πληγέντων
1689 581 1740 608 καί
1764 590 1851 607 τινων

1012 623 1040 652 δὲ
1055 623 1190 652 πεσόντων
1216 624 1386 656 ἐκκλίναντες
1412 625 1437 656 ἐς
1462 625 1494 652 τὰ
1508 624 1628 660 πλησίον
1649 624 1850 652 σκεδάννυνται

1012 667 1062 707 ὅρη
1095 669 1141 696 καὶ
1165 669 1212 700 τὰς
1241 669 1327 697 ἐκεῖσε
1352 669 1439 700 νάπας
1465 669 1571 708 βαθείας
1594 669 1639 696 καὶ
1669 669 1850 707 ἀμφιλαφεῖς

1010 713 1206 752 τυγχανούσας,
1232 713 1277 741 καὶ
1304 713 1348 741 διὰ
1371 717 1421 748 τῆς
1447 714 1555 751 ὀρεινῆς
1579 714 1623 741 ἐπὶ
1638 715 1691 749 τὴν
1711 713 1847 751 Δρίστραν

1010 757 1239 793 ἑπανασώζονται.
1255 759 1339 786 Ἦσαν
1368 757 1396 786 δὲ
1417 758 1448 786 τὸ
1474 759 1582 794 πλῆθος
1611 758 1688 786 οὗτοι
1718 757 1851 786 ἑπτακισ-

1010 803 1113 841 χίλιοι,
1135 803 1161 830 οἱ
1189 802 1217 830 δὶ
1240 803 1347 834 τούτοις
1372 802 1576 840 συμπλακέντες
1605 802 1651 831 καὶ
1676 804 1848 841 τρεψάμενοι

1009 849 1143 884 Ῥωμαῖοι
1170 847 1216 875 τὸν
1246 848 1361 886 ἀριθμὸν
1390 846 1553 885 τριακόσιοι.
1582 848 1747 880 Ἐνωθέντες
1773 847 1799 876 δ’
1822 848 1848 876 οἱ

1010 892 1112 925 Σκύθαι
1137 894 1176 929 τῷ
1198 890 1427 930 Σφενδοσθλάϐῳ,
1452 892 1497 920 καὶ
1521 895 1616 920 τοῦτον
1649 892 1756 925 ἐκεῖθεν
1782 893 1847 920 άνα-

1009 938 1155 972 στήσαντες
1185 937 1251 973 μετᾶ
1284 937 1386 968 παντὸς
1413 938 1464 964 τοῦ
1490 939 1616 974 στρατοῦ,
1647 937 1707 975 πρὸ
1738 936 1847 965 δώδεκα

1005 983 1055 1009 τοῦ
1071 981 1242 1019 Δοροστόλου
1258 981 1358 1018 μιλίων
1381 980 1548 1017 αὐλίζονται,
1564 981 1590 1013 ἐς
1614 981 1784 1020 τριακοσίας
1799 983 1846 1010 καὶ

1007 1026 1152 1064 τριάκοντα
1181 1025 1311 1064 χιλιάδας
1341 1025 1539 1064 ἀριθμούμενοι
1567 1027 1609 1063 [Ρ.
1624 1027 1696 1063 675]
1726 1026 1774 1054 καὶ
1798 1027 1845 1054 τὸν

1010 1070 1124 1108 βασιλέα
1147 1070 1257 1098 ἰπιὸντα
1280 1070 1404 1108 ἐκθύμως
1428 1071 1474 1098 καὶ
1499 1070 1653 1108 ῥωμαλὲως
1685 1070 1844 1109 ἐκδεχόμε-

1008 1125 1059 1144 νοι.
1088 1115 1122 1143 Οἱ
1151 1113 1179 1142 δὲ
1207 1115 1338 1151 Ῥωμαῖοι
1367 1117 1427 1146 ταῖς
1453 1114 1479 1150 ἐξ
1510 1114 1631 1153 ὑπογύου
1655 1115 1749 1146 νίκαις
1775 1125 1843 1152 γαυ-

1009 1159 1137 1197 ρούμενοι
1152 1159 1196 1187 καὶ
1218 1160 1267 1194 τήν
1290 1159 1323 1187 τὰ
1348 1160 1433 1186 πάντα
1455 1161 1545 1196 κρῖναι
1564 1158 1723 1196 μέλλουσαν
1748 1159 1841 1198 μάχην

1007 1203 1235 1242 προσδεχόμενοι,
1259 1202 1360 1235 εἰδότες
1384 1202 1407 1231 δ’
1431 1203 1471 1231 ὅτι
1496 1204 1541 1231 καὶ
1565 1203 1631 1231 Θεὸν
1657 1203 1843 1242 συλλήπτορα

1008 1246 1123 1284 ἕξουσιν,
1149 1248 1179 1276 οὐ
1204 1250 1263 1279 τοῖς
1289 1246 1388 1275 ἀδίκων
1417 1250 1519 1286 χειρῶν
1546 1246 1665 1286 ἄρχουσι
1695 1247 1840 1287 φιλοῦντα,

1009 1292 1081 1320 ἀλλὰ
1107 1295 1166 1324 τοῖς
1192 1291 1382 1329 ἀδικουμένοις
1413 1290 1457 1319 διᾶ
1484 1292 1582 1323 παντὸς
1612 1291 1776 1330 ἐπαρήγειν,
1808 1292 1840 1320 ού

1009 1337 1092 1375 μόνον
1108 1338 1134 1365 οἱ
1150 1337 1340 1376 εύψυχότεροι,
1356 1336 1410 1372 ἤδη
1428 1335 1457 1364 δὶ
1484 1336 1529 1364 καὶ
1555 1337 1581 1364 οἷ
1600 1337 1781 1375 καταπλῆγες
1795 1338 1840 1364 καὶ

1010 1381 1128 1419 μαλακοὶ
1143 1382 1190 1412 τὰς
1206 1381 1297 1419 ψυχὰς
1312 1381 1451 1419 πρόθυμοι
1469 1381 1515 1409 καὶ
1541 1381 1690 1420 θαρραλέοι
1715 1381 1839 1419 ἐγίνοντο

1007 1426 1052 1454 καὶ
1067 1427 1136 1464 πρὸς
1159 1427 1210 1460 τὴν
1236 1425 1399 1462 συμπλοκὴν
1426 1425 1487 1453 λίαν
1512 1424 1675 1465 ἐσφάδαζον.
1700 1425 1752 1458 Εἲς
1776 1424 1838 1463 ὄψιν

1008 1470 1037 1498 δὶ
1050 1473 1105 1498 τῶν
1128 1471 1335 1508 στρατευμάτων
1362 1469 1500 1506 ἀλλήλοις
1525 1470 1692 1508 γενομένων,
1718 1470 1764 1498 καὶ
1789 1470 1836 1498 λό-

1006 1526 1066 1554 γοις
1090 1515 1307 1551 παρακλητικοῖς
1330 1517 1379 1542 τοῦ
1404 1524 1433 1542 τε
1460 1513 1594 1553 βασιλέως
1615 1515 1728 1542 καὶτοῦ
1752 1518 1837 1552 Σφεν-

1008 1557 1161 1587 δοσθλάϐου
1190 1560 1254 1591 τοὺς
1279 1558 1396 1590 οἷκείους
1420 1559 1629 1597 ἰπιῤῥωσάντων
1659 1559 1707 1587 καὶ
1736 1559 1771 1587 τὰ
1798 1561 1837 1596 τῷ

1008 1605 1095 1643 καιρῷ
1118 1603 1261 1642 πρόσφορα
1284 1602 1575 1642 παρηελευσαμὲνων,
1601 1603 1638 1635 ὠς
1664 1604 1692 1631 αἱ
1722 1603 1837 1642 σάλπιγ-

1008 1659 1052 1687 γες
1075 1649 1106 1676 τὸ
1131 1648 1255 1676 ἐνυάλιον
1277 1647 1400 1686 ἤχησαν,
1423 1648 1604 1687 συρρήγνυται
1642 1647 1783 1684 ἀλλήλοις
1806 1647 1838 1676 τὰ

1009 1694 1104 1729 πλήθη
1128 1694 1179 1728 τὴν
1203 1693 1286 1728 αὐτὴν
1310 1690 1409 1731 ἔχοντα
1432 1693 1597 1730 προθυμίαν.
1624 1693 1675 1720 Καὶ
1701 1693 1770 1721 κατὰ
1791 1693 1836 1729 μὶν

1009 1739 1057 1772 τὴν
1087 1737 1198 1776 πρώτην
1234 1736 1396 1776 προσϐολὴν
1435 1738 1460 1765 οἱ
1487 1738 1618 1774 Ῥωμαῖοι
1651 1738 1720 1774 μετὰ
1750 1737 1837 1775 ῥύμης

1011 1782 1198 1820 ἱπενεχθὲντις
1221 1782 1339 1821 σφοδρᾶς
1364 1782 1409 1810 καὶ
1429 1781 1552 1813 πολλοὺς
1567 1779 1770 1813 καταλαϐόντες
1789 1781 1836 1812 τὰς

1012 1826 1177 1865 βαρϐαρικὰς
1211 1827 1299 1862 τάξεις
1336 1827 1512 1854 κατέσεισαν·
1548 1826 1579 1854 οὖ
1621 1828 1678 1863 μήν
1717 1837 1749 1864 γε
1790 1825 1834 1853 καί

1012 1872 1145 1909 ὑπαγωγὴ
1168 1873 1221 1899 τῶν
1247 1871 1372 1899 ἐναντίων
1398 1871 1503 1909 ἐγένετο
1527 1869 1588 1898 οὕτε
1612 1873 1667 1899 τῶν
1690 1870 1833 1907 Ῥωμαίων

1010 1916 1137 1954 λαμπρὸς
1152 1915 1286 1953 διωγμὸς,
1312 1915 1374 1944 ἀλλ’
1396 1915 1594 1954 ἐπιρῥώσαντες
1618 1914 1704 1943 πάλιν
1724 1915 1833 1946 ἑαυτοὺς

1009 1961 1036 1988 οἱ
1053 1960 1152 1988 Σκύθαι
1172 1959 1247 1992 αὖθις
1276 1959 1396 1995 ἐπῆλθον
1426 1961 1484 1997 μετ’
1504 1959 1670 1998 ἀλαλαγμοῦ
1694 1963 1752 1991 τοῖς
1768 1960 1834 1986 Ῥω-

1011 2004 1114 2041 μαίοις.
1139 2004 1188 2033 Καὶ
1214 2005 1297 2043 μέχρι
1329 2005 1374 2041 μὶν
1401 2015 1475 2036 τινος
1499 2003 1636 2040 ῒσοπαλὴς
1660 2006 1694 2040 ἦν
1718 2005 1732 2032 ὁ
1753 2004 1834 2042 ἀγὼν,

1008 2048 1063 2085 ἤδη
1081 2048 1110 2077 δὲ
1124 2049 1185 2086 περὶ
1208 2048 1302 2085 δείλην
1325 2049 1405 2086 ἀψίαν
1428 2051 1478 2084 τῆς
1502 2049 1608 2086 ἡμέρας
1632 2049 1713 2082 οὕσης
1729 2049 1755 2077 οἱ
1769 2051 1832 2076 Ῥω-

1011 2096 1089 2130 μαῖοι
1117 2093 1351 2132 παρακαλέσαντες
1387 2093 1530 2130 ἀλλήλους
1564 2094 1609 2121 καὶ
1646 2094 1749 2131 τρόπον
1775 2092 1833 2120 τινὰ

1009 2139 1198 2175 στομώσαντες
1225 2141 1284 2170 ταῖς
1308 2138 1495 2176 παραινέσεσιν
1525 2135 1670 2174 ἐπέϐρισαν
1699 2140 1739 2174 τῷ
1766 2137 1833 2165 εὐω-

1008 2182 1086 2219 νύμῳ
1104 2182 1195 2220 κέρατι
1217 2184 1271 2210 τῶν
1297 2185 1420 2219 Σκυθῶν,
1445 2182 1489 2210 καὶ
1513 2182 1637 2214 πολλοὺς
1663 2185 1704 2219 τῷ
1732 2182 1831 2209 ἀνυπο-

1009 2227 1098 2264 ο-εάτῳ
1121 2225 1270 2255 κατέϐαλον
1295 2231 1345 2263 τῆς
1368 2228 1468 2266 ὁρμῆς.
1493 2227 1700 2265 Συνισταμὲνων
1726 2225 1755 2254 δὲ
1775 2227 1828 2254 τῶν

124 2270 192 2301 Ῥὼς
218 2269 262 2298 ἐπὶ
290 2270 322 2298 τὸ
337 2271 500 2305 πεπονηκὸς,
528 2273 583 2298 τῶν
611 2271 673 2309 περὶ
703 2271 786 2299 αὐτὸν
820 2272 834 2299 ὁ
865 2271 991 2310 βασιλεὺς
1019 2272 1058 2304 είς
1087 2271 1241 2310 ἐπικουρίαν
1258 2271 1390 2309 ἐκπέμπει
1415 2272 1499 2308 τινὰς,
1514 2271 1628 2300 κατόπιν
1649 2270 1679 2299 δὲ
1693 2270 1738 2298 καὶ
1755 2270 1832 2300 αὐτὸς

125 2313 216 2342 ε’ίπετο
242 2314 510 2352 ἀνακικαλυμμένοις
542 2318 601 2347 τοῖς
630 2317 806 2353 παρασήμοις
833 2320 883 2351 τῆς
914 2317 1064 2354 βασιλείας,
1093 2317 1125 2344 τὸ
1153 2315 1219 2354 δόρυ
1250 2315 1496 2354 διηγκωνισμὲνος,
1524 2316 1569 2344 τόν
1598 2327 1627 2344 τι
1653 2315 1739 2344 ἵππον
1771 2324 1829 2342 κεν-

125 2359 225 2396 τρίζων
241 2360 315 2396 θαμὰ
329 2360 373 2387 καὶ
389 2362 424 2397 τῇ
453 2360 505 2398 βοῇ
528 2358 665 2398 διεγείρων
692 2360 756 2392 τοὺς
785 2361 961 2398 στρατιώτας,
978 2362 1097 2399 Ἀγῶνος
1120 2360 1149 2388 δὶ
1175 2363 1306 2399 καρτεροῦ
1329 2361 1473 2393 συστάντος
1492 2360 1537 2389 καί
1562 2360 1672 2392 πολλὰς
1704 2357 1827 2397 μετακλί-

124 2414 180 2435 σεις
208 2403 357 2440 δεξαμένης
385 2407 434 2439 τῆς
464 2404 558 2442 μάχης
584 2404 754 2441 (δυοκαίδεκα
782 2407 835 2443 γάρ
866 2417 930 2445 φησι
958 2405 1060 2444 τροπὰς
1087 2404 1209 2441 δέξασθαι
1232 2406 1278 2433 τὸν
1304 2406 1416 2444 ἀγῶνα),
1444 2405 1526 2443 μόλις
1549 2406 1576 2433 οἱ
1599 2405 1667 2436 Ῥὼς
1681 2401 1825 2441 ἀπειρηκό-

120 2458 165 2475 τες
192 2448 260 2485 πρὸς
274 2447 338 2480 τοὺς
352 2447 492 2480 κινδύνους
509 2449 621 2486 ἀκόσμῳ
637 2452 707 2488 φυγῇ
723 2450 791 2487 πρὸς
810 2450 841 2478 τὸ
862 2449 954 2478 πεδίον
980 2449 1144 2478 ἰσκίδναντο·
1162 2450 1202 2481 οἶς
1229 2450 1256 2477 oi
1285 2450 1419 2486 Ῥωμαῖοι
1445 2450 1574 2487 ἑπόμενοι
1597 2450 1661 2482 τοὺς
1685 2447 1825 2484 καταλαμ-

123 2490 292 2529 ϐανομένους
318 2491 478 2528 ἀνήλισκον.
509 2494 623 2521 Ἔπεσον
639 2493 683 2522 οὖν
703 2493 818 2532 πολλοὶ,
833 2495 878 2522 καὶ
894 2494 1007 2526 πλείους
1022 2493 1156 2524 ἑάλωσαν,
1169 2495 1248 2524 "anL
1265 2492 1293 2522 δὲ
1317 2493 1458 2533 διαδρᾶναι
1481 2495 1527 2522 τὸν
1552 2493 1676 2522 κίνδυνον
1703 2491 1825 2531 ἴσχυσαν,

130 2536 167 2567 εἷς
181 2536 213 2564 τὸ
228 2536 397 2574 ΔορόστοΛον
413 2535 603 2572 διασώζονται.

157 2602 319 2637 Imperator
334 2601 371 2629 ob
382 2601 565 2637 impelratam
581 2601 733 2631 victoriam
750 2603 893 2632 sacrificio
907 2612 918 2631 ι

1063 2603 1071 2630 )
1097 2600 1125 2629 δὲ
1151 2600 1279 2639 βασιλεὺς
1303 2601 1337 2629 τὰ
1361 2600 1480 2629 ἰπινικία
1503 2602 1583 2633 θύσας
1613 2612 1653 2638 τῳ
1676 2598 1824 2633 καλλινίκῳ

122 2647 242 2674 neratus
266 2645 428 2682 gloriosum
454 2649 611 2682 martyrem
635 2648 791 2683 Georgium
807 2649 887 2684 (nam
902 2648 950 2676 die

122 2689 212 2726 hujus
228 2690 375 2719 memorias
400 2693 571 2719 consecrato
586 2700 653 2720 cum
678 2692 763 2721 hoste
778 2693 948 2721 conﬂictum

120 2735 333 2771 fuit)postridie
349 2736 386 2764 ad
405 2735 589 2764 Dorostolum
611 2737 704 2772 ducit,
721 2737 822 2774 ibique
843 2737 948 2766 castris

123 2780 314 2810 communitis
328 2779 453 2810 classem
464 2780 624 2811 Romanam
640 2781 771 2819 operitur
781 2791 788 2811 :
800 2789 869 2813 nam
881 2784 949 2812 ante

1007 2646 1122 2684 μάρτυρι
1152 2645 1280 2684 Γεωργίφ
1317 2646 1361 2682 (ἢν
1389 2646 1441 2684 γὰρ
1476 2646 1544 2674 κατά
1570 2647 1618 2680 τὴν
1650 2644 1752 2682 ἡμέραν
1780 2645 1826 2676 τῆς

1002 2690 1084 2718 αὐτοῦ
1104 2691 1216 2727 μνήμης
1241 2690 1372 2729 συρράξας
1394 2693 1453 2722 τοῖς
1478 2690 1635 2728 πολεμίοις)
1657 2691 1691 2726 τῇ
1712 2686 1820 2722 ἐπιούσῃ

1003 2735 1048 2763 καὶ
1068 2735 1149 2767 αὐτὸς
1162 2737 1212 2768 τῆς
1227 2736 1296 2773 πρὸς
1321 2735 1352 2763 τὸ
1377 2734 1547 2772 Δορόστολον
1572 2735 1672 2772 ἥψατο,
1697 2731 1781 2761 {nisi
1797 2739 1824 2756 τι

1003 2779 1151 2819 γενόμενος
1175 2778 1385 2818 στρατοπεδείαν
1401 2779 1530 2816 ἑπιήξατη
1555 2779 1669 2818 ὀχυράν.
1685 2777 1723 2809 Οὐ
1748 2776 1824 2814 μέντο
