1928 3047
67 112 124 143 133

638 108 912 142 HISTORIABUM
935 110 1208 144 COMPENDIUM.

1715 121 1774 151 134

63 189 92 216 γε
106 177 154 206 καὶ
169 177 333 216 πολιορκίας
349 177 449 215 ἥψατο,
466 175 563 227 δεδιως
586 177 623 213 μή
650 187 707 227 πως
733 174 823 227 ἀιρυλά

1010 185 1038 206 ie
1054 178 1213 227 adventum
1235 181 1486 218 oppugnationem
1509 185 1628 221 aggredi
1643 185 1771 222 nolebat,

63 225 111 250 τοῦ
126 224 256 259 ποταμοῦ
268 222 453 260 τυγχάνοντος
468 220 619 259 ἀποδρᾶσαι
644 222 712 258 μετὰ
734 223 788 248 τῶν
816 223 888 256 νηῶν

63 267 203 303 δυνηθεῖεν
231 268 257 295 οἱ
281 267 366 298 Ῥώς·
395 266 577 304 αὐλισάμενος
608 265 637 294 δὲ
665 267 815 304 προσίμενε
842 265 889 293 τὸν

61 313 218 348 Ῥωμαϊκὸν
234 311 345 342 στόλον.
362 313 406 339 Ἐν
427 314 468 348 τῷ
484 311 582 348 μεταξὺ
606 309 635 338 δὲ
658 311 672 338 ὁ
699 309 889 350 Σφενδοσθλά-

62 355 111 389 ὂος
125 356 172 388 οὓς
188 359 300 395 κατεῖχε
317 357 432 394 ζωγρίας
447 355 631 394 Βουλγάρους,
648 355 718 394 ἀμφὶ
742 356 791 387 τὰς
807 356 830 383 κ’
845 365 891 392 χι-

63 401 159 433 λιάδας
203 402 447 440 ἀριθμουμίνους,
478 399 671 439 σιδηροπὲδαις
707 401 753 427 καὶ
795 399 892 430 ἅλλοις

63 446 176 484 δεσμοῖς
191 446 374 486 ἠσφαλίσατο,
389 446 565 474 ἂπανάστασιν
591 443 734 483 φοϐηθεὶς,
749 445 793 472 καὶ
821 444 890 482 πρὸς

64 491 210 530 ὑποδοχήν
234 491 413 529 ηὐτρεπίζετο
436 494 485 526 τῆς
509 490 681 528 πολιορκίας.
698 488 769 525 Ἤδη
796 488 825 517 δὲ
846 489 892 517 καὶ

62 543 111 568 τοῦ
140 540 243 568 στόλου
273 538 474 571 καταλαϐόντος
499 539 636 578 ἐπεχείρει
665 541 699 576 τῇ
722 538 893 576 τειχομαχίᾳ

63 586 77 613 ὸ
109 585 252 622 βασιλεὺς,
279 586 321 621 [Ρ.
346 586 410 622 676]
436 585 481 612 καὶ
510 583 647 616 πολλάκις
675 581 892 621 ἰπεκδραμὸντας

63 630 129 661 τοὺς
151 629 259 661 Σκύθας
285 629 426 667 ἰτρὶψατο.
442 631 499 665 Μιᾷ
530 628 559 657 δὲ
586 631 639 656 τῶν
659 630 771 666 ἡμερῶν
797 626 893 655 σκεδα-

64 677 151 707 σθεῖσι
175 677 233 706 τοῖς
254 674 403 711 Ῥωμαίοις
428 674 467 705 εἱς
486 673 595 712 ἄριστον
619 673 680 711 περὶ
702 672 796 708 δείλην
812 672 892 709 ὀψίαν

63 720 90 747 οἱ
119 717 267 757 βάρϐαροι,
287 718 328 750 εἴς
350 718 398 746 δύο
423 717 602 757 διαιρεθέντες
631 717 712 756 μέρη,
736 718 827 748 ἱππεῖς
848 715 893 744 καὶ

61 764 141 799 πεζοὶ
159 763 189 791 ἐκ
204 762 330 791 πυλίδων
348 762 397 791 δύο
412 767 463 798 τῆς
478 762 598 798 πόλεως,
614 766 665 798 τῆς
688 773 718 793 τε
739 762 807 790 κατὰ
831 762 893 789 ἀνα-

61 808 158 844 τολὰς,
175 809 206 843 ἢν
224 810 350 847 φρουρεῖν
366 807 491 836 ἐτέτακτο
507 807 607 846 Πέτρος
622 807 636 834 ὁ
652 805 895 845 στρατοπεδάρχης

64 853 133 891 μετὰ
156 855 268 890 Θρᾳκῶν
292 852 337 880 καὶ
360 851 537 887 Μακεδόνων,
563 853 610 880 καῒ
633 855 684 887 τῆς
707 852 776 888 πρὸς
806 850 892 887 δύσιν²

63 898 134 926 ὅπου
160 896 265 935 Βάρδας
289 898 304 925 ὁ
329 896 456 935 Σκληρὸς
481 898 614 934 μετὰτῶν
631 897 724 933 Ἑῲων
752 895 892 932 δυνάμεων

64 943 116 978 τὴν
152 942 277 981 φυλακὴν
307 941 498 980 ἐπετέτραπτο,
525 941 639 977 ιξῆλοον
668 941 898 980 παραταξάμενοι,

68 992 129 1019 δότε
159 993 268 1029 πρῶτον
296 991 419 1030 φανέντες
446 989 570 1030 ἔφιπποι·
587 990 637 1022 τὰς
660 990 712 1028 γὰρ
735 999 898 1028 προηγησα-

67 1036 152 1072 μὲνας
174 1035 265 1073 μάχας
287 1035 364 1069 πεζοὶ
389 1033 598 1073 διηγωνίσαντο,
615 1035 667 1066 Οὓς
698 1035 844 1072 εὐρώστως
871 1034 899 1061 οἳ

65 1081 203 1116 Ῥωμαῖοι
228 1078 369 1116 δεξάμενοι
403 1079 526 1116 ἐκθύμως
552 1078 708 1117 ἐμάχοντο·
738 1079 784 1106 καὶ
813 1077 898 1116 μέχρι

66 1123 178 1152 πολλοῦ
194 1123 371 1155 ίσοτάλαντος
386 1125 418 1158 ἤν
436 1124 450 1151 ὁ
465 1124 550 1161 ἀγών.
568 1124 656 1156 Τέλος
677 1122 705 1151 δὶ
728 1125 762 1161 τῇ
785 1123 898 1162 σφετέρᾳ

65 1169 150 1207 ἀρετῇ
175 1169 308 1206 Ῥωμαῖοι
330 1168 457 1207 τρέπουσι
480 1168 544 1200 τοὺς
574 1166 726 1206 βαρϐάρους
756 1168 801 1195 καὶ
827 1167 896 1204 πρὸς

65 1215 163 1250 τεῖχος
178 1211 364 1250 συγκλείουσι,
381 1210 497 1240 πολλῶν
517 1212 564 1240 κάν
579 1214 619 1248 τῷ
643 1211 729 1250 ἀγῶνι
748 1211 820 1248 τῷδε
848 1222 895 1239 πε-

66 1257 182 1293 σόντων,
198 1257 244 1284 καὶ
275 1256 379 1293 μᾶλλον
407 1257 525 1292 ἱππίων,
543 1255 660 1294 μηδενὸς
691 1255 720 1284 δὲ
747 1259 802 1284 τῶν
829 1257 896 1283 Ῥω-

68 1301 158 1338 μαίων
174 1302 429 1339 τρουματισθέντος,
445 1301 508 1329 ἀλλ’
526 1302 543 1337 ἢ
566 1302 655 1338 μόνων
678 1300 772 1329 ἳππων
797 1301 894 1328 πεσόν-

66 1357 123 1374 των
150 1348 247 1384 τριῶν.
267 1346 345 1374 οὕτω
374 1345 403 1374 δὲ
433 1347 605 1382 θραυσθέντες
635 1346 661 1373 οἱ
693 1343 826 1384 βάρϐαροι
849 1345 895 1373 καὶ

68 1390 134 1418 εἷ’σω
163 1391 274 1428 τείχους
300 1390 487 1423 συνελαθέντες
514 1391 609 1422 νυκτὸς
631 1389 827 1428 ιπιγενομὲνης
852 1388 895 1417 δι-

68 1436 241 1473 ενυκτᾶρευον
256 1434 398 1475 ἄγρυπνοι,
414 1436 460 1464 καὶ
474 1435 537 1468 τοὺς
553 1435 579 1464 ἐν
593 1438 628 1473 τῇ
657 1436 735 1474 μάχῃ
764 1435 896 1467 πεσόντας

69 1480 285 1520 ἀπωλοφύροντο
322 1481 428 1519 ἀγρίοις
465 1481 510 1509 καὶ
552 1479 713 1520 φρικώδεσιν
744 1479 892 1518 ὀδυρμοῖς,

69 1525 107 1557 ὡς
128 1524 219 1553 δοκεῖν
234 1525 297 1557 τοὺς
313 1525 462 1557 ἀκούοντας
490 1525 593 1564 θηρίων
619 1526 683 1553 εἶναι
711 1524 893 1564 βρυχηομοὺς

67 1570 114 1597 καὶ
131 1570 252 1608 ὠρυγὰς,
269 1569 331 1599 ἀλλ’
347 1570 378 1598 οὗ
394 1560 680 1609 θρήνουςπάνθρώπων
697 1560 741 1599 καὶ
757 1560 893 1608 οίμωγάς.
911 1560 932 1595 (ἶ

67 1618 188 1658 Ἣμὲρας
218 1618 247 1647 δε
273 1618 333 1658 άρτι
362 1618 536 1658 διαγελώσης
573 1619 672 1651 πάντας
697 1619 761 1651 τοὺς
786 1618 813 1646 ἕν
840 1629 896 1646 τισι

70 1663 215 1703 φρουρίοις
230 1663 268 1695 εἷς
284 1663 414 1703 φυλακὴν
422 1663 637 1702 ἐσκεδασμένους
666 1663 847 1692 ἀνεκαλοῦντο
871 1663 899 1696 ἐς

67 1709 102 1737 τὸ
118 1708 303 1747 Δορόστολον,
315 1709 358 1737 καὶ
374 1709 482 1748 ταχέως
508 1710 575 1743 ἧκον
603 1708 827 1745 μετακληθὲντες.
843 1708 897 1736 Καὶ

71 1755 85 1781 ὁ
101 1753 233 1792 βασιλεὺς
249 1752 278 1781 δὶ
292 1753 448 1791 ἀνειληφὼς
464 1753 532 1790 ὅλην
543 1754 593 1789 τὴν
609 1752 722 1790 δύναμιν
747 1753 830 1788 ἦλθεν
858 1753 896 1784 είς

69 1799 102 1826 τὸ
119 1799 175 1836 πρὸ
188 1802 239 1833 τῆς
254 1798 362 1830 πόλεως
376 1797 480 1835 πεδίον,
496 1799 542 1826 καὶ
557 1799 625 1837 πρὸς
640 1797 762 1835 πόλεμον
788 1797 897 1835 ἠρίθιζε

69 1843 135 1873 τοὺς
153 1840 318 1881 βαρϐάρους.
334 1843 411 1872 Ἐπεὶ
432 1842 460 1871 δὶ
476 1844 514 1880 μὴ
539 1842 660 1880 ἐξῄεσαν,
676 1842 713 1874 εἷς
735 1843 767 1870 τὸ
784 1842 896 1879 στρατό-

70 1886 154 1915 πεδον
174 1888 343 1926 ὑποστρέψας
357 1887 473 1926 ἡσυχίαν
487 1888 549 1925 ἦγε.
566 1888 614 1915 Καὶ
640 1886 797 1925 προσῆλθον
821 1887 896 1923 αὐτῷ

70 1929 200 1970 πρέσϐεις
215 1931 245 1959 ἐκ
261 1933 458 1964 Κωνσταντείας
482 1932 527 1960 καὶ
551 1934 604 1960 τῶν
634 1930 727 1959 ἄλλων
759 1931 894 1970 φρουρίων

70 1979 126 2004 τῶν
143 1976 227 2014 πέραν
251 1975 402 2014 ἱδρυμένων
430 1979 479 2004 τοῦ
494 1977 610 2013 Ἴστρου,
626 1976 775 2014 ἀμνηστίαν
805 1978 894 2004 κακῶν

73 2021 232 2059 αἰτούμενοι
247 2022 292 2049 καὶ
317 2022 427 2053 ἑαυτοὺς
449 2020 645 2060 ἐγχειρίζοντες
670 2021 717 2048 σὺν
737 2023 797 2053 τοῖς
828 2021 895 2058 ὀχυ-

72 2067 214 2104 ρώμασιν·
245 2065 292 2097 οὓς
320 2068 465 2104 προσηνῶς
490 2065 635 2103 δεξάμενος
665 2065 806 2094 ἀπέστειλε
833 2065 896 2097 τοὺς

71 2110 325 2149 παραληψομένους
336 2110 369 2138 τὰ
384 2111 501 2150 φρούρια
515 2111 560 2138 καὶ
574 2111 698 2149 στρατιὰν
729 2111 894 2149 ἀποχρῶσαν

73 2155 111 2187 είς
139 2156 190 2190 τὴν
221 2155 309 2183 αὐτῶν
339 2155 476 2195 φυλακήν.
492 2155 562 2191 Ἤδη
579 2155 607 2183 δὲ
633 2155 747 2194 ἑσπέρας
776 2155 895 2183 καταλα-

73 2199 176 2236 ϐούσης
190 2201 240 2232 τὰς
252 2202 338 2233 πάσας
353 2201 441 2234 πύλας
469 2205 520 2237 τῆς
547 2201 656 2232 πόλεως
684 2202 895 2233 ἀναπετάσαντες

72 2246 101 2272 οἱ
131 2246 211 2282 Ῥὼς,
227 2245 326 2282 πολλῷ
348 2249 401 2274 τῶν
428 2247 567 2285 προτέρων
589 2246 715 2278 πλείονες
739 2245 823 2280 ὄντες,
846 2245 903 2274 ἐπι·

73 2290 204 2318 πίπτουσι
218 2293 277 2322 τοῖς
291 2291 439 2328 Ῥωμαίοις
464 2290 633 2323 ἀνελπίστως
663 2290 707 2318 διὰ
735 2291 784 2325 τὴν
814 2290 898 2318 νύκτα

74 2334 208 2374 διάγουσι*
224 2335 270 2362 καὶ
281 2335 349 2363 κατὰ
365 2336 412 2372 μὶν
426 2336 475 2370 τὴν
496 2336 608 2372 πρώτην
635 2333 778 2372 συμϐολὴν
807 2333 898 2372 ἔδοξαν

74 2383 254 2418 προτερῆσαι,
286 2380 353 2417 μετὰ
390 2381 485 2418 μικρὸν
517 2379 546 2408 δὲ
575 2380 724 2419 ὑπερέσχον
753 2381 898 2418 Ῥωμαῖοι.

74 2431 119 2463 Ὠς
133 2431 184 2468 γάρ
201 2428 299 2465 συνέϐη
315 2433 405 2458 πεσεῖν
420 2430 466 2458 τὸν
496 2429 655 2469 Σφάγελλον
679 2432 807 2468 ἡρωϊκῖυς
824 2430 900 2468 ἀγω-

74 2475 231 2512 νιζόμενον,
262 2474 448 2513 συνεχύθησαν
475 2476 509 2512 τῇ
538 2476 586 2502 τοὺ
612 2475 741 2506 πεσόντος
776 2475 901 2512 στερήσει

73 2520 117 2547 καὶ
132 2520 181 2551 τὰς
209 2519 297 2558 ὁρμὰς
321 2518 527 2557 ιχαυνώθησαν.
543 2521 642 2556 ’Ὀμὼς
670 2519 808 2548 ἀνένδοτοι
837 2520 901 2556 παρ’

75 2564 143 2600 ὅλην
159 2565 210 2600 τὴν
227 2564 310 2592 νύκτα
332 2563 467 2601 διέμειναν
490 2564 535 2592 καὶ
562 2565 611 2599 τήν
639 2564 765 2592 ἐπιοῦσαν
795 2564 900 2602 ἡμέραν

77 2609 159 2647 μέχρι
178 2611 314 2647 σταθηρᾶς
333 2606 514 2647 μεσημϐρίας.
531 2609 596 2637 Τότε
625 2608 658 2644 δὴ
687 2611 736 2637 τοῦ
767 2607 902 2647 βασιλέως

77 2652 191 2690 δύναμιν
206 2653 385 2693 πεπομφότος
402 2653 441 2693 ἐφ’
458 2654 481 2690 ᾧ
504 2656 564 2685 τοῖς
594 2651 742 2692 βαρϐάροις
772 2653 902 2681 ἀποκλεῖ-

77 2708 118 2726 σαι
134 2699 184 2733 τήν
199 2698 238 2730 εἰς
253 2699 304 2732 τὴν
326 2697 408 2726 πόλιν
429 2697 545 2733 εἷ’σοδον,
561 2698 668 2736 γνόντες
692 2699 717 2726 οἱ
733 2699 801 2730 Ῥὼς
828 2697 903 2727 ἔκλι-

77 2754 119 2771 ναν
136 2743 177 2775 εἷς
187 2743 287 2783 φυγήν,
302 2743 408 2774 καὶτὰς
422 2743 492 2781 πρὸς
515 2744 565 2779 τὴν
588 2743 669 2771 πόλιν
696 2741 818 2774 εἰσόδους
842 2742 903 2771 ἐπι-

76 2788 282 2828 τετειχισμένας
299 2787 421 2826 εὑρόντες
444 2785 556 2828 ἔφευγον
588 2787 633 2816 διὰ
657 2789 705 2816 τοῦ
733 2786 830 2816 πεδίου
856 2788 903 2817 καὶ

945 230 981 249 ne
996 230 1082 251 amne
1107 224 1247 252 custodis
1269 233 1361 254 vacuo
1377 227 1500 256 navibus
1525 229 1651 265 effugere
1671 230 1772 260 Rossis

945 266 1057 295 liceret.
1083 268 1200 297 Interim
1227 269 1502 305 Sphendosthlahus
1526 272 1669 309 Bulgaros
1697 283 1772 311 quos

945 311 1075 347 captivos
1090 312 1228 348 habebat,
1253 315 1290 342 ad
1303 315 1339 342 20
1359 315 1452 344 millia
1473 320 1643 347 numeratos
1657 327 1773 356 compc-

946 356 1033 385 dibus
1048 365 1081 385 ao
1095 358 1222 387 vinculis
1246 360 1433 396 constringit,
1450 364 1585 390 metuens
1607 372 1643 391 ne
1658 364 1678 391 ii
1693 365 1774 393 sedi-

946 401 1056 430 tionem
1072 403 1300 438 concitarent,et
1311 413 1343 432 se
1352 405 1386 433 ad
1397 405 1578 435 tolerandam
1589 407 1774 438 obsidionem

946 447 1039 481 parat.
1054 447 1216 482 Imperator
1225 449 1274 476 ubi
1292 449 1396 478 classis
1412 451 1536 486 appulit,
1546 460 1717 489 oppugnare
1728 463 1775 483 nr-

946 489 1013 517 bem
1038 491 1153 527 incipit,
1171 494 1199 520 et
1224 501 1301 529 saepe
1326 497 1515 531 erumpentes
1540 497 1611 525 urbe
1635 498 1776 528 barbaros

947 534 1093 571 proﬂigat.
1109 536 1242 568 Quadam
1267 538 1315 566 die
1338 539 1394 566 sub
1408 547 1559 575 vesperam
1582 541 1723 572 Romanis
1738 545 1775 572 ad

947 586 1061 607 ccenam
1075 580 1240 617 dissipatis,
1257 583 1374 611 barbari
1385 583 1525 620 bipertito
1536 586 1653 622 agmine
1663 588 1777 624 equites

947 629 976 655 et
991 628 1105 664 pedites
1120 631 1196 665 (tum
1208 631 1338 667 primum
1354 632 1375 660 ii
1388 633 1504 669 equites
1517 634 1571 663 visi
1586 639 1666 671 sunt,
1677 636 1778 666 hacte-

948 680 1004 700 nus
1020 673 1134 709 pedites
1157 676 1274 704 tantum
1291 677 1504 714 pugnaverant)
1520 679 1634 708 duabus
1650 688 1681 708 se
1697 682 1779 710 urbis

948 716 1042 753 portis
1066 719 1234 755 eil‘undunt,
1261 729 1388 756 quarum
1412 730 1472 751 una
1495 731 1599 752 versus
1623 725 1777 763 orientem,

949 770 1039 806 quam
1055 764 1205 793 custodire
1216 765 1321 801 jussus
1334 768 1398 794 erat
1409 767 1512 796 Petrus
1526 771 1689 798 castrorum
1705 779 1779 806 prea-

948 805 1045 835 fectus
1059 815 1125 836 cum
1135 809 1298 839 Thracibus
1313 813 1342 839 et
1354 812 1562 842 Macedonibus
1575 822 1581 847 ;
1598 815 1672 842 401
1687 805 1780 845 altera

952 851 1155 887 occidentalis,
1166 854 1203 882 ad
1214 863 1302 890 quam
1313 855 1343 884 in
1351 856 1480 885 excubiis
1491 857 1605 887 locatus
1615 862 1678 888 erat
1686 861 1781 890 Barda

947 895 1065 925 Sclerus
1076 906 1143 926 eum
1157 898 1362 929 Orientalibus
1371 901 1474 938 copiis.
1486 903 1599 932 Acriter
1606 904 1779 934 dimicatum

955 942 1010 974 est,
1027 941 1168 971 Romanis
1177 943 1290 972 fortiter
1300 953 1350 973 eos
1365 946 1608 976 subsistentibus.
1620 949 1654 976 Et
1665 949 1781 979 tametsi

954 985 1128 1020 aliquandiu
1150 988 1240 1016 dubia
1263 990 1345 1017 stetit
1359 990 1491 1025 victoria,
1507 993 1606 1021 tamen
1632 994 1667 1021 ad
1683 997 1780 1023 extre-

954 1037 1036 1058 mum
1052 1030 1177 1060 Romani
1194 1041 1248 1061 sua
1263 1034 1370 1062 virtute
1384 1035 1525 1065 barbaros
1546 1037 1683 1073 fundunt,
1700 1039 1777 1067 mul-

951 1074 1051 1110 tisque
1066 1076 1170 1105 occisis
1194 1078 1321 1106 maxime
1341 1080 1378 1107 de
1401 1081 1543 1116 equilatu,
1559 1081 1589 1110 in
1610 1083 1712 1111 urbem
1730 1092 1777 1112 re-

951 1117 1048 1154 liquos
1055 1121 1246 1157 compellunt.
1259 1123 1458 1152 Romanorum
1466 1126 1615 1154 sauciatus
1622 1129 1667 1155 est
1678 1135 1776 1162 nemo,

952 1171 1046 1199 neque
1061 1164 1119 1193 nisi
1141 1168 1202 1194 tres
1217 1167 1284 1203 equi
1310 1168 1472 1204 quidquam
1489 1171 1584 1205 periit.
1611 1171 1670 1200 Hoc
1682 1173 1777 1208 {pacto

951 1208 1035 1236 fracti
1051 1209 1167 1238 barbari
1188 1213 1216 1239 et
1231 1211 1308 1240 intra
1324 1221 1426 1241 muros
1447 1215 1540 1242 coacti
1556 1218 1671 1244 noctem
1687 1217 1775 1245 istam

951 1252 1117 1282 insomnem
1123 1258 1324 1291 exegerunt,et
1332 1265 1381 1286 eos
1392 1258 1441 1293 qui
1453 1258 1482 1286 in
1495 1267 1593 1295 pugna
1599 1261 1777 1297 ceciderant,

950 1297 1020 1325 feris
1044 1300 1130 1334 atque
1151 1300 1332 1329 terribilibus
1358 1302 1517 1338 ejulatibus
1539 1304 1775 1342 deploraverunt,

950 1343 983 1369 ut
1009 1342 1178 1380 quicunque
1202 1345 1347 1379 audirent,
1371 1355 1431 1374 non
1455 1347 1608 1377 hominum
1633 1349 1775 1385 lamenta,

949 1387 1000 1414 sed
1013 1387 1106 1415 feraru
1112 1396 1138 1416 m
1151 1389 1266 1425 rugitus
1278 1392 1306 1418 et
1316 1391 1449 1427 mugitus
1456 1395 1571 1428 putaret
1577 1400 1608 1421 se
1614 1395 1773 1431 percipere.

949 1435 1010 1464 Sub
1024 1445 1159 1466 auroram
1168 1446 1270 1467 omnes
1279 1439 1328 1475 qui
1342 1439 1411 1468 hinc
1425 1440 1494 1469 inde
1508 1449 1558 1478 per
1571 1443 1693 1472 castella
1703 1452 1776 1480 prie-

949 1480 1016 1508 sidii
1036 1490 1124 1510 causa
1139 1485 1232 1519 erant,
1249 1484 1284 1512 ad
1300 1492 1331 1513 se
1346 1485 1532 1514 Dorostolum
1548 1490 1680 1523 evocant,
1695 1488 1776 1525 iique

951 1527 1056 1561 praesto
1068 1526 1196 1555 fuerunt.
1205 1528 1367 1564 Imperator
1377 1537 1493 1566 quoque
1508 1532 1604 1559 totum
1615 1532 1774 1561 exercitum

950 1569 980 1597 in
997 1577 1133 1606 campum
1146 1572 1195 1607 qui
1207 1575 1250 1601 est
1265 1575 1332 1601 ante
1343 1574 1446 1602 urbem
1454 1575 1573 1610 eduxit;
1590 1578 1618 1604 et
1633 1576 1775 1606 barbaros

952 1621 1020 1642 cum
1035 1615 1144 1644 frustra
1159 1616 1194 1644 ad
1209 1625 1339 1653 pugnam
1362 1621 1557 1654 provocasset,
1574 1620 1603 1647 in
1619 1623 1715 1650 castra
1730 1630 1775 1650 re-

952 1658 1045 1693 duxit,
1062 1667 1096 1688 ac
1109 1660 1229 1696 quievit.
1246 1662 1285 1689 Ea
1300 1662 1347 1690 die
1361 1663 1397 1691 ad
1408 1663 1507 1700 ipsum
1523 1665 1644 1693 veniunt
1659 1665 1747 1703 legati
1758 1675 1776 1696 ε

952 1702 1131 1739 Constantis,
1147 1707 1176 1733 et
1191 1705 1257 1734 aliis
1271 1708 1352 1735 trans
1367 1708 1474 1736 Istrum
1490 1708 1554 1737 sitis
1569 1710 1710 1747 castellis,
1725 1719 1774 1739 ve-

951 1747 1031 1775 niam
1047 1750 1180 1784 petentes
1194 1753 1221 1778 et
1236 1759 1267 1778 se
1282 1759 1315 1778 ac
1341 1752 1522 1781 munitiones
1537 1753 1687 1782 dedentes.
1703 1755 1775 1787 Qui-

950 1792 1007 1820 bus
1027 1792 1152 1829 benigne
1167 1795 1294 1831 ncceptis
1311 1795 1402 1824 mittit
1422 1797 1472 1833 qui
1488 1798 1608 1826 castella
1622 1799 1774 1836 recipiant,

951 1837 1099 1874 simulque
1125 1840 1273 1875 praesidia,
1289 1841 1396 1876 quibus
1422 1850 1456 1870 ea
1479 1844 1623 1871 asservari
1645 1844 1772 1880 quirent.

951 1882 1075 1918 Vespere
1086 1884 1148 1919 jam
1164 1884 1239 1912 facto
1260 1885 1342 1914 Rossi
1358 1887 1435 1915 402
1457 1887 1595 1916 omnibus
1610 1889 1692 1917 urbis
1705 1897 1772 1926 por-

949 1927 989 1956 tis
1004 1928 1122 1963 apertis,
1145 1937 1267 1957 numero
1291 1930 1452 1959 admodum
1468 1933 1557 1965 aucti,
1574 1932 1604 1960 in
1625 1934 1772 1963 Romanos

950 1972 987 2000 ob
1001 1974 1117 2000 noctem
1127 1973 1198 2001 nihil
1208 1974 1264 2002 tale
1273 1975 1457 2011 suspicantes
1469 1977 1597 2005 irruunt.
1610 1979 1642 2006 Et
1653 1978 1772 2014 quidem

950 2017 1046 2054 primo
1062 2018 1199 2047 conﬂictu
1222 2020 1346 2049 victores
1368 2021 1554 2058 videbantur,
1569 2022 1713 2058 paulatim
1728 2026 1773 2052 ta-

951 2070 1018 2090 men
1034 2063 1158 2092 Romani
1173 2065 1339 2100 superiores
1353 2068 1423 2094 sunt
1438 2066 1518 2095 facti.
1535 2067 1608 2096 Nam
1620 2068 1671 2097 ubi
1685 2069 1780 2105 Spha-

951 2107 1045 2144 gellus
1058 2108 1217 2137 fortissime
1232 2118 1368 2146 pugnans
1380 2111 1496 2146 cecidit,
1509 2120 1542 2140 eo
1558 2113 1669 2141 amisso
1686 2113 1779 2142 animi

951 2152 1139 2182 barbarorum
1153 2153 1290 2190 languere
1306 2158 1458 2192 coeperunt
1468 2159 1496 2184 et
1511 2157 1626 2186 remisit
1639 2158 1781 2195 impetus.

950 2197 1004 2225 Per
1019 2199 1110 2227 totum
1132 2198 1238 2227 tamen
1265 2201 1380 2228 noctem
1405 2201 1585 2237 subsistunt,
1601 2205 1688 2239 atque
1710 2204 1782 2233 adeo

922 2247 944 2280 1)
961 2244 997 2272 ad
1010 2244 1162 2272 meridiem
1174 2253 1269 2281 usque
1281 2254 1287 2273 :
1305 2247 1367 2274 tum
1380 2246 1500 2275 demum
1516 2248 1782 2278 animadvertentes

953 2289 989 2317 ab
1005 2289 1181 2325 imperatore
1202 2290 1325 2318 missam
1342 2299 1407 2319 esse
1431 2292 1574 2320 exercitus
1588 2295 1702 2329 partem
1718 2302 1783 2329 quis

955 2334 1063 2362 Rossos
1087 2333 1168 2362 aditu
1189 2334 1219 2362 in
1245 2335 1347 2363 urbem
1363 2335 1544 2372 excluderet,
1560 2337 1635 2373 fugas
1652 2345 1684 2366 se
1699 2338 1781 2375 dant,

955 2390 1080 2418 cumque
1095 2383 1158 2412 vias
1179 2384 1209 2412 in
1225 2385 1328 2413 urbem
1345 2386 1486 2414 ducentes
1501 2386 1668 2415 invenirent
1683 2387 1784 2417 obses-

956 2437 1015 2461 sas,
1033 2435 1084 2464 per
1099 2436 1239 2464 campum
1265 2430 1332 2465 fuga
1348 2430 1485 2466 dispersi,
1503 2431 1539 2459 ab
1557 2431 1784 2468 insequentibus

957 2473 1042 2501 multi
1058 2473 1241 2501 occiduntur.
1266 2474 1305 2502 Ea
1329 2483 1392 2511 quas
1414 2475 1575 2504 subsecuta
1590 2476 1723 2512 proxime
1738 2479 1784 2505 est

957 2526 1023 2551 nox,
1038 2517 1312 2553 Sphendosthlabus
1328 2519 1411 2547 urbis
1426 2528 1528 2549 muros
1546 2521 1623 2549 fossa
1638 2522 1784 2558 profunda

957 2562 1212 2596 circumdabat,ne
1227 2563 1310 2591 facile
1319 2564 1444 2592 Romani
1456 2573 1524 2593 cum
1540 2565 1652 2602 impetu
1664 2568 1786 2603 possent

957 2615 1007 2635 eos
1022 2608 1225 2642 oppugnatum
1250 2608 1386 2636 accedere
1401 2618 1409 2644 ;
1431 2611 1518 2645 atque
1533 2609 1588 2638 hoc
1610 2611 1697 2639 modo
1713 2610 1785 2639 urbe

957 2651 1141 2679 communita
1156 2651 1259 2680 statuit
1271 2652 1453 2682 obsidionem
1469 2654 1629 2683 fortissime
1644 2655 1783 2691 perferre.

958 2700 1032 2733 Quia
1047 2702 1145 2728 autem
1160 2701 1293 2737 plerique
1304 2702 1432 2730 militum
1445 2703 1509 2739 ejus
1525 2704 1561 2732 ob
1576 2703 1700 2732 vulnera
1708 2703 1784 2732 male

958 2745 1116 2780 habebant,
1126 2746 1224 2782 etjam
1239 2747 1424 2783 consumptis
1437 2747 1587 2777 alimentis
1597 2750 1721 2785 penuria
1731 2748 1785 2776 im-

958 2789 1100 2826 minebat,
1110 2798 1177 2819 cum
1186 2790 1340 2828 importari
1355 2791 1474 2821 aliunde
1484 2792 1645 2828 quidquam
1658 2792 1784 2822 Romani
