  <div class='ocr_page' id='page_1' title='image "/cluster/home/n/w/nwhite01/storage/ocr_20150623/122/njp.32101077773016/079.png"; bbox 0 0 1928 3047; ppageno 0'>
   <div class='ocr_carea' id='block_1_1' title="bbox 184 116 242 147">
    <p class='ocr_par' dir='ltr' id='par_1_1' title="bbox 184 116 242 147">
     <span class='ocr_line' id='line_1_1' title="bbox 184 116 242 147; baseline -0.034 0"><span class='ocrx_word' id='word_1_1' title='bbox 184 116 242 147; x_wconf 76' lang='grc'>135</span> 
     </span>
    </p>
   </div>
   <div class='ocr_carea' id='block_1_2' title="bbox 181 177 1004 215">
    <p class='ocr_par' dir='ltr' id='par_1_2' title="bbox 181 177 1004 215">
     <span class='ocr_line' id='line_1_2' title="bbox 181 177 1004 215; baseline -0.005 -5"><span class='ocrx_word' id='word_1_2' title='bbox 181 190 239 211; x_wconf 90' lang='lat' dir='ltr'>non</span> <span class='ocrx_word' id='word_1_3' title='bbox 253 181 393 215; x_wconf 78' lang='lat' dir='ltr'>sinerent,</span> <span class='ocrx_word' id='word_1_4' title='bbox 409 179 564 208; x_wconf 84' lang='lat' dir='ltr'><strong>observata</strong></span> <span class='ocrx_word' id='word_1_5' title='bbox 587 180 672 207; x_wconf 90' lang='lat' dir='ltr'><strong>nocte</strong></span> <span class='ocrx_word' id='word_1_6' title='bbox 686 178 842 207; x_wconf 87' lang='lat' dir='ltr'><strong>tenebrosa</strong></span> <span class='ocrx_word' id='word_1_7' title='bbox 858 186 892 206; x_wconf 82' lang='lat' dir='ltr'>ac</span> <span class='ocrx_word' id='word_1_8' title='bbox 905 177 1004 211; x_wconf 77' lang='lat' dir='ltr'><strong>illuni,</strong></span> 
     </span>
    </p>
   </div>
   <div class='ocr_carea' id='block_1_3' title="bbox 180 222 1008 264">
    <p class='ocr_par' dir='ltr' id='par_1_3' title="bbox 180 222 1008 264">
     <span class='ocr_line' id='line_1_3' title="bbox 180 222 1008 264; baseline -0.007 -8"><span class='ocrx_word' id='word_1_9' title='bbox 180 227 211 256; x_wconf 90' lang='lat' dir='ltr'>in</span> <span class='ocrx_word' id='word_1_10' title='bbox 220 235 308 264; x_wconf 89' lang='lat' dir='ltr'><strong>quam</strong></span> <span class='ocrx_word' id='word_1_11' title='bbox 317 225 428 254; x_wconf 85' lang='lat' dir='ltr'><strong>imbres</strong></span> <span class='ocrx_word' id='word_1_12' title='bbox 437 224 546 261; x_wconf 80' lang='lat' dir='ltr'>magni,</span> <span class='ocrx_word' id='word_1_13' title='bbox 558 223 669 260; x_wconf 89' lang='lat' dir='ltr'><strong>grando</strong></span> <span class='ocrx_word' id='word_1_14' title='bbox 680 222 820 252; x_wconf 86' lang='lat' dir='ltr'><strong>terribilis</strong></span> <span class='ocrx_word' id='word_1_15' title='bbox 831 223 1008 260; x_wconf 81' lang='lat' dir='ltr'>fulguraque</span> 
     </span>
    </p>
   </div>
   <div class='ocr_carea' id='block_1_4' title="bbox 181 267 1007 301">
    <p class='ocr_par' dir='ltr' id='par_1_4' title="bbox 181 267 1007 301">
     <span class='ocr_line' id='line_1_4' title="bbox 181 267 1007 301; baseline -0.007 -1"><span class='ocrx_word' id='word_1_16' title='bbox 181 274 210 300; x_wconf 91' lang='lat' dir='ltr'>et</span> <span class='ocrx_word' id='word_1_17' title='bbox 223 271 353 300; x_wconf 79' lang='lat' dir='ltr'>tonitrua</span> <span class='ocrx_word' id='word_1_18' title='bbox 367 269 512 297; x_wconf 87' lang='lat' dir='ltr'><strong>horrenda</strong></span> <span class='ocrx_word' id='word_1_19' title='bbox 527 268 702 301; x_wconf 87' lang='lat' dir='ltr'><strong>inciderant,</strong></span> <span class='ocrx_word' id='word_1_20' title='bbox 717 275 784 295; x_wconf 91' lang='lat' dir='ltr'>cum</span> <span class='ocrx_word' id='word_1_21' title='bbox 800 267 916 295; x_wconf 91' lang='lat' dir='ltr'><strong>duobus</strong></span> <span class='ocrx_word' id='word_1_22' title='bbox 931 267 1007 295; x_wconf 81' lang='lat' dir='ltr'><strong>viro-</strong></span> 
     </span>
    </p>
   </div>
   <div class='ocr_carea' id='block_1_5' title="bbox 182 312 1007 348">
    <p class='ocr_par' dir='ltr' id='par_1_5' title="bbox 182 312 1007 348">
     <span class='ocr_line' id='line_1_5' title="bbox 182 312 1007 348; baseline -0.008 -3"><span class='ocrx_word' id='word_1_23' title='bbox 182 325 248 345; x_wconf 89' lang='lat' dir='ltr'>rum</span> <span class='ocrx_word' id='word_1_24' title='bbox 263 315 396 344; x_wconf 87' lang='lat' dir='ltr'><strong>millibus</strong></span> <span class='ocrx_word' id='word_1_25' title='bbox 419 314 523 342; x_wconf 77' lang='lat' dir='ltr'>lintres</span> <span class='ocrx_word' id='word_1_26' title='bbox 547 312 717 341; x_wconf 73' lang='lat' dir='ltr'>conscendit</span> <span class='ocrx_word' id='word_1_27' title='bbox 740 315 769 340; x_wconf 87' lang='lat' dir='ltr'>et</span> <span class='ocrx_word' id='word_1_28' title='bbox 794 312 829 340; x_wconf 89' lang='lat' dir='ltr'>ad</span> <span class='ocrx_word' id='word_1_29' title='bbox 851 312 1007 348; x_wconf 67' lang='lat' dir='ltr'><strong>quaerenda</strong></span> 
     </span>
    </p>
   </div>
   <div class='ocr_carea' id='block_1_6' title="bbox 180 356 1007 393">
    <p class='ocr_par' dir='ltr' id='par_1_6' title="bbox 180 356 1007 393">
     <span class='ocr_line' id='line_1_6' title="bbox 180 356 1007 393; baseline -0.008 -3"><span class='ocrx_word' id='word_1_30' title='bbox 180 361 270 390; x_wconf 84' lang='lat' dir='ltr'><strong>victui</strong></span> <span class='ocrx_word' id='word_1_31' title='bbox 285 359 453 389; x_wconf 87' lang='lat' dir='ltr'><strong>necessaria</strong></span> <span class='ocrx_word' id='word_1_32' title='bbox 475 357 603 393; x_wconf 78' lang='lat' dir='ltr'>navigat.</span> <span class='ocrx_word' id='word_1_33' title='bbox 629 356 701 385; x_wconf 88' lang='lat' dir='ltr'><strong>Cum</strong></span> <span class='ocrx_word' id='word_1_34' title='bbox 717 356 905 392; x_wconf 73' lang='lat' dir='ltr'><strong>collegissent</strong></span> <span class='ocrx_word' id='word_1_35' title='bbox 920 359 1007 392; x_wconf 88' lang='lat' dir='ltr'><strong>prout</strong></span> 
     </span>
    </p>
   </div>
   <div class='ocr_carea' id='block_1_7' title="bbox 180 400 1004 443">
    <p class='ocr_par' dir='ltr' id='par_1_7' title="bbox 180 400 1004 443">
     <span class='ocr_line' id='line_1_7' title="bbox 180 400 1004 443; baseline -0.008 -9"><span class='ocrx_word' id='word_1_36' title='bbox 180 406 307 443; x_wconf 85' lang='lat' dir='ltr'><strong>quisque</strong></span> <span class='ocrx_word' id='word_1_37' title='bbox 315 405 391 433; x_wconf 73' lang='lat'>408</span> <span class='ocrx_word' id='word_1_38' title='bbox 407 403 537 432; x_wconf 82' lang='lat' dir='ltr'><strong>nancisci</strong></span> <span class='ocrx_word' id='word_1_39' title='bbox 555 403 676 439; x_wconf 83' lang='lat' dir='ltr'><strong>poterat,</strong></span> <span class='ocrx_word' id='word_1_40' title='bbox 687 401 877 435; x_wconf 80' lang='lat' dir='ltr'><strong>frumentum,</strong></span> <span class='ocrx_word' id='word_1_41' title='bbox 889 400 1004 428; x_wconf 87' lang='lat' dir='ltr'><strong>milium</strong></span> 
     </span>
    </p>
   </div>
   <div class='ocr_carea' id='block_1_8' title="bbox 179 445 1004 479">
    <p class='ocr_par' dir='ltr' id='par_1_8' title="bbox 179 445 1004 479">
     <span class='ocr_line' id='line_1_8' title="bbox 179 445 1004 479; baseline -0.01 0"><span class='ocrx_word' id='word_1_42' title='bbox 179 453 208 479; x_wconf 87' lang='lat' dir='ltr'>et</span> <span class='ocrx_word' id='word_1_43' title='bbox 218 451 291 479; x_wconf 88' lang='lat' dir='ltr'><strong>alias</strong></span> <span class='ocrx_word' id='word_1_44' title='bbox 298 451 332 478; x_wconf 88' lang='lat' dir='ltr'>ad</span> <span class='ocrx_word' id='word_1_45' title='bbox 341 449 431 477; x_wconf 88' lang='lat' dir='ltr'><strong>vitam</strong></span> <span class='ocrx_word' id='word_1_46' title='bbox 438 446 661 476; x_wconf 79' lang='lat' dir='ltr'><strong>sustentandam</strong></span> <span class='ocrx_word' id='word_1_47' title='bbox 674 445 814 473; x_wconf 79' lang='lat' dir='ltr'><strong>facientes</strong></span> <span class='ocrx_word' id='word_1_48' title='bbox 825 452 1004 478; x_wconf 84' lang='lat' dir='ltr'><strong>res,rursum</strong></span> 
     </span>
    </p>
   </div>
   <div class='ocr_carea' id='block_1_9' title="bbox 178 489 1005 526">
    <p class='ocr_par' dir='ltr' id='par_1_9' title="bbox 178 489 1005 526">
     <span class='ocr_line' id='line_1_9' title="bbox 178 489 1005 526; baseline -0.006 -3"><span class='ocrx_word' id='word_1_49' title='bbox 178 496 299 524; x_wconf 86' lang='lat' dir='ltr'><strong>adverso</strong></span> <span class='ocrx_word' id='word_1_50' title='bbox 314 493 436 521; x_wconf 90' lang='lat' dir='ltr'><strong>ﬂumine</strong></span> <span class='ocrx_word' id='word_1_51' title='bbox 447 490 634 520; x_wconf 88' lang='lat' dir='ltr'><strong>Dorostolum</strong></span> <span class='ocrx_word' id='word_1_52' title='bbox 649 489 808 517; x_wconf 88' lang='lat' dir='ltr'><strong>vehuntur.</strong></span> <span class='ocrx_word' id='word_1_53' title='bbox 820 491 914 526; x_wconf 83' lang='lat' dir='ltr'><strong>Atque</strong></span> <span class='ocrx_word' id='word_1_54' title='bbox 928 489 1005 518; x_wconf 86' lang='lat' dir='ltr'><strong>inter</strong></span> 
     </span>
    </p>
   </div>
   <div class='ocr_carea' id='block_1_10' title="bbox 179 534 1003 572">
    <p class='ocr_par' dir='ltr' id='par_1_10' title="bbox 179 534 1003 572">
     <span class='ocr_line' id='line_1_10' title="bbox 179 534 1003 572; baseline -0.008 -4"><span class='ocrx_word' id='word_1_55' title='bbox 179 539 460 572; x_wconf 88' lang='lat' dir='ltr'><strong>revehendum,cum</strong></span> <span class='ocrx_word' id='word_1_56' title='bbox 474 536 505 564; x_wconf 89' lang='lat' dir='ltr'>in</span> <span class='ocrx_word' id='word_1_57' title='bbox 521 536 585 572; x_wconf 85' lang='lat' dir='ltr'><strong>ripa</strong></span> <span class='ocrx_word' id='word_1_58' title='bbox 596 534 729 563; x_wconf 88' lang='lat' dir='ltr'><strong>ﬂuminis</strong></span> <span class='ocrx_word' id='word_1_59' title='bbox 739 534 871 562; x_wconf 84' lang='lat' dir='ltr'><strong>viderent</strong></span> <span class='ocrx_word' id='word_1_60' title='bbox 886 534 1003 562; x_wconf 81' lang='lat' dir='ltr'><strong>calones</strong></span> 
     </span>
    </p>
   </div>
   <div class='ocr_carea' id='block_1_11' title="bbox 177 578 1002 619">
    <p class='ocr_par' dir='ltr' id='par_1_11' title="bbox 177 578 1002 619">
     <span class='ocr_line' id='line_1_11' title="bbox 177 578 1002 619; baseline -0.007 -7"><span class='ocrx_word' id='word_1_61' title='bbox 177 584 254 612; x_wconf 87' lang='lat' dir='ltr'><strong>haud</strong></span> <span class='ocrx_word' id='word_1_62' title='bbox 282 591 401 619; x_wconf 87' lang='lat' dir='ltr'><strong>paucos,</strong></span> <span class='ocrx_word' id='word_1_63' title='bbox 429 589 555 618; x_wconf 88' lang='lat' dir='ltr'><strong>quorum</strong></span> <span class='ocrx_word' id='word_1_64' title='bbox 584 579 633 607; x_wconf 90' lang='lat' dir='ltr'><strong>alii</strong></span> <span class='ocrx_word' id='word_1_65' title='bbox 658 587 749 615; x_wconf 90' lang='lat' dir='ltr'><strong>equos</strong></span> <span class='ocrx_word' id='word_1_66' title='bbox 775 579 926 614; x_wconf 79' lang='lat' dir='ltr'><strong>potabant,</strong></span> <span class='ocrx_word' id='word_1_67' title='bbox 951 578 1002 606; x_wconf 82' lang='lat' dir='ltr'><strong>alii</strong></span> 
     </span>
    </p>
   </div>
   <div class='ocr_carea' id='block_1_12' title="bbox 175 623 1003 663">
    <p class='ocr_par' dir='ltr' id='par_1_12' title="bbox 175 623 1003 663">
     <span class='ocr_line' id='line_1_12' title="bbox 175 623 1003 663; baseline -0.008 -6"><span class='ocrx_word' id='word_1_68' title='bbox 175 629 298 656; x_wconf 86' lang='lat' dir='ltr'><strong>herbam</strong></span> <span class='ocrx_word' id='word_1_69' title='bbox 313 629 364 656; x_wconf 88' lang='lat' dir='ltr'>aut</span> <span class='ocrx_word' id='word_1_70' title='bbox 378 627 457 663; x_wconf 84' lang='lat' dir='ltr'><strong>ligna</strong></span> <span class='ocrx_word' id='word_1_71' title='bbox 467 625 653 662; x_wconf 80' lang='lat' dir='ltr'><strong>colligebant.</strong></span> <span class='ocrx_word' id='word_1_72' title='bbox 663 623 785 651; x_wconf 84' lang='lat' dir='ltr'><strong>navibus</strong></span> <span class='ocrx_word' id='word_1_73' title='bbox 796 624 906 659; x_wconf 82' lang='lat' dir='ltr'><strong>egressi</strong></span> <span class='ocrx_word' id='word_1_74' title='bbox 914 625 943 651; x_wconf 89' lang='lat' dir='ltr'>et</span> <span class='ocrx_word' id='word_1_75' title='bbox 952 631 1003 659; x_wconf 88' lang='lat' dir='ltr'>per</span> 
     </span>
    </p>
   </div>
   <div class='ocr_carea' id='block_1_13' title="bbox 178 667 1001 708">
    <p class='ocr_par' dir='ltr' id='par_1_13' title="bbox 178 667 1001 708">
     <span class='ocr_line' id='line_1_13' title="bbox 178 667 1001 708; baseline -0.009 -7"><span class='ocrx_word' id='word_1_76' title='bbox 178 673 282 702; x_wconf 81' lang='lat' dir='ltr'><strong>silvam</strong></span> <span class='ocrx_word' id='word_1_77' title='bbox 307 672 419 708; x_wconf 82' lang='lat' dir='ltr'><strong>absque</strong></span> <span class='ocrx_word' id='word_1_78' title='bbox 443 670 566 706; x_wconf 82' lang='lat' dir='ltr'><strong>strepitu</strong></span> <span class='ocrx_word' id='word_1_79' title='bbox 593 669 772 702; x_wconf 81' lang='lat' dir='ltr'><strong>incedentes,</strong></span> <span class='ocrx_word' id='word_1_80' title='bbox 788 675 838 695; x_wconf 89' lang='lat' dir='ltr'>eos</span> <span class='ocrx_word' id='word_1_81' title='bbox 855 667 927 695; x_wconf 88' lang='lat' dir='ltr'><strong>nihil</strong></span> <span class='ocrx_word' id='word_1_82' title='bbox 943 667 1001 696; x_wconf 83' lang='lat' dir='ltr'><strong>tale</strong></span> 
     </span>
    </p>
   </div>
   <div class='ocr_carea' id='block_1_14' title="bbox 176 712 999 753">
    <p class='ocr_par' dir='ltr' id='par_1_14' title="bbox 176 712 999 753">
     <span class='ocr_line' id='line_1_14' title="bbox 176 712 999 753; baseline -0.006 -8"><span class='ocrx_word' id='word_1_83' title='bbox 176 717 338 753; x_wconf 81' lang='lat' dir='ltr'><strong>cogitantes</strong></span> <span class='ocrx_word' id='word_1_84' title='bbox 353 716 450 744; x_wconf 88' lang='lat' dir='ltr'><strong>subito</strong></span> <span class='ocrx_word' id='word_1_85' title='bbox 460 714 644 747; x_wconf 87' lang='lat' dir='ltr'><strong>adoriuntur,</strong></span> <span class='ocrx_word' id='word_1_86' title='bbox 654 712 815 748; x_wconf 85' lang='lat' dir='ltr'><strong>multisque</strong></span> <span class='ocrx_word' id='word_1_87' title='bbox 830 712 999 746; x_wconf 76' lang='lat' dir='ltr'><strong>interfectis,</strong></span> 
     </span>
    </p>
   </div>
   <div class='ocr_carea' id='block_1_15' title="bbox 176 756 999 798">
    <p class='ocr_par' dir='ltr' id='par_1_15' title="bbox 176 756 999 798">
     <span class='ocr_line' id='line_1_15' title="bbox 176 756 999 798; baseline -0.007 -8"><span class='ocrx_word' id='word_1_88' title='bbox 176 761 306 798; x_wconf 87' lang='lat' dir='ltr'><strong>reliquos</strong></span> <span class='ocrx_word' id='word_1_89' title='bbox 330 760 453 797; x_wconf 87' lang='lat' dir='ltr'><strong>palatim</strong></span> <span class='ocrx_word' id='word_1_90' title='bbox 478 759 508 787; x_wconf 90' lang='lat' dir='ltr'>in</span> <span class='ocrx_word' id='word_1_91' title='bbox 532 758 665 795; x_wconf 81' lang='lat' dir='ltr'><strong>proxima</strong></span> <span class='ocrx_word' id='word_1_92' title='bbox 689 764 810 785; x_wconf 81' lang='lat' dir='ltr'><strong>nemora</strong></span> <span class='ocrx_word' id='word_1_93' title='bbox 833 764 864 785; x_wconf 90' lang='lat' dir='ltr'>se</span> <span class='ocrx_word' id='word_1_94' title='bbox 893 756 999 785; x_wconf 88' lang='lat' dir='ltr'><strong>abdere</strong></span> 
     </span>
    </p>
   </div>
   <div class='ocr_carea' id='block_1_16' title="bbox 175 801 998 843">
    <p class='ocr_par' dir='ltr' id='par_1_16' title="bbox 175 801 998 843">
     <span class='ocr_line' id='line_1_16' title="bbox 175 801 998 843; baseline -0.009 -8"><span class='ocrx_word' id='word_1_95' title='bbox 175 808 295 843; x_wconf 87' lang='lat' dir='ltr'><strong>cogunt.</strong></span> <span class='ocrx_word' id='word_1_96' title='bbox 312 805 382 842; x_wconf 83' lang='lat' dir='ltr'><strong>Ipsi,</strong></span> <span class='ocrx_word' id='word_1_97' title='bbox 399 805 461 833; x_wconf 82' lang='lat' dir='ltr'><strong>suis</strong></span> <span class='ocrx_word' id='word_1_98' title='bbox 477 803 616 831; x_wconf 86' lang='lat' dir='ltr'><strong>lintribus</strong></span> <span class='ocrx_word' id='word_1_99' title='bbox 631 810 751 830; x_wconf 89' lang='lat' dir='ltr'><strong>rursum</strong></span> <span class='ocrx_word' id='word_1_100' title='bbox 761 801 940 837; x_wconf 87' lang='lat' dir='ltr'><strong>conscensis,</strong></span> <span class='ocrx_word' id='word_1_101' title='bbox 952 809 998 829; x_wconf 85' lang='lat' dir='ltr'><strong>se-</strong></span> 
     </span>
    </p>
   </div>
   <div class='ocr_carea' id='block_1_17' title="bbox 174 845 996 882">
    <p class='ocr_par' dir='ltr' id='par_1_17' title="bbox 174 845 996 882">
     <span class='ocr_line' id='line_1_17' title="bbox 174 845 996 882; baseline -0.009 -3"><span class='ocrx_word' id='word_1_102' title='bbox 174 851 271 879; x_wconf 89' lang='lat' dir='ltr'><strong>cundo</strong></span> <span class='ocrx_word' id='word_1_103' title='bbox 281 852 368 879; x_wconf 90' lang='lat' dir='ltr'><strong>vento</strong></span> <span class='ocrx_word' id='word_1_104' title='bbox 378 847 563 878; x_wconf 84' lang='lat' dir='ltr'><strong>Dorostolum</strong></span> <span class='ocrx_word' id='word_1_105' title='bbox 574 847 707 875; x_wconf 85' lang='lat' dir='ltr'><strong>redeunt.</strong></span> <span class='ocrx_word' id='word_1_106' title='bbox 719 847 892 882; x_wconf 82' lang='lat' dir='ltr'><strong>Imperator,</strong></span> <span class='ocrx_word' id='word_1_107' title='bbox 902 848 933 873; x_wconf 83' lang='lat' dir='ltr'>ut</span> <span class='ocrx_word' id='word_1_108' title='bbox 941 845 996 874; x_wconf 89' lang='lat' dir='ltr'>hoc</span> 
     </span>
    </p>
   </div>
   <div class='ocr_carea' id='block_1_18' title="bbox 173 890 998 932">
    <p class='ocr_par' dir='ltr' id='par_1_18' title="bbox 173 890 998 932">
     <span class='ocr_line' id='line_1_18' title="bbox 173 890 998 932; baseline -0.008 -8"><span class='ocrx_word' id='word_1_109' title='bbox 173 895 312 932; x_wconf 85' lang='lat' dir='ltr'><strong>percepit,</strong></span> <span class='ocrx_word' id='word_1_110' title='bbox 335 893 544 922; x_wconf 82' lang='lat' dir='ltr'><strong>molestissime</strong></span> <span class='ocrx_word' id='word_1_111' title='bbox 567 891 646 923; x_wconf 85' lang='lat' dir='ltr'><strong>tulit,</strong></span> <span class='ocrx_word' id='word_1_112' title='bbox 667 893 696 919; x_wconf 90' lang='lat' dir='ltr'>et</span> <span class='ocrx_word' id='word_1_113' title='bbox 719 890 869 927; x_wconf 65' lang='lat' dir='ltr'><strong>prefectos</strong></span> <span class='ocrx_word' id='word_1_114' title='bbox 894 890 998 918; x_wconf 83' lang='lat' dir='ltr'><strong>classis</strong></span> 
     </span>
    </p>
   </div>
   <div class='ocr_carea' id='block_1_19' title="bbox 174 935 998 977">
    <p class='ocr_par' dir='ltr' id='par_1_19' title="bbox 174 935 998 977">
     <span class='ocr_line' id='line_1_19' title="bbox 174 935 998 977; baseline -0.008 -9"><span class='ocrx_word' id='word_1_115' title='bbox 174 939 349 977; x_wconf 84' lang='lat' dir='ltr'><strong>gravissime</strong></span> <span class='ocrx_word' id='word_1_116' title='bbox 364 938 502 975; x_wconf 84' lang='lat' dir='ltr'><strong>culpavit,</strong></span> <span class='ocrx_word' id='word_1_117' title='bbox 513 937 590 973; x_wconf 87' lang='lat' dir='ltr'><strong>quod</strong></span> <span class='ocrx_word' id='word_1_118' title='bbox 601 935 905 971; x_wconf 62' lang='lat' dir='ltr'><strong>barbarostorostolo</strong></span> <span class='ocrx_word' id='word_1_119' title='bbox 915 935 998 962; x_wconf 86' lang='lat' dir='ltr'><strong>avehi</strong></span> 
     </span>
    </p>
   </div>
   <div class='ocr_carea' id='block_1_20' title="bbox 173 979 1000 1017">
    <p class='ocr_par' dir='ltr' id='par_1_20' title="bbox 173 979 1000 1017">
     <span class='ocr_line' id='line_1_20' title="bbox 173 979 1000 1017; baseline -0.008 -3"><span class='ocrx_word' id='word_1_120' title='bbox 173 994 231 1014; x_wconf 87' lang='lat' dir='ltr'>non</span> <span class='ocrx_word' id='word_1_121' title='bbox 248 985 420 1017; x_wconf 70' lang='lat' dir='ltr'><strong>sensissent,</strong></span> <span class='ocrx_word' id='word_1_122' title='bbox 428 983 556 1010; x_wconf 85' lang='lat' dir='ltr'><strong>minatus</strong></span> <span class='ocrx_word' id='word_1_123' title='bbox 566 981 654 1010; x_wconf 84' lang='lat' dir='ltr'><strong>etiam</strong></span> <span class='ocrx_word' id='word_1_124' title='bbox 666 983 800 1013; x_wconf 87' lang='lat' dir='ltr'><strong>mortem,</strong></span> <span class='ocrx_word' id='word_1_125' title='bbox 812 979 835 1007; x_wconf 92' lang='lat' dir='ltr'>si</span> <span class='ocrx_word' id='word_1_126' title='bbox 848 980 917 1015; x_wconf 89' lang='lat' dir='ltr'><strong>quid</strong></span> <span class='ocrx_word' id='word_1_127' title='bbox 930 988 1000 1015; x_wconf 64' lang='lat' dir='ltr'><strong>prs-</strong></span> 
     </span>
    </p>
   </div>
   <div class='ocr_carea' id='block_1_21' title="bbox 173 1024 997 1065">
    <p class='ocr_par' dir='ltr' id='par_1_21' title="bbox 173 1024 997 1065">
     <span class='ocr_line' id='line_1_21' title="bbox 173 1024 997 1065; baseline -0.01 -7"><span class='ocrx_word' id='word_1_128' title='bbox 173 1032 252 1058; x_wconf 85' lang='lat' dir='ltr'><strong>terea</strong></span> <span class='ocrx_word' id='word_1_129' title='bbox 267 1029 325 1057; x_wconf 88' lang='lat' dir='ltr'><strong>tale</strong></span> <span class='ocrx_word' id='word_1_130' title='bbox 347 1029 421 1065; x_wconf 80' lang='lat' dir='ltr'><strong>ipsis</strong></span> <span class='ocrx_word' id='word_1_131' title='bbox 445 1035 504 1056; x_wconf 88' lang='lat' dir='ltr'>non</span> <span class='ocrx_word' id='word_1_132' title='bbox 522 1024 745 1054; x_wconf 83' lang='lat' dir='ltr'><strong>observantibus</strong></span> <span class='ocrx_word' id='word_1_133' title='bbox 769 1025 859 1052; x_wconf 81' lang='lat' dir='ltr'><strong>ﬁeret.</strong></span> <span class='ocrx_word' id='word_1_134' title='bbox 877 1025 938 1057; x_wconf 89' lang='lat' dir='ltr'><strong>Quo</strong></span> <span class='ocrx_word' id='word_1_135' title='bbox 955 1024 997 1052; x_wconf 83' lang='lat' dir='ltr'><strong>fa-</strong></span> 
     </span>
    </p>
   </div>
   <div class='ocr_carea' id='block_1_22' title="bbox 172 1069 997 1108">
    <p class='ocr_par' dir='ltr' id='par_1_22' title="bbox 172 1069 997 1108">
     <span class='ocr_line' id='line_1_22' title="bbox 172 1069 997 1108; baseline -0.008 -6"><span class='ocrx_word' id='word_1_136' title='bbox 172 1077 253 1102; x_wconf 87' lang='lat' dir='ltr'><strong>ctum</strong></span> <span class='ocrx_word' id='word_1_137' title='bbox 270 1076 303 1101; x_wconf 89' lang='lat' dir='ltr'>ut</span> <span class='ocrx_word' id='word_1_138' title='bbox 317 1073 337 1101; x_wconf 90' lang='lat' dir='ltr'>ii</span> <span class='ocrx_word' id='word_1_139' title='bbox 351 1075 508 1108; x_wconf 87' lang='lat' dir='ltr'><strong>utramque</strong></span> <span class='ocrx_word' id='word_1_140' title='bbox 521 1071 651 1099; x_wconf 90' lang='lat' dir='ltr'><strong>ﬂuminis</strong></span> <span class='ocrx_word' id='word_1_141' title='bbox 663 1070 756 1106; x_wconf 84' lang='lat' dir='ltr'><strong>ripam</strong></span> <span class='ocrx_word' id='word_1_142' title='bbox 772 1069 997 1105; x_wconf 81' lang='lat' dir='ltr'><strong>diligentissime</strong></span> 
     </span>
    </p>
   </div>
   <div class='ocr_carea' id='block_1_23' title="bbox 173 1113 997 1155">
    <p class='ocr_par' dir='ltr' id='par_1_23' title="bbox 173 1113 997 1155">
     <span class='ocr_line' id='line_1_23' title="bbox 173 1113 997 1155; baseline -0.01 -8"><span class='ocrx_word' id='word_1_143' title='bbox 173 1119 296 1155; x_wconf 87' lang='lat' dir='ltr'><strong>posthac</strong></span> <span class='ocrx_word' id='word_1_144' title='bbox 311 1117 501 1146; x_wconf 85' lang='lat' dir='ltr'><strong>custodirent.</strong></span> <span class='ocrx_word' id='word_1_145' title='bbox 527 1116 682 1144; x_wconf 84' lang='lat' dir='ltr'><strong>Enimvero</strong></span> <span class='ocrx_word' id='word_1_146' title='bbox 706 1113 866 1150; x_wconf 85' lang='lat' dir='ltr'><strong>imperator</strong></span> <span class='ocrx_word' id='word_1_147' title='bbox 880 1121 945 1140; x_wconf 92' lang='lat' dir='ltr'>cum</span> <span class='ocrx_word' id='word_1_148' title='bbox 962 1113 997 1140; x_wconf 86' lang='lat'>65</span> 
     </span>
    </p>
   </div>
   <div class='ocr_carea' id='block_1_24' title="bbox 173 1158 997 1196">
    <p class='ocr_par' dir='ltr' id='par_1_24' title="bbox 173 1158 997 1196">
     <span class='ocr_line' id='line_1_24' title="bbox 173 1158 997 1196; baseline -0.01 -4"><span class='ocrx_word' id='word_1_149' title='bbox 173 1163 328 1192; x_wconf 89' lang='lat' dir='ltr'><strong>continuos</strong></span> <span class='ocrx_word' id='word_1_150' title='bbox 348 1163 410 1190; x_wconf 91' lang='lat' dir='ltr'><strong>dies</strong></span> <span class='ocrx_word' id='word_1_151' title='bbox 435 1161 537 1189; x_wconf 87' lang='lat' dir='ltr'><strong>urbem</strong></span> <span class='ocrx_word' id='word_1_152' title='bbox 560 1161 770 1196; x_wconf 84' lang='lat' dir='ltr'><strong>oppugnasset,</strong></span> <span class='ocrx_word' id='word_1_153' title='bbox 795 1166 858 1186; x_wconf 86' lang='lat' dir='ltr'>eam</span> <span class='ocrx_word' id='word_1_154' title='bbox 875 1158 997 1194; x_wconf 87' lang='lat' dir='ltr'><strong>posthac</strong></span> 
     </span>
    </p>
   </div>
   <div class='ocr_carea' id='block_1_25' title="bbox 172 1203 997 1236">
    <p class='ocr_par' dir='ltr' id='par_1_25' title="bbox 172 1203 997 1236">
     <span class='ocr_line' id='line_1_25' title="bbox 172 1203 997 1236; baseline -0.008 0"><span class='ocrx_word' id='word_1_155' title='bbox 172 1208 326 1236; x_wconf 86' lang='lat' dir='ltr'><strong>obsidione</strong></span> <span class='ocrx_word' id='word_1_156' title='bbox 342 1209 370 1235; x_wconf 90' lang='lat' dir='ltr'>et</span> <span class='ocrx_word' id='word_1_157' title='bbox 385 1207 462 1234; x_wconf 84' lang='lat' dir='ltr'><strong>fama</strong></span> <span class='ocrx_word' id='word_1_158' title='bbox 478 1205 580 1233; x_wconf 87' lang='lat' dir='ltr'><strong>statuit</strong></span> <span class='ocrx_word' id='word_1_159' title='bbox 596 1206 717 1232; x_wconf 87' lang='lat' dir='ltr'><strong>tentare.</strong></span> <span class='ocrx_word' id='word_1_160' title='bbox 736 1203 802 1231; x_wconf 87' lang='lat' dir='ltr'><strong>Ideo</strong></span> <span class='ocrx_word' id='word_1_161' title='bbox 816 1203 878 1230; x_wconf 87' lang='lat' dir='ltr'><strong>vias</strong></span> <span class='ocrx_word' id='word_1_162' title='bbox 894 1210 997 1230; x_wconf 86' lang='lat' dir='ltr'><strong>omnes</strong></span> 
     </span>
    </p>
   </div>
   <div class='ocr_carea' id='block_1_26' title="bbox 172 1246 997 1287">
    <p class='ocr_par' dir='ltr' id='par_1_26' title="bbox 172 1246 997 1287">
     <span class='ocr_line' id='line_1_26' title="bbox 172 1246 997 1287; baseline -0.007 -7"><span class='ocrx_word' id='word_1_163' title='bbox 172 1251 261 1280; x_wconf 85' lang='lat' dir='ltr'><strong>fossis</strong></span> <span class='ocrx_word' id='word_1_164' title='bbox 277 1251 350 1280; x_wconf 78' lang='lat' dir='ltr'><strong>actis</strong></span> <span class='ocrx_word' id='word_1_165' title='bbox 363 1253 392 1279; x_wconf 87' lang='lat' dir='ltr'>et</span> <span class='ocrx_word' id='word_1_166' title='bbox 407 1249 553 1287; x_wconf 71' lang='lat' dir='ltr'><strong>praasidiis</strong></span> <span class='ocrx_word' id='word_1_167' title='bbox 568 1247 677 1276; x_wconf 86' lang='lat' dir='ltr'><strong>additis</strong></span> <span class='ocrx_word' id='word_1_168' title='bbox 692 1247 799 1281; x_wconf 84' lang='lat' dir='ltr'><strong>munit,</strong></span> <span class='ocrx_word' id='word_1_169' title='bbox 811 1255 847 1275; x_wconf 89' lang='lat' dir='ltr'>ne</span> <span class='ocrx_word' id='word_1_170' title='bbox 863 1247 929 1283; x_wconf 89' lang='lat' dir='ltr'><strong>quis</strong></span> <span class='ocrx_word' id='word_1_171' title='bbox 946 1246 997 1275; x_wconf 85' lang='lat' dir='ltr'><strong>ali-</strong></span> 
     </span>
    </p>
   </div>
   <div class='ocr_carea' id='block_1_27' title="bbox 172 1291 994 1331">
    <p class='ocr_par' dir='ltr' id='par_1_27' title="bbox 172 1291 994 1331">
     <span class='ocr_line' id='line_1_27' title="bbox 172 1291 994 1331; baseline -0.006 -7"><span class='ocrx_word' id='word_1_172' title='bbox 172 1297 339 1324; x_wconf 87' lang='lat' dir='ltr'><strong>mentorum</strong></span> <span class='ocrx_word' id='word_1_173' title='bbox 364 1294 557 1331; x_wconf 88' lang='lat' dir='ltr'><strong>petendorum</strong></span> <span class='ocrx_word' id='word_1_174' title='bbox 581 1301 670 1321; x_wconf 80' lang='lat' dir='ltr'><strong>causa</strong></span> <span class='ocrx_word' id='word_1_175' title='bbox 690 1292 767 1320; x_wconf 85' lang='lat' dir='ltr'><strong>exire</strong></span> <span class='ocrx_word' id='word_1_176' title='bbox 791 1291 861 1319; x_wconf 90' lang='lat' dir='ltr'><strong>urbe</strong></span> <span class='ocrx_word' id='word_1_177' title='bbox 877 1294 994 1328; x_wconf 81' lang='lat' dir='ltr'><strong>posset;</strong></span> 
     </span>
    </p>
   </div>
   <div class='ocr_carea' id='block_1_28' title="bbox 170 1336 844 1377">
    <p class='ocr_par' dir='ltr' id='par_1_28' title="bbox 170 1336 844 1377">
     <span class='ocr_line' id='line_1_28' title="bbox 170 1336 844 1377; baseline -0.006 -9"><span class='ocrx_word' id='word_1_178' title='bbox 170 1340 290 1377; x_wconf 80' lang='lat' dir='ltr'><strong>ipseque</strong></span> <span class='ocrx_word' id='word_1_179' title='bbox 304 1340 335 1367; x_wconf 91' lang='lat' dir='ltr'>in</span> <span class='ocrx_word' id='word_1_180' title='bbox 350 1339 503 1367; x_wconf 88' lang='lat' dir='ltr'><strong>obsidione</strong></span> <span class='ocrx_word' id='word_1_181' title='bbox 519 1337 636 1365; x_wconf 83' lang='lat' dir='ltr'><strong>interim</strong></span> <span class='ocrx_word' id='word_1_182' title='bbox 653 1337 712 1365; x_wconf 91' lang='lat' dir='ltr'><strong>otio</strong></span> <span class='ocrx_word' id='word_1_183' title='bbox 727 1336 844 1364; x_wconf 83' lang='lat' dir='ltr'><strong>fruitur.</strong></span> 
     </span>
    </p>
   </div>
   <div class='ocr_carea' id='block_1_29' title="bbox 855 111 1207 144">
    <p class='ocr_par' dir='ltr' id='par_1_29' title="bbox 855 111 1207 144">
     <span class='ocr_line' id='line_1_29' title="bbox 855 111 1207 144; baseline 0.003 -3"><span class='ocrx_word' id='word_1_184' title='bbox 855 111 1013 143; x_wconf 80' lang='lat' dir='ltr'>GEORGII</span> <span class='ocrx_word' id='word_1_185' title='bbox 1036 111 1207 144; x_wconf 82' lang='lat' dir='ltr'>CEDRENI</span> 
     </span>
    </p>
   </div>
   <div class='ocr_carea' id='block_1_30' title="bbox 1830 119 1893 150">
    <p class='ocr_par' dir='ltr' id='par_1_30' title="bbox 1830 119 1893 150">
     <span class='ocr_line' id='line_1_30' title="bbox 1830 119 1893 150; baseline 0 -1"><span class='ocrx_word' id='word_1_186' title='bbox 1830 119 1893 150; x_wconf 73' lang='grc'><strong>136</strong></span> 
     </span>
    </p>
   </div>
   <div class='ocr_carea' id='block_1_31' title="bbox 1063 176 1895 223">
    <p class='ocr_par' dir='ltr' id='par_1_31' title="bbox 1063 176 1895 223">
     <span class='ocr_line' id='line_1_31' title="bbox 1063 176 1895 223; baseline 0.008 -18"><span class='ocrx_word' id='word_1_187' title='bbox 1063 176 1342 216; x_wconf 79' lang='grc' dir='ltr'>καταλαμϐανόμενοι</span> <span class='ocrx_word' id='word_1_188' title='bbox 1369 179 1530 219; x_wconf 71' lang='grc' dir='ltr'>ἀνῃροῦντο.</span> <span class='ocrx_word' id='word_1_189' title='bbox 1555 182 1585 211; x_wconf 91' lang='grc' dir='ltr'>Ὁ</span> <span class='ocrx_word' id='word_1_190' title='bbox 1613 180 1642 210; x_wconf 71' lang='grc' dir='ltr'>δὲ</span> <span class='ocrx_word' id='word_1_191' title='bbox 1668 181 1895 223; x_wconf 76' lang='grc' dir='ltr'>Σφενδοσθλάϐος</span> 
     </span>
    </p>
   </div>
   <div class='ocr_carea' id='block_1_32' title="bbox 1061 222 1893 264">
    <p class='ocr_par' dir='ltr' id='par_1_32' title="bbox 1061 222 1893 264">
     <span class='ocr_line' id='line_1_32' title="bbox 1061 222 1893 264; baseline 0.007 -14"><span class='ocrx_word' id='word_1_192' title='bbox 1061 223 1157 254; x_wconf 84' lang='grc' dir='ltr'>νυκτὸς</span> <span class='ocrx_word' id='word_1_193' title='bbox 1172 222 1364 262; x_wconf 72' lang='grc' dir='ltr'>ἐπιγενομένης</span> <span class='ocrx_word' id='word_1_194' title='bbox 1381 223 1495 263; x_wconf 86' lang='grc' dir='ltr'>διώρυγι</span> <span class='ocrx_word' id='word_1_195' title='bbox 1523 226 1619 264; x_wconf 73' lang='grc' dir='ltr'>βαθείᾳ</span> <span class='ocrx_word' id='word_1_196' title='bbox 1646 227 1677 254; x_wconf 85' lang='grc' dir='ltr'>τὸ</span> <span class='ocrx_word' id='word_1_197' title='bbox 1698 222 1758 263; x_wconf 68' lang='grc' dir='ltr'>τῆς</span> <span class='ocrx_word' id='word_1_198' title='bbox 1784 227 1893 260; x_wconf 86' lang='grc' dir='ltr'>πόλεως</span> 
     </span>
    </p>
   </div>
   <div class='ocr_carea' id='block_1_33' title="bbox 1061 266 1890 310">
    <p class='ocr_par' dir='ltr' id='par_1_33' title="bbox 1061 266 1890 310">
     <span class='ocr_line' id='line_1_33' title="bbox 1061 266 1890 310; baseline 0.007 -16"><span class='ocrx_word' id='word_1_199' title='bbox 1061 266 1229 305; x_wconf 70' lang='grc' dir='ltr'>ἐστεφάνωσε</span> <span class='ocrx_word' id='word_1_200' title='bbox 1244 271 1348 306; x_wconf 83' lang='grc' dir='ltr'>τεῖχος,</span> <span class='ocrx_word' id='word_1_201' title='bbox 1365 271 1405 307; x_wconf 85' lang='grc' dir='ltr'>[Ρ.</span> <span class='ocrx_word' id='word_1_202' title='bbox 1422 271 1487 307; x_wconf 85' lang='grc'>677]</span> <span class='ocrx_word' id='word_1_203' title='bbox 1505 270 1551 299; x_wconf 70' lang='grc' dir='ltr'>ἵνα</span> <span class='ocrx_word' id='word_1_204' title='bbox 1585 271 1623 308; x_wconf 77' lang='grc' dir='ltr'>μὴ</span> <span class='ocrx_word' id='word_1_205' title='bbox 1649 271 1773 310; x_wconf 77' lang='grc' dir='ltr'>εὐχερῶς</span> <span class='ocrx_word' id='word_1_206' title='bbox 1803 270 1890 310; x_wconf 71' lang='grc' dir='ltr'>ἔχοιεν</span> 
     </span>
    </p>
   </div>
   <div class='ocr_carea' id='block_1_34' title="bbox 1062 312 1890 355">
    <p class='ocr_par' dir='ltr' id='par_1_34' title="bbox 1062 312 1890 355">
     <span class='ocr_line' id='line_1_34' title="bbox 1062 312 1890 355; baseline 0.008 -17"><span class='ocrx_word' id='word_1_207' title='bbox 1062 312 1088 339; x_wconf 79' lang='grc' dir='ltr'>οἱ</span> <span class='ocrx_word' id='word_1_208' title='bbox 1103 312 1235 349; x_wconf 84' lang='grc' dir='ltr'>Ῥωμαῖοι</span> <span class='ocrx_word' id='word_1_209' title='bbox 1252 314 1311 350; x_wconf 85' lang='grc' dir='ltr'>μεθ’</span> <span class='ocrx_word' id='word_1_210' title='bbox 1326 314 1417 352; x_wconf 82' lang='grc' dir='ltr'>ὁρμῆς</span> <span class='ocrx_word' id='word_1_211' title='bbox 1431 317 1471 351; x_wconf 83' lang='grc' dir='ltr'>τῷ</span> <span class='ocrx_word' id='word_1_212' title='bbox 1485 317 1536 350; x_wconf 80' lang='grc' dir='ltr'>τῆς</span> <span class='ocrx_word' id='word_1_213' title='bbox 1560 315 1668 348; x_wconf 85' lang='grc' dir='ltr'>πόλεως</span> <span class='ocrx_word' id='word_1_214' title='bbox 1692 316 1780 355; x_wconf 83' lang='grc' dir='ltr'>τείχει</span> <span class='ocrx_word' id='word_1_215' title='bbox 1805 327 1890 355; x_wconf 87' lang='grc' dir='ltr'>προσ-</span> 
     </span>
    </p>
   </div>
   <div class='ocr_carea' id='block_1_35' title="bbox 1059 355 1889 400">
    <p class='ocr_par' dir='ltr' id='par_1_35' title="bbox 1059 355 1889 400">
     <span class='ocr_line' id='line_1_35' title="bbox 1059 355 1889 400; baseline 0.007 -17"><span class='ocrx_word' id='word_1_216' title='bbox 1059 355 1198 400; x_wconf 72' lang='grc' dir='ltr'>πελάζειν.</span> <span class='ocrx_word' id='word_1_217' title='bbox 1215 358 1266 385; x_wconf 82' lang='grc' dir='ltr'>Καὶ</span> <span class='ocrx_word' id='word_1_218' title='bbox 1296 357 1367 386; x_wconf 77' lang='grc' dir='ltr'>οὕτω</span> <span class='ocrx_word' id='word_1_219' title='bbox 1396 359 1445 394; x_wconf 85' lang='grc' dir='ltr'>τὴν</span> <span class='ocrx_word' id='word_1_220' title='bbox 1474 359 1557 387; x_wconf 85' lang='grc' dir='ltr'>πόλιν</span> <span class='ocrx_word' id='word_1_221' title='bbox 1582 359 1806 399; x_wconf 76' lang='grc' dir='ltr'>ἀσφαλισάμενος</span> <span class='ocrx_word' id='word_1_222' title='bbox 1821 361 1889 400; x_wconf 76' lang='grc' dir='ltr'>ἔγνω</span> 
     </span>
    </p>
   </div>
   <div class='ocr_carea' id='block_1_36' title="bbox 1060 399 1887 444">
    <p class='ocr_par' dir='ltr' id='par_1_36' title="bbox 1060 399 1887 444">
     <span class='ocr_line' id='line_1_36' title="bbox 1060 399 1887 444; baseline 0.008 -17"><span class='ocrx_word' id='word_1_223' title='bbox 1060 399 1114 444; x_wconf 73' lang='grc' dir='ltr'>δεῖν</span> <span class='ocrx_word' id='word_1_224' title='bbox 1132 401 1304 440; x_wconf 81' lang='grc' dir='ltr'>εὖψυχότατα</span> <span class='ocrx_word' id='word_1_225' title='bbox 1317 403 1367 438; x_wconf 80' lang='grc' dir='ltr'>τὴν</span> <span class='ocrx_word' id='word_1_226' title='bbox 1393 403 1558 441; x_wconf 72' lang='grc' dir='ltr'>πολιορκίαν</span> <span class='ocrx_word' id='word_1_227' title='bbox 1583 404 1797 444; x_wconf 68' lang='grc' dir='ltr'>προσδέχεσθαι.</span> <span class='ocrx_word' id='word_1_228' title='bbox 1816 399 1887 434; x_wconf 82' lang='grc' dir='ltr'>Ἐπιί</span> 
     </span>
    </p>
   </div>
   <div class='ocr_carea' id='block_1_37' title="bbox 1060 443 1885 487">
    <p class='ocr_par' dir='ltr' id='par_1_37' title="bbox 1060 443 1885 487">
     <span class='ocr_line' id='line_1_37' title="bbox 1060 443 1885 487; baseline 0.008 -15"><span class='ocrx_word' id='word_1_229' title='bbox 1060 443 1089 472; x_wconf 57' lang='lat' dir='ltr'>Si</span> <span class='ocrx_word' id='word_1_230' title='bbox 1102 445 1133 473; x_wconf 86' lang='grc' dir='ltr'>τὸ</span> <span class='ocrx_word' id='word_1_231' title='bbox 1147 444 1231 473; x_wconf 77' lang='grc' dir='ltr'>πλέον</span> <span class='ocrx_word' id='word_1_232' title='bbox 1243 450 1294 482; x_wconf 87' lang='grc' dir='ltr'>τῆς</span> <span class='ocrx_word' id='word_1_233' title='bbox 1309 450 1437 485; x_wconf 82' lang='grc' dir='ltr'>στρατιᾶς</span> <span class='ocrx_word' id='word_1_234' title='bbox 1465 446 1597 487; x_wconf 67' lang='grc' dir='ltr'>διᾶκιιγτο</span> <span class='ocrx_word' id='word_1_235' title='bbox 1627 443 1719 481; x_wconf 67' lang='grc' dir='ltr'>κακῶς</span> <span class='ocrx_word' id='word_1_236' title='bbox 1750 450 1805 478; x_wconf 80' lang='grc' dir='ltr'>ἀπὸ</span> <span class='ocrx_word' id='word_1_237' title='bbox 1833 453 1885 478; x_wconf 82' lang='grc' dir='ltr'>τῶν</span> 
     </span>
    </p>
   </div>
   <div class='ocr_carea' id='block_1_38' title="bbox 1056 489 1885 531">
    <p class='ocr_par' dir='ltr' id='par_1_38' title="bbox 1056 489 1885 531">
     <span class='ocr_line' id='line_1_38' title="bbox 1056 489 1885 531; baseline 0.007 -14"><span class='ocrx_word' id='word_1_238' title='bbox 1056 491 1231 527; x_wconf 73' lang='grc' dir='ltr'>τραυμάτων,</span> <span class='ocrx_word' id='word_1_239' title='bbox 1263 489 1483 529; x_wconf 72' lang='grc' dir='ltr'>συνεπελάμϐανε</span> <span class='ocrx_word' id='word_1_240' title='bbox 1512 492 1541 521; x_wconf 76' lang='grc' dir='ltr'>δὶ</span> <span class='ocrx_word' id='word_1_241' title='bbox 1568 494 1612 521; x_wconf 72' lang='grc' dir='ltr'>καὶ</span> <span class='ocrx_word' id='word_1_242' title='bbox 1639 493 1722 531; x_wconf 78' lang='grc' dir='ltr'>λιμὸς</span> <span class='ocrx_word' id='word_1_243' title='bbox 1749 494 1804 530; x_wconf 80' lang='grc' dir='ltr'>ἤδη</span> <span class='ocrx_word' id='word_1_244' title='bbox 1833 498 1885 523; x_wconf 83' lang='grc' dir='ltr'>τῶν</span> 
     </span>
    </p>
   </div>
   <div class='ocr_carea' id='block_1_39' title="bbox 1057 533 1887 576">
    <p class='ocr_par' dir='ltr' id='par_1_39' title="bbox 1057 533 1887 576">
     <span class='ocr_line' id='line_1_39' title="bbox 1057 533 1887 576; baseline 0.008 -15"><span class='ocrx_word' id='word_1_245' title='bbox 1057 533 1208 572; x_wconf 76' lang='grc' dir='ltr'>ἀναγκαίων</span> <span class='ocrx_word' id='word_1_246' title='bbox 1233 535 1440 572; x_wconf 76' lang='grc' dir='ltr'>δαπανηθέντων</span> <span class='ocrx_word' id='word_1_247' title='bbox 1481 537 1583 573; x_wconf 79' lang='grc' dir='ltr'>αὐτοῖς,</span> <span class='ocrx_word' id='word_1_248' title='bbox 1614 549 1658 566; x_wconf 87' lang='grc' dir='ltr'>και</span> <span class='ocrx_word' id='word_1_249' title='bbox 1697 537 1766 576; x_wconf 85' lang='grc' dir='ltr'>μηδ’</span> <span class='ocrx_word' id='word_1_250' title='bbox 1794 537 1887 575; x_wconf 77' lang='grc' dir='ltr'>ἔξωθεν</span> 
     </span>
    </p>
   </div>
   <div class='ocr_carea' id='block_1_40' title="bbox 1055 579 1884 620">
    <p class='ocr_par' dir='ltr' id='par_1_40' title="bbox 1055 579 1884 620">
     <span class='ocr_line' id='line_1_40' title="bbox 1055 579 1884 620; baseline 0.007 -14"><span class='ocrx_word' id='word_1_251' title='bbox 1055 579 1089 606; x_wconf 76' lang='grc' dir='ltr'>τὰ</span> <span class='ocrx_word' id='word_1_252' title='bbox 1103 579 1171 617; x_wconf 86' lang='grc' dir='ltr'>πρὸς</span> <span class='ocrx_word' id='word_1_253' title='bbox 1199 580 1292 618; x_wconf 80' lang='grc' dir='ltr'>χρείαν</span> <span class='ocrx_word' id='word_1_254' title='bbox 1322 584 1532 620; x_wconf 88' lang='grc' dir='ltr'>συνεχωροῦντο</span> <span class='ocrx_word' id='word_1_255' title='bbox 1561 583 1654 615; x_wconf 81' lang='grc' dir='ltr'>αὐτοῖς</span> <span class='ocrx_word' id='word_1_256' title='bbox 1683 583 1884 620; x_wconf 78' lang='grc' dir='ltr'>εἳσκομίζεσθαι</span> 
     </span>
    </p>
   </div>
   <div class='ocr_carea' id='block_1_41' title="bbox 1055 624 1883 665">
    <p class='ocr_par' dir='ltr' id='par_1_41' title="bbox 1055 624 1883 665">
     <span class='ocr_line' id='line_1_41' title="bbox 1055 624 1883 665; baseline 0.007 -15"><span class='ocrx_word' id='word_1_257' title='bbox 1055 624 1128 662; x_wconf 73' lang='grc' dir='ltr'>παρὰ</span> <span class='ocrx_word' id='word_1_258' title='bbox 1155 626 1209 651; x_wconf 84' lang='grc' dir='ltr'>τῶν</span> <span class='ocrx_word' id='word_1_259' title='bbox 1238 625 1391 662; x_wconf 77' lang='grc' dir='ltr'>Ῥωμαίων,</span> <span class='ocrx_word' id='word_1_260' title='bbox 1416 626 1499 654; x_wconf 72' lang='grc' dir='ltr'>νύκτα</span> <span class='ocrx_word' id='word_1_261' title='bbox 1539 627 1647 665; x_wconf 81' lang='grc' dir='ltr'>βαθεῖαν</span> <span class='ocrx_word' id='word_1_262' title='bbox 1672 627 1718 656; x_wconf 88' lang='grc' dir='ltr'>καὶ</span> <span class='ocrx_word' id='word_1_263' title='bbox 1752 627 1883 665; x_wconf 67' lang='grc' dir='ltr'>ἀσέληνον</span> 
     </span>
    </p>
   </div>
   <div class='ocr_carea' id='block_1_42' title="bbox 1055 667 1885 709">
    <p class='ocr_par' dir='ltr' id='par_1_42' title="bbox 1055 667 1885 709">
     <span class='ocr_line' id='line_1_42' title="bbox 1055 667 1885 709; baseline 0.007 -14"><span class='ocrx_word' id='word_1_264' title='bbox 1055 667 1221 706; x_wconf 65' lang='grc' dir='ltr'>ἐπιτηρήσας</span> <span class='ocrx_word' id='word_1_265' title='bbox 1259 670 1274 697; x_wconf 83' lang='grc' dir='ltr'><strong>ὁ</strong></span> <span class='ocrx_word' id='word_1_266' title='bbox 1317 668 1551 709; x_wconf 67' lang='grc' dir='ltr'>Σφενδοσθλάὸος,</span> <span class='ocrx_word' id='word_1_267' title='bbox 1577 673 1638 704; x_wconf 82' lang='grc' dir='ltr'>καθ’</span> <span class='ocrx_word' id='word_1_268' title='bbox 1665 673 1698 707; x_wconf 85' lang='grc' dir='ltr'>ἦν</span> <span class='ocrx_word' id='word_1_269' title='bbox 1744 673 1820 704; x_wconf 81' lang='grc' dir='ltr'>ὁετός</span> <span class='ocrx_word' id='word_1_270' title='bbox 1856 683 1885 701; x_wconf 75' lang='grc' dir='ltr'>τε</span> 
     </span>
    </p>
   </div>
   <div class='ocr_carea' id='block_1_43' title="bbox 1055 711 1884 757">
    <p class='ocr_par' dir='ltr' id='par_1_43' title="bbox 1055 711 1884 757">
     <span class='ocr_line' id='line_1_43' title="bbox 1055 711 1884 757; baseline 0.006 -17"><span class='ocrx_word' id='word_1_271' title='bbox 1055 711 1183 751; x_wconf 79' lang='grc' dir='ltr'>ῥαγδαῖος</span> <span class='ocrx_word' id='word_1_272' title='bbox 1203 713 1229 749; x_wconf 80' lang='grc' dir='ltr'>ἐξ</span> <span class='ocrx_word' id='word_1_273' title='bbox 1254 713 1369 750; x_wconf 79' lang='grc' dir='ltr'>οὐρανοῦ</span> <span class='ocrx_word' id='word_1_274' title='bbox 1391 716 1546 754; x_wconf 73' lang='grc' dir='ltr'>κατηνέχθη</span> <span class='ocrx_word' id='word_1_275' title='bbox 1572 717 1616 744; x_wconf 84' lang='grc' dir='ltr'>καὶ</span> <span class='ocrx_word' id='word_1_276' title='bbox 1641 715 1754 755; x_wconf 78' lang='grc' dir='ltr'>χάλαζα</span> <span class='ocrx_word' id='word_1_277' title='bbox 1783 715 1884 757; x_wconf 75' lang='grc' dir='ltr'>φοϐερὰ</span> 
     </span>
    </p>
   </div>
   <div class='ocr_carea' id='block_1_44' title="bbox 1053 757 1881 801">
    <p class='ocr_par' dir='ltr' id='par_1_44' title="bbox 1053 757 1881 801">
     <span class='ocr_line' id='line_1_44' title="bbox 1053 757 1881 801; baseline 0.008 -17"><span class='ocrx_word' id='word_1_278' title='bbox 1053 757 1187 795; x_wconf 72' lang='grc' dir='ltr'>ἐπεῤῥάγη</span> <span class='ocrx_word' id='word_1_279' title='bbox 1203 758 1247 785; x_wconf 87' lang='grc' dir='ltr'>καὶ</span> <span class='ocrx_word' id='word_1_280' title='bbox 1279 759 1388 796; x_wconf 85' lang='grc' dir='ltr'>βρονταὶ</span> <span class='ocrx_word' id='word_1_281' title='bbox 1418 760 1462 787; x_wconf 85' lang='grc' dir='ltr'>καὶ</span> <span class='ocrx_word' id='word_1_282' title='bbox 1492 760 1625 799; x_wconf 80' lang='grc' dir='ltr'>ἀστραπαὶ</span> <span class='ocrx_word' id='word_1_283' title='bbox 1655 761 1881 801; x_wconf 75' lang='grc' dir='ltr'>φρικωδέπαται.</span> 
     </span>
    </p>
   </div>
   <div class='ocr_carea' id='block_1_45' title="bbox 1055 801 1880 844">
    <p class='ocr_par' dir='ltr' id='par_1_45' title="bbox 1055 801 1880 844">
     <span class='ocr_line' id='line_1_45' title="bbox 1055 801 1880 844; baseline 0.008 -16"><span class='ocrx_word' id='word_1_284' title='bbox 1055 802 1218 839; x_wconf 80' lang='grc' dir='ltr'>μονοξύλοις</span> <span class='ocrx_word' id='word_1_285' title='bbox 1232 803 1289 840; x_wconf 85' lang='grc'>(28)</span> <span class='ocrx_word' id='word_1_286' title='bbox 1304 801 1390 840; x_wconf 71' lang='grc' dir='ltr'>ἐμϐὰς</span> <span class='ocrx_word' id='word_1_287' title='bbox 1407 804 1473 840; x_wconf 83' lang='grc' dir='ltr'>μετὰ</span> <span class='ocrx_word' id='word_1_288' title='bbox 1489 803 1634 843; x_wconf 80' lang='grc' dir='ltr'>δισχιλίων</span> <span class='ocrx_word' id='word_1_289' title='bbox 1655 804 1763 844; x_wconf 82' lang='grc' dir='ltr'>ἀνδρῶν</span> <span class='ocrx_word' id='word_1_290' title='bbox 1788 805 1880 842; x_wconf 78' lang='grc' dir='ltr'>ἔξεισιν</span> 
     </span>
    </p>
   </div>
   <div class='ocr_carea' id='block_1_46' title="bbox 1053 846 1879 889">
    <p class='ocr_par' dir='ltr' id='par_1_46' title="bbox 1053 846 1879 889">
     <span class='ocr_line' id='line_1_46' title="bbox 1053 846 1879 889; baseline 0.007 -16"><span class='ocrx_word' id='word_1_291' title='bbox 1053 846 1091 878; x_wconf 81' lang='grc' dir='ltr'>είς</span> <span class='ocrx_word' id='word_1_292' title='bbox 1129 846 1311 884; x_wconf 64' lang='grc' dir='ltr'>ἐπισιτισμόν.</span> <span class='ocrx_word' id='word_1_293' title='bbox 1343 847 1545 885; x_wconf 81' lang='grc' dir='ltr'>Συλλεξάμενοι</span> <span class='ocrx_word' id='word_1_294' title='bbox 1576 848 1604 877; x_wconf 73' lang='grc' dir='ltr'>δὲ</span> <span class='ocrx_word' id='word_1_295' title='bbox 1633 850 1694 883; x_wconf 76' lang='grc' dir='ltr'>ὅθεν</span> <span class='ocrx_word' id='word_1_296' title='bbox 1732 851 1879 889; x_wconf 80' lang='grc' dir='ltr'>εὐπόρηκεν</span> 
     </span>
    </p>
   </div>
   <div class='ocr_carea' id='block_1_47' title="bbox 1052 889 1880 931">
    <p class='ocr_par' dir='ltr' id='par_1_47' title="bbox 1052 889 1880 931">
     <span class='ocr_line' id='line_1_47' title="bbox 1052 889 1880 931; baseline 0.007 -13"><span class='ocrx_word' id='word_1_297' title='bbox 1052 889 1164 922; x_wconf 68' lang='grc' dir='ltr'>ἕκαστος</span> <span class='ocrx_word' id='word_1_298' title='bbox 1193 894 1266 919; x_wconf 86' lang='grc' dir='ltr'>σῖτον</span> <span class='ocrx_word' id='word_1_299' title='bbox 1295 891 1339 920; x_wconf 76' lang='grc' dir='ltr'>καὶ</span> <span class='ocrx_word' id='word_1_300' title='bbox 1369 893 1485 931; x_wconf 75' lang='grc' dir='ltr'>κίγχρον</span> <span class='ocrx_word' id='word_1_301' title='bbox 1509 893 1553 922; x_wconf 71' lang='grc' dir='ltr'>καί</span> <span class='ocrx_word' id='word_1_302' title='bbox 1578 893 1637 930; x_wconf 79' lang='grc' dir='ltr'>ε’ίδη</span> <span class='ocrx_word' id='word_1_303' title='bbox 1654 893 1728 923; x_wconf 74' lang='grc' dir='ltr'>ἅλλα</span> <span class='ocrx_word' id='word_1_304' title='bbox 1743 896 1880 924; x_wconf 71' lang='grc' dir='ltr'>συνεκτικὰ</span> 
     </span>
    </p>
   </div>
   <div class='ocr_carea' id='block_1_48' title="bbox 1051 935 1879 977">
    <p class='ocr_par' dir='ltr' id='par_1_48' title="bbox 1051 935 1879 977">
     <span class='ocr_line' id='line_1_48' title="bbox 1051 935 1879 977; baseline 0.007 -15"><span class='ocrx_word' id='word_1_305' title='bbox 1051 939 1102 970; x_wconf 71' lang='grc' dir='ltr'>τῆς</span> <span class='ocrx_word' id='word_1_306' title='bbox 1128 938 1211 970; x_wconf 82' lang='grc' dir='ltr'>ζωῆς,</span> <span class='ocrx_word' id='word_1_307' title='bbox 1227 937 1358 974; x_wconf 77' lang='grc' dir='ltr'>ἀνήγοντο</span> <span class='ocrx_word' id='word_1_308' title='bbox 1387 935 1433 965; x_wconf 80' lang='grc' dir='ltr'>διὰ</span> <span class='ocrx_word' id='word_1_309' title='bbox 1461 939 1510 966; x_wconf 84' lang='grc' dir='ltr'>τοῦ</span> <span class='ocrx_word' id='word_1_310' title='bbox 1534 941 1661 974; x_wconf 82' lang='grc' dir='ltr'>ποταμοῦ</span> <span class='ocrx_word' id='word_1_311' title='bbox 1689 942 1751 972; x_wconf 88' lang='grc' dir='ltr'>τοῖς</span> <span class='ocrx_word' id='word_1_312' title='bbox 1767 940 1879 977; x_wconf 78' lang='grc' dir='ltr'>μονοξὺ-</span> 
     </span>
    </p>
   </div>
   <div class='ocr_carea' id='block_1_49' title="bbox 1053 979 1878 1020">
    <p class='ocr_par' dir='ltr' id='par_1_49' title="bbox 1053 979 1878 1020">
     <span class='ocr_line' id='line_1_49' title="bbox 1053 979 1878 1020; baseline 0.007 -13"><span class='ocrx_word' id='word_1_313' title='bbox 1053 979 1113 1011; x_wconf 87' lang='grc' dir='ltr'>λοις</span> <span class='ocrx_word' id='word_1_314' title='bbox 1139 979 1177 1012; x_wconf 80' lang='grc' dir='ltr'>εἷς</span> <span class='ocrx_word' id='word_1_315' title='bbox 1203 980 1235 1008; x_wconf 84' lang='grc' dir='ltr'>τὸ</span> <span class='ocrx_word' id='word_1_316' title='bbox 1263 981 1443 1019; x_wconf 82' lang='grc' dir='ltr'>Δορόστολον.</span> <span class='ocrx_word' id='word_1_317' title='bbox 1461 983 1505 1011; x_wconf 83' lang='grc' dir='ltr'>Ἐν</span> <span class='ocrx_word' id='word_1_318' title='bbox 1537 981 1567 1010; x_wconf 76' lang='grc' dir='ltr'>δὶ</span> <span class='ocrx_word' id='word_1_319' title='bbox 1580 986 1620 1020; x_wconf 75' lang='grc' dir='ltr'>τῷ</span> <span class='ocrx_word' id='word_1_320' title='bbox 1635 982 1768 1011; x_wconf 74' lang='grc' dir='ltr'>ἀναπλεῖν</span> <span class='ocrx_word' id='word_1_321' title='bbox 1786 986 1878 1017; x_wconf 82' lang='grc' dir='ltr'>θεασά-</span> 
     </span>
    </p>
   </div>
   <div class='ocr_carea' id='block_1_50' title="bbox 1054 1024 1880 1066">
    <p class='ocr_par' dir='ltr' id='par_1_50' title="bbox 1054 1024 1880 1066">
     <span class='ocr_line' id='line_1_50' title="bbox 1054 1024 1880 1066; baseline 0.007 -15"><span class='ocrx_word' id='word_1_322' title='bbox 1054 1035 1131 1061; x_wconf 88' lang='grc' dir='ltr'>μενοι</span> <span class='ocrx_word' id='word_1_323' title='bbox 1145 1024 1214 1052; x_wconf 78' lang='grc' dir='ltr'>κατὰ</span> <span class='ocrx_word' id='word_1_324' title='bbox 1236 1025 1266 1052; x_wconf 81' lang='grc' dir='ltr'>τὸ</span> <span class='ocrx_word' id='word_1_325' title='bbox 1296 1024 1392 1063; x_wconf 75' lang='grc' dir='ltr'>χεῖλος</span> <span class='ocrx_word' id='word_1_326' title='bbox 1419 1028 1467 1053; x_wconf 84' lang='grc' dir='ltr'>τοῦ</span> <span class='ocrx_word' id='word_1_327' title='bbox 1490 1030 1617 1063; x_wconf 78' lang='grc' dir='ltr'>ποταμοῦ</span> <span class='ocrx_word' id='word_1_328' title='bbox 1642 1027 1809 1066; x_wconf 82' lang='grc' dir='ltr'>Θιράποντας</span> <span class='ocrx_word' id='word_1_329' title='bbox 1832 1029 1880 1057; x_wconf 79' lang='grc' dir='ltr'>οὐκ</span> 
     </span>
    </p>
   </div>
   <div class='ocr_carea' id='block_1_51' title="bbox 1052 1068 1877 1108">
    <p class='ocr_par' dir='ltr' id='par_1_51' title="bbox 1052 1068 1877 1108">
     <span class='ocr_line' id='line_1_51' title="bbox 1052 1068 1877 1108; baseline 0.007 -13"><span class='ocrx_word' id='word_1_330' title='bbox 1052 1069 1163 1107; x_wconf 72' lang='grc' dir='ltr'>ὁΛΪγους</span> <span class='ocrx_word' id='word_1_331' title='bbox 1179 1072 1231 1097; x_wconf 79' lang='grc' dir='ltr'>τῶν</span> <span class='ocrx_word' id='word_1_332' title='bbox 1247 1068 1432 1108; x_wconf 70' lang='grc' dir='ltr'>στρατιωτῶν,</span> <span class='ocrx_word' id='word_1_333' title='bbox 1444 1070 1507 1103; x_wconf 75' lang='grc' dir='ltr'>τοὺς</span> <span class='ocrx_word' id='word_1_334' title='bbox 1521 1072 1569 1108; x_wconf 74' lang='grc' dir='ltr'>μὶν</span> <span class='ocrx_word' id='word_1_335' title='bbox 1580 1071 1684 1104; x_wconf 69' lang='grc' dir='ltr'>ἵππους</span> <span class='ocrx_word' id='word_1_336' title='bbox 1709 1073 1877 1108; x_wconf 78' lang='grc' dir='ltr'>ποτίζοντας,</span> 
     </span>
    </p>
   </div>
   <div class='ocr_carea' id='block_1_52' title="bbox 1051 1112 1878 1153">
    <p class='ocr_par' dir='ltr' id='par_1_52' title="bbox 1051 1112 1878 1153">
     <span class='ocr_line' id='line_1_52' title="bbox 1051 1112 1878 1153; baseline 0.006 -13"><span class='ocrx_word' id='word_1_337' title='bbox 1051 1113 1114 1145; x_wconf 78' lang='grc' dir='ltr'>τοὺς</span> <span class='ocrx_word' id='word_1_338' title='bbox 1126 1112 1155 1141; x_wconf 79' lang='grc' dir='ltr'>δὶ</span> <span class='ocrx_word' id='word_1_339' title='bbox 1183 1114 1432 1152; x_wconf 79' lang='grc' dir='ltr'>γορτολογοῦντας,</span> <span class='ocrx_word' id='word_1_340' title='bbox 1449 1114 1551 1147; x_wconf 72' lang='grc' dir='ltr'>ἄλλους</span> <span class='ocrx_word' id='word_1_341' title='bbox 1579 1115 1608 1144; x_wconf 73' lang='grc' dir='ltr'>δὲ</span> <span class='ocrx_word' id='word_1_342' title='bbox 1634 1117 1682 1144; x_wconf 84' lang='grc' dir='ltr'>καὶ</span> <span class='ocrx_word' id='word_1_343' title='bbox 1712 1117 1878 1153; x_wconf 74' lang='grc' dir='ltr'>ξολεύοντας,</span> 
     </span>
    </p>
   </div>
   <div class='ocr_carea' id='block_1_53' title="bbox 1052 1156 1915 1201">
    <p class='ocr_par' dir='ltr' id='par_1_53' title="bbox 1052 1156 1915 1201">
     <span class='ocr_line' id='line_1_53' title="bbox 1052 1156 1915 1201; baseline 0.006 -16"><span class='ocrx_word' id='word_1_344' title='bbox 1052 1156 1201 1190; x_wconf 78' lang='grc' dir='ltr'>ἀποϐάντες</span> <span class='ocrx_word' id='word_1_345' title='bbox 1215 1161 1270 1186; x_wconf 81' lang='grc' dir='ltr'>τῶν</span> <span class='ocrx_word' id='word_1_346' title='bbox 1286 1158 1389 1187; x_wconf 84' lang='grc' dir='ltr'>πλοίων</span> <span class='ocrx_word' id='word_1_347' title='bbox 1415 1158 1459 1188; x_wconf 72' lang='grc' dir='ltr'>διὰ</span> <span class='ocrx_word' id='word_1_348' title='bbox 1485 1164 1534 1195; x_wconf 85' lang='grc' dir='ltr'>τῆς</span> <span class='ocrx_word' id='word_1_349' title='bbox 1559 1160 1629 1196; x_wconf 74' lang='grc' dir='ltr'>ὕλης</span> <span class='ocrx_word' id='word_1_350' title='bbox 1655 1162 1778 1201; x_wconf 80' lang='grc' dir='ltr'>ἀψοφητὶ</span> <span class='ocrx_word' id='word_1_351' title='bbox 1805 1161 1877 1200; x_wconf 82' lang='grc' dir='ltr'>βαδί-</span> <span class='ocrx_word' id='word_1_352' title='bbox 1914 1196 1915 1199; x_wconf 21' lang='grc' dir='ltr'><strong>η</strong></span> 
     </span>
    </p>
   </div>
   <div class='ocr_carea' id='block_1_54' title="bbox 1052 1202 1876 1243">
    <p class='ocr_par' dir='ltr' id='par_1_54' title="bbox 1052 1202 1876 1243">
     <span class='ocr_line' id='line_1_54' title="bbox 1052 1202 1876 1243; baseline 0.005 -13"><span class='ocrx_word' id='word_1_353' title='bbox 1052 1205 1141 1237; x_wconf 79' lang='grc' dir='ltr'>ζοντες</span> <span class='ocrx_word' id='word_1_354' title='bbox 1167 1202 1310 1238; x_wconf 79' lang='grc' dir='ltr'>ἀδοκήτως</span> <span class='ocrx_word' id='word_1_355' title='bbox 1341 1203 1370 1232; x_wconf 74' lang='grc' dir='ltr'>ἐκ</span> <span class='ocrx_word' id='word_1_356' title='bbox 1396 1206 1445 1232; x_wconf 85' lang='grc' dir='ltr'>τοῦ</span> <span class='ocrx_word' id='word_1_357' title='bbox 1473 1205 1589 1243; x_wconf 78' lang='grc' dir='ltr'>ἀφανοῦς</span> <span class='ocrx_word' id='word_1_358' title='bbox 1619 1205 1802 1242; x_wconf 70' lang='grc' dir='ltr'>ἐμπίπτουσιν</span> <span class='ocrx_word' id='word_1_359' title='bbox 1831 1207 1876 1235; x_wconf 86' lang='grc' dir='ltr'>αὐ-</span> 
     </span>
    </p>
   </div>
   <div class='ocr_carea' id='block_1_55' title="bbox 1049 1246 1875 1286">
    <p class='ocr_par' dir='ltr' id='par_1_55' title="bbox 1049 1246 1875 1286">
     <span class='ocr_line' id='line_1_55' title="bbox 1049 1246 1875 1286; baseline 0.006 -12"><span class='ocrx_word' id='word_1_360' title='bbox 1049 1250 1118 1282; x_wconf 86' lang='grc' dir='ltr'>τοῖς,</span> <span class='ocrx_word' id='word_1_361' title='bbox 1135 1248 1180 1275; x_wconf 79' lang='grc' dir='ltr'>καὶ</span> <span class='ocrx_word' id='word_1_362' title='bbox 1204 1246 1328 1279; x_wconf 77' lang='grc' dir='ltr'>πολλοὺς</span> <span class='ocrx_word' id='word_1_363' title='bbox 1359 1249 1407 1285; x_wconf 73' lang='grc' dir='ltr'>μὶν</span> <span class='ocrx_word' id='word_1_364' title='bbox 1433 1249 1536 1277; x_wconf 80' lang='grc' dir='ltr'>τούτων</span> <span class='ocrx_word' id='word_1_365' title='bbox 1563 1249 1731 1286; x_wconf 72' lang='grc' dir='ltr'>ἀπέκτειναν,</span> <span class='ocrx_word' id='word_1_366' title='bbox 1759 1251 1822 1282; x_wconf 85' lang='grc' dir='ltr'>τοὺς</span> <span class='ocrx_word' id='word_1_367' title='bbox 1848 1250 1875 1279; x_wconf 78' lang='grc' dir='ltr'>δὲ</span> 
     </span>
    </p>
   </div>
   <div class='ocr_carea' id='block_1_56' title="bbox 1050 1291 1874 1332">
    <p class='ocr_par' dir='ltr' id='par_1_56' title="bbox 1050 1291 1874 1332">
     <span class='ocr_line' id='line_1_56' title="bbox 1050 1291 1874 1332; baseline 0.005 -13"><span class='ocrx_word' id='word_1_368' title='bbox 1050 1291 1166 1323; x_wconf 82' lang='grc' dir='ltr'>λοιποὺς</span> <span class='ocrx_word' id='word_1_369' title='bbox 1182 1291 1225 1320; x_wconf 81' lang='grc' dir='ltr'>ἐπὶ</span> <span class='ocrx_word' id='word_1_370' title='bbox 1249 1293 1297 1323; x_wconf 79' lang='grc' dir='ltr'>τὰς</span> <span class='ocrx_word' id='word_1_371' title='bbox 1324 1291 1443 1329; x_wconf 75' lang='grc' dir='ltr'>πλησίον</span> <span class='ocrx_word' id='word_1_372' title='bbox 1463 1293 1572 1332; x_wconf 80' lang='grc' dir='ltr'>λόχμας</span> <span class='ocrx_word' id='word_1_373' title='bbox 1602 1294 1783 1330; x_wconf 66' lang='grc' dir='ltr'>σκεδασθῆναι</span> <span class='ocrx_word' id='word_1_374' title='bbox 1810 1296 1874 1330; x_wconf 83' lang='grc' dir='ltr'>ἠνά-</span> 
     </span>
    </p>
   </div>
   <div class='ocr_carea' id='block_1_57' title="bbox 1049 1335 1873 1377">
    <p class='ocr_par' dir='ltr' id='par_1_57' title="bbox 1049 1335 1873 1377">
     <span class='ocr_line' id='line_1_57' title="bbox 1049 1335 1873 1377; baseline 0.004 -13"><span class='ocrx_word' id='word_1_375' title='bbox 1049 1346 1161 1373; x_wconf 87' lang='grc' dir='ltr'>γκασαν.</span> <span class='ocrx_word' id='word_1_376' title='bbox 1177 1336 1259 1369; x_wconf 77' lang='grc' dir='ltr'>Αὖθις</span> <span class='ocrx_word' id='word_1_377' title='bbox 1275 1335 1298 1364; x_wconf 84' lang='grc' dir='ltr'>δ’</span> <span class='ocrx_word' id='word_1_378' title='bbox 1313 1336 1351 1369; x_wconf 72' lang='grc' dir='ltr'>εἷς</span> <span class='ocrx_word' id='word_1_379' title='bbox 1364 1338 1412 1369; x_wconf 86' lang='grc' dir='ltr'>τάς</span> <span class='ocrx_word' id='word_1_380' title='bbox 1436 1338 1539 1377; x_wconf 80' lang='grc' dir='ltr'>σκάφας</span> <span class='ocrx_word' id='word_1_381' title='bbox 1563 1336 1697 1376; x_wconf 68' lang='grc' dir='ltr'>ἐμϐάντες</span> <span class='ocrx_word' id='word_1_382' title='bbox 1720 1340 1766 1367; x_wconf 83' lang='grc' dir='ltr'>καὶ</span> <span class='ocrx_word' id='word_1_383' title='bbox 1792 1339 1873 1377; x_wconf 79' lang='grc' dir='ltr'>οὐρίῳ</span> 
     </span>
    </p>
   </div>
   <div class='ocr_carea' id='block_1_58' title="bbox 172 1379 1873 1423">
    <p class='ocr_par' dir='ltr' id='par_1_58' title="bbox 172 1379 1873 1423">
     <span class='ocr_line' id='line_1_58' title="bbox 172 1379 1873 1423; baseline 0.001 -12"><span class='ocrx_word' id='word_1_384' title='bbox 172 1383 317 1423; x_wconf 78' lang='grc' dir='ltr'>φερόμενοι</span> <span class='ocrx_word' id='word_1_385' title='bbox 333 1382 465 1420; x_wconf 71' lang='grc' dir='ltr'>πνεύματι</span> <span class='ocrx_word' id='word_1_386' title='bbox 481 1382 549 1420; x_wconf 85' lang='grc' dir='ltr'>πρὸς</span> <span class='ocrx_word' id='word_1_387' title='bbox 564 1381 595 1409; x_wconf 87' lang='grc' dir='ltr'>τὸ</span> <span class='ocrx_word' id='word_1_388' title='bbox 611 1379 778 1418; x_wconf 85' lang='grc' dir='ltr'>Δορόστολον</span> <span class='ocrx_word' id='word_1_389' title='bbox 793 1379 932 1417; x_wconf 70' lang='grc' dir='ltr'>φέρονται.</span> <span class='ocrx_word' id='word_1_390' title='bbox 953 1381 1040 1423; x_wconf 82' lang='grc' dir='ltr'>Τοῦτο</span> <span class='ocrx_word' id='word_1_391' title='bbox 1058 1379 1086 1408; x_wconf 73' lang='grc' dir='ltr'>δὲ</span> <span class='ocrx_word' id='word_1_392' title='bbox 1098 1381 1212 1418; x_wconf 74' lang='grc' dir='ltr'>γνωσθὲν</span> <span class='ocrx_word' id='word_1_393' title='bbox 1227 1381 1265 1412; x_wconf 86' lang='grc' dir='ltr'>εἷς</span> <span class='ocrx_word' id='word_1_394' title='bbox 1283 1381 1406 1419; x_wconf 77' lang='grc' dir='ltr'>μεγάλην</span> <span class='ocrx_word' id='word_1_395' title='bbox 1426 1381 1501 1410; x_wconf 86' lang='grc' dir='ltr'>ἀνίαν</span> <span class='ocrx_word' id='word_1_396' title='bbox 1520 1380 1656 1420; x_wconf 72' lang='grc' dir='ltr'>ἐμϐάλλει</span> <span class='ocrx_word' id='word_1_397' title='bbox 1676 1383 1723 1412; x_wconf 79' lang='grc' dir='ltr'>τὸν</span> <span class='ocrx_word' id='word_1_398' title='bbox 1752 1383 1873 1422; x_wconf 66' lang='grc' dir='ltr'>βασιλέα,</span> 
     </span>
    </p>
   </div>
   <div class='ocr_carea' id='block_1_59' title="bbox 171 1422 1873 1467">
    <p class='ocr_par' dir='ltr' id='par_1_59' title="bbox 171 1422 1873 1467">
     <span class='ocr_line' id='line_1_59' title="bbox 171 1422 1873 1467; baseline 0 -11"><span class='ocrx_word' id='word_1_399' title='bbox 171 1422 216 1456; x_wconf 80' lang='grc' dir='ltr'>καὶ</span> <span class='ocrx_word' id='word_1_400' title='bbox 243 1429 308 1460; x_wconf 72' lang='grc' dir='ltr'>τοὺς</span> <span class='ocrx_word' id='word_1_401' title='bbox 334 1428 475 1466; x_wconf 81' lang='grc' dir='ltr'>ἀρχηγοὺς</span> <span class='ocrx_word' id='word_1_402' title='bbox 502 1429 551 1455; x_wconf 85' lang='grc' dir='ltr'>τοῦ</span> <span class='ocrx_word' id='word_1_403' title='bbox 580 1426 680 1454; x_wconf 88' lang='grc' dir='ltr'>στόλου</span> <span class='ocrx_word' id='word_1_404' title='bbox 709 1424 734 1452; x_wconf 79' lang='grc' dir='ltr'>ἐν</span> <span class='ocrx_word' id='word_1_405' title='bbox 764 1424 837 1460; x_wconf 71' lang='grc' dir='ltr'>αἰτίᾳ</span> <span class='ocrx_word' id='word_1_406' title='bbox 853 1424 958 1462; x_wconf 78' lang='grc' dir='ltr'>μεγάλῃ</span> <span class='ocrx_word' id='word_1_407' title='bbox 974 1422 1062 1464; x_wconf 73' lang='grc' dir='ltr'>ἔσχεν,</span> <span class='ocrx_word' id='word_1_408' title='bbox 1079 1425 1120 1454; x_wconf 79' lang='grc' dir='ltr'>ὅτι</span> <span class='ocrx_word' id='word_1_409' title='bbox 1138 1426 1176 1463; x_wconf 73' lang='grc' dir='ltr'>μὴ</span> <span class='ocrx_word' id='word_1_410' title='bbox 1193 1425 1343 1464; x_wconf 75' lang='grc' dir='ltr'>ἐπῄσθοντο</span> <span class='ocrx_word' id='word_1_411' title='bbox 1355 1429 1405 1454; x_wconf 86' lang='grc' dir='ltr'>τοῦ</span> <span class='ocrx_word' id='word_1_412' title='bbox 1419 1426 1449 1455; x_wconf 77' lang='grc' dir='ltr'>ἐκ</span> <span class='ocrx_word' id='word_1_413' title='bbox 1464 1427 1635 1466; x_wconf 85' lang='grc' dir='ltr'>Δοροστόλου</span> <span class='ocrx_word' id='word_1_414' title='bbox 1659 1431 1716 1456; x_wconf 82' lang='grc' dir='ltr'>τῶν</span> <span class='ocrx_word' id='word_1_415' title='bbox 1735 1426 1873 1467; x_wconf 68' lang='grc' dir='ltr'>βαρϐάρων</span> 
     </span>
    </p>
   </div>
   <div class='ocr_carea' id='block_1_60' title="bbox 172 1468 1874 1511">
    <p class='ocr_par' dir='ltr' id='par_1_60' title="bbox 172 1468 1874 1511">
     <span class='ocr_line' id='line_1_60' title="bbox 172 1468 1874 1511; baseline 0.001 -11"><span class='ocrx_word' id='word_1_416' title='bbox 172 1472 312 1501; x_wconf 81' lang='grc' dir='ltr'>ἀπόπλου’</span> <span class='ocrx_word' id='word_1_417' title='bbox 329 1471 499 1508; x_wconf 80' lang='grc' dir='ltr'>ἐπηπείλησε</span> <span class='ocrx_word' id='word_1_418' title='bbox 515 1470 544 1499; x_wconf 68' lang='grc' dir='ltr'>δὲ</span> <span class='ocrx_word' id='word_1_419' title='bbox 555 1471 600 1498; x_wconf 87' lang='grc' dir='ltr'>καὶ</span> <span class='ocrx_word' id='word_1_420' title='bbox 615 1471 726 1498; x_wconf 77' lang='grc' dir='ltr'>θάνατον</span> <span class='ocrx_word' id='word_1_421' title='bbox 743 1469 845 1501; x_wconf 75' lang='grc' dir='ltr'>αὐτοῖς,</span> <span class='ocrx_word' id='word_1_422' title='bbox 859 1469 882 1496; x_wconf 80' lang='grc' dir='ltr'>εἰ</span> <span class='ocrx_word' id='word_1_423' title='bbox 898 1468 938 1496; x_wconf 80' lang='grc' dir='ltr'>ἔτι</span> <span class='ocrx_word' id='word_1_424' title='bbox 953 1469 1021 1505; x_wconf 77' lang='grc' dir='ltr'>ἅπαξ</span> <span class='ocrx_word' id='word_1_425' title='bbox 1037 1469 1106 1507; x_wconf 80' lang='grc' dir='ltr'>λάθῃ</span> <span class='ocrx_word' id='word_1_426' title='bbox 1120 1468 1241 1498; x_wconf 84' lang='grc' dir='ltr'>τοιοῦτόν</span> <span class='ocrx_word' id='word_1_427' title='bbox 1257 1481 1283 1498; x_wconf 90' lang='grc' dir='ltr'>τι</span> <span class='ocrx_word' id='word_1_428' title='bbox 1299 1471 1431 1510; x_wconf 64' lang='grc' dir='ltr'>γενέσθαι.</span> <span class='ocrx_word' id='word_1_429' title='bbox 1447 1471 1497 1500; x_wconf 81' lang='grc' dir='ltr'>Καὶ</span> <span class='ocrx_word' id='word_1_430' title='bbox 1513 1472 1539 1500; x_wconf 76' lang='grc' dir='ltr'>οἳ</span> <span class='ocrx_word' id='word_1_431' title='bbox 1555 1473 1603 1510; x_wconf 75' lang='grc' dir='ltr'>μὶν</span> <span class='ocrx_word' id='word_1_432' title='bbox 1621 1472 1670 1504; x_wconf 78' lang='grc' dir='ltr'>τὰς</span> <span class='ocrx_word' id='word_1_433' title='bbox 1684 1473 1749 1511; x_wconf 83' lang='grc' dir='ltr'>παρ’</span> <span class='ocrx_word' id='word_1_434' title='bbox 1765 1472 1874 1510; x_wconf 77' lang='grc' dir='ltr'>ἑκάτερα</span> 
     </span>
    </p>
   </div>
   <div class='ocr_carea' id='block_1_61' title="bbox 171 1511 1874 1556">
    <p class='ocr_par' dir='ltr' id='par_1_61' title="bbox 171 1511 1874 1556">
     <span class='ocr_line' id='line_1_61' title="bbox 171 1511 1874 1556; baseline 0.001 -12"><span class='ocrx_word' id='word_1_435' title='bbox 171 1515 258 1555; x_wconf 68' lang='grc' dir='ltr'>ὄχθας</span> <span class='ocrx_word' id='word_1_436' title='bbox 283 1519 332 1544; x_wconf 86' lang='grc' dir='ltr'>τοῦ</span> <span class='ocrx_word' id='word_1_437' title='bbox 361 1518 486 1553; x_wconf 76' lang='grc' dir='ltr'>ποταμοῦ</span> <span class='ocrx_word' id='word_1_438' title='bbox 509 1516 620 1553; x_wconf 74' lang='grc' dir='ltr'>ἐτήρουν</span> <span class='ocrx_word' id='word_1_439' title='bbox 653 1513 801 1551; x_wconf 77' lang='grc' dir='ltr'>ἰπιμελῶς,</span> <span class='ocrx_word' id='word_1_440' title='bbox 818 1514 832 1540; x_wconf 85' lang='grc' dir='ltr'>ὁ</span> <span class='ocrx_word' id='word_1_441' title='bbox 848 1511 877 1540; x_wconf 73' lang='grc' dir='ltr'>δὲ</span> <span class='ocrx_word' id='word_1_442' title='bbox 907 1513 1034 1551; x_wconf 68' lang='grc' dir='ltr'>βασιλεὺς</span> <span class='ocrx_word' id='word_1_443' title='bbox 1064 1514 1104 1554; x_wconf 73' lang='grc' dir='ltr'>ἐφ’</span> <span class='ocrx_word' id='word_1_444' title='bbox 1120 1514 1187 1546; x_wconf 72' lang='grc' dir='ltr'>ὅλας</span> <span class='ocrx_word' id='word_1_445' title='bbox 1213 1516 1293 1543; x_wconf 68' lang='grc' dir='ltr'>πέντε</span> <span class='ocrx_word' id='word_1_446' title='bbox 1321 1515 1365 1543; x_wconf 75' lang='grc' dir='ltr'>καὶ</span> <span class='ocrx_word' id='word_1_447' title='bbox 1394 1516 1524 1552; x_wconf 71' lang='grc' dir='ltr'>ἑξήκοντα</span> <span class='ocrx_word' id='word_1_448' title='bbox 1547 1512 1653 1555; x_wconf 67' lang='grc' dir='ltr'>ἧμὲρας</span> <span class='ocrx_word' id='word_1_449' title='bbox 1678 1519 1713 1555; x_wconf 75' lang='grc' dir='ltr'>τῇ</span> <span class='ocrx_word' id='word_1_450' title='bbox 1728 1516 1874 1556; x_wconf 68' lang='grc' dir='ltr'>πολιορκίᾳ</span> 
     </span>
    </p>
   </div>
   <div class='ocr_carea' id='block_1_62' title="bbox 171 1558 1873 1600">
    <p class='ocr_par' dir='ltr' id='par_1_62' title="bbox 171 1558 1873 1600">
     <span class='ocr_line' id='line_1_62' title="bbox 171 1558 1873 1600; baseline 0.001 -11"><span class='ocrx_word' id='word_1_451' title='bbox 171 1561 357 1600; x_wconf 83' lang='grc' dir='ltr'>χρησάμενος,</span> <span class='ocrx_word' id='word_1_452' title='bbox 373 1561 418 1588; x_wconf 87' lang='grc' dir='ltr'>καὶ</span> <span class='ocrx_word' id='word_1_453' title='bbox 433 1561 493 1593; x_wconf 85' lang='grc' dir='ltr'>καθ’</span> <span class='ocrx_word' id='word_1_454' title='bbox 509 1560 621 1596; x_wconf 72' lang='grc' dir='ltr'>ἑκάστην</span> <span class='ocrx_word' id='word_1_455' title='bbox 634 1558 764 1595; x_wconf 82' lang='grc' dir='ltr'>πολεμῶν</span> <span class='ocrx_word' id='word_1_456' title='bbox 773 1558 817 1585; x_wconf 84' lang='grc' dir='ltr'>καὶ</span> <span class='ocrx_word' id='word_1_457' title='bbox 835 1559 872 1594; x_wconf 85' lang='grc' dir='ltr'>μή</span> <span class='ocrx_word' id='word_1_458' title='bbox 890 1558 986 1590; x_wconf 84' lang='grc' dir='ltr'>ἀνιεὶς.</span> <span class='ocrx_word' id='word_1_459' title='bbox 999 1558 1059 1586; x_wconf 72' lang='grc' dir='ltr'>δέον</span> <span class='ocrx_word' id='word_1_460' title='bbox 1076 1559 1185 1596; x_wconf 69' lang='grc' dir='ltr'>ἐνόμισε</span> <span class='ocrx_word' id='word_1_461' title='bbox 1197 1559 1242 1587; x_wconf 79' lang='grc' dir='ltr'>διὰ</span> <span class='ocrx_word' id='word_1_462' title='bbox 1256 1559 1430 1598; x_wconf 79' lang='grc' dir='ltr'>προσεδρείας</span> <span class='ocrx_word' id='word_1_463' title='bbox 1444 1561 1489 1589; x_wconf 86' lang='grc' dir='ltr'>καὶ</span> <span class='ocrx_word' id='word_1_464' title='bbox 1504 1560 1589 1598; x_wconf 81' lang='grc' dir='ltr'>λιμοῦ</span> <span class='ocrx_word' id='word_1_465' title='bbox 1609 1562 1806 1599; x_wconf 81' lang='grc' dir='ltr'>ἀποπειρᾶσθαι</span> <span class='ocrx_word' id='word_1_466' title='bbox 1826 1565 1873 1597; x_wconf 79' lang='grc' dir='ltr'>τῆς</span> 
     </span>
    </p>
   </div>
   <div class='ocr_carea' id='block_1_63' title="bbox 168 1601 1872 1644">
    <p class='ocr_par' dir='ltr' id='par_1_63' title="bbox 168 1601 1872 1644">
     <span class='ocr_line' id='line_1_63' title="bbox 168 1601 1872 1644; baseline 0.001 -11"><span class='ocrx_word' id='word_1_467' title='bbox 168 1605 286 1638; x_wconf 78' lang='grc' dir='ltr'>πόλεως.</span> <span class='ocrx_word' id='word_1_468' title='bbox 304 1606 350 1634; x_wconf 83' lang='grc' dir='ltr'>Διὸ</span> <span class='ocrx_word' id='word_1_469' title='bbox 374 1605 419 1633; x_wconf 78' lang='grc' dir='ltr'>καὶ</span> <span class='ocrx_word' id='word_1_470' title='bbox 438 1604 568 1633; x_wconf 72' lang='grc' dir='ltr'>πάντοθεν</span> <span class='ocrx_word' id='word_1_471' title='bbox 592 1605 704 1643; x_wconf 77' lang='grc' dir='ltr'>τάρφοις</span> <span class='ocrx_word' id='word_1_472' title='bbox 726 1604 773 1634; x_wconf 75' lang='grc' dir='ltr'>τὰς</span> <span class='ocrx_word' id='word_1_473' title='bbox 796 1601 876 1634; x_wconf 80' lang='grc' dir='ltr'>ὁδοὺς</span> <span class='ocrx_word' id='word_1_474' title='bbox 899 1602 1065 1636; x_wconf 83' lang='grc' dir='ltr'>ἀποκλείσας</span> <span class='ocrx_word' id='word_1_475' title='bbox 1089 1603 1134 1632; x_wconf 78' lang='grc' dir='ltr'>καὶ</span> <span class='ocrx_word' id='word_1_476' title='bbox 1159 1604 1280 1643; x_wconf 74' lang='grc' dir='ltr'>φύλακας</span> <span class='ocrx_word' id='word_1_477' title='bbox 1304 1604 1451 1641; x_wconf 78' lang='grc' dir='ltr'>ἐπιστήσας</span> <span class='ocrx_word' id='word_1_478' title='bbox 1474 1605 1577 1640; x_wconf 81' lang='grc' dir='ltr'>αὐταῖς,</span> <span class='ocrx_word' id='word_1_479' title='bbox 1594 1607 1631 1638; x_wconf 86' lang='grc' dir='ltr'>ὡς</span> <span class='ocrx_word' id='word_1_480' title='bbox 1649 1607 1690 1644; x_wconf 84' lang='grc' dir='ltr'>μή</span> <span class='ocrx_word' id='word_1_481' title='bbox 1704 1617 1745 1638; x_wconf 89' lang='grc' dir='ltr'>τις</span> <span class='ocrx_word' id='word_1_482' title='bbox 1762 1606 1825 1642; x_wconf 78' lang='grc' dir='ltr'>ἐξίοι</span> <span class='ocrx_word' id='word_1_483' title='bbox 1840 1607 1872 1634; x_wconf 73' lang='grc' dir='ltr'>τὰ</span> 
     </span>
    </p>
   </div>
   <div class='ocr_carea' id='block_1_64' title="bbox 169 1647 1337 1689">
    <p class='ocr_par' dir='ltr' id='par_1_64' title="bbox 169 1647 1337 1689">
     <span class='ocr_line' id='line_1_64' title="bbox 169 1647 1337 1689; baseline -0.001 -10"><span class='ocrx_word' id='word_1_484' title='bbox 169 1650 308 1687; x_wconf 71' lang='grc' dir='ltr'>ἐπιτήδεια</span> <span class='ocrx_word' id='word_1_485' title='bbox 321 1651 455 1688; x_wconf 82' lang='grc' dir='ltr'>κομίσων,</span> <span class='ocrx_word' id='word_1_486' title='bbox 472 1649 590 1685; x_wconf 81' lang='grc' dir='ltr'>ἐκάθητο</span> <span class='ocrx_word' id='word_1_487' title='bbox 606 1651 729 1688; x_wconf 82' lang='grc' dir='ltr'>ἠρεμῶν.</span> <span class='ocrx_word' id='word_1_488' title='bbox 746 1649 794 1677; x_wconf 80' lang='grc' dir='ltr'>Καὶ</span> <span class='ocrx_word' id='word_1_489' title='bbox 811 1649 844 1676; x_wconf 78' lang='grc' dir='ltr'>τὰ</span> <span class='ocrx_word' id='word_1_490' title='bbox 857 1649 905 1686; x_wconf 80' lang='grc' dir='ltr'>μὶν</span> <span class='ocrx_word' id='word_1_491' title='bbox 919 1647 943 1676; x_wconf 76' lang='grc' dir='ltr'>ἐν</span> <span class='ocrx_word' id='word_1_492' title='bbox 961 1648 1122 1686; x_wconf 83' lang='grc' dir='ltr'>Δοροστόλω</span> <span class='ocrx_word' id='word_1_493' title='bbox 1138 1647 1246 1689; x_wconf 79' lang='grc' dir='ltr'>ἐφέρετο</span> <span class='ocrx_word' id='word_1_494' title='bbox 1262 1649 1337 1687; x_wconf 80' lang='grc' dir='ltr'>τῇδε.</span> 
     </span>
    </p>
   </div>
   <div class='ocr_carea' id='block_1_65' title="bbox 198 1693 959 1736">
    <p class='ocr_par' dir='ltr' id='par_1_65' title="bbox 198 1695 959 1732">
     <span class='ocr_line' id='line_1_65' title="bbox 198 1695 959 1732; baseline -0.004 -7"><span class='ocrx_word' id='word_1_495' title='bbox 198 1697 274 1725; x_wconf 88' lang='lat' dir='ltr'><strong>Dum</strong></span> <span class='ocrx_word' id='word_1_496' title='bbox 290 1697 351 1724; x_wconf 65' lang='lat' dir='ltr'><strong>haec</strong></span> <span class='ocrx_word' id='word_1_497' title='bbox 365 1698 400 1725; x_wconf 89' lang='lat' dir='ltr'>ad</span> <span class='ocrx_word' id='word_1_498' title='bbox 415 1695 601 1724; x_wconf 83' lang='lat' dir='ltr'><strong>Dorostolum</strong></span> <span class='ocrx_word' id='word_1_499' title='bbox 622 1697 774 1732; x_wconf 86' lang='lat' dir='ltr'><strong>geruntur,</strong></span> <span class='ocrx_word' id='word_1_500' title='bbox 792 1695 847 1723; x_wconf 83' lang='lat' dir='ltr'><strong>Leo</strong></span> <span class='ocrx_word' id='word_1_501' title='bbox 862 1704 959 1732; x_wconf 68' lang='lat' dir='ltr'><strong>curop:</strong></span> 
     </span>
    </p>
   </div>
   <div class='ocr_carea' id='block_1_66' title="bbox 1106 1693 1867 1736">
    <p class='ocr_par' dir='ltr' id='par_1_66' title="bbox 1106 1693 1867 1736">
     <span class='ocr_line' id='line_1_66' title="bbox 1106 1693 1867 1736; baseline 0.004 -15"><span class='ocrx_word' id='word_1_502' title='bbox 1106 1695 1151 1722; x_wconf 72' lang='grc' dir='ltr'>ἒων</span> <span class='ocrx_word' id='word_1_503' title='bbox 1169 1693 1197 1722; x_wconf 74' lang='grc' dir='ltr'>δὲ</span> <span class='ocrx_word' id='word_1_504' title='bbox 1224 1695 1237 1722; x_wconf 88' lang='grc' dir='ltr'><strong>ὁ</strong></span> <span class='ocrx_word' id='word_1_505' title='bbox 1263 1694 1472 1733; x_wconf 76' lang='grc' dir='ltr'>κουροπαλάτης</span> <span class='ocrx_word' id='word_1_506' title='bbox 1494 1695 1540 1723; x_wconf 86' lang='grc' dir='ltr'>καὶ</span> <span class='ocrx_word' id='word_1_507' title='bbox 1567 1697 1725 1736; x_wconf 76' lang='grc' dir='ltr'>Νικηφόρος</span> <span class='ocrx_word' id='word_1_508' title='bbox 1746 1697 1759 1724; x_wconf 80' lang='grc'>6</span> <span class='ocrx_word' id='word_1_509' title='bbox 1774 1696 1867 1724; x_wconf 80' lang='grc' dir='ltr'>τούτου</span> 
     </span>
    </p>
   </div>
   <div class='ocr_carea' id='block_1_67' title="bbox 162 1739 987 1777">
    <p class='ocr_par' dir='ltr' id='par_1_67' title="bbox 162 1739 987 1777">
     <span class='ocr_line' id='line_1_67' title="bbox 162 1739 987 1777; baseline -0.002 -8"><span class='ocrx_word' id='word_1_510' title='bbox 162 1741 236 1770; x_wconf 77' lang='lat' dir='ltr'><strong>lates</strong></span> <span class='ocrx_word' id='word_1_511' title='bbox 250 1743 279 1770; x_wconf 83' lang='lat' dir='ltr'>et</span> <span class='ocrx_word' id='word_1_512' title='bbox 291 1741 473 1777; x_wconf 88' lang='lat' dir='ltr'><strong>Nicephorus</strong></span> <span class='ocrx_word' id='word_1_513' title='bbox 484 1741 548 1776; x_wconf 82' lang='lat' dir='ltr'><strong>ejus</strong></span> <span class='ocrx_word' id='word_1_514' title='bbox 560 1739 648 1776; x_wconf 84' lang='lat' dir='ltr'><strong>filius,</strong></span> <span class='ocrx_word' id='word_1_515' title='bbox 659 1748 732 1776; x_wconf 86' lang='lat' dir='ltr'><strong>quos</strong></span> <span class='ocrx_word' id='word_1_516' title='bbox 749 1742 815 1767; x_wconf 87' lang='lat' dir='ltr'><strong>ante</strong></span> <span class='ocrx_word' id='word_1_517' title='bbox 831 1740 987 1768; x_wconf 87' lang='lat' dir='ltr'><strong>docuimus</strong></span> 
     </span>
    </p>
   </div>
   <div class='ocr_carea' id='block_1_68' title="bbox 163 1784 986 1820">
    <p class='ocr_par' dir='ltr' id='par_1_68' title="bbox 163 1784 986 1820">
     <span class='ocr_line' id='line_1_68' title="bbox 163 1784 986 1820; baseline -0.004 -6"><span class='ocrx_word' id='word_1_518' title='bbox 163 1785 361 1814; x_wconf 87' lang='lat' dir='ltr'><strong>incolumibus</strong></span> <span class='ocrx_word' id='word_1_519' title='bbox 386 1785 480 1814; x_wconf 88' lang='lat' dir='ltr'><strong>oculis</strong></span> <span class='ocrx_word' id='word_1_520' title='bbox 505 1785 654 1820; x_wconf 85' lang='lat' dir='ltr'><strong>dimissos,</strong></span> <span class='ocrx_word' id='word_1_521' title='bbox 669 1784 785 1812; x_wconf 83' lang='lat' dir='ltr'><strong>tametsi</strong></span> <span class='ocrx_word' id='word_1_522' title='bbox 802 1785 880 1812; x_wconf 75' lang='lat'>404</span> <span class='ocrx_word' id='word_1_523' title='bbox 901 1784 986 1812; x_wconf 77' lang='lat' dir='ltr'><strong>effodi</strong></span> 
     </span>
    </p>
   </div>
   <div class='ocr_carea' id='block_1_69' title="bbox 161 1829 985 1866">
    <p class='ocr_par' dir='ltr' id='par_1_69' title="bbox 161 1829 985 1866">
     <span class='ocr_line' id='line_1_69' title="bbox 161 1829 985 1866; baseline -0.004 -7"><span class='ocrx_word' id='word_1_524' title='bbox 161 1839 210 1859; x_wconf 86' lang='lat' dir='ltr'>eos</span> <span class='ocrx_word' id='word_1_525' title='bbox 219 1831 519 1866; x_wconf 84' lang='lat' dir='ltr'><strong>sententiajussisset,</strong></span> <span class='ocrx_word' id='word_1_526' title='bbox 528 1838 631 1858; x_wconf 89' lang='lat' dir='ltr'><strong>rursus</strong></span> <span class='ocrx_word' id='word_1_527' title='bbox 641 1829 822 1865; x_wconf 85' lang='lat' dir='ltr'><strong>tyrannidem</strong></span> <span class='ocrx_word' id='word_1_528' title='bbox 832 1829 985 1857; x_wconf 86' lang='lat' dir='ltr'><strong>invadunt.</strong></span> 
     </span>
    </p>
   </div>
   <div class='ocr_carea' id='block_1_70' title="bbox 161 1873 982 1912">
    <p class='ocr_par' dir='ltr' id='par_1_70' title="bbox 161 1873 982 1912">
     <span class='ocr_line' id='line_1_70' title="bbox 161 1873 982 1912; baseline -0.002 -9"><span class='ocrx_word' id='word_1_529' title='bbox 161 1876 292 1912; x_wconf 85' lang='lat' dir='ltr'><strong>Cumque</strong></span> <span class='ocrx_word' id='word_1_530' title='bbox 308 1875 418 1903; x_wconf 90' lang='lat' dir='ltr'><strong>multos</strong></span> <span class='ocrx_word' id='word_1_531' title='bbox 438 1875 519 1903; x_wconf 84' lang='lat' dir='ltr'><strong>urbis</strong></span> <span class='ocrx_word' id='word_1_532' title='bbox 541 1876 569 1903; x_wconf 86' lang='lat' dir='ltr'>et</span> <span class='ocrx_word' id='word_1_533' title='bbox 584 1874 669 1910; x_wconf 79' lang='lat' dir='ltr'><strong>regiae</strong></span> <span class='ocrx_word' id='word_1_534' title='bbox 685 1874 821 1902; x_wconf 83' lang='lat' dir='ltr'><strong>custodes</strong></span> <span class='ocrx_word' id='word_1_535' title='bbox 836 1873 982 1909; x_wconf 85' lang='lat' dir='ltr'><strong>corrupis-</strong></span> 
     </span>
    </p>
   </div>
   <div class='ocr_carea' id='block_1_71' title="bbox 159 1918 985 1956">
    <p class='ocr_par' dir='ltr' id='par_1_71' title="bbox 159 1918 985 1956">
     <span class='ocr_line' id='line_1_71' title="bbox 159 1918 985 1956; baseline -0.004 -8"><span class='ocrx_word' id='word_1_536' title='bbox 159 1921 234 1954; x_wconf 87' lang='lat' dir='ltr'><strong>sent,</strong></span> <span class='ocrx_word' id='word_1_537' title='bbox 252 1922 341 1956; x_wconf 83' lang='lat' dir='ltr'><strong>atque</strong></span> <span class='ocrx_word' id='word_1_538' title='bbox 356 1927 390 1948; x_wconf 86' lang='lat' dir='ltr'><strong>ex</strong></span> <span class='ocrx_word' id='word_1_539' title='bbox 406 1919 498 1948; x_wconf 88' lang='lat' dir='ltr'><strong>animi</strong></span> <span class='ocrx_word' id='word_1_540' title='bbox 510 1919 656 1947; x_wconf 83' lang='lat' dir='ltr'><strong>sententia</strong></span> <span class='ocrx_word' id='word_1_541' title='bbox 668 1919 838 1946; x_wconf 85' lang='lat' dir='ltr'><strong>viderentur</strong></span> <span class='ocrx_word' id='word_1_542' title='bbox 851 1918 905 1946; x_wconf 88' lang='lat' dir='ltr'><strong>sibi</strong></span> <span class='ocrx_word' id='word_1_543' title='bbox 924 1926 985 1946; x_wconf 87' lang='lat' dir='ltr'>rem</span> 
     </span>
    </p>
   </div>
   <div class='ocr_carea' id='block_1_72' title="bbox 157 1962 985 1998">
    <p class='ocr_par' dir='ltr' id='par_1_72' title="bbox 157 1962 985 1998">
     <span class='ocr_line' id='line_1_72' title="bbox 157 1962 985 1998; baseline -0.002 -6"><span class='ocrx_word' id='word_1_544' title='bbox 157 1964 329 1998; x_wconf 80' lang='lat' dir='ltr'><strong>confecisse,</strong></span> <span class='ocrx_word' id='word_1_545' title='bbox 354 1965 500 1992; x_wconf 87' lang='lat' dir='ltr'><strong>conducta</strong></span> <span class='ocrx_word' id='word_1_546' title='bbox 523 1963 589 1991; x_wconf 81' lang='lat' dir='ltr'><strong>navi</strong></span> <span class='ocrx_word' id='word_1_547' title='bbox 615 1971 650 1991; x_wconf 84' lang='lat' dir='ltr'><strong>ex</strong></span> <span class='ocrx_word' id='word_1_548' title='bbox 666 1962 764 1990; x_wconf 87' lang='lat' dir='ltr'><strong>insula</strong></span> <span class='ocrx_word' id='word_1_549' title='bbox 787 1963 816 1990; x_wconf 93' lang='lat' dir='ltr'>in</span> <span class='ocrx_word' id='word_1_550' title='bbox 833 1971 922 1998; x_wconf 89' lang='lat' dir='ltr'><strong>quam</strong></span> <span class='ocrx_word' id='word_1_551' title='bbox 940 1970 985 1990; x_wconf 87' lang='lat' dir='ltr'>re-</span> 
     </span>
    </p>
   </div>
   <div class='ocr_carea' id='block_1_73' title="bbox 157 2006 985 2045">
    <p class='ocr_par' dir='ltr' id='par_1_73' title="bbox 157 2006 985 2045">
     <span class='ocr_line' id='line_1_73' title="bbox 157 2006 985 2045; baseline -0.002 -9"><span class='ocrx_word' id='word_1_552' title='bbox 157 2008 246 2045; x_wconf 87' lang='lat' dir='ltr'><strong>legati</strong></span> <span class='ocrx_word' id='word_1_553' title='bbox 262 2008 389 2043; x_wconf 83' lang='lat' dir='ltr'><strong>fuerant,</strong></span> <span class='ocrx_word' id='word_1_554' title='bbox 402 2008 437 2036; x_wconf 89' lang='lat' dir='ltr'>ad</span> <span class='ocrx_word' id='word_1_555' title='bbox 453 2007 651 2036; x_wconf 82' lang='lat' dir='ltr'><strong>continentem</strong></span> <span class='ocrx_word' id='word_1_556' title='bbox 667 2007 732 2035; x_wconf 86' lang='lat' dir='ltr'><strong>urbi</strong></span> <span class='ocrx_word' id='word_1_557' title='bbox 747 2015 762 2035; x_wconf 91' lang='lat' dir='ltr'>e</span> <span class='ocrx_word' id='word_1_558' title='bbox 777 2007 892 2041; x_wconf 71' lang='lat' dir='ltr'><strong>regione</strong></span> <span class='ocrx_word' id='word_1_559' title='bbox 907 2006 985 2034; x_wconf 89' lang='lat' dir='ltr'><strong>loca-</strong></span> 
     </span>
    </p>
   </div>
   <div class='ocr_carea' id='block_1_74' title="bbox 159 2051 984 2089">
    <p class='ocr_par' dir='ltr' id='par_1_74' title="bbox 159 2051 984 2089">
     <span class='ocr_line' id='line_1_74' title="bbox 159 2051 984 2089; baseline -0.004 -8"><span class='ocrx_word' id='word_1_560' title='bbox 159 2056 219 2081; x_wconf 85' lang='lat' dir='ltr'>tam</span> <span class='ocrx_word' id='word_1_561' title='bbox 236 2052 522 2089; x_wconf 86' lang='lat' dir='ltr'><strong>devehuntur,juxta</strong></span> <span class='ocrx_word' id='word_1_562' title='bbox 535 2051 709 2080; x_wconf 86' lang='lat' dir='ltr'><strong>suburbium</strong></span> <span class='ocrx_word' id='word_1_563' title='bbox 723 2051 769 2080; x_wconf 88' lang='lat' dir='ltr'>cui</span> <span class='ocrx_word' id='word_1_564' title='bbox 781 2051 984 2087; x_wconf 80' lang='lat' dir='ltr'><strong>Pelamydium</strong></span> 
     </span>
    </p>
   </div>
   <div class='ocr_carea' id='block_1_75' title="bbox 160 2095 984 2132">
    <p class='ocr_par' dir='ltr' id='par_1_75' title="bbox 160 2095 984 2132">
     <span class='ocr_line' id='line_1_75' title="bbox 160 2095 984 2132; baseline -0.004 -7"><span class='ocrx_word' id='word_1_565' title='bbox 160 2105 276 2132; x_wconf 86' lang='lat' dir='ltr'><strong>nomen,</strong></span> <span class='ocrx_word' id='word_1_566' title='bbox 294 2098 381 2132; x_wconf 88' lang='lat' dir='ltr'><strong>atque</strong></span> <span class='ocrx_word' id='word_1_567' title='bbox 394 2096 463 2124; x_wconf 89' lang='lat' dir='ltr'><strong>inde</strong></span> <span class='ocrx_word' id='word_1_568' title='bbox 479 2096 534 2124; x_wconf 92' lang='lat' dir='ltr'>sub</span> <span class='ocrx_word' id='word_1_569' title='bbox 550 2096 677 2132; x_wconf 88' lang='lat' dir='ltr'><strong>primum</strong></span> <span class='ocrx_word' id='word_1_570' title='bbox 694 2095 764 2132; x_wconf 86' lang='lat' dir='ltr'><strong>galli</strong></span> <span class='ocrx_word' id='word_1_571' title='bbox 779 2098 897 2123; x_wconf 82' lang='lat' dir='ltr'><strong>cantum</strong></span> <span class='ocrx_word' id='word_1_572' title='bbox 914 2095 984 2130; x_wconf 76' lang='grc' dir='ltr'>ϐρο-</span> 
     </span>
    </p>
   </div>
   <div class='ocr_carea' id='block_1_76' title="bbox 160 2139 983 2176">
    <p class='ocr_par' dir='ltr' id='par_1_76' title="bbox 160 2139 983 2176">
     <span class='ocr_line' id='line_1_76' title="bbox 160 2139 983 2176; baseline -0.002 -7"><span class='ocrx_word' id='word_1_573' title='bbox 160 2141 212 2169; x_wconf 90' lang='lat' dir='ltr'>lim</span> <span class='ocrx_word' id='word_1_574' title='bbox 237 2141 390 2170; x_wconf 85' lang='lat' dir='ltr'><strong>accedunt.</strong></span> <span class='ocrx_word' id='word_1_575' title='bbox 415 2141 469 2168; x_wconf 86' lang='lat' dir='ltr'><strong>Sed</strong></span> <span class='ocrx_word' id='word_1_576' title='bbox 495 2143 559 2174; x_wconf 88' lang='lat' dir='ltr'><strong>Leo,</strong></span> <span class='ocrx_word' id='word_1_577' title='bbox 589 2140 630 2168; x_wconf 87' lang='lat' dir='ltr'>rei</span> <span class='ocrx_word' id='word_1_578' title='bbox 656 2139 767 2168; x_wconf 89' lang='lat' dir='ltr'><strong>navalis</strong></span> <span class='ocrx_word' id='word_1_579' title='bbox 794 2140 983 2176; x_wconf 87' lang='lat' dir='ltr'><strong>drungarius,</strong></span> 
     </span>
    </p>
   </div>
   <div class='ocr_carea' id='block_1_77' title="bbox 159 2183 983 2220">
    <p class='ocr_par' dir='ltr' id='par_1_77' title="bbox 159 2183 983 2220">
     <span class='ocr_line' id='line_1_77' title="bbox 159 2183 983 2220; baseline -0.001 -7"><span class='ocrx_word' id='word_1_580' title='bbox 159 2186 206 2213; x_wconf 86' lang='lat' dir='ltr'>cui</span> <span class='ocrx_word' id='word_1_581' title='bbox 224 2194 282 2213; x_wconf 86' lang='lat' dir='ltr'>una</span> <span class='ocrx_word' id='word_1_582' title='bbox 296 2194 362 2213; x_wconf 84' lang='lat' dir='ltr'>cum</span> <span class='ocrx_word' id='word_1_583' title='bbox 388 2185 495 2214; x_wconf 85' lang='lat' dir='ltr'><strong>Basilio</strong></span> <span class='ocrx_word' id='word_1_584' title='bbox 513 2187 624 2212; x_wconf 89' lang='lat' dir='ltr'><strong>rectore</strong></span> <span class='ocrx_word' id='word_1_585' title='bbox 639 2183 739 2220; x_wconf 83' lang='lat' dir='ltr'><strong>palatii</strong></span> <span class='ocrx_word' id='word_1_586' title='bbox 755 2184 889 2212; x_wconf 84' lang='lat' dir='ltr'><strong>custodia</strong></span> <span class='ocrx_word' id='word_1_587' title='bbox 904 2193 983 2212; x_wconf 88' lang='lat' dir='ltr'><strong>com-</strong></span> 
     </span>
    </p>
   </div>
   <div class='ocr_carea' id='block_1_78' title="bbox 159 2228 982 2263">
    <p class='ocr_par' dir='ltr' id='par_1_78' title="bbox 159 2228 982 2263">
     <span class='ocr_line' id='line_1_78' title="bbox 159 2228 982 2263; baseline -0.002 -5"><span class='ocrx_word' id='word_1_588' title='bbox 159 2230 297 2258; x_wconf 85' lang='lat' dir='ltr'><strong>mendata</strong></span> <span class='ocrx_word' id='word_1_589' title='bbox 321 2231 425 2263; x_wconf 80' lang='lat' dir='ltr'><strong>fuerat,</strong></span> <span class='ocrx_word' id='word_1_590' title='bbox 441 2238 475 2258; x_wconf 91' lang='lat' dir='ltr'>ea</span> <span class='ocrx_word' id='word_1_591' title='bbox 499 2229 534 2257; x_wconf 87' lang='lat' dir='ltr'>de</span> <span class='ocrx_word' id='word_1_592' title='bbox 559 2237 589 2257; x_wconf 92' lang='lat' dir='ltr'>re</span> <span class='ocrx_word' id='word_1_593' title='bbox 613 2237 630 2256; x_wconf 92' lang='lat' dir='ltr'>a</span> <span class='ocrx_word' id='word_1_594' title='bbox 653 2228 770 2256; x_wconf 87' lang='lat' dir='ltr'><strong>conscio</strong></span> <span class='ocrx_word' id='word_1_595' title='bbox 794 2228 982 2256; x_wconf 86' lang='lat' dir='ltr'><strong>consiliorum</strong></span> 
     </span>
    </p>
   </div>
   <div class='ocr_carea' id='block_1_79' title="bbox 158 2273 981 2311">
    <p class='ocr_par' dir='ltr' id='par_1_79' title="bbox 158 2273 981 2311">
     <span class='ocr_line' id='line_1_79' title="bbox 158 2273 981 2311; baseline -0.004 -8"><span class='ocrx_word' id='word_1_596' title='bbox 158 2275 283 2303; x_wconf 85' lang='lat' dir='ltr'><strong>istorum</strong></span> <span class='ocrx_word' id='word_1_597' title='bbox 299 2274 426 2311; x_wconf 86' lang='lat' dir='ltr'><strong>quodam</strong></span> <span class='ocrx_word' id='word_1_598' title='bbox 443 2274 538 2302; x_wconf 84' lang='lat' dir='ltr'><strong>factus</strong></span> <span class='ocrx_word' id='word_1_599' title='bbox 563 2273 679 2309; x_wconf 87' lang='lat' dir='ltr'><strong>certior,</strong></span> <span class='ocrx_word' id='word_1_600' title='bbox 695 2281 816 2301; x_wconf 89' lang='lat' dir='ltr'><strong>manum</strong></span> <span class='ocrx_word' id='word_1_601' title='bbox 839 2273 931 2301; x_wconf 88' lang='lat' dir='ltr'><strong>mittit</strong></span> <span class='ocrx_word' id='word_1_602' title='bbox 946 2273 981 2301; x_wconf 90' lang='lat' dir='ltr'>ad</span> 
     </span>
    </p>
   </div>
   <div class='ocr_carea' id='block_1_80' title="bbox 158 2317 981 2356">
    <p class='ocr_par' dir='ltr' id='par_1_80' title="bbox 158 2317 981 2356">
     <span class='ocr_line' id='line_1_80' title="bbox 158 2317 981 2356; baseline -0.002 -9"><span class='ocrx_word' id='word_1_603' title='bbox 158 2319 358 2356; x_wconf 87' lang='lat' dir='ltr'><strong>curopalatam</strong></span> <span class='ocrx_word' id='word_1_604' title='bbox 378 2321 407 2347; x_wconf 90' lang='lat' dir='ltr'>et</span> <span class='ocrx_word' id='word_1_605' title='bbox 422 2318 514 2346; x_wconf 83' lang='lat' dir='ltr'><strong>lilium</strong></span> <span class='ocrx_word' id='word_1_606' title='bbox 531 2318 595 2353; x_wconf 86' lang='lat' dir='ltr'><strong>ejus</strong></span> <span class='ocrx_word' id='word_1_607' title='bbox 612 2317 903 2354; x_wconf 86' lang='lat' dir='ltr'><strong>comprehendendos</strong></span> <span class='ocrx_word' id='word_1_608' title='bbox 919 2317 981 2346; x_wconf 86' lang='lat' dir='ltr'><strong>suf-</strong></span> 
     </span>
    </p>
   </div>
   <div class='ocr_carea' id='block_1_81' title="bbox 159 2362 980 2400">
    <p class='ocr_par' dir='ltr' id='par_1_81' title="bbox 159 2362 980 2400">
     <span class='ocr_line' id='line_1_81' title="bbox 159 2362 980 2400; baseline -0.001 -10"><span class='ocrx_word' id='word_1_609' title='bbox 159 2363 335 2398; x_wconf 82' lang='lat' dir='ltr'><strong>ﬁcientem;</strong></span> <span class='ocrx_word' id='word_1_610' title='bbox 366 2363 427 2400; x_wconf 89' lang='lat' dir='ltr'><strong>qui,</strong></span> <span class='ocrx_word' id='word_1_611' title='bbox 457 2363 512 2391; x_wconf 91' lang='lat' dir='ltr'>hoc</span> <span class='ocrx_word' id='word_1_612' title='bbox 540 2362 753 2398; x_wconf 87' lang='lat' dir='ltr'><strong>animadverso,</strong></span> <span class='ocrx_word' id='word_1_613' title='bbox 783 2363 813 2390; x_wconf 91' lang='lat' dir='ltr'>in</span> <span class='ocrx_word' id='word_1_614' title='bbox 842 2362 980 2398; x_wconf 87' lang='lat' dir='ltr'><strong>Magnum</strong></span> 
     </span>
    </p>
   </div>
   <div class='ocr_carea' id='block_1_82' title="bbox 158 2407 982 2444">
    <p class='ocr_par' dir='ltr' id='par_1_82' title="bbox 158 2407 982 2444">
     <span class='ocr_line' id='line_1_82' title="bbox 158 2407 982 2444; baseline 0 -10"><span class='ocrx_word' id='word_1_615' title='bbox 158 2407 314 2443; x_wconf 88' lang='lat' dir='ltr'><strong>Templum</strong></span> <span class='ocrx_word' id='word_1_616' title='bbox 344 2407 517 2444; x_wconf 90' lang='lat' dir='ltr'><strong>confugiunt</strong></span> <span class='ocrx_word' id='word_1_617' title='bbox 547 2416 554 2435; x_wconf 90' lang='lat'><strong><em>:</em></strong></span> <span class='ocrx_word' id='word_1_618' title='bbox 584 2407 651 2435; x_wconf 88' lang='lat' dir='ltr'><strong>inde</strong></span> <span class='ocrx_word' id='word_1_619' title='bbox 679 2407 771 2435; x_wconf 88' lang='lat' dir='ltr'><strong>avulsi</strong></span> <span class='ocrx_word' id='word_1_620' title='bbox 802 2407 830 2434; x_wconf 91' lang='lat' dir='ltr'>in</span> <span class='ocrx_word' id='word_1_621' title='bbox 868 2407 982 2435; x_wconf 86' lang='lat' dir='ltr'><strong>Protam</strong></span> 
     </span>
    </p>
   </div>
   <div class='ocr_carea' id='block_1_83' title="bbox 157 2451 982 2488">
    <p class='ocr_par' dir='ltr' id='par_1_83' title="bbox 157 2451 982 2488">
     <span class='ocr_line' id='line_1_83' title="bbox 157 2451 982 2488; baseline 0 -9"><span class='ocrx_word' id='word_1_622' title='bbox 157 2451 287 2480; x_wconf 88' lang='lat' dir='ltr'><strong>insulam</strong></span> <span class='ocrx_word' id='word_1_623' title='bbox 302 2451 480 2488; x_wconf 83' lang='lat' dir='ltr'><strong>relegantur,</strong></span> <span class='ocrx_word' id='word_1_624' title='bbox 505 2454 592 2488; x_wconf 88' lang='lat' dir='ltr'><strong>atque</strong></span> <span class='ocrx_word' id='word_1_625' title='bbox 615 2451 654 2479; x_wconf 91' lang='lat' dir='ltr'>ibi</span> <span class='ocrx_word' id='word_1_626' title='bbox 678 2451 754 2480; x_wconf 91' lang='lat' dir='ltr'><strong>oculi</strong></span> <span class='ocrx_word' id='word_1_627' title='bbox 778 2451 821 2479; x_wconf 88' lang='lat' dir='ltr'>eis</span> <span class='ocrx_word' id='word_1_628' title='bbox 836 2451 982 2480; x_wconf 85' lang='lat' dir='ltr'><strong>eﬂ‘udiun-</strong></span> 
     </span>
    </p>
   </div>
   <div class='ocr_carea' id='block_1_84' title="bbox 159 2498 217 2523">
    <p class='ocr_par' dir='ltr' id='par_1_84' title="bbox 159 2498 217 2523">
     <span class='ocr_line' id='line_1_84' title="bbox 159 2498 217 2523; baseline -0.034 0"><span class='ocrx_word' id='word_1_629' title='bbox 159 2498 217 2523; x_wconf 88' lang='lat' dir='ltr'><strong>tur.</strong></span> 
     </span>
    </p>
   </div>
   <div class='ocr_carea' id='block_1_85' title="bbox 1041 1737 1867 1779">
    <p class='ocr_par' dir='ltr' id='par_1_85' title="bbox 1041 1737 1867 1779">
     <span class='ocr_line' id='line_1_85' title="bbox 1041 1737 1867 1779; baseline 0.002 -13"><span class='ocrx_word' id='word_1_630' title='bbox 1041 1741 1124 1774; x_wconf 58' lang='grc' dir='ltr'>παῖςγ.</span> <span class='ocrx_word' id='word_1_631' title='bbox 1133 1737 1243 1774; x_wconf 75' lang='grc' dir='ltr'>δοκήσει</span> <span class='ocrx_word' id='word_1_632' title='bbox 1265 1740 1324 1776; x_wconf 74' lang='grc' dir='ltr'>μὲν,</span> <span class='ocrx_word' id='word_1_633' title='bbox 1341 1740 1378 1772; x_wconf 85' lang='grc' dir='ltr'>ὡς</span> <span class='ocrx_word' id='word_1_634' title='bbox 1405 1739 1516 1777; x_wconf 71' lang='grc' dir='ltr'>εἵπομεν</span> <span class='ocrx_word' id='word_1_635' title='bbox 1546 1739 1709 1779; x_wconf 74' lang='grc' dir='ltr'>ἔμπροσθεν,</span> <span class='ocrx_word' id='word_1_636' title='bbox 1727 1741 1867 1779; x_wconf 73' lang='grc' dir='ltr'>πηρωθέν-</span> 
     </span>
    </p>
   </div>
   <div class='ocr_carea' id='block_1_86' title="bbox 1040 1781 1864 1823">
    <p class='ocr_par' dir='ltr' id='par_1_86' title="bbox 1040 1781 1864 1823">
     <span class='ocr_line' id='line_1_86' title="bbox 1040 1781 1864 1823; baseline 0.002 -13"><span class='ocrx_word' id='word_1_637' title='bbox 1040 1793 1095 1818; x_wconf 84' lang='grc' dir='ltr'>τες,</span> <span class='ocrx_word' id='word_1_638' title='bbox 1112 1781 1150 1811; x_wconf 76' lang='grc' dir='ltr'>ἔτι</span> <span class='ocrx_word' id='word_1_639' title='bbox 1167 1782 1190 1811; x_wconf 80' lang='grc' dir='ltr'>δ’</span> <span class='ocrx_word' id='word_1_640' title='bbox 1205 1784 1306 1815; x_wconf 85' lang='grc' dir='ltr'>ἀσινεῖς</span> <span class='ocrx_word' id='word_1_641' title='bbox 1321 1785 1369 1816; x_wconf 77' lang='grc' dir='ltr'>τὰς</span> <span class='ocrx_word' id='word_1_642' title='bbox 1383 1784 1489 1823; x_wconf 70' lang='grc' dir='ltr'>ὁράσεις</span> <span class='ocrx_word' id='word_1_643' title='bbox 1515 1783 1637 1823; x_wconf 76' lang='grc' dir='ltr'>ἔχοντες,</span> <span class='ocrx_word' id='word_1_644' title='bbox 1655 1785 1695 1817; x_wconf 71' lang='grc' dir='ltr'>εἲς</span> <span class='ocrx_word' id='word_1_645' title='bbox 1723 1783 1864 1823; x_wconf 75' lang='grc' dir='ltr'>τυραννίδι</span> 
     </span>
    </p>
   </div>
   <div class='ocr_carea' id='block_1_87' title="bbox 1040 1827 1861 1867">
    <p class='ocr_par' dir='ltr' id='par_1_87' title="bbox 1040 1827 1861 1867">
     <span class='ocr_line' id='line_1_87' title="bbox 1040 1827 1861 1867; baseline 0.001 -12"><span class='ocrx_word' id='word_1_646' title='bbox 1040 1828 1085 1855; x_wconf 84' lang='grc' dir='ltr'>καὶ</span> <span class='ocrx_word' id='word_1_647' title='bbox 1100 1827 1175 1860; x_wconf 80' lang='grc' dir='ltr'>αὖθις</span> <span class='ocrx_word' id='word_1_648' title='bbox 1190 1829 1431 1866; x_wconf 77' lang='grc' dir='ltr'>παρεσκευάζοντο,</span> <span class='ocrx_word' id='word_1_649' title='bbox 1447 1828 1571 1861; x_wconf 74' lang='grc' dir='ltr'>πολλοὺς</span> <span class='ocrx_word' id='word_1_650' title='bbox 1583 1832 1637 1858; x_wconf 82' lang='grc' dir='ltr'>τῶν</span> <span class='ocrx_word' id='word_1_651' title='bbox 1668 1829 1695 1858; x_wconf 80' lang='grc' dir='ltr'>ἐν</span> <span class='ocrx_word' id='word_1_652' title='bbox 1723 1832 1757 1867; x_wconf 82' lang='grc' dir='ltr'>τῇ</span> <span class='ocrx_word' id='word_1_653' title='bbox 1785 1828 1861 1857; x_wconf 83' lang='grc' dir='ltr'>πόλει</span> 
     </span>
    </p>
   </div>
   <div class='ocr_carea' id='block_1_88' title="bbox 1040 1872 1861 1913">
    <p class='ocr_par' dir='ltr' id='par_1_88' title="bbox 1040 1872 1861 1913">
     <span class='ocr_line' id='line_1_88' title="bbox 1040 1872 1861 1913; baseline 0.002 -13"><span class='ocrx_word' id='word_1_654' title='bbox 1040 1872 1086 1900; x_wconf 82' lang='grc' dir='ltr'>καὶ</span> <span class='ocrx_word' id='word_1_655' title='bbox 1111 1875 1165 1900; x_wconf 82' lang='grc' dir='ltr'>τῶν</span> <span class='ocrx_word' id='word_1_656' title='bbox 1191 1872 1217 1901; x_wconf 74' lang='grc' dir='ltr'>ιν</span> <span class='ocrx_word' id='word_1_657' title='bbox 1244 1875 1303 1906; x_wconf 82' lang='grc' dir='ltr'>τοῖς</span> <span class='ocrx_word' id='word_1_658' title='bbox 1332 1872 1481 1911; x_wconf 67' lang='grc' dir='ltr'>βασιλείοις</span> <span class='ocrx_word' id='word_1_659' title='bbox 1502 1876 1627 1913; x_wconf 72' lang='grc' dir='ltr'>φρουρῶν</span> <span class='ocrx_word' id='word_1_660' title='bbox 1645 1874 1861 1913; x_wconf 77' lang='grc' dir='ltr'>ὑποφθείραντες.</span> 
     </span>
    </p>
   </div>
   <div class='ocr_carea' id='block_1_89' title="bbox 1040 1917 1862 1958">
    <p class='ocr_par' dir='ltr' id='par_1_89' title="bbox 1040 1917 1862 1958">
     <span class='ocr_line' id='line_1_89' title="bbox 1040 1917 1862 1958; baseline 0.002 -14"><span class='ocrx_word' id='word_1_661' title='bbox 1040 1917 1092 1945; x_wconf 77' lang='grc' dir='ltr'>Καὶ</span> <span class='ocrx_word' id='word_1_662' title='bbox 1106 1917 1162 1945; x_wconf 74' lang='grc' dir='ltr'>ἐπεὶ</span> <span class='ocrx_word' id='word_1_663' title='bbox 1179 1917 1211 1945; x_wconf 70' lang='grc' dir='ltr'>τὰ</span> <span class='ocrx_word' id='word_1_664' title='bbox 1224 1917 1292 1946; x_wconf 78' lang='grc' dir='ltr'>κατὰ</span> <span class='ocrx_word' id='word_1_665' title='bbox 1313 1918 1426 1956; x_wconf 87' lang='grc' dir='ltr'>γνώμην</span> <span class='ocrx_word' id='word_1_666' title='bbox 1458 1919 1551 1950; x_wconf 76' lang='grc' dir='ltr'>αὐτοῖς</span> <span class='ocrx_word' id='word_1_667' title='bbox 1586 1919 1752 1958; x_wconf 82' lang='grc' dir='ltr'>ἀπηρτίσθη,</span> <span class='ocrx_word' id='word_1_668' title='bbox 1768 1918 1862 1946; x_wconf 83' lang='grc' dir='ltr'>πλοῖον</span> 
     </span>
    </p>
   </div>
   <div class='ocr_carea' id='block_1_90' title="bbox 1041 1960 1862 2002">
    <p class='ocr_par' dir='ltr' id='par_1_90' title="bbox 1041 1960 1862 2002">
     <span class='ocr_line' id='line_1_90' title="bbox 1041 1960 1862 2002; baseline 0.001 -13"><span class='ocrx_word' id='word_1_669' title='bbox 1041 1963 1244 1999; x_wconf 79' lang='grc' dir='ltr'>μισθωσάμενοι</span> <span class='ocrx_word' id='word_1_670' title='bbox 1263 1963 1306 1990; x_wconf 88' lang='grc' dir='ltr'>καὶ</span> <span class='ocrx_word' id='word_1_671' title='bbox 1337 1962 1363 1990; x_wconf 70' lang='grc' dir='ltr'>ἓν</span> <span class='ocrx_word' id='word_1_672' title='bbox 1390 1962 1464 1999; x_wconf 81' lang='grc' dir='ltr'>αὖτῷ</span> <span class='ocrx_word' id='word_1_673' title='bbox 1492 1960 1622 2000; x_wconf 72' lang='grc' dir='ltr'>ἐμϐάντες</span> <span class='ocrx_word' id='word_1_674' title='bbox 1649 1963 1791 2002; x_wconf 80' lang='grc' dir='ltr'>ἀπαίρουσι</span> <span class='ocrx_word' id='word_1_675' title='bbox 1815 1966 1862 1997; x_wconf 83' lang='grc' dir='ltr'>τῆς</span> 
     </span>
    </p>
   </div>
   <div class='ocr_carea' id='block_1_91' title="bbox 1040 2007 1863 2047">
    <p class='ocr_par' dir='ltr' id='par_1_91' title="bbox 1040 2007 1863 2047">
     <span class='ocr_line' id='line_1_91' title="bbox 1040 2007 1863 2047; baseline 0 -13"><span class='ocrx_word' id='word_1_676' title='bbox 1040 2007 1124 2042; x_wconf 87' lang='grc' dir='ltr'>νήσου</span> <span class='ocrx_word' id='word_1_677' title='bbox 1152 2007 1182 2042; x_wconf 81' lang='grc' dir='ltr'>ἢν</span> <span class='ocrx_word' id='word_1_678' title='bbox 1214 2007 1297 2035; x_wconf 85' lang='grc' dir='ltr'>οἰκεῖν</span> <span class='ocrx_word' id='word_1_679' title='bbox 1324 2013 1531 2045; x_wconf 57' lang='grc' dir='ltr'>κατεκρῖθησαν,</span> <span class='ocrx_word' id='word_1_680' title='bbox 1553 2008 1598 2035; x_wconf 87' lang='grc' dir='ltr'>καὶ</span> <span class='ocrx_word' id='word_1_681' title='bbox 1624 2009 1694 2047; x_wconf 82' lang='grc' dir='ltr'>πρὸς</span> <span class='ocrx_word' id='word_1_682' title='bbox 1719 2009 1768 2043; x_wconf 81' lang='grc' dir='ltr'>τήν</span> <span class='ocrx_word' id='word_1_683' title='bbox 1797 2007 1863 2035; x_wconf 78' lang='grc' dir='ltr'>ἀντί-</span> 
     </span>
    </p>
   </div>
   <div class='ocr_carea' id='block_1_92' title="bbox 1039 2051 1862 2090">
    <p class='ocr_par' dir='ltr' id='par_1_92' title="bbox 1039 2051 1862 2090">
     <span class='ocr_line' id='line_1_92' title="bbox 1039 2051 1862 2090; baseline 0 -12"><span class='ocrx_word' id='word_1_684' title='bbox 1039 2052 1161 2089; x_wconf 85' lang='grc' dir='ltr'>πορθμον</span> <span class='ocrx_word' id='word_1_685' title='bbox 1177 2054 1227 2086; x_wconf 87' lang='grc' dir='ltr'>τῆς</span> <span class='ocrx_word' id='word_1_686' title='bbox 1241 2051 1349 2083; x_wconf 85' lang='grc' dir='ltr'>πόλεως</span> <span class='ocrx_word' id='word_1_687' title='bbox 1365 2051 1480 2090; x_wconf 72' lang='grc' dir='ltr'>ἤπειρον</span> <span class='ocrx_word' id='word_1_688' title='bbox 1509 2051 1628 2090; x_wconf 89' lang='grc' dir='ltr'>γίνονται</span> <span class='ocrx_word' id='word_1_689' title='bbox 1657 2053 1726 2081; x_wconf 81' lang='grc' dir='ltr'>κατὰ</span> <span class='ocrx_word' id='word_1_690' title='bbox 1747 2053 1778 2080; x_wconf 84' lang='grc' dir='ltr'>τὸ</span> <span class='ocrx_word' id='word_1_691' title='bbox 1801 2061 1862 2086; x_wconf 82' lang='grc' dir='ltr'>προ-</span> 
     </span>
    </p>
   </div>
   <div class='ocr_carea' id='block_1_93' title="bbox 1039 2094 1860 2133">
    <p class='ocr_par' dir='ltr' id='par_1_93' title="bbox 1039 2094 1860 2133">
     <span class='ocr_line' id='line_1_93' title="bbox 1039 2094 1860 2133; baseline -0.001 -11"><span class='ocrx_word' id='word_1_692' title='bbox 1039 2095 1143 2123; x_wconf 83' lang='grc' dir='ltr'>άστειον</span> <span class='ocrx_word' id='word_1_693' title='bbox 1158 2096 1173 2123; x_wconf 76' lang='grc' dir='ltr'><strong>ὃ</strong></span> <span class='ocrx_word' id='word_1_694' title='bbox 1187 2097 1404 2133; x_wconf 79' lang='grc' dir='ltr'>κατονομάζουσι</span> <span class='ocrx_word' id='word_1_695' title='bbox 1422 2095 1612 2133; x_wconf 76' lang='grc' dir='ltr'>ΙῙηλαμῦδιον,</span> <span class='ocrx_word' id='word_1_696' title='bbox 1628 2096 1729 2129; x_wconf 78' lang='grc' dir='ltr'>ἐκεῖθεν</span> <span class='ocrx_word' id='word_1_697' title='bbox 1751 2095 1780 2124; x_wconf 62' lang='lat' dir='ltr'><strong>Si</strong></span> <span class='ocrx_word' id='word_1_698' title='bbox 1802 2094 1860 2132; x_wconf 83' lang='grc' dir='ltr'>περὶ</span> 
     </span>
    </p>
   </div>
   <div class='ocr_carea' id='block_1_94' title="bbox 1038 2138 1860 2179">
    <p class='ocr_par' dir='ltr' id='par_1_94' title="bbox 1038 2138 1860 2179">
     <span class='ocr_line' id='line_1_94' title="bbox 1038 2138 1860 2179; baseline 0 -11"><span class='ocrx_word' id='word_1_699' title='bbox 1038 2141 1148 2178; x_wconf 86' lang='grc' dir='ltr'>πρώτας</span> <span class='ocrx_word' id='word_1_700' title='bbox 1177 2140 1365 2179; x_wconf 81' lang='grc' dir='ltr'>ἀλεκτρυόνων</span> <span class='ocrx_word' id='word_1_701' title='bbox 1381 2140 1453 2177; x_wconf 72' lang='grc' dir='ltr'>ᾠδὰς</span> <span class='ocrx_word' id='word_1_702' title='bbox 1477 2140 1521 2168; x_wconf 75' lang='grc' dir='ltr'>ἰπὶ</span> <span class='ocrx_word' id='word_1_703' title='bbox 1540 2141 1572 2169; x_wconf 78' lang='grc' dir='ltr'>τδ</span> <span class='ocrx_word' id='word_1_704' title='bbox 1596 2142 1742 2177; x_wconf 82' lang='grc' dir='ltr'>Βυζάντιον</span> <span class='ocrx_word' id='word_1_705' title='bbox 1768 2138 1860 2178; x_wconf 78' lang='grc' dir='ltr'>ἔρχον-</span> 
     </span>
    </p>
   </div>
   <div class='ocr_carea' id='block_1_95' title="bbox 1036 2183 1861 2223">
    <p class='ocr_par' dir='ltr' id='par_1_95' title="bbox 1036 2183 1861 2223">
     <span class='ocr_line' id='line_1_95' title="bbox 1036 2183 1861 2223; baseline -0.002 -11"><span class='ocrx_word' id='word_1_706' title='bbox 1036 2195 1092 2214; x_wconf 85' lang='grc' dir='ltr'>ται.</span> <span class='ocrx_word' id='word_1_707' title='bbox 1108 2185 1185 2217; x_wconf 81' lang='grc' dir='ltr'>Ἑνὸς</span> <span class='ocrx_word' id='word_1_708' title='bbox 1201 2184 1229 2212; x_wconf 73' lang='grc' dir='ltr'>δὲ</span> <span class='ocrx_word' id='word_1_709' title='bbox 1242 2187 1296 2213; x_wconf 84' lang='grc' dir='ltr'>τῶν</span> <span class='ocrx_word' id='word_1_710' title='bbox 1313 2186 1478 2223; x_wconf 86' lang='grc' dir='ltr'>συνιστόρων</span> <span class='ocrx_word' id='word_1_711' title='bbox 1495 2184 1582 2221; x_wconf 82' lang='grc' dir='ltr'>δῆλον</span> <span class='ocrx_word' id='word_1_712' title='bbox 1599 2186 1714 2223; x_wconf 66' lang='grc' dir='ltr'>θεμένου</span> <span class='ocrx_word' id='word_1_713' title='bbox 1737 2185 1768 2213; x_wconf 81' lang='grc' dir='ltr'>τὸ</span> <span class='ocrx_word' id='word_1_714' title='bbox 1787 2183 1861 2222; x_wconf 59' lang='grc' dir='ltr'>ἔργον</span> 
     </span>
    </p>
   </div>
   <div class='ocr_carea' id='block_1_96' title="bbox 1037 2228 1861 2270">
    <p class='ocr_par' dir='ltr' id='par_1_96' title="bbox 1037 2228 1861 2270">
     <span class='ocr_line' id='line_1_96' title="bbox 1037 2228 1861 2270; baseline 0 -14"><span class='ocrx_word' id='word_1_715' title='bbox 1037 2230 1135 2257; x_wconf 71' lang='grc' dir='ltr'>Λέοντι</span> <span class='ocrx_word' id='word_1_716' title='bbox 1151 2231 1191 2265; x_wconf 81' lang='grc' dir='ltr'>τῷ</span> <span class='ocrx_word' id='word_1_717' title='bbox 1206 2229 1377 2268; x_wconf 77' lang='grc' dir='ltr'>δρουγγαρίῳ</span> <span class='ocrx_word' id='word_1_718' title='bbox 1392 2230 1439 2257; x_wconf 82' lang='grc' dir='ltr'>τοῦ</span> <span class='ocrx_word' id='word_1_719' title='bbox 1455 2229 1566 2265; x_wconf 80' lang='grc' dir='ltr'>στόλου,</span> <span class='ocrx_word' id='word_1_720' title='bbox 1582 2230 1631 2265; x_wconf 84' lang='grc' dir='ltr'>τήν</span> <span class='ocrx_word' id='word_1_721' title='bbox 1655 2230 1778 2270; x_wconf 72' lang='grc' dir='ltr'>φυλακην</span> <span class='ocrx_word' id='word_1_722' title='bbox 1807 2228 1861 2256; x_wconf 68' lang='lat' dir='ltr'><strong>tm-</strong></span> 
     </span>
    </p>
   </div>
   <div class='ocr_carea' id='block_1_97' title="bbox 1036 2272 1860 2312">
    <p class='ocr_par' dir='ltr' id='par_1_97' title="bbox 1036 2272 1860 2312">
     <span class='ocr_line' id='line_1_97' title="bbox 1036 2272 1860 2312; baseline -0.001 -11"><span class='ocrx_word' id='word_1_723' title='bbox 1036 2273 1215 2311; x_wconf 68' lang='grc' dir='ltr'>τετραμμένῳ</span> <span class='ocrx_word' id='word_1_724' title='bbox 1243 2277 1297 2302; x_wconf 89' lang='grc' dir='ltr'>τῶν</span> <span class='ocrx_word' id='word_1_725' title='bbox 1329 2274 1474 2312; x_wconf 82' lang='grc' dir='ltr'>βασιλείων</span> <span class='ocrx_word' id='word_1_726' title='bbox 1503 2275 1550 2303; x_wconf 79' lang='grc' dir='ltr'>σὺν</span> <span class='ocrx_word' id='word_1_727' title='bbox 1576 2274 1712 2312; x_wconf 83' lang='grc' dir='ltr'>Βασιλείῳ</span> <span class='ocrx_word' id='word_1_728' title='bbox 1742 2273 1782 2310; x_wconf 85' lang='grc' dir='ltr'>τῷ</span> <span class='ocrx_word' id='word_1_729' title='bbox 1807 2272 1860 2310; x_wconf 78' lang='grc' dir='ltr'>ῥαί-</span> 
     </span>
    </p>
   </div>
   <div class='ocr_carea' id='block_1_98' title="bbox 1036 2318 1859 2358">
    <p class='ocr_par' dir='ltr' id='par_1_98' title="bbox 1036 2318 1859 2358">
     <span class='ocr_line' id='line_1_98' title="bbox 1036 2318 1859 2358; baseline -0.001 -12"><span class='ocrx_word' id='word_1_730' title='bbox 1036 2328 1134 2356; x_wconf 84' lang='grc' dir='ltr'>κτωρι,</span> <span class='ocrx_word' id='word_1_731' title='bbox 1163 2319 1204 2355; x_wconf 86' lang='grc' dir='ltr'>[Ρ.</span> <span class='ocrx_word' id='word_1_732' title='bbox 1220 2319 1283 2356; x_wconf 83' lang='grc'>678]</span> <span class='ocrx_word' id='word_1_733' title='bbox 1299 2319 1313 2346; x_wconf 90' lang='grc' dir='ltr'>ὁ</span> <span class='ocrx_word' id='word_1_734' title='bbox 1335 2318 1364 2346; x_wconf 77' lang='grc' dir='ltr'>δὲ</span> <span class='ocrx_word' id='word_1_735' title='bbox 1391 2318 1506 2356; x_wconf 76' lang='grc' dir='ltr'>δύναμιν</span> <span class='ocrx_word' id='word_1_736' title='bbox 1534 2319 1683 2358; x_wconf 76' lang='grc' dir='ltr'>ἀξιόχρεων</span> <span class='ocrx_word' id='word_1_737' title='bbox 1709 2318 1752 2347; x_wconf 74' lang='grc' dir='ltr'>ἰπὶ</span> <span class='ocrx_word' id='word_1_738' title='bbox 1779 2327 1859 2345; x_wconf 82' lang='grc' dir='ltr'>κατα·</span> 
     </span>
    </p>
   </div>
   <div class='ocr_carea' id='block_1_99' title="bbox 1038 2361 1859 2402">
    <p class='ocr_par' dir='ltr' id='par_1_99' title="bbox 1038 2361 1859 2402">
     <span class='ocr_line' id='line_1_99' title="bbox 1038 2361 1859 2402; baseline -0.001 -13"><span class='ocrx_word' id='word_1_739' title='bbox 1038 2363 1129 2400; x_wconf 74' lang='grc' dir='ltr'>σχὲσει</span> <span class='ocrx_word' id='word_1_740' title='bbox 1143 2365 1194 2391; x_wconf 88' lang='grc' dir='ltr'>τοῦ</span> <span class='ocrx_word' id='word_1_741' title='bbox 1208 2362 1417 2402; x_wconf 80' lang='grc' dir='ltr'>κουροπαλάτου</span> <span class='ocrx_word' id='word_1_742' title='bbox 1438 2365 1482 2392; x_wconf 84' lang='grc' dir='ltr'>καὶ</span> <span class='ocrx_word' id='word_1_743' title='bbox 1511 2366 1560 2392; x_wconf 84' lang='grc' dir='ltr'>τοῦ</span> <span class='ocrx_word' id='word_1_744' title='bbox 1584 2363 1681 2396; x_wconf 86' lang='grc' dir='ltr'>παιδὸς</span> <span class='ocrx_word' id='word_1_745' title='bbox 1711 2363 1792 2391; x_wconf 70' lang='grc' dir='ltr'>αὐτοῦ</span> <span class='ocrx_word' id='word_1_746' title='bbox 1817 2361 1859 2388; x_wconf 78' lang='grc' dir='ltr'>ἐκ·</span> 
     </span>
    </p>
   </div>
   <div class='ocr_carea' id='block_1_100' title="bbox 1037 2405 1856 2445">
    <p class='ocr_par' dir='ltr' id='par_1_100' title="bbox 1037 2405 1856 2445">
     <span class='ocr_line' id='line_1_100' title="bbox 1037 2405 1856 2445; baseline -0.002 -10"><span class='ocrx_word' id='word_1_747' title='bbox 1037 2407 1149 2444; x_wconf 67' lang='grc' dir='ltr'>πέμπει.</span> <span class='ocrx_word' id='word_1_748' title='bbox 1179 2409 1266 2445; x_wconf 80' lang='grc' dir='ltr'>’Ὁπερ</span> <span class='ocrx_word' id='word_1_749' title='bbox 1297 2409 1371 2436; x_wconf 65' lang='grc' dir='ltr'>οὗτοι</span> <span class='ocrx_word' id='word_1_750' title='bbox 1397 2409 1526 2445; x_wconf 79' lang='grc' dir='ltr'>μαθόντες</span> <span class='ocrx_word' id='word_1_751' title='bbox 1567 2409 1605 2440; x_wconf 78' lang='grc' dir='ltr'>εἷς</span> <span class='ocrx_word' id='word_1_752' title='bbox 1646 2409 1695 2443; x_wconf 82' lang='grc' dir='ltr'>τήν</span> <span class='ocrx_word' id='word_1_753' title='bbox 1735 2405 1856 2444; x_wconf 84' lang='grc' dir='ltr'>Μεγάλην</span> 
     </span>
    </p>
   </div>
   <div class='ocr_carea' id='block_1_101' title="bbox 1035 2449 1856 2491">
    <p class='ocr_par' dir='ltr' id='par_1_101' title="bbox 1035 2449 1856 2491">
     <span class='ocr_line' id='line_1_101' title="bbox 1035 2449 1856 2491; baseline -0.004 -12"><span class='ocrx_word' id='word_1_754' title='bbox 1035 2451 1246 2491; x_wconf 78' lang='grc' dir='ltr'>καταφεύγουσιν</span> <span class='ocrx_word' id='word_1_755' title='bbox 1279 2451 1442 2488; x_wconf 80' lang='grc' dir='ltr'>Ἐκκλησίαν</span> <span class='ocrx_word' id='word_1_756' title='bbox 1461 2463 1467 2469; x_wconf 90' lang='grc'><strong>·</strong></span> <span class='ocrx_word' id='word_1_757' title='bbox 1490 2452 1588 2481; x_wconf 75' lang='grc' dir='ltr'>ἐκεῖθεν</span> <span class='ocrx_word' id='word_1_758' title='bbox 1612 2452 1640 2481; x_wconf 68' lang='grc' dir='ltr'>δὶ</span> <span class='ocrx_word' id='word_1_759' title='bbox 1676 2449 1856 2482; x_wconf 76' lang='grc' dir='ltr'>ἀποσπασθέν-</span> 
     </span>
    </p>
   </div>
   <div class='ocr_carea' id='block_1_102' title="bbox 1034 2495 1857 2535">
    <p class='ocr_par' dir='ltr' id='par_1_102' title="bbox 1034 2495 1857 2535">
     <span class='ocr_line' id='line_1_102' title="bbox 1034 2495 1857 2535; baseline -0.005 -11"><span class='ocrx_word' id='word_1_760' title='bbox 1034 2507 1078 2528; x_wconf 85' lang='grc' dir='ltr'>τες</span> <span class='ocrx_word' id='word_1_761' title='bbox 1103 2496 1142 2528; x_wconf 76' lang='grc' dir='ltr'>εἶς</span> <span class='ocrx_word' id='word_1_762' title='bbox 1169 2497 1218 2532; x_wconf 83' lang='grc' dir='ltr'>τήν</span> <span class='ocrx_word' id='word_1_763' title='bbox 1248 2498 1364 2535; x_wconf 83' lang='grc' dir='ltr'>Πρώτην</span> <span class='ocrx_word' id='word_1_764' title='bbox 1393 2501 1475 2532; x_wconf 82' lang='grc' dir='ltr'>νῆσον</span> <span class='ocrx_word' id='word_1_765' title='bbox 1505 2497 1733 2533; x_wconf 72' lang='grc' dir='ltr'>ἰξαπεστάλησαν,</span> <span class='ocrx_word' id='word_1_766' title='bbox 1754 2495 1857 2523; x_wconf 82' lang='grc' dir='ltr'>κάκεῖσε</span> 
     </span>
    </p>
   </div>
   <div class='ocr_carea' id='block_1_103' title="bbox 1033 2539 1490 2580">
    <p class='ocr_par' dir='ltr' id='par_1_103' title="bbox 1033 2539 1490 2580">
     <span class='ocr_line' id='line_1_103' title="bbox 1033 2539 1490 2580; baseline 0.004 -12"><span class='ocrx_word' id='word_1_767' title='bbox 1033 2540 1098 2572; x_wconf 79' lang='grc' dir='ltr'>τοὺς</span> <span class='ocrx_word' id='word_1_768' title='bbox 1114 2539 1274 2580; x_wconf 73' lang='grc' dir='ltr'>ὀφθαλμοὺς</span> <span class='ocrx_word' id='word_1_769' title='bbox 1285 2541 1490 2580; x_wconf 71' lang='grc' dir='ltr'>ἐξωρύχθησαν.</span> 
     </span>
    </p>
   </div>
   <div class='ocr_carea' id='block_1_104' title="bbox 750 2631 1265 2660">
    <p class='ocr_par' dir='ltr' id='par_1_104' title="bbox 750 2631 1265 2660">
     <span class='ocr_line' id='line_1_104' title="bbox 750 2631 1265 2660; baseline 0 0"><span class='ocrx_word' id='word_1_770' title='bbox 750 2631 938 2660; x_wconf 78' lang='lat' dir='ltr'>XYLANDRI</span> <span class='ocrx_word' id='word_1_771' title='bbox 957 2631 1002 2660; x_wconf 89' lang='lat' dir='ltr'><strong>ET</strong></span> <span class='ocrx_word' id='word_1_772' title='bbox 1021 2631 1127 2660; x_wconf 82' lang='lat' dir='ltr'>GOARI</span> <span class='ocrx_word' id='word_1_773' title='bbox 1147 2631 1265 2660; x_wconf 67' lang='lat' dir='ltr'>NOTIE.</span> 
     </span>
    </p>
   </div>
   <div class='ocr_carea' id='block_1_105' title="bbox 193 2698 981 2739">
    <p class='ocr_par' dir='ltr' id='par_1_105' title="bbox 193 2698 981 2739">
     <span class='ocr_line' id='line_1_105' title="bbox 193 2698 981 2739; baseline 0.004 -11"><span class='ocrx_word' id='word_1_774' title='bbox 193 2701 247 2738; x_wconf 85' lang='lat'>(28)</span> <span class='ocrx_word' id='word_1_775' title='bbox 263 2698 405 2737; x_wconf 83' lang='grc' dir='ltr'>Μονόευλα</span> <span class='ocrx_word' id='word_1_776' title='bbox 420 2701 521 2739; x_wconf 81' lang='lat' dir='ltr'><strong>lintres</strong></span> <span class='ocrx_word' id='word_1_777' title='bbox 547 2704 627 2739; x_wconf 83' lang='lat' dir='ltr'><strong>sunt,</strong></span> <span class='ocrx_word' id='word_1_778' title='bbox 643 2711 701 2730; x_wconf 90' lang='lat' dir='ltr'>uno</span> <span class='ocrx_word' id='word_1_779' title='bbox 718 2703 879 2739; x_wconf 81' lang='lat' dir='ltr'><strong>pinguioris</strong></span> <span class='ocrx_word' id='word_1_780' title='bbox 895 2703 981 2739; x_wconf 79' lang='lat' dir='ltr'><strong>arbo-</strong></span> 
     </span>
    </p>
   </div>
   <div class='ocr_carea' id='block_1_106' title="bbox 156 2737 981 2774">
    <p class='ocr_par' dir='ltr' id='par_1_106' title="bbox 156 2737 981 2774">
     <span class='ocr_line' id='line_1_106' title="bbox 156 2737 981 2774; baseline 0.001 -9"><span class='ocrx_word' id='word_1_781' title='bbox 156 2737 198 2766; x_wconf 87' lang='lat' dir='ltr'>ris</span> <span class='ocrx_word' id='word_1_782' title='bbox 220 2739 323 2774; x_wconf 22' lang='lat' dir='ltr'><strong>trrunco</strong></span> <span class='ocrx_word' id='word_1_783' title='bbox 347 2738 489 2774; x_wconf 79' lang='lat' dir='ltr'><strong>excavati,</strong></span> <span class='ocrx_word' id='word_1_784' title='bbox 514 2738 555 2766; x_wconf 86' lang='lat' dir='ltr'>ita</span> <span class='ocrx_word' id='word_1_785' title='bbox 578 2738 656 2774; x_wconf 78' lang='lat' dir='ltr'><strong>leves</strong></span> <span class='ocrx_word' id='word_1_786' title='bbox 681 2737 727 2766; x_wconf 53' lang='grc' dir='ltr'>ατί</span> <span class='ocrx_word' id='word_1_787' title='bbox 737 2737 826 2767; x_wconf 77' lang='lat' dir='ltr'><strong>etiam</strong></span> <span class='ocrx_word' id='word_1_788' title='bbox 849 2738 981 2774; x_wconf 82' lang='lat' dir='ltr'><strong>humeris</strong></span> 
     </span>
    </p>
   </div>
   <div class='ocr_carea' id='block_1_107' title="bbox 156 2772 982 2813">
    <p class='ocr_par' dir='ltr' id='par_1_107' title="bbox 156 2772 982 2813">
     <span class='ocr_line' id='line_1_107' title="bbox 156 2772 982 2813; baseline -0.002 -10"><span class='ocrx_word' id='word_1_789' title='bbox 156 2773 381 2803; x_wconf 84' lang='lat' dir='ltr'><strong>transferantur.</strong></span> <span class='ocrx_word' id='word_1_790' title='bbox 408 2772 549 2813; x_wconf 59' lang='grc' dir='ltr'>Περῖτῶν</span> <span class='ocrx_word' id='word_1_791' title='bbox 575 2773 628 2802; x_wconf 85' lang='grc' dir='ltr'>ἀπὸ</span> <span class='ocrx_word' id='word_1_792' title='bbox 652 2777 703 2810; x_wconf 84' lang='grc' dir='ltr'>τῆς</span> <span class='ocrx_word' id='word_1_793' title='bbox 724 2774 837 2804; x_wconf 84' lang='grc' dir='ltr'>Ῥωσῐας</span> <span class='ocrx_word' id='word_1_794' title='bbox 861 2772 982 2812; x_wconf 68' lang='grc' dir='ltr'>ἐρχομε-</span> 
     </span>
    </p>
   </div>
   <div class='ocr_carea' id='block_1_108' title="bbox 1036 2699 1853 2740">
    <p class='ocr_par' dir='ltr' id='par_1_108' title="bbox 1036 2699 1853 2740">
     <span class='ocr_line' id='line_1_108' title="bbox 1036 2699 1853 2740; baseline -0.001 -11"><span class='ocrx_word' id='word_1_795' title='bbox 1036 2712 1087 2740; x_wconf 80' lang='grc' dir='ltr'>νων</span> <span class='ocrx_word' id='word_1_796' title='bbox 1101 2702 1169 2734; x_wconf 80' lang='grc' dir='ltr'>Ῥῶς</span> <span class='ocrx_word' id='word_1_797' title='bbox 1187 2703 1262 2740; x_wconf 72' lang='grc' dir='ltr'>μετὰ</span> <span class='ocrx_word' id='word_1_798' title='bbox 1275 2704 1328 2730; x_wconf 81' lang='grc' dir='ltr'>τῶν</span> <span class='ocrx_word' id='word_1_799' title='bbox 1347 2703 1504 2740; x_wconf 82' lang='grc' dir='ltr'>μονοξύΛων</span> <span class='ocrx_word' id='word_1_800' title='bbox 1520 2702 1546 2731; x_wconf 74' lang='grc' dir='ltr'>ἐν</span> <span class='ocrx_word' id='word_1_801' title='bbox 1569 2705 1626 2733; x_wconf 84' lang='grc' dir='ltr'>ΚΙΙ.</span> <span class='ocrx_word' id='word_1_802' title='bbox 1650 2699 1853 2732; x_wconf 73' lang='lat' dir='ltr'><strong>Constantinus</strong></span> 
     </span>
    </p>
   </div>
   <div class='ocr_carea' id='block_1_109' title="bbox 1036 2739 1568 2776">
    <p class='ocr_par' dir='ltr' id='par_1_109' title="bbox 1036 2739 1568 2776">
     <span class='ocr_line' id='line_1_109' title="bbox 1036 2739 1568 2776; baseline 0.006 -10"><span class='ocrx_word' id='word_1_803' title='bbox 1036 2739 1073 2767; x_wconf 90' lang='lat' dir='ltr'>de</span> <span class='ocrx_word' id='word_1_804' title='bbox 1087 2740 1169 2768; x_wconf 77' lang='lat' dir='ltr'><strong>Adin.</strong></span> <span class='ocrx_word' id='word_1_805' title='bbox 1185 2739 1258 2776; x_wconf 89' lang='lat' dir='ltr'><strong>imp.</strong></span> <span class='ocrx_word' id='word_1_806' title='bbox 1275 2747 1299 2767; x_wconf 85' lang='grc' dir='ltr'>ο.</span> <span class='ocrx_word' id='word_1_807' title='bbox 1315 2739 1333 2767; x_wconf 86' lang='grc'>9</span> <span class='ocrx_word' id='word_1_808' title='bbox 1347 2739 1462 2769; x_wconf 76' lang='grc' dir='ltr'>άίίῖυεο.</span> <span class='ocrx_word' id='word_1_809' title='bbox 1479 2743 1568 2769; x_wconf 78' lang='lat' dir='ltr'><strong>GOAa.</strong></span> 
     </span>
    </p>
   </div>
  </div>
