1928 3047
175 80 234 110 139

177 145 352 181 cononlcati,
381 146 488 182 partim
511 154 529 174 θ.
553 145 691 174 Romanis
719 144 864 173 assecutis
892 152 942 173 eos
971 145 1001 172 in

177 192 245 227 fuga
261 191 338 219 caesi.
353 192 435 224 Quod
459 191 516 219 nisi
532 199 588 218 nox
607 191 749 227 ingruens
770 190 1000 226 Sphendosthla-

176 236 249 263 bum
264 236 431 272 eripuisset,
447 236 549 271 utique
563 237 592 263 et
606 235 670 271 ipse
696 235 777 263 vivus
801 235 831 262 in
857 235 1000 263 Romano-

176 288 243 308 rum
258 281 388 308 venisset
409 282 594 317 potestatem.
611 280 790 316 Superstites
806 288 822 307 a
838 279 918 307 clade
934 287 1000 307 cum

177 325 254 353 intra
286 326 394 353 mcenia
426 325 585 358 venissent,
615 333 720 360 magno
753 332 820 352 cum
855 324 936 352 luctu
969 332 1002 351 ac

177 369 298 405 planctu
327 372 451 398 mortem
477 370 598 397 Icmoris
624 369 857 405 deploraverunt.
886 369 918 396 Et
945 371 1002 396 Ho-

177 415 258 442 mani
287 423 353 442 cum
381 415 513 442 barbaris
549 414 652 442 occisis
681 413 775 450 spolia
804 413 1000 448 detraherent,

175 460 253 487 inter
273 460 415 487 cadavera
445 460 534 487 etiam
560 459 699 486 mulieres
728 459 903 486 invenerunt
927 458 1002 485 virili

175 504 279 531 habitu
295 506 397 538 tectas,
415 512 477 540 quae
493 504 569 531 inter
586 503 708 531 maritos
730 503 759 531 in
786 503 933 531 Romanos
949 511 1001 538 pu-

175 551 345 582 gnaverant.

175 589 222 622 ϐος
239 592 332 628 αὐτὸς,
349 593 371 619 εἰ
401 593 438 628 μὴ
463 593 507 629 νὺξ
535 592 712 630 ἐπιγενομένη
742 594 837 619 τοῦτον
865 591 1006 629 ἐρρύσατο.

175 637 331 674 γενόμενοι,
360 638 481 665 κωκυτὸν
515 637 558 665 ἐπὶ
588 640 628 673 τῷ
656 640 703 665 τοῦ
730 639 857 674 Ἰκμορος
890 636 996 673 Θανάτῳ

174 681 349 713 σκυλεύοντες
378 683 403 709 οἱ
433 682 563 719 Ῥωμαὶοι
593 682 668 720 εὗρον
707 682 752 710 καὶ
791 684 919 720 γυναῖκας
961 681 988 708 ἐν

177 727 243 763 μετὰ
257 729 310 754 τῶν
327 726 429 765 ἀνδρῶν
446 728 513 764 πρὸς
530 727 685 764 Ῥωμαίους
699 727 914 765 ἀγωνισαμένοις.

209 792 284 819 401
301 791 367 819 Jam
387 791 520 819 barbaris
545 791 622 819 bello
637 791 733 819 omnia
757 792 841 819 erant
866 790 998 818 adversa.

173 835 246 863 Nam
262 843 356 871 neque
367 835 570 872 suppetiarum
582 844 649 871 spes
660 837 806 870 erat,cum
823 837 851 863 et
866 835 998 870 ipsorum

172 880 296 916 gentiles
311 880 412 916 procul
423 882 560 909 abessent
570 882 599 908 et
610 879 741 908 ﬁnitimae
758 880 889 908 barbarae
899 882 998 915 gentes

169 931 188 952 'a
203 924 341 953 Romanis
362 925 418 953 sibi
446 927 612 953 metuentes
637 924 745 952 auxilia
760 924 952 960 denegarent;
970 924 998 951 et

171 972 354 998 commeatus
377 970 458 1006 ipsos
482 970 627 1001 deﬁceret,
644 969 721 1006 quod
751 969 881 996 Romana
904 968 997 996 classe

170 1015 250 1051 ripas
276 1015 497 1043 accuratissime
513 1015 695 1043 custodiente
719 1013 793 1042 nihil
816 1014 858 1041 eis
884 1015 997 1049 poterat

171 1059 344 1095 importari;
378 1060 539 1095 eademque
578 1068 624 1087 res
659 1059 787 1087 obstaret
811 1067 868 1094 quo
898 1058 996 1085 minus

171 1103 278 1132 lembis
294 1104 357 1132 suis
373 1105 511 1140 aufugero
527 1107 657 1140 possent,
675 1112 742 1131 cum
760 1103 878 1131 interim
892 1105 996 1130 Roma-

171 1149 217 1176 nis
233 1149 361 1184 quotidie
376 1149 465 1177 veluti
481 1157 513 1176 ex
530 1149 649 1185 perenni
675 1149 753 1176 fonte
770 1147 869 1176 omnia
893 1147 994 1175 afﬂue-

169 1196 233 1222 rent
247 1194 333 1230 bona,
343 1195 371 1222 et
382 1194 506 1222 subinde
518 1196 669 1230 equestres
683 1195 896 1228 terrestresque
907 1192 994 1227 copiae

168 1239 347 1266 accederent.
361 1239 465 1274 Itaque
479 1238 635 1266 concilium
652 1241 771 1274 cogunt.
783 1237 825 1265 lbi
842 1237 891 1265 alii
907 1239 994 1264 noctu

167 1282 270 1310 furtim
295 1282 507 1318 aufugiendum
527 1283 696 1315 censebant,
722 1281 770 1310 alii
794 1284 993 1309 Romanorum

166 1327 255 1355 ﬁdem
284 1335 442 1363 pacemque
471 1327 698 1363 implorandam,
716 1329 806 1362 atque
834 1326 876 1353 ita
899 1325 994 1361 (aliter

166 1373 246 1400 enim
262 1381 320 1400 non
341 1372 437 1408 licere)
454 1373 574 1400 domum
599 1373 781 1400 redeundum
799 1381 805 1400 :
823 1372 889 1399 aliis
913 1371 992 1399 aliud

166 1425 219 1453 pro
232 1425 263 1445 re
273 1419 342 1445 nata
351 1417 514 1445 videbatur.
528 1417 667 1445 Omnium
679 1419 776 1445 tamen
788 1425 821 1445 eo
833 1416 993 1445 tendebant

166 1462 331 1496 sententiae,
343 1461 411 1489 belli
425 1462 514 1490 ﬁnem
529 1471 593 1490 esse
608 1461 784 1490 faciendum.
796 1463 832 1489 At
840 1461 991 1497 Sphendo-

167 1506 303 1535 sthlabus
328 1506 439 1534 bortari
469 1508 501 1534 ut
523 1507 619 1535 adhuc
643 1506 733 1535 semel
758 1514 826 1534 cum
854 1505 992 1534 Romanis

168 1551 306 1587 congredi
320 1550 438 1586 vellent,
454 1553 482 1578 et
496 1551 541 1579 vel
565 1551 678 1579 fortiter
701 1551 858 1587 pugnando
874 1558 924 1578 eos
939 1550 991 1578 de-

167 1596 296 1632 vincere,
305 1596 349 1623 vel
360 1596 385 1624 si
395 1596 515 1624 victoria
525 1596 614 1632 potiri
626 1605 683 1624 non
695 1596 823 1629 daretur,
833 1595 990 1631 gloriosam

168 1642 256 1676 atque
277 1640 391 1669 felicem
420 1642 544 1668 mortem
571 1641 750 1676 turpissimae
775 1642 862 1676 atque
886 1640 988 1668 infami

167 1685 232 1712 vitas
257 1685 401 1721 praeferre.
423 1686 476 1718 Qui
499 1685 577 1713 enim
602 1686 692 1712 vitam
716 1685 867 1713 toleraturi
891 1687 990 1713 essent

167 1730 238 1766 fuga
253 1730 674 1764 servatam,contemnentibus
689 1729 768 1765 ipsos
785 1738 871 1766 porro
887 1729 991 1758 Vicinis

166 1774 294 1810 populis,
307 1774 416 1810 quibus
431 1777 518 1802 antea
539 1775 643 1802 terrori
659 1774 803 1802 fuissent?
818 1775 858 1802 Ea
873 1777 990 1802 senten-

166 1819 207 1847 tia
222 1819 344 1855 placuit,
355 1819 527 1855 assensique
547 1822 616 1847 sunt
632 1827 744 1853 omnes,
757 1821 786 1847 et
805 1818 927 1855 polliciti
943 1828 990 1847 ex-

166 1865 294 1891 tremum
314 1864 390 1891 408
407 1872 438 1891 se
454 1872 505 1900 pro
521 1864 581 1891 vita
596 1873 650 1892 sua
665 1867 812 1892 certamen
834 1872 950 1891 summa
965 1864 991 1891 vi

167 1908 310 1936 obituros.
323 1908 464 1936 Postridie
479 1916 546 1944 ergo
564 1909 690 1936 universi
705 1910 776 1936 urbe
792 1911 907 1942 exeunt,
925 1917 992 1944 por-

168 1955 274 1988 tasque
286 1952 436 1987 claudunt,
451 1961 486 1980 ne
497 1953 564 1988 quis
579 1954 607 1980 in
622 1954 721 1981 urbem
733 1962 748 1981 e
760 1954 829 1989 fuga
845 1954 993 1989 pervenire

169 1997 273 2033 possit.
287 1997 448 2024 Commisso
477 1997 576 2033 pretio
605 1998 710 2025 acriter
740 2000 897 2033 pugnatur.
926 1997 992 2025 Jam

170 2041 305 2069 barbaris
320 2041 452 2069 animose
472 2042 684 2077 pugnantibus,
701 2042 824 2069 Romani
847 2045 876 2069 et
897 2042 994 2077 gravis

171 2094 230 2114 sua:
246 2087 402 2113 armatura;
422 2086 550 2121 pondere
565 2088 593 2113 et
608 2085 678 2114 solis
694 2094 795 2114 sereno
812 2087 933 2114 meridie
948 2096 994 2114 ar-

171 2131 240 2158 dore
256 2138 288 2158 ac
304 2129 352 2157 siti
375 2129 515 2166 languere
538 2129 727 2166 incipiebant,
744 2139 811 2159 cum
837 2131 996 2167 imperator

171 2183 202 2203 re
219 2175 422 2203 animadversa
434 2175 580 2202 succurrit
592 2184 658 2203 cum
674 2177 748 2209 suis,
760 2179 788 2203 et
804 2176 932 2204 hostium
947 2184 995 2204 ve-

170 2218 326 2247 hementia
337 2227 367 2246 se
383 2219 493 2254 objicit,
507 2222 645 2255 utrasque
661 2220 778 2248 interim
795 2229 871 2256 aqua
882 2223 908 2248 ct
927 2221 994 2249 vino

171 2264 272 2298 plenos
283 2263 378 2291 afferri
395 2263 485 2299 jubet.
498 2263 567 2292 Inde
579 2273 652 2300 quos
664 2269 754 2293 aestus
765 2273 797 2292 ac
810 2265 874 2293 silis
885 2265 994 2293 afﬂixe-

171 2310 215 2336 rat
240 2308 359 2336 recreati
374 2307 500 2336 violento
524 2308 635 2345 impetu
661 2309 690 2337 in
714 2309 836 2346 Scythas
861 2310 992 2344 irruunt;

170 2352 265 2389 iisque
289 2352 427 2380 audacter
451 2353 694 2388 subsistentibus,
715 2354 888 2390 aliquandiu
912 2363 995 2391 aequo

171 2397 263 2425 Marte
280 2400 441 2433 pugnatum
466 2402 518 2425 est.
535 2399 663 2426 Tandem
687 2399 845 2434 imperator
865 2400 994 2427 sentiens

170 2441 226 2470 loci
243 2442 410 2478 angustiam
433 2442 533 2470 virtuti
556 2451 677 2470 suorum
702 2444 818 2471 obstare
833 2452 865 2471 ac
881 2444 995 2480 Scythis

172 2494 206 2514 eo
221 2487 334 2514 animos
350 2486 460 2522 augeri,
472 2487 594 2515 mandat
608 2488 733 2515 ducibus
748 2490 780 2515 ut
795 2490 870 2515 retro
886 2489 915 2516 in
933 2489 994 2525 pla-

173 2531 274 2558 nitiem
304 2531 404 2567 procul
429 2531 464 2558 ab
489 2532 561 2559 urbe
588 2532 743 2566 abducant,
761 2532 995 2569 fugientiumque

173 2575 299 2611 speciem
316 2584 373 2603 non
390 2576 480 2604 etl‘use
495 2576 544 2603 sed
565 2576 675 2603 sensim
692 2577 819 2604 cedendo
836 2577 993 2613 prmbeant,

172 2623 260 2656 atque
274 2620 325 2648 ubi
342 2620 454 2647 hostem
479 2619 562 2654 longe
578 2620 614 2648 ab
630 2621 702 2649 urbe
725 2621 884 2657 avocarint,
896 2622 993 2650 subito

170 2665 254 2700 equis
278 2664 426 2692 conversis
450 2664 668 2700 aggrediantur.
683 2666 770 2694 iussa
792 2669 994 2702 exsequuntur

169 2710 270 2737 duces.
287 2709 320 2736 Et
343 2709 428 2737 Ros'si
443 2709 579 2737 cedentes
594 2711 740 2738 Romanos
755 2711 856 2747 fugere
870 2711 992 2748 opinati,

169 2755 273 2783 mutuo
283 2761 347 2783 sese
357 2752 511 2789 exhortati,
519 2761 626 2792 magno
637 2762 703 2784 cum
718 2755 837 2784 fremitu
852 2764 901 2786 eos
914 2757 990 2786 409

855 77 1012 109 GEORGiI
1034 77 1203 109 CEDRENI

1006 1664 1027 1697 ί]

1818 84 1874 114 HO

1015 149 1043 183 Α
1057 143 1143 172 ἔκειτο
1159 145 1260 181 πεσὼν,
1288 146 1302 173 ό
1327 145 1350 173 δ’
1380 147 1496 184 Ἀνεμᾶς
1518 147 1614 182 ἀσινὴς
1640 146 1770 181 ἐπανῆκεν
1792 149 1828 178 εἰς
1842 151 1872 178 τὸ

1056 189 1346 228 στρατοπεδον.⁷Ηρθη
1373 191 1416 219 ἐπὶ
1442 191 1482 228 τῷ
1508 191 1581 230 ἔργῳ
1610 193 1686 231 φωνή
1716 195 1870 233 παμμιγὴς,

1054 237 1108 262 τῶν
1135 235 1181 270 μὲν
1211 236 1353 272 Ῥωμαίων
1380 235 1572 272 ἀλαλαξάντων
1598 237 1642 264 ἐπὶ
1668 239 1702 274 τῇ
1733 238 1804 276 νίκῃ,
1819 242 1870 267 τῶν

1057 276 1085 305 δὲ
1115 279 1225 311 Σκυθὼν
1255 280 1370 316 ἀσήμως
1409 281 1596 316 ύλολυξάντων
1632 282 1676 309 καὶ
1704 286 1754 317 τῆς
1774 284 1869 311 ἑαυτῶν

1058 322 1224 351 ὑπενδόντων
1248 324 1405 356 ἐνστάσεως.
1431 324 1645 363 Ἐπιϐρισάντων
1674 325 1702 354 δὲ
1731 330 1784 355 τῶν
1807 328 1870 356 Ῥω-

1059 368 1146 404 μαίων
1171 368 1208 400 εἷς
1238 370 1328 406 φυγὴν
1358 369 1540 407 ἕγκεκλίκασι,
1570 371 1614 398 καὶ
1642 371 1747 403 ἀκλιῶς
1771 372 1807 403 εἷς
1822 374 1869 407 τὴν

1055 412 1138 440 πόλιν
1154 412 1298 447 ἐσωζοντο.
1325 414 1437 442 Ἐπεσον
1463 414 1492 442 δὲ
1517 415 1620 443 πολλοὶ
1644 417 1712 443 κατὰ
1729 415 1810 452 τήνδε
1823 418 1868 452 τήν

1057 458 1174 495 ἡμέραν,
1188 458 1232 484 ὐπ’
1250 458 1381 494 ἀλλήλων
1405 470 1434 487 τε
1457 461 1678 497 συμπατούμενοι
1693 460 1738 488 διὰ
1752 463 1799 496 τὴν
1816 473 1868 490 στε-

1056 503 1193 539 νοχωρίαν
1218 503 1262 529 καὶ
1293 503 1345 530 ὑπὸ
1365 505 1508 540 Ῥωμαίων
1535 505 1714 544 σψαττόμενοι
1735 508 1774 542 τῷ
1793 517 1870 535 κατα-

1059 544 1253 582 λαμϐάνεσθαι.
1267 551 1371 585 Μικροῦ
1395 547 1421 576 δ’
1443 547 1472 576 ἄν
1499 549 1572 577 ἑάλω
1598 549 1643 578 καὶ
1659 551 1672 578 ὁ
1689 549 1870 588 Σφενδοσθλά-

1035 591 1068 619 Οἱ
1097 590 1126 618 δὲ
1153 592 1199 618 τὸν
1229 591 1352 620 κίνδυνον
1380 592 1545 632 διαδράντες,
1562 594 1636 626 ἐντὸς
1656 597 1705 622 τοῦ
1727 593 1870 634 περιϐόλου

1037 635 1119 674 μέγαν
1149 636 1290 674 ἐκόψαντο.
1321 638 1392 670 Τοὺς
1423 638 1452 666 δὲ
1479 639 1610 671 πεσόντας
1634 642 1688 668 τῶν
1721 638 1869 679 βαρϐάρων,

1027 683 1085 712 τοῖς
1122 681 1305 719 ἀνῃρημένοις
1330 683 1457 720 κειμένας
1483 683 1615 722 ἀνδρικῶς
1640 685 1805 722 ἐσταλμένας
1828 686 1869 713 καὶ

1092 789 1166 817 Ἐπεὶ
1196 788 1224 817 δὲ
1251 793 1310 822 τοῖς
1340 788 1488 829 βαρϐάροις
1517 795 1608 824 κακῶς
1636 792 1745 831 ἐφέρετο
1774 794 1807 820 τὰ
1824 795 1869 821 τοῦ

1053 832 1177 870 πολέμου
1192 834 1236 861 καὶ
1253 835 1410 873 ξυμμαχίας
1434 836 1466 870 ἦν
1491 836 1570 869 ἐλπὶς
1584 835 1710 874 οὐδαμοῦ
1725 836 1769 874 (οἷ’
1780 848 1809 865 τε
1821 838 1868 875 γὰρ

1054 877 1191 915 ὁμόφυλοι
1207 879 1276 913 ἦσαν
1303 880 1417 918 μακρὰν,
1442 881 1537 908 καὶτὰ
1560 881 1648 919 ὅμορα
1673 879 1799 920 Βάρϐαρα
1818 884 1867 910 τῶν

1053 922 1136 954 ἐθνῶν
1153 922 1274 951 δείσαντα
1300 924 1363 956 τοὺς
1387 925 1539 962 Ῥωμαίους
1565 926 1712 954 ἀπείπαντο
1738 927 1786 961 τήν
1809 927 1869 965 βοή-

1013 980 1036 1013 B
1052 972 1124 1013 θειαν
1138 977 1145 983 ³
1162 968 1333 996 ἐπελελοίπει
1357 968 1380 996 δ’
1404 969 1502 1001 αὐτοὺς
1525 971 1570 998 καὶ
1593 971 1626 998 τὰ
1649 970 1804 1006 ἐπιπήδεια,
1826 971 1867 999 καὶ

1052 1010 1204 1048 οὐδαμόθεν
1232 1013 1435 1050 εἶσκομίσασθαι
1461 1013 1572 1043 δυνατὸν
1592 1016 1638 1051 ἦν,
1653 1018 1701 1043 τοῦ
1717 1016 1867 1052 Ῥωμαϊκοῦ

1052 1056 1151 1084 στόλου
1166 1057 1214 1089 τὰς
1240 1056 1325 1096 ὄχθας
1346 1057 1466 1097 ἀκριϐῶς
1491 1062 1642 1097 τηροῦντος
1665 1063 1713 1087 τοῦ
1732 1063 1865 1098 ποταμοῦ-

1052 1100 1159 1139 ἰπέρῥει
1185 1101 1212 1129 δὲ
1240 1103 1283 1130 καὶ
1308 1106 1365 1134 τοῖς
1387 1104 1533 1141 Ῥωμαίοις
1563 1105 1678 1140 ἑκάστης
1706 1105 1809 1143 ἡμέρας
1833 1106 1866 1136 ὡς

1050 1145 1080 1174 ἔκ
1094 1157 1169 1178 τινος
1196 1147 1314 1186 ἀφθόνου
1338 1152 1431 1186 πηγῆς
1455 1150 1541 1177 πάντα
1563 1150 1597 1177 τὰ
1620 1149 1716 1187 ἀγαθὰ,
1733 1150 1776 1177 καὶ
1791 1150 1865 1178 ἱππι-

1049 1191 1094 1219 καὶ
1110 1191 1155 1218 καὶ
1171 1192 1277 1226 πεζικαὶ
1307 1191 1434 1229 δυνάμεις
1459 1192 1504 1220 διὰ
1531 1194 1629 1225 παντὸς
1653 1194 1862 1233 προσετίθεντο·

1048 1236 1092 1263 καὶ
1109 1235 1171 1264 οὐδὲ
1190 1239 1248 1268 τοῖς
1272 1236 1410 1272 κιλητίοις
1435 1238 1536 1265 ὲαυτῶν
1562 1237 1700 1275 ἐμϐάντας
1721 1238 1865 1276 ἀποδρᾶναι

1047 1280 1080 1314 ἧν
1100 1279 1222 1315 δυνατὸν,
1238 1283 1291 1308 τῶν
1317 1280 1456 1319 διεξόδων,
1481 1282 1518 1313 ὡς
1544 1282 1668 1320 εἴπομεν,
1686 1281 1802 1321 ἀκριϐῶς
1819 1295 1863 1321 φυ-

1049 1325 1246 1362 λαττομένων),
1262 1323 1421 1362 συμϐουλὴν
1447 1327 1645 1364 συστησάμενοι
1671 1327 1699 1356 οῗ
1715 1329 1762 1365 μὲν
1776 1329 1863 1360 νυκτὸς

1048 1367 1241 1397 συνεϐούλευον
1266 1370 1364 1408 κλέψαι
1390 1372 1440 1406 τήν
1465 1372 1653 1410 ἀναχώρησιν,
1681 1372 1762 1400 ἄλλοι
1784 1372 1810 1401 δὲ
1825 1372 1862 1400 δε-

1048 1414 1104 1448 ξιὰς
1127 1414 1171 1442 καὶ
1195 1414 1297 1446 πίστεις
1320 1415 1393 1453 παρὰ
1419 1417 1560 1453 Ῥωμαίων
1584 1417 1744 1453 αἰτήσασθαι
1771 1418 1811 1445 οἶα
1828 1418 1862 1455 μή

1048 1457 1142 1490 ἄλλως
1170 1457 1285 1494 δυνατῆς
1310 1459 1393 1496 ούσης
1419 1461 1469 1496 τὴς
1493 1461 1712 1499 ὑποχωρήσεως,
1729 1462 1772 1489 καὶ
1796 1461 1862 1490 οὕτω

1047 1504 1115 1541 πρὸς
1129 1503 1162 1531 τὰ
1185 1502 1271 1531 οῗκεῖα
1291 1503 1401 1542 ἄπᾶραι.
1426 1506 1474 1532 Καὶ
1499 1504 1592 1533 ἄλλων
1619 1505 1657 1537 ὥς
1678 1517 1716 1542 πη
1733 1507 1861 1543 ἑκάστῳὸ

1046 1548 1141 1585 καιρὸς
1166 1547 1257 1576 ἐδίδου
1283 1547 1556 1586 συμϐουλευσάντων.
1580 1551 1689 1579 πάντων
1707 1550 1735 1579 δὲ
1748 1550 1862 1586 καθάπαξ

1046 1593 1204 1620 καταθέσθαι
1232 1593 1278 1621 τὸν
1305 1593 1427 1630 πόλεμον
1465 1594 1683 1632 ἐπιθυμούντων,
1713 1597 1726 1624 ὁ
1752 1594 1860 1635 Σφενδο-

1047 1634 1165 1669 σθλάϐος
1187 1637 1304 1675 παφῄνει
1331 1637 1438 1675 μᾶλλον
1463 1636 1502 1666 ἔτι
1528 1639 1596 1675 ἅπαξ
1619 1640 1776 1677 πολεμῆσαι
1799 1641 1860 1667 Ῥωη

1048 1682 1150 1718 μαίοις,
1167 1683 1211 1710 καὶ
1226 1682 1243 1717 ἤ
1273 1682 1366 1714 καλῶς
1391 1682 1610 1721 ἅγωνισαμένους
1636 1684 1788 1722 ἐπικρατεῖς
1809 1687 1858 1711 τῶν

1046 1725 1169 1755 ἐναντίων
1185 1728 1317 1764 γενέσθαι,
1334 1727 1352 1762 ἤ
1376 1729 1541 1763 ἡττηθέννας
1567 1728 1713 1766 αἰσχίστης
1736 1732 1805 1765 ζωῆς
1819 1729 1859 1756 καὶ

1046 1770 1232 1799 ἐπονειδίστου
1261 1772 1359 1802 εὐκλεᾶ
1392 1772 1436 1799 καὶ
1477 1774 1608 1811 μακάριον
1648 1775 1863 1811 προτιμήσασθαι

1047 1817 1158 1848 θάνατον
1177 1825 1184 1832 '
1201 1813 1317 1844 ἀϐίωτον
1333 1817 1383 1855 γὰρ
1411 1815 1484 1844 ἔσται
1508 1817 1602 1850 αὐτοῖς
1624 1817 1739 1856 δρασμῷ
1752 1820 1798 1853 τήν
1814 1829 1862 1846 σω-

1045 1861 1140 1898 τηρίαν
1163 1862 1367 1898 πορισαμέέοις,
1392 1861 1467 1899 εἷ’περ
1494 1862 1621 1899 μέλλοιεν
1650 1863 1864 1901 εὐκαταρφρὸνηι

1046 1916 1088 1932 τοι
1105 1903 1208 1938 ἔσεσθαι
1242 1909 1300 1938 τοῖς
1326 1909 1491 1944 γειτονοῦσιν
1517 1905 1629 1943 ἔθνεσιν,
1654 1907 1670 1935 ἃ
1693 1909 1724 1935 τὸ
1751 1909 1861 1945 προσθεν

1047 1949 1146 1981 αὐτοὺς
1173 1949 1307 1978 ἐδεδίεσαν
1334 1949 1466 1989 σφοδρῶς.
1498 1953 1539 1988 [Ρ.
1552 1953 1615 1988 680]
1639 1955 1750 1990 *Ηρεσεν
1779 1954 1795 1988 ἡ
1819 1954 1863 1980 τοῦ

1049 1992 1277 2033 Σφενδοσθλάϐου
1308 1995 1409 2033 βουλὴ,
1444 1996 1489 2023 καὶ
1524 1997 1665 2025 κατέθεντο
1699 1997 1793 2028 πάντες
1821 1998 1862 2024 τὸν

1050 2039 1115 2077 ὑπὶρ
1131 2041 1223 2077 ψυχῆς
1239 2037 1353 2078 ἔσχατον
1379 2039 1556 2078 ἀναδέχεσθαι
1580 2040 1704 2070 κίνδυνον
1719 2045 1776 2074 ταῖς
1792 2041 1864 2074 ὅλαις

1050 2083 1189 2120 δυνάμεσι.
1218 2086 1256 2121 Τῇ
1283 2087 1349 2122 γοῦν
1379 2085 1491 2122 ἐπιούσῃ
1520 2085 1674 2121 ἐξελθόντες
1699 2089 1747 2114 τοῦ
1775 2086 1863 2117 ἄστεος

1049 2128 1197 2166 πανδημεὶ,
1220 2129 1265 2157 καὶ
1288 2130 1335 2160 τὰς
1358 2129 1446 2161 πύλας
1471 2130 1693 2168 ἀποκλείσαντες,
1709 2132 1747 2163 ὡς
1762 2133 1799 2169 μή
1814 2141 1862 2159 τινι

1050 2172 1160 2201 δυνατὸν
1177 2173 1219 2209 ε.ἷῆ
1243 2174 1370 2211 τραπέντι
1393 2173 1571 2210 διασώζεσθαι
1600 2176 1669 2213 πρὸς
1697 2177 1746 2211 τὴν
1774 2175 1862 2211 πόλιν,

1049 2216 1237 2255 συμϐάλλουσι
1267 2222 1326 2250 τοῖς
1354 2219 1511 2255 Ῥωμαίοις.
1542 2220 1659 2258 Ἀγῶνος
1690 2220 1718 2249 δὲ
1738 2222 1862 2259 καρτεροῦ

1050 2264 1195 2294 συστάντος
1220 2264 1265 2291 καὶ
1288 2266 1342 2291 τῶν
1369 2261 1511 2302 βαρϐάρων
1548 2264 1676 2303 εὐψύχως
1705 2265 1862 2303 ἀγωνιζομέ-

1049 2319 1114 2342 νων,
1129 2311 1169 2344 τῷ
1183 2308 1256 2345 ἡλίῳ
1271 2309 1452 2345 καυσούμενοι
1478 2309 1502 2336 οἱ
1523 2309 1655 2346 Ῥωμαῖοι
1670 2310 1716 2338 καὶ
1731 2309 1800 2347 δίψει
1814 2320 1863 2337 πο-

1010 2351 1034 2384 D
1049 2353 1177 2389 νούμενοι
1193 2354 1230 2384 ὡς
1241 2353 1407 2381 πανοπλῖται
1432 2353 1475 2390 (ἦν
1498 2353 1549 2392 γὰρ
1560 2354 1608 2381 ,καὶ
1625 2355 1745 2393 σταθηρὰ
1760 2365 1861 2392 μεσημ-

1050 2395 1113 2433 ϐρία
1129 2396 1255 2436 (ἤρξαντο
1281 2397 1424 2426 ἐνδιδόναι.
1451 2399 1535 2436 Ὅπερ
1563 2398 1724 2435 αἰσθόμενος
1748 2400 1761 2426 ὁ
1788 2400 1860 2437 βασι-

1049 2441 1112 2474 λεὺς
1134 2441 1177 2470 διὰ
1197 2443 1303 2481 ταχέων
1331 2442 1397 2479 μετὰ
1421 2443 1474 2470 τῶν
1493 2443 1555 2480 περὶ
1584 2443 1662 2471 αὐτὸν
1688 2441 1804 2479 ἐϐοήθει,
1819 2442 1860 2471 καὶ

1050 2486 1128 2518 αὐτὸς
1146 2487 1194 2523 μὲν
1209 2488 1257 2522 τήν
1283 2488 1373 2524 ἀκμὴν
1401 2486 1543 2522 ὑπεδέξατο
1567 2489 1616 2515 τοῦ
1634 2487 1769 2525 πολέμου,
1783 2490 1820 2523 τῷ
1835 2486 1861 2514 δὲ

1047 2531 1214 2568 πεπονηκότι
1233 2532 1411 2570 στρατεύματι
1438 2532 1488 2559 ὑπὸ
1512 2531 1595 2566 ἡλίου
1612 2533 1655 2559 καὶ
1669 2531 1750 2569 δίψης
1767 2531 1860 2562 ἀσκοὺς

1049 2575 1125 2604 oi'vou
1150 2576 1194 2603 καὶ
1223 2575 1322 2604 {iam-con
1350 2575 1466 2614 πλήρεις
1493 2576 1636 2614 προσέταξε
1660 2576 1790 2613 κομίζειν.
1815 2575 1860 2606 Οἷς

1047 2622 1216 2659 χρησάμενοι
1231 2621 1276 2649 καὶ
1291 2621 1340 2656 τὴν
1358 2619 1435 2658 δίψαν
1459 2620 1504 2648 καὶ
1527 2620 1573 2648 τὸν
1588 2623 1636 2648 τοῦ
1648 2621 1730 2655 ἡλίου
1742 2620 1860 2648 καύσωνα

1047 2666 1280 2704 ἀποκρουσάμενοι
1303 2665 1348 2693 καὶ
1370 2664 1480 2696 ἑαυτοὺς
1505 2663 1684 2697 ἀναλαϐόντες
1715 2666 1780 2702 μετὰ
1797 2675 1858 2703 σφο-

1047 2709 1177 2748 δρότητος
1201 2711 1247 2739 καὶ
1273 2710 1364 2749 ῥύμης
1383 2712 1441 2740 τοῖς
1463 2708 1580 2742 Σκύθαις
1603 2709 1756 2748 ἰπὲῥραξαν.
1777 2710 1857 2738 Ἥκει-

1045 2766 1098 2786 νων
1115 2754 1144 2785 δὶ
1157 2756 1285 2796 γενναίως
1308 2753 1515 2793 ὑποδεξαμένων
1536 2755 1569 2791 ἦν
1586 2755 1603 2792 ἠ
1621 2755 1698 2795 μάχη
1715 2753 1856 2792 ἰσοπαλῆς,
