  <div class='ocr_page' id='page_1' title='image "/cluster/home/n/w/nwhite01/storage/ocr_20150623/122/njp.32101077773016/083.png"; bbox 0 0 1928 3047; ppageno 0'>
   <div class='ocr_carea' id='block_1_1' title="bbox 189 118 248 148">
    <p class='ocr_par' dir='ltr' id='par_1_1' title="bbox 189 118 248 148">
     <span class='ocr_line' id='line_1_1' title="bbox 189 118 248 148; baseline -0.017 0"><span class='ocrx_word' id='word_1_1' title='bbox 189 118 248 148; x_wconf 70' lang='grc'>143</span> 
     </span>
    </p>
   </div>
   <div class='ocr_carea' id='block_1_2' title="bbox 871 117 1224 150">
    <p class='ocr_par' dir='ltr' id='par_1_2' title="bbox 871 117 1224 150">
     <span class='ocr_line' id='line_1_2' title="bbox 871 117 1224 150; baseline 0 -2"><span class='ocrx_word' id='word_1_2' title='bbox 871 117 1031 149; x_wconf 79' lang='lat' dir='ltr'>GEORGII</span> <span class='ocrx_word' id='word_1_3' title='bbox 1054 117 1224 150; x_wconf 83' lang='lat' dir='ltr'>CEDRENI</span> 
     </span>
    </p>
   </div>
   <div class='ocr_carea' id='block_1_3' title="bbox 1835 121 1892 153">
    <p class='ocr_par' dir='ltr' id='par_1_3' title="bbox 1835 121 1892 153">
     <span class='ocr_line' id='line_1_3' title="bbox 1835 121 1892 153; baseline -0.035 0"><span class='ocrx_word' id='word_1_4' title='bbox 1835 121 1892 153; x_wconf 69' lang='grc'>144</span> 
     </span>
    </p>
   </div>
   <div class='ocr_carea' id='block_1_4' title="bbox 188 182 987 224">
    <p class='ocr_par' dir='ltr' id='par_1_4' title="bbox 188 182 983 219">
     <span class='ocr_line' id='line_1_4' title="bbox 188 182 983 219; baseline 0 -7"><span class='ocrx_word' id='word_1_5' title='bbox 188 183 232 212; x_wconf 82' lang='lat' dir='ltr'>sis</span> <span class='ocrx_word' id='word_1_6' title='bbox 248 182 328 211; x_wconf 85' lang='lat' dir='ltr'>ﬁlius</span> <span class='ocrx_word' id='word_1_7' title='bbox 347 184 473 213; x_wconf 79' lang='lat' dir='ltr'>Anemas</span> <span class='ocrx_word' id='word_1_8' title='bbox 495 191 570 219; x_wconf 89' lang='lat' dir='ltr'>equo</span> <span class='ocrx_word' id='word_1_9' title='bbox 592 183 647 212; x_wconf 85' lang='lat' dir='ltr'>hac</span> <span class='ocrx_word' id='word_1_10' title='bbox 662 183 728 212; x_wconf 88' lang='lat' dir='ltr'>illae</span> <span class='ocrx_word' id='word_1_11' title='bbox 744 184 864 212; x_wconf 83' lang='lat' dir='ltr'>obverso</span> <span class='ocrx_word' id='word_1_12' title='bbox 879 186 908 212; x_wconf 90' lang='lat' dir='ltr'>et</span> <span class='ocrx_word' id='word_1_13' title='bbox 930 183 983 212; x_wconf 87' lang='lat' dir='ltr'>veh</span> 
     </span>
    </p>
   </div>
   <div class='ocr_carea' id='block_1_5' title="bbox 1063 182 1891 224">
    <p class='ocr_par' dir='ltr' id='par_1_5' title="bbox 1074 182 1891 222">
     <span class='ocr_line' id='line_1_5' title="bbox 1074 182 1891 222; baseline 0.004 -11"><span class='ocrx_word' id='word_1_14' title='bbox 1074 183 1120 212; x_wconf 81' lang='grc' dir='ltr'>τὸν</span> <span class='ocrx_word' id='word_1_15' title='bbox 1147 184 1205 211; x_wconf 74' lang='grc' dir='ltr'>υἱὸν</span> <span class='ocrx_word' id='word_1_16' title='bbox 1230 182 1432 212; x_wconf 86' lang='grc' dir='ltr'>Κωνσταντίνου</span> <span class='ocrx_word' id='word_1_17' title='bbox 1458 185 1507 211; x_wconf 81' lang='grc' dir='ltr'>τοῦ</span> <span class='ocrx_word' id='word_1_18' title='bbox 1532 183 1678 222; x_wconf 82' lang='grc' dir='ltr'>βασιλέως,</span> <span class='ocrx_word' id='word_1_19' title='bbox 1692 186 1740 213; x_wconf 72' lang='grc' dir='ltr'>τοῦ</span> <span class='ocrx_word' id='word_1_20' title='bbox 1767 185 1825 214; x_wconf 82' lang='grc' dir='ltr'>υἱοῦ</span> <span class='ocrx_word' id='word_1_21' title='bbox 1845 189 1891 214; x_wconf 80' lang='grc' dir='ltr'>τοῦ</span> 
     </span>
    </p>
   </div>
   <div class='ocr_carea' id='block_1_6' title="bbox 189 228 1014 264">
    <p class='ocr_par' dir='ltr' id='par_1_6' title="bbox 189 228 1014 264">
     <span class='ocr_line' id='line_1_6' title="bbox 189 228 1014 264; baseline 0 -8"><span class='ocrx_word' id='word_1_22' title='bbox 189 230 302 256; x_wconf 88' lang='lat' dir='ltr'>menter</span> <span class='ocrx_word' id='word_1_23' title='bbox 317 228 482 256; x_wconf 77' lang='lat' dir='ltr'>calcaribus</span> <span class='ocrx_word' id='word_1_24' title='bbox 496 229 627 263; x_wconf 86' lang='lat' dir='ltr'>incitato,</span> <span class='ocrx_word' id='word_1_25' title='bbox 641 229 778 256; x_wconf 78' lang='lat' dir='ltr'>audacter</span> <span class='ocrx_word' id='word_1_26' title='bbox 794 229 822 256; x_wconf 93' lang='lat' dir='ltr'>in</span> <span class='ocrx_word' id='word_1_27' title='bbox 840 229 938 264; x_wconf 87' lang='lat' dir='ltr'>ipsum</span> <span class='ocrx_word' id='word_1_28' title='bbox 956 229 1014 256; x_wconf 82' lang='lat' dir='ltr'>fer-</span> 
     </span>
    </p>
   </div>
   <div class='ocr_carea' id='block_1_7' title="bbox 189 273 1016 309">
    <p class='ocr_par' dir='ltr' id='par_1_7' title="bbox 189 273 1016 309">
     <span class='ocr_line' id='line_1_7' title="bbox 189 273 1016 309; baseline 0.001 -9"><span class='ocrx_word' id='word_1_29' title='bbox 189 275 238 300; x_wconf 90' lang='lat' dir='ltr'>tur</span> <span class='ocrx_word' id='word_1_30' title='bbox 252 273 554 308; x_wconf 87' lang='lat' dir='ltr'>Spbendosthlabum,</span> <span class='ocrx_word' id='word_1_31' title='bbox 566 273 724 309; x_wconf 81' lang='lat' dir='ltr'>hostilique</span> <span class='ocrx_word' id='word_1_32' title='bbox 741 273 885 309; x_wconf 77' lang='lat' dir='ltr'>phalange</span> <span class='ocrx_word' id='word_1_33' title='bbox 901 273 1016 301; x_wconf 89' lang='lat' dir='ltr'>divulsa</span> 
     </span>
    </p>
   </div>
   <div class='ocr_carea' id='block_1_8' title="bbox 190 317 1014 354">
    <p class='ocr_par' dir='ltr' id='par_1_8' title="bbox 190 317 1014 354">
     <span class='ocr_line' id='line_1_8' title="bbox 190 317 1014 354; baseline 0.002 -10"><span class='ocrx_word' id='word_1_34' title='bbox 190 317 321 353; x_wconf 75' lang='lat' dir='ltr'>gladium</span> <span class='ocrx_word' id='word_1_35' title='bbox 336 318 362 345; x_wconf 90' lang='lat' dir='ltr'>ei</span> <span class='ocrx_word' id='word_1_36' title='bbox 389 318 419 345; x_wconf 91' lang='lat' dir='ltr'>in</span> <span class='ocrx_word' id='word_1_37' title='bbox 444 318 573 345; x_wconf 88' lang='lat' dir='ltr'>medium</span> <span class='ocrx_word' id='word_1_38' title='bbox 602 321 690 353; x_wconf 82' lang='lat' dir='ltr'>caput</span> <span class='ocrx_word' id='word_1_39' title='bbox 713 318 830 353; x_wconf 83' lang='lat' dir='ltr'>inﬂigit,</span> <span class='ocrx_word' id='word_1_40' title='bbox 847 326 938 354; x_wconf 87' lang='lat' dir='ltr'>eoque</span> <span class='ocrx_word' id='word_1_41' title='bbox 954 318 1014 346; x_wconf 87' lang='lat' dir='ltr'>ictu</span> 
     </span>
    </p>
   </div>
   <div class='ocr_carea' id='block_1_9' title="bbox 191 362 1014 398">
    <p class='ocr_par' dir='ltr' id='par_1_9' title="bbox 191 362 1014 398">
     <span class='ocr_line' id='line_1_9' title="bbox 191 362 1014 398; baseline 0.002 -10"><span class='ocrx_word' id='word_1_42' title='bbox 191 369 266 397; x_wconf 89' lang='lat' dir='ltr'>equo</span> <span class='ocrx_word' id='word_1_43' title='bbox 281 362 381 397; x_wconf 82' lang='lat' dir='ltr'>dejicit</span> <span class='ocrx_word' id='word_1_44' title='bbox 398 370 404 388; x_wconf 78' lang='grc' dir='ltr'>ε</span> <span class='ocrx_word' id='word_1_45' title='bbox 422 371 457 390; x_wconf 92' lang='lat' dir='ltr'>ne</span> <span class='ocrx_word' id='word_1_46' title='bbox 472 365 570 390; x_wconf 83' lang='lat' dir='ltr'>tamen</span> <span class='ocrx_word' id='word_1_47' title='bbox 595 363 782 396; x_wconf 77' lang='lat' dir='ltr'>interﬁceret,</span> <span class='ocrx_word' id='word_1_48' title='bbox 800 371 880 390; x_wconf 75' lang='lat' dir='ltr'>arma</span> <span class='ocrx_word' id='word_1_49' title='bbox 905 363 1014 398; x_wconf 83' lang='lat' dir='ltr'>quibus</span> 
     </span>
    </p>
   </div>
   <div class='ocr_carea' id='block_1_10' title="bbox 190 407 1014 443">
    <p class='ocr_par' dir='ltr' id='par_1_10' title="bbox 190 407 1014 443">
     <span class='ocr_line' id='line_1_10' title="bbox 190 407 1014 443; baseline 0 -9"><span class='ocrx_word' id='word_1_50' title='bbox 190 408 285 434; x_wconf 83' lang='lat' dir='ltr'>tectus</span> <span class='ocrx_word' id='word_1_51' title='bbox 301 408 362 435; x_wconf 86' lang='lat' dir='ltr'>erat</span> <span class='ocrx_word' id='word_1_52' title='bbox 381 407 525 434; x_wconf 84' lang='lat' dir='ltr'>barbarus</span> <span class='ocrx_word' id='word_1_53' title='bbox 548 407 735 435; x_wconf 83' lang='lat' dir='ltr'>obstiterunt.</span> <span class='ocrx_word' id='word_1_54' title='bbox 751 410 816 443; x_wconf 86' lang='lat' dir='ltr'>Ipse</span> <span class='ocrx_word' id='word_1_55' title='bbox 832 407 1014 435; x_wconf 88' lang='lat' dir='ltr'>circumven-</span> 
     </span>
    </p>
   </div>
   <div class='ocr_carea' id='block_1_11' title="bbox 191 451 1014 488">
    <p class='ocr_par' dir='ltr' id='par_1_11' title="bbox 191 451 1014 488">
     <span class='ocr_line' id='line_1_11' title="bbox 191 451 1014 488; baseline 0.001 -10"><span class='ocrx_word' id='word_1_56' title='bbox 191 456 247 485; x_wconf 87' lang='lat' dir='ltr'>tus,</span> <span class='ocrx_word' id='word_1_57' title='bbox 264 454 293 478; x_wconf 89' lang='lat' dir='ltr'>et</span> <span class='ocrx_word' id='word_1_58' title='bbox 308 451 470 479; x_wconf 89' lang='lat' dir='ltr'>multorum</span> <span class='ocrx_word' id='word_1_59' title='bbox 485 452 551 479; x_wconf 84' lang='lat' dir='ltr'>telis</span> <span class='ocrx_word' id='word_1_60' title='bbox 567 452 676 488; x_wconf 85' lang='lat' dir='ltr'>petitus</span> <span class='ocrx_word' id='word_1_61' title='bbox 692 452 852 479; x_wconf 84' lang='lat' dir='ltr'>fortissime</span> <span class='ocrx_word' id='word_1_62' title='bbox 867 460 1014 487; x_wconf 75' lang='lat' dir='ltr'>pugnans,</span> 
     </span>
    </p>
   </div>
   <div class='ocr_carea' id='block_1_12' title="bbox 188 495 1015 531">
    <p class='ocr_par' dir='ltr' id='par_1_12' title="bbox 188 495 1015 531">
     <span class='ocr_line' id='line_1_12' title="bbox 188 495 1015 531; baseline 0.001 -8"><span class='ocrx_word' id='word_1_63' title='bbox 188 495 321 531; x_wconf 84' lang='lat' dir='ltr'>ipsorum</span> <span class='ocrx_word' id='word_1_64' title='bbox 337 495 425 524; x_wconf 84' lang='lat' dir='ltr'>etiam</span> <span class='ocrx_word' id='word_1_65' title='bbox 441 504 508 524; x_wconf 89' lang='lat' dir='ltr'>cum</span> <span class='ocrx_word' id='word_1_66' title='bbox 533 496 665 525; x_wconf 87' lang='lat' dir='ltr'>hostium</span> <span class='ocrx_word' id='word_1_67' title='bbox 689 497 885 524; x_wconf 79' lang='lat' dir='ltr'>admiratione</span> <span class='ocrx_word' id='word_1_68' title='bbox 901 497 1015 524; x_wconf 81' lang='lat' dir='ltr'>interﬁ-</span> 
     </span>
    </p>
   </div>
   <div class='ocr_carea' id='block_1_13' title="bbox 189 540 274 567">
    <p class='ocr_par' dir='ltr' id='par_1_13' title="bbox 189 540 274 567">
     <span class='ocr_line' id='line_1_13' title="bbox 189 540 274 567; baseline -0.012 0"><span class='ocrx_word' id='word_1_69' title='bbox 189 540 274 567; x_wconf 88' lang='lat' dir='ltr'>citur.</span> 
     </span>
    </p>
   </div>
   <div class='ocr_carea' id='block_1_14' title="bbox 1074 226 1891 268">
    <p class='ocr_par' dir='ltr' id='par_1_14' title="bbox 1074 226 1891 268">
     <span class='ocr_line' id='line_1_14' title="bbox 1074 226 1891 268; baseline 0.004 -12"><span class='ocrx_word' id='word_1_70' title='bbox 1074 226 1256 267; x_wconf 76' lang='grc' dir='ltr'>πρεσϐυτέρου</span> <span class='ocrx_word' id='word_1_71' title='bbox 1286 229 1437 265; x_wconf 75' lang='grc' dir='ltr'>Ῥωμανοῦ,</span> <span class='ocrx_word' id='word_1_72' title='bbox 1464 229 1510 256; x_wconf 87' lang='grc' dir='ltr'>καὶ</span> <span class='ocrx_word' id='word_1_73' title='bbox 1537 230 1637 267; x_wconf 81' lang='grc' dir='ltr'>Πέτρον</span> <span class='ocrx_word' id='word_1_74' title='bbox 1667 230 1712 257; x_wconf 80' lang='grc' dir='ltr'>τὸν</span> <span class='ocrx_word' id='word_1_75' title='bbox 1750 241 1891 268; x_wconf 75' lang='grc' dir='ltr'>στρατοπε-</span> 
     </span>
    </p>
   </div>
   <div class='ocr_carea' id='block_1_15' title="bbox 1071 271 1891 312">
    <p class='ocr_par' dir='ltr' id='par_1_15' title="bbox 1071 271 1891 312">
     <span class='ocr_line' id='line_1_15' title="bbox 1071 271 1891 312; baseline 0.004 -12"><span class='ocrx_word' id='word_1_76' title='bbox 1071 271 1188 311; x_wconf 80' lang='grc' dir='ltr'>δάρχην,</span> <span class='ocrx_word' id='word_1_77' title='bbox 1204 274 1262 309; x_wconf 81' lang='grc' dir='ltr'>μεθ’</span> <span class='ocrx_word' id='word_1_78' title='bbox 1287 274 1323 300; x_wconf 82' lang='grc' dir='ltr'>ὧν</span> <span class='ocrx_word' id='word_1_79' title='bbox 1350 272 1467 311; x_wconf 76' lang='grc' dir='ltr'>ἐξῆρχον</span> <span class='ocrx_word' id='word_1_80' title='bbox 1490 272 1645 310; x_wconf 79' lang='grc' dir='ltr'>δυνάμεων,</span> <span class='ocrx_word' id='word_1_81' title='bbox 1660 274 1806 312; x_wconf 82' lang='grc' dir='ltr'>προσράξαι</span> <span class='ocrx_word' id='word_1_82' title='bbox 1834 279 1891 307; x_wconf 89' lang='grc' dir='ltr'>τοῖς</span> 
     </span>
    </p>
   </div>
   <div class='ocr_carea' id='block_1_16' title="bbox 1070 315 1892 355">
    <p class='ocr_par' dir='ltr' id='par_1_16' title="bbox 1070 315 1892 355">
     <span class='ocr_line' id='line_1_16' title="bbox 1070 315 1892 355; baseline 0.004 -11"><span class='ocrx_word' id='word_1_83' title='bbox 1070 317 1216 354; x_wconf 82' lang='grc' dir='ltr'>πολεμίοις</span> <span class='ocrx_word' id='word_1_84' title='bbox 1246 317 1399 354; x_wconf 66' lang='grc' dir='ltr'>ἐπέτρεψεν.</span> <span class='ocrx_word' id='word_1_85' title='bbox 1417 318 1450 346; x_wconf 86' lang='grc' dir='ltr'><strong>Οἳ</strong></span> <span class='ocrx_word' id='word_1_86' title='bbox 1467 316 1501 352; x_wconf 76' lang='grc' dir='ltr'>δή</span> <span class='ocrx_word' id='word_1_87' title='bbox 1517 315 1718 355; x_wconf 69' lang='grc' dir='ltr'>προσϐαλόντες</span> <span class='ocrx_word' id='word_1_88' title='bbox 1741 321 1799 350; x_wconf 91' lang='grc' dir='ltr'>τοῖς</span> <span class='ocrx_word' id='word_1_89' title='bbox 1821 320 1892 347; x_wconf 64' lang='grc' dir='ltr'>Σκό-</span> 
     </span>
    </p>
   </div>
   <div class='ocr_carea' id='block_1_17' title="bbox 1071 361 1890 400">
    <p class='ocr_par' dir='ltr' id='par_1_17' title="bbox 1071 361 1890 400">
     <span class='ocr_line' id='line_1_17' title="bbox 1071 361 1890 400; baseline 0.002 -11"><span class='ocrx_word' id='word_1_90' title='bbox 1071 368 1130 394; x_wconf 78' lang='grc' dir='ltr'>Οαις</span> <span class='ocrx_word' id='word_1_91' title='bbox 1145 362 1283 400; x_wconf 77' lang='grc' dir='ltr'>ἐμάχοντο</span> <span class='ocrx_word' id='word_1_92' title='bbox 1298 364 1445 400; x_wconf 76' lang='grc' dir='ltr'>καρτερῶς.</span> <span class='ocrx_word' id='word_1_93' title='bbox 1463 362 1604 398; x_wconf 77' lang='grc' dir='ltr'>Ἐκθόμως</span> <span class='ocrx_word' id='word_1_94' title='bbox 1621 361 1650 390; x_wconf 72' lang='grc' dir='ltr'>δὲ</span> <span class='ocrx_word' id='word_1_95' title='bbox 1672 363 1801 391; x_wconf 82' lang='grc' dir='ltr'>κάκείνων</span> <span class='ocrx_word' id='word_1_96' title='bbox 1827 364 1890 392; x_wconf 79' lang='grc' dir='ltr'>ὑπο-</span> 
     </span>
    </p>
   </div>
   <div class='ocr_carea' id='block_1_18' title="bbox 1071 406 1888 445">
    <p class='ocr_par' dir='ltr' id='par_1_18' title="bbox 1071 406 1888 445">
     <span class='ocr_line' id='line_1_18' title="bbox 1071 406 1888 445; baseline 0.002 -11"><span class='ocrx_word' id='word_1_97' title='bbox 1071 407 1221 443; x_wconf 75' lang='grc' dir='ltr'>δεξαμένων</span> <span class='ocrx_word' id='word_1_98' title='bbox 1251 406 1358 438; x_wconf 73' lang='grc' dir='ltr'>πολλὰς</span> <span class='ocrx_word' id='word_1_99' title='bbox 1387 407 1488 445; x_wconf 72' lang='grc' dir='ltr'>τροπὰς</span> <span class='ocrx_word' id='word_1_100' title='bbox 1518 408 1562 434; x_wconf 81' lang='grc' dir='ltr'>καὶ</span> <span class='ocrx_word' id='word_1_101' title='bbox 1592 407 1762 444; x_wconf 86' lang='grc' dir='ltr'>μετακΛίσεις</span> <span class='ocrx_word' id='word_1_102' title='bbox 1794 407 1888 444; x_wconf 74' lang='grc' dir='ltr'>συνέϐη</span> 
     </span>
    </p>
   </div>
   <div class='ocr_carea' id='block_1_19' title="bbox 1069 450 1891 490">
    <p class='ocr_par' dir='ltr' id='par_1_19' title="bbox 1069 450 1891 490">
     <span class='ocr_line' id='line_1_19' title="bbox 1069 450 1891 490; baseline 0.002 -12"><span class='ocrx_word' id='word_1_103' title='bbox 1069 452 1114 479; x_wconf 84' lang='grc' dir='ltr'>τὸν</span> <span class='ocrx_word' id='word_1_104' title='bbox 1142 451 1263 488; x_wconf 84' lang='grc' dir='ltr'>πόλεμον</span> <span class='ocrx_word' id='word_1_105' title='bbox 1292 450 1426 487; x_wconf 73' lang='grc' dir='ltr'>δέξασθαι,</span> <span class='ocrx_word' id='word_1_106' title='bbox 1443 452 1487 479; x_wconf 81' lang='grc' dir='ltr'>καὶ</span> <span class='ocrx_word' id='word_1_107' title='bbox 1517 452 1558 489; x_wconf 73' lang='grc' dir='ltr'>ἐφ’</span> <span class='ocrx_word' id='word_1_108' title='bbox 1573 452 1664 479; x_wconf 77' lang='grc' dir='ltr'>ἱκανὸν</span> <span class='ocrx_word' id='word_1_109' title='bbox 1680 453 1780 490; x_wconf 84' lang='grc' dir='ltr'>χρόνον</span> <span class='ocrx_word' id='word_1_110' title='bbox 1805 453 1891 481; x_wconf 65' lang='lat' dir='ltr'>icto-rai-</span> 
     </span>
    </p>
   </div>
   <div class='ocr_carea' id='block_1_20' title="bbox 1070 496 1891 536">
    <p class='ocr_par' dir='ltr' id='par_1_20' title="bbox 1070 496 1891 536">
     <span class='ocr_line' id='line_1_20' title="bbox 1070 496 1891 536; baseline 0.002 -13"><span class='ocrx_word' id='word_1_111' title='bbox 1070 496 1167 527; x_wconf 85' lang='grc' dir='ltr'>λαντος</span> <span class='ocrx_word' id='word_1_112' title='bbox 1183 497 1216 531; x_wconf 83' lang='grc' dir='ltr'>ἧν</span> <span class='ocrx_word' id='word_1_113' title='bbox 1237 497 1250 530; x_wconf 74' lang='grc' dir='ltr'>ἡ</span> <span class='ocrx_word' id='word_1_114' title='bbox 1269 496 1356 534; x_wconf 84' lang='grc' dir='ltr'>μάχη.</span> <span class='ocrx_word' id='word_1_115' title='bbox 1374 498 1505 529; x_wconf 74' lang='grc' dir='ltr'>Ἐνταῦθα</span> <span class='ocrx_word' id='word_1_116' title='bbox 1524 496 1607 524; x_wconf 85' lang='grc' dir='ltr'>πάλιν</span> <span class='ocrx_word' id='word_1_117' title='bbox 1633 497 1646 524; x_wconf 87' lang='grc' dir='ltr'>ὁ</span> <span class='ocrx_word' id='word_1_118' title='bbox 1670 497 1719 524; x_wconf 72' lang='grc' dir='ltr'>τοῦ</span> <span class='ocrx_word' id='word_1_119' title='bbox 1740 500 1789 532; x_wconf 71' lang='grc' dir='ltr'>τῆς</span> <span class='ocrx_word' id='word_1_120' title='bbox 1816 500 1891 536; x_wconf 49' lang='lat' dir='ltr'>K91?-</span> 
     </span>
    </p>
   </div>
   <div class='ocr_carea' id='block_1_21' title="bbox 1069 535 1889 574">
    <p class='ocr_par' dir='ltr' id='par_1_21' title="bbox 1069 535 1889 574">
     <span class='ocr_line' id='line_1_21' title="bbox 1069 535 1889 574; baseline 0.004 -12"><span class='ocrx_word' id='word_1_121' title='bbox 1069 548 1118 572; x_wconf 84' lang='grc' dir='ltr'>της</span> <span class='ocrx_word' id='word_1_122' title='bbox 1149 537 1244 574; x_wconf 83' lang='grc' dir='ltr'>ἀμηρᾶ</span> <span class='ocrx_word' id='word_1_123' title='bbox 1273 537 1330 567; x_wconf 71' lang='grc' dir='ltr'>υἱὸς</span> <span class='ocrx_word' id='word_1_124' title='bbox 1359 537 1487 573; x_wconf 78' lang='grc' dir='ltr'>Ἀνεμᾶς,</span> <span class='ocrx_word' id='word_1_125' title='bbox 1501 535 1567 573; x_wconf 76' lang='grc' dir='ltr'>τῇδε</span> <span class='ocrx_word' id='word_1_126' title='bbox 1595 537 1701 564; x_wconf 82' lang='grc' dir='ltr'>κάκεῖσε</span> <span class='ocrx_word' id='word_1_127' title='bbox 1730 537 1776 565; x_wconf 89' lang='grc' dir='ltr'>τὸν</span> <span class='ocrx_word' id='word_1_128' title='bbox 1803 536 1889 565; x_wconf 77' lang='grc' dir='ltr'>’ίππον</span> 
     </span>
    </p>
   </div>
   <div class='ocr_carea' id='block_1_22' title="bbox 192 578 1889 622">
    <p class='ocr_par' dir='ltr' id='par_1_22' title="bbox 192 578 1889 622">
     <span class='ocr_line' id='line_1_22' title="bbox 192 578 1889 622; baseline -0.001 -12"><span class='ocrx_word' id='word_1_129' title='bbox 192 584 373 619; x_wconf 78' lang='grc' dir='ltr'>μετακινήσας</span> <span class='ocrx_word' id='word_1_130' title='bbox 402 583 446 611; x_wconf 78' lang='grc' dir='ltr'>καὶ</span> <span class='ocrx_word' id='word_1_131' title='bbox 477 582 657 622; x_wconf 79' lang='grc' dir='ltr'>σφοδρότερον</span> <span class='ocrx_word' id='word_1_132' title='bbox 675 583 826 620; x_wconf 85' lang='grc' dir='ltr'>μυωπίσας,</span> <span class='ocrx_word' id='word_1_133' title='bbox 842 585 899 611; x_wconf 80' lang='grc' dir='ltr'>κατ’</span> <span class='ocrx_word' id='word_1_134' title='bbox 929 584 1010 611; x_wconf 74' lang='grc' dir='ltr'>αὐτοῦ</span> <span class='ocrx_word' id='word_1_135' title='bbox 1039 583 1086 610; x_wconf 77' lang='grc' dir='ltr'>τοῦ</span> <span class='ocrx_word' id='word_1_136' title='bbox 1113 578 1340 618; x_wconf 77' lang='grc' dir='ltr'>Σφενδοσθλάϐου</span> <span class='ocrx_word' id='word_1_137' title='bbox 1370 581 1478 618; x_wconf 78' lang='grc' dir='ltr'>φέρεται</span> <span class='ocrx_word' id='word_1_138' title='bbox 1507 581 1575 618; x_wconf 77' lang='grc' dir='ltr'>μετὰ</span> <span class='ocrx_word' id='word_1_139' title='bbox 1604 580 1729 617; x_wconf 80' lang='grc' dir='ltr'>λήματος</span> <span class='ocrx_word' id='word_1_140' title='bbox 1759 584 1889 619; x_wconf 77' lang='grc' dir='ltr'>νεανικοῦ,</span> 
     </span>
    </p>
   </div>
   <div class='ocr_carea' id='block_1_23' title="bbox 192 624 1892 666">
    <p class='ocr_par' dir='ltr' id='par_1_23' title="bbox 192 624 1892 666">
     <span class='ocr_line' id='line_1_23' title="bbox 192 624 1892 666; baseline 0 -12"><span class='ocrx_word' id='word_1_141' title='bbox 192 627 239 654; x_wconf 86' lang='grc' dir='ltr'>καὶ</span> <span class='ocrx_word' id='word_1_142' title='bbox 267 628 316 662; x_wconf 75' lang='grc' dir='ltr'>τὴν</span> <span class='ocrx_word' id='word_1_143' title='bbox 347 627 474 666; x_wconf 80' lang='grc' dir='ltr'>φάλαγγα</span> <span class='ocrx_word' id='word_1_144' title='bbox 503 627 646 666; x_wconf 85' lang='grc' dir='ltr'>διασχίσας</span> <span class='ocrx_word' id='word_1_145' title='bbox 674 631 728 656; x_wconf 82' lang='grc' dir='ltr'>τῶν</span> <span class='ocrx_word' id='word_1_146' title='bbox 758 627 896 665; x_wconf 81' lang='grc' dir='ltr'>δυσμενῶν</span> <span class='ocrx_word' id='word_1_147' title='bbox 923 629 996 656; x_wconf 83' lang='grc' dir='ltr'>παίει</span> <span class='ocrx_word' id='word_1_148' title='bbox 1025 628 1120 655; x_wconf 75' lang='grc' dir='ltr'>τοῦτον</span> <span class='ocrx_word' id='word_1_149' title='bbox 1137 627 1175 661; x_wconf 78' lang='grc' dir='ltr'>τῷ</span> <span class='ocrx_word' id='word_1_150' title='bbox 1190 625 1259 664; x_wconf 73' lang='grc' dir='ltr'>ξίφει</span> <span class='ocrx_word' id='word_1_151' title='bbox 1274 626 1341 652; x_wconf 76' lang='grc' dir='ltr'>κατὰ</span> <span class='ocrx_word' id='word_1_152' title='bbox 1356 625 1440 661; x_wconf 71' lang='grc' dir='ltr'>μέσην</span> <span class='ocrx_word' id='word_1_153' title='bbox 1457 626 1506 660; x_wconf 76' lang='grc' dir='ltr'>τὴν</span> <span class='ocrx_word' id='word_1_154' title='bbox 1520 625 1653 665; x_wconf 73' lang='grc' dir='ltr'>κεφαλὴν,</span> <span class='ocrx_word' id='word_1_155' title='bbox 1667 625 1713 654; x_wconf 78' lang='grc' dir='ltr'>καὶ</span> <span class='ocrx_word' id='word_1_156' title='bbox 1728 624 1892 654; x_wconf 72' lang='grc' dir='ltr'>καταϐάλλει</span> 
     </span>
    </p>
   </div>
   <div class='ocr_carea' id='block_1_24' title="bbox 190 669 1891 711">
    <p class='ocr_par' dir='ltr' id='par_1_24' title="bbox 190 669 1891 711">
     <span class='ocr_line' id='line_1_24' title="bbox 190 669 1891 711; baseline -0.001 -11"><span class='ocrx_word' id='word_1_157' title='bbox 190 673 242 707; x_wconf 75' lang='grc' dir='ltr'>μὲν</span> <span class='ocrx_word' id='word_1_158' title='bbox 272 675 320 700; x_wconf 74' lang='grc' dir='ltr'>τοῦ</span> <span class='ocrx_word' id='word_1_159' title='bbox 337 673 436 707; x_wconf 80' lang='grc' dir='ltr'>Ἱππου,</span> <span class='ocrx_word' id='word_1_160' title='bbox 465 673 496 700; x_wconf 80' lang='grc' dir='ltr'>οὐ</span> <span class='ocrx_word' id='word_1_161' title='bbox 524 674 576 709; x_wconf 73' lang='grc' dir='ltr'>μην</span> <span class='ocrx_word' id='word_1_162' title='bbox 606 684 635 711; x_wconf 86' lang='grc' dir='ltr'>γε</span> <span class='ocrx_word' id='word_1_163' title='bbox 663 673 707 700; x_wconf 85' lang='grc' dir='ltr'>καὶ</span> <span class='ocrx_word' id='word_1_164' title='bbox 737 673 842 710; x_wconf 81' lang='grc' dir='ltr'>ἀναιρεῖ</span> <span class='ocrx_word' id='word_1_165' title='bbox 866 673 1068 710; x_wconf 71' lang='grc' dir='ltr'>έπαρκεσάντων</span> <span class='ocrx_word' id='word_1_166' title='bbox 1098 672 1151 697; x_wconf 81' lang='grc' dir='ltr'>τῶν</span> <span class='ocrx_word' id='word_1_167' title='bbox 1182 669 1275 697; x_wconf 77' lang='grc' dir='ltr'>ὅπλων</span> <span class='ocrx_word' id='word_1_168' title='bbox 1304 669 1320 696; x_wconf 80' lang='grc' dir='ltr'>ἆ</span> <span class='ocrx_word' id='word_1_169' title='bbox 1339 669 1486 698; x_wconf 76' lang='grc' dir='ltr'>ἐνεδέδυτο.</span> <span class='ocrx_word' id='word_1_170' title='bbox 1507 671 1596 701; x_wconf 75' lang='grc' dir='ltr'>Αὐτὸς</span> <span class='ocrx_word' id='word_1_171' title='bbox 1626 670 1718 707; x_wconf 86' lang='grc' dir='ltr'>μέντοι</span> <span class='ocrx_word' id='word_1_172' title='bbox 1746 670 1891 703; x_wconf 81' lang='grc' dir='ltr'>κυκλωθεὶς</span> 
     </span>
    </p>
   </div>
   <div class='ocr_carea' id='block_1_25' title="bbox 187 715 1890 756">
    <p class='ocr_par' dir='ltr' id='par_1_25' title="bbox 187 715 1890 756">
     <span class='ocr_line' id='line_1_25' title="bbox 187 715 1890 756; baseline 0 -12"><span class='ocrx_word' id='word_1_173' title='bbox 187 717 232 744; x_wconf 84' lang='grc' dir='ltr'>καὶ</span> <span class='ocrx_word' id='word_1_174' title='bbox 264 718 316 745; x_wconf 82' lang='grc' dir='ltr'>ὑπὸ</span> <span class='ocrx_word' id='word_1_175' title='bbox 344 717 458 746; x_wconf 83' lang='grc' dir='ltr'>πολλῶν</span> <span class='ocrx_word' id='word_1_176' title='bbox 488 716 661 756; x_wconf 78' lang='grc' dir='ltr'>βαλλόμενος</span> <span class='ocrx_word' id='word_1_177' title='bbox 691 718 851 756; x_wconf 77' lang='grc' dir='ltr'>ἀναιρεῖται,</span> <span class='ocrx_word' id='word_1_178' title='bbox 865 719 993 756; x_wconf 80' lang='grc' dir='ltr'>ἡρωϊκῶς</span> <span class='ocrx_word' id='word_1_179' title='bbox 1019 716 1204 753; x_wconf 69' lang='grc' dir='ltr'>καταστρέψας</span> <span class='ocrx_word' id='word_1_180' title='bbox 1229 715 1275 742; x_wconf 85' lang='grc' dir='ltr'>τὸν</span> <span class='ocrx_word' id='word_1_181' title='bbox 1308 715 1377 752; x_wconf 85' lang='grc' dir='ltr'>βίον,</span> <span class='ocrx_word' id='word_1_182' title='bbox 1393 717 1483 752; x_wconf 75' lang='grc' dir='ltr'>θαῦμα</span> <span class='ocrx_word' id='word_1_183' title='bbox 1513 717 1582 753; x_wconf 87' lang='grc' dir='ltr'>μέγα</span> <span class='ocrx_word' id='word_1_184' title='bbox 1601 715 1645 744; x_wconf 86' lang='grc' dir='ltr'>καὶ</span> <span class='ocrx_word' id='word_1_185' title='bbox 1661 718 1720 747; x_wconf 88' lang='grc' dir='ltr'>τοῖς</span> <span class='ocrx_word' id='word_1_186' title='bbox 1735 715 1890 748; x_wconf 77' lang='grc' dir='ltr'>ἀντιπάλοις</span> 
     </span>
    </p>
   </div>
   <div class='ocr_carea' id='block_1_26' title="bbox 205 763 342 790">
    <p class='ocr_par' dir='ltr' id='par_1_26' title="bbox 205 763 342 790">
     <span class='ocr_line' id='line_1_26' title="bbox 205 763 342 790; baseline 0.007 -1"><span class='ocrx_word' id='word_1_187' title='bbox 205 763 342 790; x_wconf 78' lang='grc' dir='ltr'>ενόμενος.</span> 
     </span>
    </p>
   </div>
   <div class='ocr_carea' id='block_1_27' title="bbox 187 772 1012 844">
    <p class='ocr_par' dir='ltr' id='par_1_27' title="bbox 187 772 1012 844">
     <span class='ocr_line' id='line_1_27' title="bbox 205 772 342 790; baseline 0 -1"><span class='ocrx_word' id='word_1_188' title='bbox 205 772 249 789; x_wconf 83' lang='grc' dir='ltr'>ενο</span> <span class='ocrx_word' id='word_1_189' title='bbox 275 773 317 789; x_wconf 78' lang='grc' dir='ltr'>ενο</span> <span class='ocrx_word' id='word_1_190' title='bbox 336 783 342 790; x_wconf 90' lang='grc'><em>.</em></span> 
     </span>
     <span class='ocr_line' id='line_1_28' title="bbox 187 772 1012 844; baseline 0.001 -9"><span class='ocrx_word' id='word_1_191' title='bbox 187 772 204 799; x_wconf 74' lang='grc' dir='ltr'><strong>γ</strong></span> <span class='ocrx_word' id='word_1_192' title='bbox 223 773 333 835; x_wconf 62' lang='lat' dir='ltr'>Ftii&#39;un:</span> <span class='ocrx_word' id='word_1_193' title='bbox 345 815 380 836; x_wconf 87' lang='lat' dir='ltr'>ea</span> <span class='ocrx_word' id='word_1_194' title='bbox 394 815 493 844; x_wconf 86' lang='lat' dir='ltr'>pugna</span> <span class='ocrx_word' id='word_1_195' title='bbox 507 807 650 836; x_wconf 85' lang='lat' dir='ltr'>divinitus</span> <span class='ocrx_word' id='word_1_196' title='bbox 675 815 791 844; x_wconf 87' lang='lat' dir='ltr'>quoque</span> <span class='ocrx_word' id='word_1_197' title='bbox 816 808 954 837; x_wconf 81' lang='lat' dir='ltr'>Romanis</span> <span class='ocrx_word' id='word_1_198' title='bbox 969 808 1012 836; x_wconf 87' lang='lat' dir='ltr'>la-</span> 
     </span>
    </p>
   </div>
   <div class='ocr_carea' id='block_1_28' title="bbox 187 853 1011 889">
    <p class='ocr_par' dir='ltr' id='par_1_28' title="bbox 187 853 1011 889">
     <span class='ocr_line' id='line_1_29' title="bbox 187 853 1011 889; baseline 0.001 -10"><span class='ocrx_word' id='word_1_199' title='bbox 187 854 251 879; x_wconf 85' lang='lat' dir='ltr'>tum</span> <span class='ocrx_word' id='word_1_200' title='bbox 267 853 420 880; x_wconf 78' lang='lat' dir='ltr'>auxilium.</span> <span class='ocrx_word' id='word_1_201' title='bbox 436 853 508 880; x_wconf 86' lang='lat' dir='ltr'>Nam</span> <span class='ocrx_word' id='word_1_202' title='bbox 525 853 561 881; x_wconf 88' lang='lat' dir='ltr'>ab</span> <span class='ocrx_word' id='word_1_203' title='bbox 576 854 682 881; x_wconf 91' lang='lat' dir='ltr'>Austro</span> <span class='ocrx_word' id='word_1_204' title='bbox 696 853 837 887; x_wconf 41' lang='lat' dir='ltr'>,obortam</span> <span class='ocrx_word' id='word_1_205' title='bbox 853 853 1011 889; x_wconf 82' lang='lat' dir='ltr'>procellam</span> 
     </span>
    </p>
   </div>
   <div class='ocr_carea' id='block_1_29' title="bbox 1103 803 1915 845">
    <p class='ocr_par' dir='ltr' id='par_1_29' title="bbox 1103 803 1915 845">
     <span class='ocr_line' id='line_1_30' title="bbox 1103 803 1915 845; baseline 0 -12"><span class='ocrx_word' id='word_1_206' title='bbox 1103 806 1214 843; x_wconf 86' lang='grc' dir='ltr'>Λέγεται</span> <span class='ocrx_word' id='word_1_207' title='bbox 1244 803 1272 832; x_wconf 68' lang='grc' dir='ltr'>δὲ</span> <span class='ocrx_word' id='word_1_208' title='bbox 1298 804 1343 832; x_wconf 84' lang='grc' dir='ltr'>καὶ</span> <span class='ocrx_word' id='word_1_209' title='bbox 1370 805 1507 842; x_wconf 77' lang='grc' dir='ltr'>θειοτέρας</span> <span class='ocrx_word' id='word_1_210' title='bbox 1534 804 1596 832; x_wconf 85' lang='grc' dir='ltr'>τότε</span> <span class='ocrx_word' id='word_1_211' title='bbox 1624 807 1720 843; x_wconf 84' lang='grc' dir='ltr'>τυχεῖν</span> <span class='ocrx_word' id='word_1_212' title='bbox 1742 804 1805 836; x_wconf 71' lang='grc' dir='ltr'>τοὺς</span> <span class='ocrx_word' id='word_1_213' title='bbox 1827 806 1890 833; x_wconf 82' lang='grc' dir='ltr'>Ῥω·</span> <span class='ocrx_word' id='word_1_214' title='bbox 1914 842 1915 845; x_wconf 17' lang='grc' dir='ltr'>η</span> 
     </span>
    </p>
   </div>
   <div class='ocr_carea' id='block_1_30' title="bbox 1069 848 1915 888">
    <p class='ocr_par' dir='ltr' id='par_1_30' title="bbox 1069 848 1915 888">
     <span class='ocr_line' id='line_1_31' title="bbox 1069 848 1915 888; baseline 0.001 -11"><span class='ocrx_word' id='word_1_215' title='bbox 1069 850 1166 886; x_wconf 81' lang='grc' dir='ltr'>μαίους</span> <span class='ocrx_word' id='word_1_216' title='bbox 1191 849 1356 886; x_wconf 74' lang='grc' dir='ltr'>ἐπικουρίας.</span> <span class='ocrx_word' id='word_1_217' title='bbox 1382 848 1490 877; x_wconf 81' lang='grc' dir='ltr'>Θόελλα</span> <span class='ocrx_word' id='word_1_218' title='bbox 1518 850 1568 888; x_wconf 85' lang='grc' dir='ltr'>γάρ</span> <span class='ocrx_word' id='word_1_219' title='bbox 1593 860 1634 881; x_wconf 91' lang='grc' dir='ltr'>τις</span> <span class='ocrx_word' id='word_1_220' title='bbox 1659 848 1690 877; x_wconf 81' lang='grc' dir='ltr'>ἐκ</span> <span class='ocrx_word' id='word_1_221' title='bbox 1713 849 1800 878; x_wconf 82' lang='grc' dir='ltr'>Νότου</span> <span class='ocrx_word' id='word_1_222' title='bbox 1827 851 1890 878; x_wconf 76' lang='grc' dir='ltr'>κατὰ</span> 
     </span>
    </p>
   </div>
   <div class='ocr_carea' id='block_1_31' title="bbox 186 893 987 950">
    <p class='ocr_par' dir='ltr' id='par_1_31' title="bbox 186 897 987 933">
     <span class='ocr_line' id='line_1_32' title="bbox 186 897 987 933; baseline 0.001 -9"><span class='ocrx_word' id='word_1_223' title='bbox 186 897 217 924; x_wconf 92' lang='lat' dir='ltr'>in</span> <span class='ocrx_word' id='word_1_224' title='bbox 233 897 321 925; x_wconf 79' lang='lat' dir='ltr'>facies</span> <span class='ocrx_word' id='word_1_225' title='bbox 336 897 510 933; x_wconf 75' lang='lat' dir='ltr'>Scytharum</span> <span class='ocrx_word' id='word_1_226' title='bbox 526 897 684 933; x_wconf 82' lang='lat' dir='ltr'>ingruisse,</span> <span class='ocrx_word' id='word_1_227' title='bbox 698 905 807 933; x_wconf 85' lang='lat' dir='ltr'>eosque</span> <span class='ocrx_word' id='word_1_228' title='bbox 822 897 987 933; x_wconf 73' lang='lat' dir='ltr'>impediviss</span> 
     </span>
    </p>
   </div>
   <div class='ocr_carea' id='block_1_32' title="bbox 1063 893 1890 950">
    <p class='ocr_par' dir='ltr' id='par_1_32' title="bbox 1065 893 1890 950">
     <span class='ocr_line' id='line_1_33' title="bbox 1065 893 1890 933; baseline 0 -12"><span class='ocrx_word' id='word_1_229' title='bbox 1065 895 1212 933; x_wconf 86' lang='grc' dir='ltr'>πρόσωπον</span> <span class='ocrx_word' id='word_1_230' title='bbox 1239 895 1347 931; x_wconf 78' lang='grc' dir='ltr'>ἀρθεῖσα</span> <span class='ocrx_word' id='word_1_231' title='bbox 1372 893 1466 922; x_wconf 79' lang='grc' dir='ltr'>’ίστατο</span> <span class='ocrx_word' id='word_1_232' title='bbox 1493 894 1547 922; x_wconf 75' lang='grc' dir='ltr'>τῶν</span> <span class='ocrx_word' id='word_1_233' title='bbox 1576 896 1701 931; x_wconf 81' lang='grc' dir='ltr'>Σκυθῶν,</span> <span class='ocrx_word' id='word_1_234' title='bbox 1720 895 1758 931; x_wconf 84' lang='grc' dir='ltr'>μή</span> <span class='ocrx_word' id='word_1_235' title='bbox 1785 905 1890 933; x_wconf 89' lang='grc' dir='ltr'>συγχω-</span> 
     </span>
     <span class='ocr_line' id='line_1_34' title="bbox 1072 938 1820 950; baseline 0 -1"><span class='ocrx_word' id='word_1_236' title='bbox 1072 941 1112 950; x_wconf 34' lang='grc' dir='ltr'>ν-</span> <span class='ocrx_word' id='word_1_237' title='bbox 1172 942 1259 950; x_wconf 58' lang='lat'>,,,-,.</span> <span class='ocrx_word' id='word_1_238' title='bbox 1420 939 1447 950; x_wconf 52' lang='lat' dir='ltr'>,x</span> <span class='ocrx_word' id='word_1_239' title='bbox 1512 938 1555 950; x_wconf 46' lang='grc' dir='ltr'>φη</span> <span class='ocrx_word' id='word_1_240' title='bbox 1624 941 1668 950; x_wconf 30' lang='grc' dir='ltr'>κν-</span> <span class='ocrx_word' id='word_1_241' title='bbox 1717 949 1742 950; x_wconf 45' lang='grc' dir='ltr'>η</span> <span class='ocrx_word' id='word_1_242' title='bbox 1799 939 1820 950; x_wconf 60' lang='lat' dir='ltr'>,I</span> 
     </span>
    </p>
   </div>
   <div class='ocr_carea' id='block_1_33' title="bbox 187 941 1011 978">
    <p class='ocr_par' dir='ltr' id='par_1_33' title="bbox 187 941 1011 978">
     <span class='ocr_line' id='line_1_35' title="bbox 187 941 1011 978; baseline -0.001 -8"><span class='ocrx_word' id='word_1_243' title='bbox 187 950 222 969; x_wconf 88' lang='lat' dir='ltr'>ne</span> <span class='ocrx_word' id='word_1_244' title='bbox 237 950 291 970; x_wconf 90' lang='lat' dir='ltr'>suo</span> <span class='ocrx_word' id='word_1_245' title='bbox 311 942 454 970; x_wconf 85' lang='lat' dir='ltr'>arbitratu</span> <span class='ocrx_word' id='word_1_246' title='bbox 478 950 540 970; x_wconf 87' lang='lat' dir='ltr'>rem</span> <span class='ocrx_word' id='word_1_247' title='bbox 555 943 697 978; x_wconf 80' lang='lat' dir='ltr'>gererent.</span> <span class='ocrx_word' id='word_1_248' title='bbox 715 942 748 969; x_wconf 87' lang='lat' dir='ltr'>Et</span> <span class='ocrx_word' id='word_1_249' title='bbox 761 942 797 970; x_wconf 81' lang='lat' dir='ltr'>ab</span> <span class='ocrx_word' id='word_1_250' title='bbox 811 941 890 969; x_wconf 91' lang='lat' dir='ltr'>omni</span> <span class='ocrx_word' id='word_1_251' title='bbox 906 941 1011 969; x_wconf 83' lang='lat' dir='ltr'>Roma-</span> 
     </span>
    </p>
   </div>
   <div class='ocr_carea' id='block_1_34' title="bbox 185 986 1009 1022">
    <p class='ocr_par' dir='ltr' id='par_1_34' title="bbox 185 986 1009 1022">
     <span class='ocr_line' id='line_1_36' title="bbox 185 986 1009 1022; baseline 0 -8"><span class='ocrx_word' id='word_1_252' title='bbox 185 995 290 1014; x_wconf 89' lang='lat' dir='ltr'>norum</span> <span class='ocrx_word' id='word_1_253' title='bbox 306 987 433 1015; x_wconf 85' lang='lat' dir='ltr'>exercitu</span> <span class='ocrx_word' id='word_1_254' title='bbox 449 990 639 1022; x_wconf 86' lang='lat' dir='ltr'>conspectum</span> <span class='ocrx_word' id='word_1_255' title='bbox 648 987 739 1015; x_wconf 86' lang='lat' dir='ltr'>fuisse</span> <span class='ocrx_word' id='word_1_256' title='bbox 749 987 842 1014; x_wconf 91' lang='lat' dir='ltr'>virum</span> <span class='ocrx_word' id='word_1_257' title='bbox 859 986 924 1014; x_wconf 90' lang='lat' dir='ltr'>albo</span> <span class='ocrx_word' id='word_1_258' title='bbox 935 994 1009 1022; x_wconf 90' lang='lat' dir='ltr'>equo</span> 
     </span>
    </p>
   </div>
   <div class='ocr_carea' id='block_1_35' title="bbox 183 1031 1009 1068">
    <p class='ocr_par' dir='ltr' id='par_1_35' title="bbox 183 1031 1009 1068">
     <span class='ocr_line' id='line_1_37' title="bbox 183 1031 1009 1068; baseline -0.001 -9"><span class='ocrx_word' id='word_1_259' title='bbox 183 1031 346 1068; x_wconf 85' lang='lat' dir='ltr'>vehentem,</span> <span class='ocrx_word' id='word_1_260' title='bbox 367 1031 417 1066; x_wconf 88' lang='lat' dir='ltr'>qui</span> <span class='ocrx_word' id='word_1_261' title='bbox 441 1031 578 1067; x_wconf 83' lang='lat' dir='ltr'>princeps</span> <span class='ocrx_word' id='word_1_262' title='bbox 604 1040 732 1068; x_wconf 79' lang='lat' dir='ltr'>pugnam</span> <span class='ocrx_word' id='word_1_263' title='bbox 748 1032 823 1059; x_wconf 74' lang='grc' dir='ltr'>Διι</span> <span class='ocrx_word' id='word_1_264' title='bbox 842 1031 946 1059; x_wconf 91' lang='lat' dir='ltr'>obierit</span> <span class='ocrx_word' id='word_1_265' title='bbox 961 1031 1009 1058; x_wconf 91' lang='lat' dir='ltr'>ho-</span> 
     </span>
    </p>
   </div>
   <div class='ocr_carea' id='block_1_36' title="bbox 184 1075 1010 1111">
    <p class='ocr_par' dir='ltr' id='par_1_36' title="bbox 184 1075 1010 1111">
     <span class='ocr_line' id='line_1_38' title="bbox 184 1075 1010 1111; baseline -0.002 -7"><span class='ocrx_word' id='word_1_266' title='bbox 184 1076 333 1110; x_wconf 84' lang='lat' dir='ltr'>stiumque</span> <span class='ocrx_word' id='word_1_267' title='bbox 363 1076 481 1104; x_wconf 82' lang='lat' dir='ltr'>ordines</span> <span class='ocrx_word' id='word_1_268' title='bbox 518 1076 745 1109; x_wconf 86' lang='lat' dir='ltr'>conturbaverit,</span> <span class='ocrx_word' id='word_1_269' title='bbox 773 1075 884 1103; x_wconf 81' lang='lat' dir='ltr'>nemini</span> <span class='ocrx_word' id='word_1_270' title='bbox 915 1083 1010 1111; x_wconf 89' lang='lat' dir='ltr'>neque</span> 
     </span>
    </p>
   </div>
   <div class='ocr_carea' id='block_1_37' title="bbox 183 1119 1009 1156">
    <p class='ocr_par' dir='ltr' id='par_1_37' title="bbox 183 1119 1009 1156">
     <span class='ocr_line' id='line_1_39' title="bbox 183 1119 1009 1156; baseline -0.001 -8"><span class='ocrx_word' id='word_1_271' title='bbox 183 1123 250 1148; x_wconf 85' lang='lat' dir='ltr'>ante</span> <span class='ocrx_word' id='word_1_272' title='bbox 259 1129 354 1156; x_wconf 88' lang='lat' dir='ltr'>neque</span> <span class='ocrx_word' id='word_1_273' title='bbox 365 1121 519 1156; x_wconf 88' lang='lat' dir='ltr'>postmodo</span> <span class='ocrx_word' id='word_1_274' title='bbox 529 1120 679 1156; x_wconf 85' lang='lat' dir='ltr'>cognitum</span> <span class='ocrx_word' id='word_1_275' title='bbox 693 1129 700 1148; x_wconf 90' lang='lat'><strong>:</strong></span> <span class='ocrx_word' id='word_1_276' title='bbox 713 1128 779 1147; x_wconf 89' lang='lat' dir='ltr'>eum</span> <span class='ocrx_word' id='word_1_277' title='bbox 790 1120 908 1148; x_wconf 83' lang='lat' dir='ltr'>aiebant</span> <span class='ocrx_word' id='word_1_278' title='bbox 919 1119 1009 1147; x_wconf 77' lang='lat' dir='ltr'>fuisse</span> 
     </span>
    </p>
   </div>
   <div class='ocr_carea' id='block_1_38' title="bbox 183 1164 1007 1200">
    <p class='ocr_par' dir='ltr' id='par_1_38' title="bbox 183 1164 1007 1200">
     <span class='ocr_line' id='line_1_40' title="bbox 183 1164 1007 1200; baseline -0.001 -8"><span class='ocrx_word' id='word_1_279' title='bbox 183 1165 380 1199; x_wconf 85' lang='lat' dir='ltr'>Theodorum,</span> <span class='ocrx_word' id='word_1_280' title='bbox 398 1174 491 1192; x_wconf 89' lang='lat' dir='ltr'>unum</span> <span class='ocrx_word' id='word_1_281' title='bbox 507 1165 543 1192; x_wconf 86' lang='lat' dir='ltr'>de</span> <span class='ocrx_word' id='word_1_282' title='bbox 558 1165 769 1200; x_wconf 86' lang='lat' dir='ltr'>pulcherrimas</span> <span class='ocrx_word' id='word_1_283' title='bbox 784 1165 949 1192; x_wconf 87' lang='lat' dir='ltr'>consecutis</span> <span class='ocrx_word' id='word_1_284' title='bbox 964 1164 1007 1191; x_wconf 92' lang='lat' dir='ltr'>vi-</span> 
     </span>
    </p>
   </div>
   <div class='ocr_carea' id='block_1_39' title="bbox 183 1208 1007 1245">
    <p class='ocr_par' dir='ltr' id='par_1_39' title="bbox 183 1208 1007 1245">
     <span class='ocr_line' id='line_1_41' title="bbox 183 1208 1007 1245; baseline 0 -8"><span class='ocrx_word' id='word_1_285' title='bbox 183 1209 290 1237; x_wconf 87' lang='lat' dir='ltr'>ctorias</span> <span class='ocrx_word' id='word_1_286' title='bbox 314 1209 504 1245; x_wconf 80' lang='lat' dir='ltr'>martyribus.</span> <span class='ocrx_word' id='word_1_287' title='bbox 530 1210 606 1237; x_wconf 82' lang='lat' dir='ltr'>Sane</span> <span class='ocrx_word' id='word_1_288' title='bbox 631 1209 677 1237; x_wconf 89' lang='lat' dir='ltr'>his</span> <span class='ocrx_word' id='word_1_289' title='bbox 701 1217 815 1245; x_wconf 86' lang='lat' dir='ltr'>semper</span> <span class='ocrx_word' id='word_1_290' title='bbox 837 1208 1007 1245; x_wconf 80' lang='lat' dir='ltr'>auspicibus</span> 
     </span>
    </p>
   </div>
   <div class='ocr_carea' id='block_1_40' title="bbox 183 1253 1007 1289">
    <p class='ocr_par' dir='ltr' id='par_1_40' title="bbox 183 1253 1007 1289">
     <span class='ocr_line' id='line_1_42' title="bbox 183 1253 1007 1289; baseline 0 -7"><span class='ocrx_word' id='word_1_291' title='bbox 183 1256 272 1289; x_wconf 85' lang='lat' dir='ltr'>atque</span> <span class='ocrx_word' id='word_1_292' title='bbox 298 1253 501 1289; x_wconf 76' lang='lat' dir='ltr'>antesignanis</span> <span class='ocrx_word' id='word_1_293' title='bbox 525 1253 681 1281; x_wconf 86' lang='lat' dir='ltr'>adversum</span> <span class='ocrx_word' id='word_1_294' title='bbox 706 1253 805 1282; x_wconf 85' lang='lat' dir='ltr'>hostes</span> <span class='ocrx_word' id='word_1_295' title='bbox 831 1253 874 1281; x_wconf 86' lang='lat' dir='ltr'>uti</span> <span class='ocrx_word' id='word_1_296' title='bbox 897 1253 1007 1282; x_wconf 83' lang='lat' dir='ltr'>solebat</span> 
     </span>
    </p>
   </div>
   <div class='ocr_carea' id='block_1_41' title="bbox 182 1297 1006 1334">
    <p class='ocr_par' dir='ltr' id='par_1_41' title="bbox 182 1297 1006 1334">
     <span class='ocr_line' id='line_1_43' title="bbox 182 1297 1006 1334; baseline 0 -9"><span class='ocrx_word' id='word_1_297' title='bbox 182 1299 342 1334; x_wconf 79' lang='lat' dir='ltr'>imperator</span> <span class='ocrx_word' id='word_1_298' title='bbox 358 1298 422 1332; x_wconf 87' lang='lat' dir='ltr'>hic;</span> <span class='ocrx_word' id='word_1_299' title='bbox 439 1300 467 1326; x_wconf 88' lang='lat' dir='ltr'>et</span> <span class='ocrx_word' id='word_1_300' title='bbox 482 1306 540 1333; x_wconf 87' lang='lat' dir='ltr'>quo</span> <span class='ocrx_word' id='word_1_301' title='bbox 555 1298 602 1324; x_wconf 87' lang='lat' dir='ltr'>die</span> <span class='ocrx_word' id='word_1_302' title='bbox 617 1297 677 1325; x_wconf 75' lang='lat' dir='ltr'>haec</span> <span class='ocrx_word' id='word_1_303' title='bbox 692 1306 790 1334; x_wconf 77' lang='lat' dir='ltr'>pugna</span> <span class='ocrx_word' id='word_1_304' title='bbox 805 1300 850 1325; x_wconf 86' lang='lat' dir='ltr'>est</span> <span class='ocrx_word' id='word_1_305' title='bbox 867 1300 1006 1333; x_wconf 78' lang='lat' dir='ltr'>pugnata,</span> 
     </span>
    </p>
   </div>
   <div class='ocr_carea' id='block_1_42' title="bbox 181 1341 1005 1371">
    <p class='ocr_par' dir='ltr' id='par_1_42' title="bbox 181 1341 1005 1371">
     <span class='ocr_line' id='line_1_44' title="bbox 181 1341 1005 1371; baseline -0.001 -1"><span class='ocrx_word' id='word_1_306' title='bbox 181 1343 208 1371; x_wconf 89' lang='lat' dir='ltr'>is</span> <span class='ocrx_word' id='word_1_307' title='bbox 224 1343 318 1371; x_wconf 83' lang='lat' dir='ltr'>festus</span> <span class='ocrx_word' id='word_1_308' title='bbox 334 1342 389 1370; x_wconf 85' lang='lat' dir='ltr'>fuit</span> <span class='ocrx_word' id='word_1_309' title='bbox 403 1343 552 1370; x_wconf 66' lang='lat' dir='ltr'>memoriae</span> <span class='ocrx_word' id='word_1_310' title='bbox 575 1341 655 1370; x_wconf 87' lang='lat' dir='ltr'>illius</span> <span class='ocrx_word' id='word_1_311' title='bbox 669 1342 811 1370; x_wconf 90' lang='lat' dir='ltr'>Theodori</span> <span class='ocrx_word' id='word_1_312' title='bbox 825 1342 1005 1370; x_wconf 78' lang='lat' dir='ltr'>exercituum</span> 
     </span>
    </p>
   </div>
   <div class='ocr_carea' id='block_1_43' title="bbox 181 1385 1006 1422">
    <p class='ocr_par' dir='ltr' id='par_1_43' title="bbox 181 1385 1006 1422">
     <span class='ocr_line' id='line_1_45' title="bbox 181 1385 1006 1422; baseline -0.001 -8"><span class='ocrx_word' id='word_1_313' title='bbox 181 1387 322 1415; x_wconf 89' lang='lat' dir='ltr'>ductoris.</span> <span class='ocrx_word' id='word_1_314' title='bbox 338 1387 392 1414; x_wconf 80' lang='lat' dir='ltr'>Sed</span> <span class='ocrx_word' id='word_1_315' title='bbox 408 1390 436 1414; x_wconf 86' lang='lat' dir='ltr'>et</span> <span class='ocrx_word' id='word_1_316' title='bbox 457 1387 623 1414; x_wconf 84' lang='lat' dir='ltr'>veneranda</span> <span class='ocrx_word' id='word_1_317' title='bbox 647 1387 781 1421; x_wconf 83' lang='lat' dir='ltr'>quaedam</span> <span class='ocrx_word' id='word_1_318' title='bbox 798 1385 904 1413; x_wconf 85' lang='lat' dir='ltr'>mulier</span> <span class='ocrx_word' id='word_1_319' title='bbox 925 1386 1006 1422; x_wconf 89' lang='lat' dir='ltr'>Cpoli</span> 
     </span>
    </p>
   </div>
   <div class='ocr_carea' id='block_1_44' title="bbox 181 1430 1006 1466">
    <p class='ocr_par' dir='ltr' id='par_1_44' title="bbox 181 1430 1006 1466">
     <span class='ocr_line' id='line_1_46' title="bbox 181 1430 1006 1466; baseline -0.001 -7"><span class='ocrx_word' id='word_1_320' title='bbox 181 1431 270 1459; x_wconf 86' lang='lat' dir='ltr'>ﬁdem</span> <span class='ocrx_word' id='word_1_321' title='bbox 285 1431 352 1458; x_wconf 79' lang='lat' dir='ltr'>fecit</span> <span class='ocrx_word' id='word_1_322' title='bbox 368 1431 395 1458; x_wconf 89' lang='lat' dir='ltr'>id</span> <span class='ocrx_word' id='word_1_323' title='bbox 412 1431 506 1459; x_wconf 87' lang='lat' dir='ltr'>visum</span> <span class='ocrx_word' id='word_1_324' title='bbox 523 1431 615 1458; x_wconf 82' lang='lat' dir='ltr'>fuisse</span> <span class='ocrx_word' id='word_1_325' title='bbox 631 1430 776 1458; x_wconf 78' lang='lat' dir='ltr'>divinum.</span> <span class='ocrx_word' id='word_1_326' title='bbox 794 1430 833 1458; x_wconf 85' lang='lat' dir='ltr'>Ea</span> <span class='ocrx_word' id='word_1_327' title='bbox 854 1430 932 1458; x_wconf 91' lang='lat' dir='ltr'>enim</span> <span class='ocrx_word' id='word_1_328' title='bbox 949 1430 1006 1466; x_wconf 92' lang='lat' dir='ltr'>pri-</span> 
     </span>
    </p>
   </div>
   <div class='ocr_carea' id='block_1_45' title="bbox 180 1475 1006 1504">
    <p class='ocr_par' dir='ltr' id='par_1_45' title="bbox 180 1475 1006 1504">
     <span class='ocr_line' id='line_1_47' title="bbox 180 1475 1006 1504; baseline 0 0"><span class='ocrx_word' id='word_1_329' title='bbox 180 1477 227 1504; x_wconf 86' lang='lat' dir='ltr'>die</span> <span class='ocrx_word' id='word_1_330' title='bbox 242 1477 328 1504; x_wconf 86' lang='lat' dir='ltr'>istius</span> <span class='ocrx_word' id='word_1_331' title='bbox 352 1477 410 1504; x_wconf 86' lang='lat' dir='ltr'>diei</span> <span class='ocrx_word' id='word_1_332' title='bbox 425 1477 454 1503; x_wconf 90' lang='lat' dir='ltr'>in</span> <span class='ocrx_word' id='word_1_333' title='bbox 477 1476 590 1504; x_wconf 84' lang='lat' dir='ltr'>somnis</span> <span class='ocrx_word' id='word_1_334' title='bbox 615 1476 678 1503; x_wconf 83' lang='lat' dir='ltr'>visa</span> <span class='ocrx_word' id='word_1_335' title='bbox 701 1475 756 1503; x_wconf 88' lang='lat' dir='ltr'>sibi</span> <span class='ocrx_word' id='word_1_336' title='bbox 781 1475 875 1503; x_wconf 80' lang='lat' dir='ltr'>fuerat</span> <span class='ocrx_word' id='word_1_337' title='bbox 889 1476 1006 1504; x_wconf 80' lang='lat' dir='ltr'>adstare</span> 
     </span>
    </p>
   </div>
   <div class='ocr_carea' id='block_1_46' title="bbox 178 1520 1002 1556">
    <p class='ocr_par' dir='ltr' id='par_1_46' title="bbox 178 1520 1002 1556">
     <span class='ocr_line' id='line_1_48' title="bbox 178 1520 1002 1556; baseline 0 -8"><span class='ocrx_word' id='word_1_338' title='bbox 178 1521 320 1556; x_wconf 75' lang='lat' dir='ltr'>Deiparaa,</span> <span class='ocrx_word' id='word_1_339' title='bbox 337 1524 366 1549; x_wconf 90' lang='lat' dir='ltr'>et</span> <span class='ocrx_word' id='word_1_340' title='bbox 383 1521 484 1549; x_wconf 80' lang='lat' dir='ltr'>audire</span> <span class='ocrx_word' id='word_1_341' title='bbox 507 1528 573 1548; x_wconf 86' lang='lat' dir='ltr'>eam</span> <span class='ocrx_word' id='word_1_342' title='bbox 596 1520 740 1547; x_wconf 86' lang='lat' dir='ltr'>dicentem</span> <span class='ocrx_word' id='word_1_343' title='bbox 756 1520 873 1547; x_wconf 85' lang='lat' dir='ltr'>cuidam</span> <span class='ocrx_word' id='word_1_344' title='bbox 890 1520 978 1548; x_wconf 89' lang='lat' dir='ltr'>militi</span> <span class='ocrx_word' id='word_1_345' title='bbox 996 1529 1002 1548; x_wconf 87' lang='lat'><strong>:</strong></span> 
     </span>
    </p>
   </div>
   <div class='ocr_carea' id='block_1_47' title="bbox 180 1564 1003 1600">
    <p class='ocr_par' dir='ltr' id='par_1_47' title="bbox 180 1564 1003 1600">
     <span class='ocr_line' id='line_1_49' title="bbox 180 1564 1003 1600; baseline 0.001 -9"><span class='ocrx_word' id='word_1_346' title='bbox 180 1577 194 1592; x_wconf 87' lang='grc'><em>‹‹</em></span> <span class='ocrx_word' id='word_1_347' title='bbox 209 1566 330 1594; x_wconf 82' lang='lat' dir='ltr'>Domine</span> <span class='ocrx_word' id='word_1_348' title='bbox 349 1565 513 1600; x_wconf 86' lang='lat' dir='ltr'>Theodore,</span> <span class='ocrx_word' id='word_1_349' title='bbox 536 1573 620 1593; x_wconf 88' lang='lat' dir='ltr'>meus</span> <span class='ocrx_word' id='word_1_350' title='bbox 634 1564 683 1592; x_wconf 91' lang='lat' dir='ltr'>ille</span> <span class='ocrx_word' id='word_1_351' title='bbox 698 1566 726 1592; x_wconf 85' lang='lat' dir='ltr'>et</span> <span class='ocrx_word' id='word_1_352' title='bbox 740 1566 809 1592; x_wconf 86' lang='lat' dir='ltr'>tuus</span> <span class='ocrx_word' id='word_1_353' title='bbox 830 1564 959 1592; x_wconf 87' lang='lat' dir='ltr'>Joannes</span> <span class='ocrx_word' id='word_1_354' title='bbox 974 1565 1003 1592; x_wconf 91' lang='lat' dir='ltr'>in</span> 
     </span>
    </p>
   </div>
   <div class='ocr_carea' id='block_1_48' title="bbox 1066 938 1888 977">
    <p class='ocr_par' dir='ltr' id='par_1_48' title="bbox 1066 938 1888 977">
     <span class='ocr_line' id='line_1_50' title="bbox 1066 938 1888 977; baseline 0 -10"><span class='ocrx_word' id='word_1_355' title='bbox 1066 941 1149 977; x_wconf 79' lang='grc' dir='ltr'>ροῦσα</span> <span class='ocrx_word' id='word_1_356' title='bbox 1170 942 1291 976; x_wconf 83' lang='grc' dir='ltr'>χρῆσθαι</span> <span class='ocrx_word' id='word_1_357' title='bbox 1319 939 1388 966; x_wconf 76' lang='grc' dir='ltr'>κατὰ</span> <span class='ocrx_word' id='word_1_358' title='bbox 1418 939 1467 973; x_wconf 73' lang='grc' dir='ltr'>τὴν</span> <span class='ocrx_word' id='word_1_359' title='bbox 1500 938 1591 976; x_wconf 80' lang='grc' dir='ltr'>μάχην</span> <span class='ocrx_word' id='word_1_360' title='bbox 1621 941 1682 970; x_wconf 81' lang='grc' dir='ltr'>ταῖς</span> <span class='ocrx_word' id='word_1_361' title='bbox 1710 939 1888 977; x_wconf 85' lang='grc' dir='ltr'>προαιρέσεσι.</span> 
     </span>
    </p>
   </div>
   <div class='ocr_carea' id='block_1_49' title="bbox 1064 982 1889 1021">
    <p class='ocr_par' dir='ltr' id='par_1_49' title="bbox 1064 982 1889 1021">
     <span class='ocr_line' id='line_1_51' title="bbox 1064 982 1889 1021; baseline 0 -9"><span class='ocrx_word' id='word_1_362' title='bbox 1064 983 1117 1012; x_wconf 83' lang='grc' dir='ltr'>Καί</span> <span class='ocrx_word' id='word_1_363' title='bbox 1141 994 1182 1014; x_wconf 84' lang='grc' dir='ltr'>τις</span> <span class='ocrx_word' id='word_1_364' title='bbox 1207 983 1272 1020; x_wconf 80' lang='grc' dir='ltr'>ἀνὴρ</span> <span class='ocrx_word' id='word_1_365' title='bbox 1296 982 1372 1010; x_wconf 81' lang='grc' dir='ltr'>ὧπτο</span> <span class='ocrx_word' id='word_1_366' title='bbox 1399 983 1480 1010; x_wconf 81' lang='grc' dir='ltr'>παντὶ</span> <span class='ocrx_word' id='word_1_367' title='bbox 1508 985 1547 1019; x_wconf 87' lang='grc' dir='ltr'>τῷ</span> <span class='ocrx_word' id='word_1_368' title='bbox 1561 983 1737 1021; x_wconf 77' lang='grc' dir='ltr'>στρατοπέδῳ</span> <span class='ocrx_word' id='word_1_369' title='bbox 1752 985 1889 1021; x_wconf 83' lang='grc' dir='ltr'>Ῥωμαίων</span> 
     </span>
    </p>
   </div>
   <div class='ocr_carea' id='block_1_50' title="bbox 1065 1027 1889 1067">
    <p class='ocr_par' dir='ltr' id='par_1_50' title="bbox 1065 1027 1889 1067">
     <span class='ocr_line' id='line_1_52' title="bbox 1065 1027 1889 1067; baseline 0 -11"><span class='ocrx_word' id='word_1_370' title='bbox 1065 1028 1105 1067; x_wconf 68' lang='grc' dir='ltr'>ἐφ’</span> <span class='ocrx_word' id='word_1_371' title='bbox 1119 1027 1206 1056; x_wconf 74' lang='grc' dir='ltr'>’ίππου</span> <span class='ocrx_word' id='word_1_372' title='bbox 1222 1027 1321 1056; x_wconf 69' lang='grc' dir='ltr'>λευκοῦ</span> <span class='ocrx_word' id='word_1_373' title='bbox 1335 1028 1594 1065; x_wconf 81' lang='grc' dir='ltr'>προαγωνιζόμενος</span> <span class='ocrx_word' id='word_1_374' title='bbox 1619 1028 1665 1056; x_wconf 84' lang='grc' dir='ltr'>καὶ</span> <span class='ocrx_word' id='word_1_375' title='bbox 1689 1028 1738 1061; x_wconf 80' lang='grc' dir='ltr'>τὰς</span> <span class='ocrx_word' id='word_1_376' title='bbox 1760 1031 1812 1056; x_wconf 77' lang='grc' dir='ltr'>τῶν</span> <span class='ocrx_word' id='word_1_377' title='bbox 1839 1039 1889 1056; x_wconf 86' lang='grc' dir='ltr'>πο-</span> 
     </span>
    </p>
   </div>
   <div class='ocr_carea' id='block_1_51' title="bbox 1065 1071 1885 1112">
    <p class='ocr_par' dir='ltr' id='par_1_51' title="bbox 1065 1071 1885 1112">
     <span class='ocr_line' id='line_1_53' title="bbox 1065 1071 1885 1112; baseline 0.001 -12"><span class='ocrx_word' id='word_1_378' title='bbox 1065 1072 1169 1109; x_wconf 83' lang='grc' dir='ltr'>λεμίων</span> <span class='ocrx_word' id='word_1_379' title='bbox 1194 1073 1301 1101; x_wconf 83' lang='grc' dir='ltr'>κλονῶν</span> <span class='ocrx_word' id='word_1_380' title='bbox 1330 1073 1374 1100; x_wconf 88' lang='grc' dir='ltr'>καὶ</span> <span class='ocrx_word' id='word_1_381' title='bbox 1401 1071 1586 1110; x_wconf 82' lang='grc' dir='ltr'>διαταράσσων</span> <span class='ocrx_word' id='word_1_382' title='bbox 1618 1071 1773 1112; x_wconf 74' lang='grc' dir='ltr'>φάλαγγας,</span> <span class='ocrx_word' id='word_1_383' title='bbox 1795 1072 1885 1110; x_wconf 83' lang='grc' dir='ltr'>μηδενί</span> 
     </span>
    </p>
   </div>
   <div class='ocr_carea' id='block_1_52' title="bbox 1062 1116 1885 1157">
    <p class='ocr_par' dir='ltr' id='par_1_52' title="bbox 1062 1116 1885 1157">
     <span class='ocr_line' id='line_1_54' title="bbox 1062 1116 1885 1157; baseline 0.001 -12"><span class='ocrx_word' id='word_1_384' title='bbox 1062 1118 1193 1156; x_wconf 84' lang='grc' dir='ltr'>πρότερον</span> <span class='ocrx_word' id='word_1_385' title='bbox 1210 1118 1227 1153; x_wconf 78' lang='grc' dir='ltr'><strong>ἢ</strong></span> <span class='ocrx_word' id='word_1_386' title='bbox 1246 1117 1312 1154; x_wconf 83' lang='grc' dir='ltr'>μετὰ</span> <span class='ocrx_word' id='word_1_387' title='bbox 1331 1119 1414 1145; x_wconf 74' lang='grc' dir='ltr'>ταῦτα</span> <span class='ocrx_word' id='word_1_388' title='bbox 1436 1117 1581 1156; x_wconf 80' lang='grc' dir='ltr'>γενόμενος</span> <span class='ocrx_word' id='word_1_389' title='bbox 1602 1117 1754 1156; x_wconf 82' lang='grc' dir='ltr'>γνώριμος,</span> <span class='ocrx_word' id='word_1_390' title='bbox 1770 1118 1798 1145; x_wconf 77' lang='grc' dir='ltr'>’ὸν</span> <span class='ocrx_word' id='word_1_391' title='bbox 1823 1116 1885 1157; x_wconf 69' lang='grc' dir='ltr'>ἔφα-</span> 
     </span>
    </p>
   </div>
   <div class='ocr_carea' id='block_1_53' title="bbox 1063 1160 1882 1200">
    <p class='ocr_par' dir='ltr' id='par_1_53' title="bbox 1063 1160 1882 1200">
     <span class='ocr_line' id='line_1_55' title="bbox 1063 1160 1882 1200; baseline 0.001 -11"><span class='ocrx_word' id='word_1_392' title='bbox 1063 1173 1127 1190; x_wconf 80' lang='grc' dir='ltr'>σκον</span> <span class='ocrx_word' id='word_1_393' title='bbox 1155 1160 1202 1189; x_wconf 70' lang='grc' dir='ltr'>ἕνα</span> <span class='ocrx_word' id='word_1_394' title='bbox 1230 1162 1295 1189; x_wconf 76' lang='grc' dir='ltr'>εἶναι</span> <span class='ocrx_word' id='word_1_395' title='bbox 1323 1163 1377 1189; x_wconf 80' lang='grc' dir='ltr'>τῶν</span> <span class='ocrx_word' id='word_1_396' title='bbox 1406 1160 1571 1189; x_wconf 84' lang='grc' dir='ltr'>καλλινίκων</span> <span class='ocrx_word' id='word_1_397' title='bbox 1587 1162 1644 1199; x_wconf 86' lang='lat'>(31)</span> <span class='ocrx_word' id='word_1_398' title='bbox 1664 1162 1809 1200; x_wconf 81' lang='grc' dir='ltr'>μαρτύρων</span> <span class='ocrx_word' id='word_1_399' title='bbox 1823 1163 1882 1190; x_wconf 87' lang='grc' dir='ltr'>Θεό-</span> 
     </span>
    </p>
   </div>
   <div class='ocr_carea' id='block_1_54' title="bbox 1063 1205 1883 1244">
    <p class='ocr_par' dir='ltr' id='par_1_54' title="bbox 1063 1205 1883 1244">
     <span class='ocr_line' id='line_1_56' title="bbox 1063 1205 1883 1244; baseline 0.001 -11"><span class='ocrx_word' id='word_1_400' title='bbox 1063 1205 1160 1244; x_wconf 89' lang='grc' dir='ltr'>δωρον.</span> <span class='ocrx_word' id='word_1_401' title='bbox 1176 1206 1288 1237; x_wconf 82' lang='grc' dir='ltr'>Τούτοις</span> <span class='ocrx_word' id='word_1_402' title='bbox 1305 1205 1333 1234; x_wconf 70' lang='grc' dir='ltr'>δὲ</span> <span class='ocrx_word' id='word_1_403' title='bbox 1347 1206 1506 1244; x_wconf 80' lang='grc' dir='ltr'>προμάχοις</span> <span class='ocrx_word' id='word_1_404' title='bbox 1522 1206 1563 1234; x_wconf 78' lang='grc' dir='ltr'>ἀεὶ</span> <span class='ocrx_word' id='word_1_405' title='bbox 1578 1207 1623 1233; x_wconf 90' lang='grc' dir='ltr'>καὶ</span> <span class='ocrx_word' id='word_1_406' title='bbox 1646 1205 1799 1244; x_wconf 78' lang='grc' dir='ltr'>προϐόλοις</span> <span class='ocrx_word' id='word_1_407' title='bbox 1819 1207 1883 1235; x_wconf 77' lang='grc' dir='ltr'>κατά</span> 
     </span>
    </p>
   </div>
   <div class='ocr_carea' id='block_1_55' title="bbox 1061 1250 1882 1290">
    <p class='ocr_par' dir='ltr' id='par_1_55' title="bbox 1061 1250 1882 1290">
     <span class='ocr_line' id='line_1_57' title="bbox 1061 1250 1882 1290; baseline 0.001 -12"><span class='ocrx_word' id='word_1_408' title='bbox 1061 1253 1114 1278; x_wconf 82' lang='grc' dir='ltr'>τῶν</span> <span class='ocrx_word' id='word_1_409' title='bbox 1136 1251 1278 1287; x_wconf 77' lang='grc' dir='ltr'>πολεμίων</span> <span class='ocrx_word' id='word_1_410' title='bbox 1309 1251 1412 1288; x_wconf 76' lang='grc' dir='ltr'>ἐχρῆτο</span> <span class='ocrx_word' id='word_1_411' title='bbox 1437 1251 1451 1278; x_wconf 86' lang='grc' dir='ltr'>ὁ</span> <span class='ocrx_word' id='word_1_412' title='bbox 1477 1250 1613 1289; x_wconf 76' lang='grc' dir='ltr'>βασιλεύς·</span> <span class='ocrx_word' id='word_1_413' title='bbox 1629 1251 1676 1278; x_wconf 84' lang='grc' dir='ltr'>καὶ</span> <span class='ocrx_word' id='word_1_414' title='bbox 1701 1252 1754 1290; x_wconf 79' lang='grc' dir='ltr'>γὰρ</span> <span class='ocrx_word' id='word_1_415' title='bbox 1783 1250 1815 1286; x_wconf 76' lang='grc' dir='ltr'>δὴ</span> <span class='ocrx_word' id='word_1_416' title='bbox 1840 1253 1882 1279; x_wconf 79' lang='grc' dir='ltr'>καὶ</span> 
     </span>
    </p>
   </div>
   <div class='ocr_carea' id='block_1_56' title="bbox 1062 1295 1878 1334">
    <p class='ocr_par' dir='ltr' id='par_1_56' title="bbox 1062 1295 1878 1334">
     <span class='ocr_line' id='line_1_58' title="bbox 1062 1295 1878 1334; baseline 0.001 -11"><span class='ocrx_word' id='word_1_417' title='bbox 1062 1296 1191 1333; x_wconf 80' lang='grc' dir='ltr'>συνέτυχε</span> <span class='ocrx_word' id='word_1_418' title='bbox 1204 1295 1282 1323; x_wconf 66' lang='grc' dir='ltr'>τόνδε</span> <span class='ocrx_word' id='word_1_419' title='bbox 1309 1296 1354 1323; x_wconf 87' lang='grc' dir='ltr'>τὸν</span> <span class='ocrx_word' id='word_1_420' title='bbox 1380 1296 1472 1333; x_wconf 82' lang='grc' dir='ltr'>ἀγῶνα</span> <span class='ocrx_word' id='word_1_421' title='bbox 1494 1297 1554 1323; x_wconf 84' lang='grc' dir='ltr'>κατ’</span> <span class='ocrx_word' id='word_1_422' title='bbox 1581 1295 1666 1330; x_wconf 83' lang='grc' dir='ltr'>αὐτὴν</span> <span class='ocrx_word' id='word_1_423' title='bbox 1694 1299 1878 1334; x_wconf 82' lang='grc' dir='ltr'>συνενεχθῆναι</span> 
     </span>
    </p>
   </div>
   <div class='ocr_carea' id='block_1_57' title="bbox 1060 1339 1880 1378">
    <p class='ocr_par' dir='ltr' id='par_1_57' title="bbox 1060 1339 1880 1378">
     <span class='ocr_line' id='line_1_59' title="bbox 1060 1339 1880 1378; baseline 0 -10"><span class='ocrx_word' id='word_1_424' title='bbox 1060 1341 1109 1375; x_wconf 79' lang='grc' dir='ltr'>τήν</span> <span class='ocrx_word' id='word_1_425' title='bbox 1122 1341 1226 1378; x_wconf 79' lang='grc' dir='ltr'>ἡμέραν</span> <span class='ocrx_word' id='word_1_426' title='bbox 1243 1340 1346 1374; x_wconf 79' lang='grc' dir='ltr'>καθ’ἥν</span> <span class='ocrx_word' id='word_1_427' title='bbox 1371 1339 1503 1376; x_wconf 77' lang='grc' dir='ltr'>εἴώθαμεν</span> <span class='ocrx_word' id='word_1_428' title='bbox 1529 1340 1666 1378; x_wconf 71' lang='grc' dir='ltr'>ἑορτάζειν</span> <span class='ocrx_word' id='word_1_429' title='bbox 1692 1344 1741 1375; x_wconf 78' lang='grc' dir='ltr'>τήν</span> <span class='ocrx_word' id='word_1_430' title='bbox 1774 1342 1880 1378; x_wconf 80' lang='grc' dir='ltr'>μνήμην</span> 
     </span>
    </p>
   </div>
   <div class='ocr_carea' id='block_1_58' title="bbox 1060 1383 1879 1422">
    <p class='ocr_par' dir='ltr' id='par_1_58' title="bbox 1060 1383 1879 1422">
     <span class='ocr_line' id='line_1_60' title="bbox 1060 1383 1879 1422; baseline -0.001 -9"><span class='ocrx_word' id='word_1_431' title='bbox 1060 1387 1108 1413; x_wconf 79' lang='grc' dir='ltr'>τοῦ</span> <span class='ocrx_word' id='word_1_432' title='bbox 1132 1384 1330 1422; x_wconf 81' lang='grc' dir='ltr'>στρατηλάτου.</span> <span class='ocrx_word' id='word_1_433' title='bbox 1346 1385 1397 1413; x_wconf 74' lang='grc' dir='ltr'>Καὶ</span> <span class='ocrx_word' id='word_1_434' title='bbox 1427 1385 1495 1422; x_wconf 89' lang='grc' dir='ltr'>γυνή</span> <span class='ocrx_word' id='word_1_435' title='bbox 1525 1383 1554 1412; x_wconf 86' lang='grc' dir='ltr'>δέ</span> <span class='ocrx_word' id='word_1_436' title='bbox 1578 1395 1618 1416; x_wconf 89' lang='grc' dir='ltr'>τις</span> <span class='ocrx_word' id='word_1_437' title='bbox 1639 1384 1668 1412; x_wconf 83' lang='grc' dir='ltr'>ἐν</span> <span class='ocrx_word' id='word_1_438' title='bbox 1682 1385 1816 1421; x_wconf 75' lang='grc' dir='ltr'>Βυζαντίῳ</span> <span class='ocrx_word' id='word_1_439' title='bbox 1840 1395 1879 1412; x_wconf 86' lang='grc' dir='ltr'>σε-</span> 
     </span>
    </p>
   </div>
   <div class='ocr_carea' id='block_1_59' title="bbox 1063 1428 1880 1468">
    <p class='ocr_par' dir='ltr' id='par_1_59' title="bbox 1063 1428 1880 1468">
     <span class='ocr_line' id='line_1_61' title="bbox 1063 1428 1880 1468; baseline 0 -11"><span class='ocrx_word' id='word_1_440' title='bbox 1063 1431 1116 1466; x_wconf 87' lang='grc' dir='ltr'>μνὴ</span> <span class='ocrx_word' id='word_1_441' title='bbox 1134 1430 1285 1468; x_wconf 81' lang='grc' dir='ltr'>ὑπερτάτης</span> <span class='ocrx_word' id='word_1_442' title='bbox 1301 1428 1441 1466; x_wconf 74' lang='grc' dir='ltr'>δυνάμεως</span> <span class='ocrx_word' id='word_1_443' title='bbox 1468 1430 1533 1457; x_wconf 73' lang='grc' dir='ltr'>εἶναι</span> <span class='ocrx_word' id='word_1_444' title='bbox 1557 1430 1589 1457; x_wconf 90' lang='grc' dir='ltr'>τὸ</span> <span class='ocrx_word' id='word_1_445' title='bbox 1614 1430 1710 1468; x_wconf 71' lang='grc' dir='ltr'>φάσμα</span> <span class='ocrx_word' id='word_1_446' title='bbox 1733 1429 1880 1464; x_wconf 66' lang='grc' dir='ltr'>ἐπιστοῦτο,</span> 
     </span>
    </p>
   </div>
   <div class='ocr_carea' id='block_1_60' title="bbox 1062 1473 1881 1513">
    <p class='ocr_par' dir='ltr' id='par_1_60' title="bbox 1062 1473 1881 1513">
     <span class='ocr_line' id='line_1_62' title="bbox 1062 1473 1881 1513; baseline 0 -11"><span class='ocrx_word' id='word_1_447' title='bbox 1062 1477 1110 1512; x_wconf 78' lang='grc' dir='ltr'>μιᾷ</span> <span class='ocrx_word' id='word_1_448' title='bbox 1139 1474 1269 1513; x_wconf 76' lang='grc' dir='ltr'>πρότερον</span> <span class='ocrx_word' id='word_1_449' title='bbox 1296 1478 1346 1509; x_wconf 77' lang='grc' dir='ltr'>τῆς</span> <span class='ocrx_word' id='word_1_450' title='bbox 1380 1474 1543 1511; x_wconf 83' lang='grc' dir='ltr'>συμπλοκῆς</span> <span class='ocrx_word' id='word_1_451' title='bbox 1573 1475 1667 1511; x_wconf 76' lang='grc' dir='ltr'>ἡμέρᾳ</span> <span class='ocrx_word' id='word_1_452' title='bbox 1697 1473 1761 1513; x_wconf 74' lang='grc' dir='ltr'>ὄναρ</span> <span class='ocrx_word' id='word_1_453' title='bbox 1790 1481 1881 1507; x_wconf 84' lang='grc' dir='ltr'>θεασα-</span> 
     </span>
    </p>
   </div>
   <div class='ocr_carea' id='block_1_61' title="bbox 1063 1518 1881 1556">
    <p class='ocr_par' dir='ltr' id='par_1_61' title="bbox 1063 1518 1881 1556">
     <span class='ocr_line' id='line_1_63' title="bbox 1063 1518 1881 1556; baseline 0 -10"><span class='ocrx_word' id='word_1_454' title='bbox 1063 1519 1201 1556; x_wconf 80' lang='grc' dir='ltr'>μένη,καί</span> <span class='ocrx_word' id='word_1_455' title='bbox 1228 1518 1325 1554; x_wconf 77' lang='grc' dir='ltr'>δόξασα</span> <span class='ocrx_word' id='word_1_456' title='bbox 1352 1521 1386 1556; x_wconf 78' lang='grc' dir='ltr'>τῇ</span> <span class='ocrx_word' id='word_1_457' title='bbox 1416 1520 1540 1555; x_wconf 84' lang='grc' dir='ltr'>Θεοτόκῳ</span> <span class='ocrx_word' id='word_1_458' title='bbox 1569 1519 1701 1556; x_wconf 76' lang='grc' dir='ltr'>παρίσθαι</span> <span class='ocrx_word' id='word_1_459' title='bbox 1724 1520 1767 1547; x_wconf 86' lang='grc' dir='ltr'>καὶ</span> <span class='ocrx_word' id='word_1_460' title='bbox 1793 1519 1881 1556; x_wconf 86' lang='grc' dir='ltr'>Λεγού-</span> 
     </span>
    </p>
   </div>
   <div class='ocr_carea' id='block_1_62' title="bbox 1060 1563 1881 1602">
    <p class='ocr_par' dir='ltr' id='par_1_62' title="bbox 1060 1563 1881 1602">
     <span class='ocr_line' id='line_1_64' title="bbox 1060 1563 1881 1602; baseline 0 -11"><span class='ocrx_word' id='word_1_461' title='bbox 1060 1575 1110 1598; x_wconf 83' lang='grc' dir='ltr'>σης</span> <span class='ocrx_word' id='word_1_462' title='bbox 1140 1564 1253 1591; x_wconf 79' lang='grc' dir='ltr'>ἀκοῦσαι</span> <span class='ocrx_word' id='word_1_463' title='bbox 1281 1563 1350 1599; x_wconf 73' lang='grc' dir='ltr'>πρός</span> <span class='ocrx_word' id='word_1_464' title='bbox 1377 1574 1438 1591; x_wconf 86' lang='grc' dir='ltr'>τινα</span> <span class='ocrx_word' id='word_1_465' title='bbox 1467 1563 1655 1601; x_wconf 85' lang='grc' dir='ltr'>στρατιώτην·</span> <span class='ocrx_word' id='word_1_466' title='bbox 1678 1575 1689 1590; x_wconf 75' lang='grc' dir='ltr'>ε</span> <span class='ocrx_word' id='word_1_467' title='bbox 1715 1563 1796 1602; x_wconf 78' lang='grc' dir='ltr'>Κύριε</span> <span class='ocrx_word' id='word_1_468' title='bbox 1822 1563 1881 1591; x_wconf 80' lang='grc' dir='ltr'>Θεό-</span> 
     </span>
    </p>
   </div>
   <div class='ocr_carea' id='block_1_63' title="bbox 180 1604 987 1646">
    <p class='ocr_par' dir='ltr' id='par_1_63' title="bbox 180 1609 973 1646">
     <span class='ocr_line' id='line_1_65' title="bbox 180 1609 973 1646; baseline -0.003 -8"><span class='ocrx_word' id='word_1_469' title='bbox 180 1609 310 1646; x_wconf 87' lang='lat' dir='ltr'>periculo</span> <span class='ocrx_word' id='word_1_470' title='bbox 325 1612 458 1638; x_wconf 79' lang='lat' dir='ltr'>versatur</span> <span class='ocrx_word' id='word_1_471' title='bbox 474 1618 480 1638; x_wconf 92' lang='lat'>:</span> <span class='ocrx_word' id='word_1_472' title='bbox 498 1610 603 1637; x_wconf 81' lang='lat' dir='ltr'>festina</span> <span class='ocrx_word' id='word_1_473' title='bbox 620 1609 656 1637; x_wconf 85' lang='lat' dir='ltr'>ad</span> <span class='ocrx_word' id='word_1_474' title='bbox 670 1617 755 1645; x_wconf 89' lang='lat' dir='ltr'>opem</span> <span class='ocrx_word' id='word_1_475' title='bbox 770 1609 795 1637; x_wconf 92' lang='lat' dir='ltr'>ei</span> <span class='ocrx_word' id='word_1_476' title='bbox 812 1609 973 1642; x_wconf 81' lang='lat' dir='ltr'>ferendam,</span> 
     </span>
    </p>
   </div>
   <div class='ocr_carea' id='block_1_64' title="bbox 1063 1604 1881 1646">
    <p class='ocr_par' dir='ltr' id='par_1_64' title="bbox 1063 1607 1881 1646">
     <span class='ocr_line' id='line_1_66' title="bbox 1063 1607 1881 1646; baseline -0.001 -10"><span class='ocrx_word' id='word_1_477' title='bbox 1063 1607 1144 1645; x_wconf 84' lang='grc' dir='ltr'>δωρε,</span> <span class='ocrx_word' id='word_1_478' title='bbox 1161 1609 1174 1635; x_wconf 85' lang='grc' dir='ltr'>ὁ</span> <span class='ocrx_word' id='word_1_479' title='bbox 1195 1609 1260 1644; x_wconf 77' lang='grc' dir='ltr'>ἑμὸς</span> <span class='ocrx_word' id='word_1_480' title='bbox 1289 1608 1333 1636; x_wconf 81' lang='grc' dir='ltr'>καὶ</span> <span class='ocrx_word' id='word_1_481' title='bbox 1363 1608 1408 1639; x_wconf 85' lang='grc' dir='ltr'>σὸς</span> <span class='ocrx_word' id='word_1_482' title='bbox 1439 1608 1565 1643; x_wconf 84' lang='grc' dir='ltr'>Ἰωάννης</span> <span class='ocrx_word' id='word_1_483' title='bbox 1595 1609 1753 1645; x_wconf 82' lang='grc' dir='ltr'>περιστάσει</span> <span class='ocrx_word' id='word_1_484' title='bbox 1779 1608 1881 1646; x_wconf 80' lang='grc' dir='ltr'>συνέχε-</span> 
     </span>
    </p>
   </div>
   <div class='ocr_carea' id='block_1_65' title="bbox 181 1653 1004 1691">
    <p class='ocr_par' dir='ltr' id='par_1_65' title="bbox 181 1653 1004 1691">
     <span class='ocr_line' id='line_1_67' title="bbox 181 1653 1004 1691; baseline -0.002 -8"><span class='ocrx_word' id='word_1_485' title='bbox 181 1655 271 1691; x_wconf 84' lang='lat' dir='ltr'>idque</span> <span class='ocrx_word' id='word_1_486' title='bbox 286 1655 467 1682; x_wconf 83' lang='lat' dir='ltr'>insomnium</span> <span class='ocrx_word' id='word_1_487' title='bbox 492 1654 588 1690; x_wconf 90' lang='lat' dir='ltr'>prima</span> <span class='ocrx_word' id='word_1_488' title='bbox 609 1653 674 1682; x_wconf 86' lang='lat' dir='ltr'>luce</span> <span class='ocrx_word' id='word_1_489' title='bbox 697 1653 801 1681; x_wconf 87' lang='lat' dir='ltr'>vicinis</span> <span class='ocrx_word' id='word_1_490' title='bbox 825 1655 1004 1682; x_wconf 84' lang='lat' dir='ltr'>narraverat.</span> 
     </span>
    </p>
   </div>
   <div class='ocr_carea' id='block_1_66' title="bbox 181 1697 1006 1734">
    <p class='ocr_par' dir='ltr' id='par_1_66' title="bbox 181 1697 1006 1734">
     <span class='ocr_line' id='line_1_68' title="bbox 181 1697 1006 1734; baseline 0 -8"><span class='ocrx_word' id='word_1_491' title='bbox 181 1699 336 1726; x_wconf 81' lang='lat' dir='ltr'>Enimvero</span> <span class='ocrx_word' id='word_1_492' title='bbox 352 1698 463 1734; x_wconf 64' lang='lat' dir='ltr'>Scytha;</span> <span class='ocrx_word' id='word_1_493' title='bbox 479 1706 512 1726; x_wconf 90' lang='lat' dir='ltr'>eo</span> <span class='ocrx_word' id='word_1_494' title='bbox 525 1697 625 1733; x_wconf 68' lang='lat' dir='ltr'>praaiio</span> <span class='ocrx_word' id='word_1_495' title='bbox 642 1698 816 1730; x_wconf 86' lang='lat' dir='ltr'>funduntur,</span> <span class='ocrx_word' id='word_1_496' title='bbox 832 1705 958 1733; x_wconf 87' lang='lat' dir='ltr'>cumque</span> <span class='ocrx_word' id='word_1_497' title='bbox 974 1706 1006 1726; x_wconf 91' lang='lat' dir='ltr'>se</span> 
     </span>
    </p>
   </div>
   <div class='ocr_carea' id='block_1_67' title="bbox 182 1741 1005 1779">
    <p class='ocr_par' dir='ltr' id='par_1_67' title="bbox 182 1741 1005 1779">
     <span class='ocr_line' id='line_1_69' title="bbox 182 1741 1005 1779; baseline -0.002 -8"><span class='ocrx_word' id='word_1_498' title='bbox 182 1743 275 1779; x_wconf 88' lang='lat' dir='ltr'>portis</span> <span class='ocrx_word' id='word_1_499' title='bbox 290 1742 465 1770; x_wconf 87' lang='lat' dir='ltr'>interclusos</span> <span class='ocrx_word' id='word_1_500' title='bbox 487 1751 503 1770; x_wconf 88' lang='lat' dir='ltr'>a</span> <span class='ocrx_word' id='word_1_501' title='bbox 527 1742 621 1769; x_wconf 82' lang='lat' dir='ltr'>Barda</span> <span class='ocrx_word' id='word_1_502' title='bbox 645 1742 796 1776; x_wconf 85' lang='lat' dir='ltr'>sentirent,</span> <span class='ocrx_word' id='word_1_503' title='bbox 812 1741 840 1768; x_wconf 92' lang='lat' dir='ltr'>in</span> <span class='ocrx_word' id='word_1_504' title='bbox 867 1749 1005 1778; x_wconf 84' lang='lat' dir='ltr'>campum</span> 
     </span>
    </p>
   </div>
   <div class='ocr_carea' id='block_1_68' title="bbox 183 1786 1006 1824">
    <p class='ocr_par' dir='ltr' id='par_1_68' title="bbox 183 1786 1006 1824">
     <span class='ocr_line' id='line_1_70' title="bbox 183 1786 1006 1824; baseline -0.002 -9"><span class='ocrx_word' id='word_1_505' title='bbox 183 1788 253 1823; x_wconf 80' lang='lat' dir='ltr'>fuga</span> <span class='ocrx_word' id='word_1_506' title='bbox 267 1788 486 1824; x_wconf 82' lang='lat' dir='ltr'>disperguntur,</span> <span class='ocrx_word' id='word_1_507' title='bbox 502 1786 926 1823; x_wconf 84' lang='lat' dir='ltr'>pereuntqueinuumerabiles</span> <span class='ocrx_word' id='word_1_508' title='bbox 943 1795 1006 1822; x_wconf 79' lang='lat' dir='ltr'>par-</span> 
     </span>
    </p>
   </div>
   <div class='ocr_carea' id='block_1_69' title="bbox 179 1831 1004 1867">
    <p class='ocr_par' dir='ltr' id='par_1_69' title="bbox 179 1831 1004 1867">
     <span class='ocr_line' id='line_1_71' title="bbox 179 1831 1004 1867; baseline -0.002 -7"><span class='ocrx_word' id='word_1_509' title='bbox 179 1834 232 1860; x_wconf 86' lang='lat' dir='ltr'>tim</span> <span class='ocrx_word' id='word_1_510' title='bbox 248 1841 265 1860; x_wconf 87' lang='lat' dir='ltr'>a</span> <span class='ocrx_word' id='word_1_511' title='bbox 288 1840 318 1860; x_wconf 91' lang='lat' dir='ltr'>se</span> <span class='ocrx_word' id='word_1_512' title='bbox 342 1832 465 1860; x_wconf 89' lang='lat' dir='ltr'>invicem</span> <span class='ocrx_word' id='word_1_513' title='bbox 490 1831 663 1866; x_wconf 85' lang='lat' dir='ltr'>conculcati,</span> <span class='ocrx_word' id='word_1_514' title='bbox 690 1831 796 1867; x_wconf 83' lang='lat' dir='ltr'>partim</span> <span class='ocrx_word' id='word_1_515' title='bbox 822 1840 838 1859; x_wconf 85' lang='lat' dir='ltr'>a</span> <span class='ocrx_word' id='word_1_516' title='bbox 863 1831 1004 1859; x_wconf 81' lang='lat' dir='ltr'>Romanis</span> 
     </span>
    </p>
   </div>
   <div class='ocr_carea' id='block_1_70' title="bbox 179 1875 1003 1912">
    <p class='ocr_par' dir='ltr' id='par_1_70' title="bbox 179 1875 1003 1912">
     <span class='ocr_line' id='line_1_72' title="bbox 179 1875 1003 1912; baseline -0.002 -7"><span class='ocrx_word' id='word_1_517' title='bbox 179 1877 367 1912; x_wconf 39' lang='lat' dir='ltr'>obtruncati;</span> <span class='ocrx_word' id='word_1_518' title='bbox 379 1876 519 1905; x_wconf 84' lang='lat' dir='ltr'>vulnerati</span> <span class='ocrx_word' id='word_1_519' title='bbox 545 1884 618 1912; x_wconf 90' lang='lat' dir='ltr'>pene</span> <span class='ocrx_word' id='word_1_520' title='bbox 639 1884 752 1904; x_wconf 90' lang='lat' dir='ltr'>omnes.</span> <span class='ocrx_word' id='word_1_521' title='bbox 769 1875 892 1911; x_wconf 84' lang='lat' dir='ltr'>Martyri</span> <span class='ocrx_word' id='word_1_522' title='bbox 907 1875 1003 1904; x_wconf 88' lang='lat' dir='ltr'>Theo-</span> 
     </span>
    </p>
   </div>
   <div class='ocr_carea' id='block_1_71' title="bbox 176 1920 1001 1958">
    <p class='ocr_par' dir='ltr' id='par_1_71' title="bbox 176 1920 1001 1958">
     <span class='ocr_line' id='line_1_73' title="bbox 176 1920 1001 1958; baseline -0.002 -9"><span class='ocrx_word' id='word_1_523' title='bbox 176 1923 247 1950; x_wconf 88' lang='lat' dir='ltr'>doro</span> <span class='ocrx_word' id='word_1_524' title='bbox 263 1922 389 1958; x_wconf 85' lang='lat' dir='ltr'>gratiam</span> <span class='ocrx_word' id='word_1_525' title='bbox 405 1930 457 1957; x_wconf 87' lang='lat' dir='ltr'>pro</span> <span class='ocrx_word' id='word_1_526' title='bbox 473 1929 527 1957; x_wconf 88' lang='lat' dir='ltr'>ope</span> <span class='ocrx_word' id='word_1_527' title='bbox 548 1921 607 1949; x_wconf 85' lang='lat' dir='ltr'>lata</span> <span class='ocrx_word' id='word_1_528' title='bbox 623 1921 751 1948; x_wconf 83' lang='lat' dir='ltr'>referens</span> <span class='ocrx_word' id='word_1_529' title='bbox 775 1920 943 1955; x_wconf 80' lang='lat' dir='ltr'>imperator,</span> <span class='ocrx_word' id='word_1_530' title='bbox 961 1921 1001 1948; x_wconf 77' lang='lat' dir='ltr'>fa-</span> 
     </span>
    </p>
   </div>
   <div class='ocr_carea' id='block_1_72' title="bbox 176 1965 1002 2001">
    <p class='ocr_par' dir='ltr' id='par_1_72' title="bbox 176 1965 1002 2001">
     <span class='ocr_line' id='line_1_74' title="bbox 176 1965 1002 2001; baseline -0.002 -7"><span class='ocrx_word' id='word_1_531' title='bbox 176 1975 248 1995; x_wconf 90' lang='lat' dir='ltr'>num</span> <span class='ocrx_word' id='word_1_532' title='bbox 263 1967 292 1994; x_wconf 89' lang='lat' dir='ltr'>in</span> <span class='ocrx_word' id='word_1_533' title='bbox 310 1974 368 2001; x_wconf 88' lang='lat' dir='ltr'>quo</span> <span class='ocrx_word' id='word_1_534' title='bbox 384 1966 409 1994; x_wconf 86' lang='lat' dir='ltr'>is</span> <span class='ocrx_word' id='word_1_535' title='bbox 422 1966 563 1994; x_wconf 81' lang='lat' dir='ltr'>humatus</span> <span class='ocrx_word' id='word_1_536' title='bbox 575 1967 638 1993; x_wconf 85' lang='lat' dir='ltr'>erat</span> <span class='ocrx_word' id='word_1_537' title='bbox 654 1965 688 1993; x_wconf 90' lang='lat' dir='ltr'>ad</span> <span class='ocrx_word' id='word_1_538' title='bbox 706 1965 897 1993; x_wconf 84' lang='lat' dir='ltr'>fundamenta</span> <span class='ocrx_word' id='word_1_539' title='bbox 908 1973 1002 2000; x_wconf 83' lang='lat' dir='ltr'>usque</span> 
     </span>
    </p>
   </div>
   <div class='ocr_carea' id='block_1_73' title="bbox 176 2009 1002 2045">
    <p class='ocr_par' dir='ltr' id='par_1_73' title="bbox 176 2009 1002 2045">
     <span class='ocr_line' id='line_1_75' title="bbox 176 2009 1002 2045; baseline 0 -7"><span class='ocrx_word' id='word_1_540' title='bbox 176 2010 346 2044; x_wconf 86' lang='lat' dir='ltr'>demolitus,</span> <span class='ocrx_word' id='word_1_541' title='bbox 363 2010 441 2038; x_wconf 86' lang='lat' dir='ltr'>aliud</span> <span class='ocrx_word' id='word_1_542' title='bbox 459 2010 783 2045; x_wconf 73' lang='lat' dir='ltr'>magnificentissimum</span> <span class='ocrx_word' id='word_1_543' title='bbox 800 2009 953 2044; x_wconf 85' lang='lat' dir='ltr'>exstruxit,</span> <span class='ocrx_word' id='word_1_544' title='bbox 968 2018 1002 2038; x_wconf 88' lang='lat' dir='ltr'>ac</span> 
     </span>
    </p>
   </div>
   <div class='ocr_carea' id='block_1_74' title="bbox 174 2053 999 2091">
    <p class='ocr_par' dir='ltr' id='par_1_74' title="bbox 174 2053 999 2091">
     <span class='ocr_line' id='line_1_76' title="bbox 174 2053 999 2091; baseline 0 -9"><span class='ocrx_word' id='word_1_545' title='bbox 174 2055 292 2091; x_wconf 71' lang='lat' dir='ltr'>praediis</span> <span class='ocrx_word' id='word_1_546' title='bbox 304 2054 418 2090; x_wconf 85' lang='lat' dir='ltr'>amplos</span> <span class='ocrx_word' id='word_1_547' title='bbox 432 2054 610 2082; x_wconf 86' lang='lat' dir='ltr'>habentibus</span> <span class='ocrx_word' id='word_1_548' title='bbox 622 2053 732 2081; x_wconf 89' lang='lat' dir='ltr'>reditus</span> <span class='ocrx_word' id='word_1_549' title='bbox 744 2053 863 2081; x_wconf 80' lang='lat' dir='ltr'>donavit</span> <span class='ocrx_word' id='word_1_550' title='bbox 878 2061 884 2082; x_wconf 90' lang='lat'>:</span> <span class='ocrx_word' id='word_1_551' title='bbox 898 2054 999 2082; x_wconf 88' lang='lat' dir='ltr'>urbem</span> 
     </span>
    </p>
   </div>
   <div class='ocr_carea' id='block_1_75' title="bbox 172 2098 1000 2135">
    <p class='ocr_par' dir='ltr' id='par_1_75' title="bbox 172 2098 1000 2135">
     <span class='ocr_line' id='line_1_77' title="bbox 172 2098 1000 2135; baseline -0.002 -8"><span class='ocrx_word' id='word_1_552' title='bbox 172 2099 203 2127; x_wconf 95' lang='lat' dir='ltr'>in</span> <span class='ocrx_word' id='word_1_553' title='bbox 219 2099 321 2135; x_wconf 78' lang='lat' dir='ltr'>quaid</span> <span class='ocrx_word' id='word_1_554' title='bbox 342 2101 415 2134; x_wconf 86' lang='lat' dir='ltr'>erat,</span> <span class='ocrx_word' id='word_1_555' title='bbox 431 2107 483 2134; x_wconf 89' lang='lat' dir='ltr'>pro</span> <span class='ocrx_word' id='word_1_556' title='bbox 508 2098 674 2127; x_wconf 88' lang='lat' dir='ltr'>Euchaneia</span> <span class='ocrx_word' id='word_1_557' title='bbox 697 2098 929 2133; x_wconf 87' lang='lat' dir='ltr'>Theodoropolin</span> <span class='ocrx_word' id='word_1_558' title='bbox 946 2107 1000 2126; x_wconf 88' lang='lat' dir='ltr'>no-</span> 
     </span>
    </p>
   </div>
   <div class='ocr_carea' id='block_1_76' title="bbox 173 2144 307 2172">
    <p class='ocr_par' dir='ltr' id='par_1_76' title="bbox 173 2144 307 2172">
     <span class='ocr_line' id='line_1_78' title="bbox 173 2144 307 2172; baseline 0.007 -1"><span class='ocrx_word' id='word_1_559' title='bbox 173 2144 307 2172; x_wconf 85' lang='lat' dir='ltr'>minavit.</span> 
     </span>
    </p>
   </div>
   <div class='ocr_carea' id='block_1_77' title="bbox 206 2276 1035 2319">
    <p class='ocr_par' dir='ltr' id='par_1_77' title="bbox 206 2276 1035 2319">
     <span class='ocr_line' id='line_1_79' title="bbox 206 2276 1035 2319; baseline -0.005 -10"><span class='ocrx_word' id='word_1_560' title='bbox 206 2279 479 2316; x_wconf 85' lang='lat' dir='ltr'>Sphendosthlabus</span> <span class='ocrx_word' id='word_1_561' title='bbox 509 2286 576 2306; x_wconf 89' lang='lat' dir='ltr'>cum</span> <span class='ocrx_word' id='word_1_562' title='bbox 606 2276 743 2305; x_wconf 88' lang='lat' dir='ltr'>omnibus</span> <span class='ocrx_word' id='word_1_563' title='bbox 778 2277 894 2305; x_wconf 80' lang='lat' dir='ltr'>tentalis</span> <span class='ocrx_word' id='word_1_564' title='bbox 922 2277 1035 2319; x_wconf 85' lang='lat' dir='ltr'>nihilD</span> 
     </span>
    </p>
   </div>
   <div class='ocr_carea' id='block_1_78' title="bbox 169 2321 994 2359">
    <p class='ocr_par' dir='ltr' id='par_1_78' title="bbox 169 2321 994 2359">
     <span class='ocr_line' id='line_1_80' title="bbox 169 2321 994 2359; baseline -0.005 -5"><span class='ocrx_word' id='word_1_565' title='bbox 169 2325 373 2359; x_wconf 84' lang='lat' dir='ltr'>successisset,</span> <span class='ocrx_word' id='word_1_566' title='bbox 389 2323 502 2351; x_wconf 85' lang='lat' dir='ltr'>nullam</span> <span class='ocrx_word' id='word_1_567' title='bbox 513 2330 595 2358; x_wconf 88' lang='lat' dir='ltr'>spem</span> <span class='ocrx_word' id='word_1_568' title='bbox 607 2321 749 2357; x_wconf 86' lang='lat' dir='ltr'>reliquam</span> <span class='ocrx_word' id='word_1_569' title='bbox 762 2321 817 2349; x_wconf 89' lang='lat' dir='ltr'>sibi</span> <span class='ocrx_word' id='word_1_570' title='bbox 834 2322 945 2356; x_wconf 85' lang='lat' dir='ltr'>videns,</span> <span class='ocrx_word' id='word_1_571' title='bbox 958 2323 994 2350; x_wconf 89' lang='lat' dir='ltr'>ad</span> 
     </span>
    </p>
   </div>
   <div class='ocr_carea' id='block_1_79' title="bbox 167 2366 993 2405">
    <p class='ocr_par' dir='ltr' id='par_1_79' title="bbox 167 2366 993 2405">
     <span class='ocr_line' id='line_1_81' title="bbox 167 2366 993 2405; baseline -0.004 -8"><span class='ocrx_word' id='word_1_572' title='bbox 167 2369 400 2405; x_wconf 82' lang='lat' dir='ltr'>pacificationem</span> <span class='ocrx_word' id='word_1_573' title='bbox 417 2368 550 2395; x_wconf 88' lang='lat' dir='ltr'>animum</span> <span class='ocrx_word' id='word_1_574' title='bbox 564 2366 676 2402; x_wconf 80' lang='lat' dir='ltr'>adjicit,</span> <span class='ocrx_word' id='word_1_575' title='bbox 690 2366 850 2402; x_wconf 86' lang='lat' dir='ltr'>missisque</span> <span class='ocrx_word' id='word_1_576' title='bbox 861 2368 937 2395; x_wconf 72' lang='lat'>412</span> <span class='ocrx_word' id='word_1_577' title='bbox 954 2367 993 2394; x_wconf 90' lang='lat' dir='ltr'>le-</span> 
     </span>
    </p>
   </div>
   <div class='ocr_carea' id='block_1_80' title="bbox 166 2411 993 2449">
    <p class='ocr_par' dir='ltr' id='par_1_80' title="bbox 166 2411 993 2449">
     <span class='ocr_line' id='line_1_82' title="bbox 166 2411 993 2449; baseline -0.001 -8"><span class='ocrx_word' id='word_1_578' title='bbox 166 2414 243 2449; x_wconf 78' lang='lat' dir='ltr'>gatis</span> <span class='ocrx_word' id='word_1_579' title='bbox 269 2413 398 2449; x_wconf 79' lang='lat' dir='ltr'>postulat</span> <span class='ocrx_word' id='word_1_580' title='bbox 422 2413 458 2440; x_wconf 87' lang='lat' dir='ltr'>ab</span> <span class='ocrx_word' id='word_1_581' title='bbox 482 2411 658 2448; x_wconf 84' lang='lat' dir='ltr'>imperatore</span> <span class='ocrx_word' id='word_1_582' title='bbox 682 2419 713 2438; x_wconf 87' lang='lat' dir='ltr'>se</span> <span class='ocrx_word' id='word_1_583' title='bbox 737 2411 794 2438; x_wconf 83' lang='lat' dir='ltr'>ﬁde</span> <span class='ocrx_word' id='word_1_584' title='bbox 819 2411 937 2447; x_wconf 84' lang='lat' dir='ltr'>publica</span> <span class='ocrx_word' id='word_1_585' title='bbox 963 2412 993 2440; x_wconf 89' lang='lat' dir='ltr'>in</span> 
     </span>
    </p>
   </div>
   <div class='ocr_carea' id='block_1_81' title="bbox 166 2456 993 2492">
    <p class='ocr_par' dir='ltr' id='par_1_81' title="bbox 166 2456 993 2492">
     <span class='ocr_line' id='line_1_83' title="bbox 166 2456 993 2492; baseline -0.001 -7"><span class='ocrx_word' id='word_1_586' title='bbox 166 2467 323 2485; x_wconf 90' lang='lat' dir='ltr'>numerum</span> <span class='ocrx_word' id='word_1_587' title='bbox 337 2458 499 2484; x_wconf 84' lang='lat' dir='ltr'>amicorum</span> <span class='ocrx_word' id='word_1_588' title='bbox 525 2459 554 2483; x_wconf 93' lang='lat' dir='ltr'>ct</span> <span class='ocrx_word' id='word_1_589' title='bbox 576 2456 721 2483; x_wconf 86' lang='lat' dir='ltr'>sociorum</span> <span class='ocrx_word' id='word_1_590' title='bbox 740 2456 862 2484; x_wconf 81' lang='lat' dir='ltr'>Romani</span> <span class='ocrx_word' id='word_1_591' title='bbox 877 2456 993 2492; x_wconf 87' lang='lat' dir='ltr'>imperii</span> 
     </span>
    </p>
   </div>
   <div class='ocr_carea' id='block_1_82' title="bbox 166 2501 991 2538">
    <p class='ocr_par' dir='ltr' id='par_1_82' title="bbox 166 2501 991 2538">
     <span class='ocr_line' id='line_1_84' title="bbox 166 2501 991 2538; baseline 0 -9"><span class='ocrx_word' id='word_1_592' title='bbox 166 2502 266 2538; x_wconf 83' lang='lat' dir='ltr'>recipi,</span> <span class='ocrx_word' id='word_1_593' title='bbox 283 2502 397 2537; x_wconf 84' lang='lat' dir='ltr'>sibique</span> <span class='ocrx_word' id='word_1_594' title='bbox 413 2509 479 2529; x_wconf 79' lang='lat' dir='ltr'>cum</span> <span class='ocrx_word' id='word_1_595' title='bbox 496 2501 559 2528; x_wconf 86' lang='lat' dir='ltr'>suis</span> <span class='ocrx_word' id='word_1_596' title='bbox 571 2501 697 2528; x_wconf 81' lang='lat' dir='ltr'>reditum</span> <span class='ocrx_word' id='word_1_597' title='bbox 713 2502 810 2527; x_wconf 87' lang='lat' dir='ltr'>tutum</span> <span class='ocrx_word' id='word_1_598' title='bbox 827 2501 947 2528; x_wconf 89' lang='lat' dir='ltr'>concedi</span> <span class='ocrx_word' id='word_1_599' title='bbox 963 2501 991 2529; x_wconf 92' lang='lat' dir='ltr'>in</span> 
     </span>
    </p>
   </div>
   <div class='ocr_carea' id='block_1_83' title="bbox 166 2544 991 2582">
    <p class='ocr_par' dir='ltr' id='par_1_83' title="bbox 166 2544 991 2582">
     <span class='ocr_line' id='line_1_85' title="bbox 166 2544 991 2582; baseline -0.001 -8"><span class='ocrx_word' id='word_1_600' title='bbox 166 2546 302 2582; x_wconf 83' lang='lat' dir='ltr'>patriam,</span> <span class='ocrx_word' id='word_1_601' title='bbox 332 2549 360 2573; x_wconf 87' lang='lat' dir='ltr'>et</span> <span class='ocrx_word' id='word_1_602' title='bbox 387 2545 501 2581; x_wconf 79' lang='lat' dir='ltr'>Scythis</span> <span class='ocrx_word' id='word_1_603' title='bbox 531 2544 621 2572; x_wconf 89' lang='lat' dir='ltr'>libere</span> <span class='ocrx_word' id='word_1_604' title='bbox 646 2544 815 2580; x_wconf 84' lang='lat' dir='ltr'>negotiandi</span> <span class='ocrx_word' id='word_1_605' title='bbox 844 2553 933 2573; x_wconf 83' lang='lat' dir='ltr'>causa</span> <span class='ocrx_word' id='word_1_606' title='bbox 962 2545 991 2573; x_wconf 90' lang='lat' dir='ltr'>in</span> 
     </span>
    </p>
   </div>
   <div class='ocr_carea' id='block_1_84' title="bbox 164 2589 991 2625">
    <p class='ocr_par' dir='ltr' id='par_1_84' title="bbox 164 2589 991 2625">
     <span class='ocr_line' id='line_1_86' title="bbox 164 2589 991 2625; baseline -0.001 -6"><span class='ocrx_word' id='word_1_607' title='bbox 164 2591 365 2619; x_wconf 84' lang='lat' dir='ltr'>Romanorum</span> <span class='ocrx_word' id='word_1_608' title='bbox 390 2590 531 2618; x_wconf 86' lang='lat' dir='ltr'>ditionem</span> <span class='ocrx_word' id='word_1_609' title='bbox 551 2589 649 2618; x_wconf 86' lang='lat' dir='ltr'>venire</span> <span class='ocrx_word' id='word_1_610' title='bbox 673 2589 814 2625; x_wconf 90' lang='lat' dir='ltr'>permitti.</span> <span class='ocrx_word' id='word_1_611' title='bbox 840 2589 991 2618; x_wconf 83' lang='lat' dir='ltr'>Postulata</span> 
     </span>
    </p>
   </div>
   <div class='ocr_carea' id='block_1_85' title="bbox 1060 1652 1880 1691">
    <p class='ocr_par' dir='ltr' id='par_1_85' title="bbox 1060 1652 1880 1691">
     <span class='ocr_line' id='line_1_87' title="bbox 1060 1652 1880 1691; baseline -0.002 -10"><span class='ocrx_word' id='word_1_612' title='bbox 1060 1664 1115 1690; x_wconf 84' lang='grc' dir='ltr'>ται,</span> <span class='ocrx_word' id='word_1_613' title='bbox 1144 1653 1188 1680; x_wconf 82' lang='grc' dir='ltr'>καὶ</span> <span class='ocrx_word' id='word_1_614' title='bbox 1218 1655 1331 1680; x_wconf 78' lang='grc' dir='ltr'>σπεῦσον</span> <span class='ocrx_word' id='word_1_615' title='bbox 1365 1653 1402 1684; x_wconf 70' lang='grc' dir='ltr'>εἲς</span> <span class='ocrx_word' id='word_1_616' title='bbox 1425 1653 1475 1687; x_wconf 77' lang='grc' dir='ltr'>τὴν</span> <span class='ocrx_word' id='word_1_617' title='bbox 1512 1653 1594 1680; x_wconf 74' lang='grc' dir='ltr'>αὐτοῦ</span> <span class='ocrx_word' id='word_1_618' title='bbox 1634 1653 1774 1691; x_wconf 78' lang='grc' dir='ltr'>βοήθειαν,</span> <span class='ocrx_word' id='word_1_619' title='bbox 1798 1664 1812 1679; x_wconf 91' lang='grc'><strong>››</strong></span> <span class='ocrx_word' id='word_1_620' title='bbox 1838 1652 1880 1680; x_wconf 80' lang='grc' dir='ltr'>καὶ</span> 
     </span>
    </p>
   </div>
   <div class='ocr_carea' id='block_1_86' title="bbox 1059 1697 1880 1735">
    <p class='ocr_par' dir='ltr' id='par_1_86' title="bbox 1059 1697 1880 1735">
     <span class='ocr_line' id='line_1_88' title="bbox 1059 1697 1880 1735; baseline -0.001 -10"><span class='ocrx_word' id='word_1_621' title='bbox 1059 1697 1142 1733; x_wconf 80' lang='grc' dir='ltr'>ἡλίου</span> <span class='ocrx_word' id='word_1_622' title='bbox 1158 1698 1319 1735; x_wconf 83' lang='grc' dir='ltr'>ἀνίσχοντος</span> <span class='ocrx_word' id='word_1_623' title='bbox 1335 1700 1392 1728; x_wconf 86' lang='grc' dir='ltr'>τοῖς</span> <span class='ocrx_word' id='word_1_624' title='bbox 1412 1697 1530 1735; x_wconf 86' lang='grc' dir='ltr'>γείτοσιν</span> <span class='ocrx_word' id='word_1_625' title='bbox 1556 1697 1759 1735; x_wconf 77' lang='grc' dir='ltr'>ἐξηγησαμένη.</span> <span class='ocrx_word' id='word_1_626' title='bbox 1775 1698 1825 1725; x_wconf 86' lang='grc' dir='ltr'>Καὶ</span> <span class='ocrx_word' id='word_1_627' title='bbox 1848 1697 1880 1725; x_wconf 76' lang='grc' dir='ltr'>τὰ</span> 
     </span>
    </p>
   </div>
   <div class='ocr_carea' id='block_1_87' title="bbox 1061 1741 1878 1780">
    <p class='ocr_par' dir='ltr' id='par_1_87' title="bbox 1061 1741 1878 1780">
     <span class='ocr_line' id='line_1_89' title="bbox 1061 1741 1878 1780; baseline -0.002 -10"><span class='ocrx_word' id='word_1_628' title='bbox 1061 1743 1108 1780; x_wconf 76' lang='grc' dir='ltr'>μὲν</span> <span class='ocrx_word' id='word_1_629' title='bbox 1139 1742 1266 1779; x_wconf 80' lang='grc' dir='ltr'>ὁραθέντα</span> <span class='ocrx_word' id='word_1_630' title='bbox 1293 1744 1386 1778; x_wconf 78' lang='grc' dir='ltr'>ταῦτα,</span> <span class='ocrx_word' id='word_1_631' title='bbox 1401 1742 1544 1779; x_wconf 83' lang='grc' dir='ltr'>τρέπονται</span> <span class='ocrx_word' id='word_1_632' title='bbox 1574 1741 1602 1769; x_wconf 70' lang='grc' dir='ltr'>δὲ</span> <span class='ocrx_word' id='word_1_633' title='bbox 1625 1741 1712 1770; x_wconf 81' lang='grc' dir='ltr'>πάλιν</span> <span class='ocrx_word' id='word_1_634' title='bbox 1729 1743 1755 1769; x_wconf 75' lang='grc' dir='ltr'>οἱ</span> <span class='ocrx_word' id='word_1_635' title='bbox 1771 1741 1878 1775; x_wconf 77' lang='grc' dir='ltr'>Σκύθαι,</span> 
     </span>
    </p>
   </div>
   <div class='ocr_carea' id='block_1_88' title="bbox 1058 1785 1878 1825">
    <p class='ocr_par' dir='ltr' id='par_1_88' title="bbox 1058 1785 1878 1825">
     <span class='ocr_line' id='line_1_90' title="bbox 1058 1785 1878 1825; baseline 0 -11"><span class='ocrx_word' id='word_1_636' title='bbox 1058 1787 1102 1815; x_wconf 86' lang='grc' dir='ltr'>καὶ</span> <span class='ocrx_word' id='word_1_637' title='bbox 1133 1786 1347 1824; x_wconf 85' lang='grc' dir='ltr'>ἀποκλεισμένας</span> <span class='ocrx_word' id='word_1_638' title='bbox 1371 1786 1418 1818; x_wconf 82' lang='grc' dir='ltr'>τὰς</span> <span class='ocrx_word' id='word_1_639' title='bbox 1445 1790 1496 1822; x_wconf 80' lang='grc' dir='ltr'>τῆς</span> <span class='ocrx_word' id='word_1_640' title='bbox 1518 1786 1626 1818; x_wconf 80' lang='grc' dir='ltr'>πόλεως</span> <span class='ocrx_word' id='word_1_641' title='bbox 1641 1787 1767 1825; x_wconf 71' lang='grc' dir='ltr'>εὑρόντες</span> <span class='ocrx_word' id='word_1_642' title='bbox 1794 1785 1878 1818; x_wconf 77' lang='grc' dir='ltr'>πύλας</span> 
     </span>
    </p>
   </div>
   <div class='ocr_carea' id='block_1_89' title="bbox 1060 1830 1877 1869">
    <p class='ocr_par' dir='ltr' id='par_1_89' title="bbox 1060 1830 1877 1869">
     <span class='ocr_line' id='line_1_91' title="bbox 1060 1830 1877 1869; baseline 0 -11"><span class='ocrx_word' id='word_1_643' title='bbox 1060 1832 1111 1859; x_wconf 83' lang='grc' dir='ltr'>ὑπὸ</span> <span class='ocrx_word' id='word_1_644' title='bbox 1126 1834 1174 1859; x_wconf 82' lang='grc' dir='ltr'>τοῦ</span> <span class='ocrx_word' id='word_1_645' title='bbox 1186 1831 1314 1869; x_wconf 81' lang='grc' dir='ltr'>Σκληροῦ</span> <span class='ocrx_word' id='word_1_646' title='bbox 1325 1831 1374 1858; x_wconf 78' lang='grc' dir='ltr'>ἀνὰ</span> <span class='ocrx_word' id='word_1_647' title='bbox 1387 1832 1419 1858; x_wconf 87' lang='grc' dir='ltr'>τὸ</span> <span class='ocrx_word' id='word_1_648' title='bbox 1434 1830 1526 1859; x_wconf 85' lang='grc' dir='ltr'>πεδίον</span> <span class='ocrx_word' id='word_1_649' title='bbox 1538 1832 1579 1867; x_wconf 86' lang='grc' dir='ltr'>[Ρ.</span> <span class='ocrx_word' id='word_1_650' title='bbox 1595 1832 1662 1868; x_wconf 82' lang='grc'>682]</span> <span class='ocrx_word' id='word_1_651' title='bbox 1682 1830 1877 1865; x_wconf 74' lang='grc' dir='ltr'>ἐσκεδάννυντο,</span> 
     </span>
    </p>
   </div>
   <div class='ocr_carea' id='block_1_90' title="bbox 1057 1874 1877 1913">
    <p class='ocr_par' dir='ltr' id='par_1_90' title="bbox 1057 1874 1877 1913">
     <span class='ocr_line' id='line_1_92' title="bbox 1057 1874 1877 1913; baseline -0.002 -10"><span class='ocrx_word' id='word_1_652' title='bbox 1057 1876 1101 1903; x_wconf 76' lang='grc' dir='ltr'>καὶ</span> <span class='ocrx_word' id='word_1_653' title='bbox 1124 1876 1286 1913; x_wconf 70' lang='grc' dir='ltr'>ἀνῃρέθησαν</span> <span class='ocrx_word' id='word_1_654' title='bbox 1304 1876 1348 1903; x_wconf 80' lang='grc' dir='ltr'>ὑπ’</span> <span class='ocrx_word' id='word_1_655' title='bbox 1363 1874 1497 1911; x_wconf 71' lang='grc' dir='ltr'>ἀλλήλων</span> <span class='ocrx_word' id='word_1_656' title='bbox 1524 1885 1553 1903; x_wconf 82' lang='grc' dir='ltr'>τε</span> <span class='ocrx_word' id='word_1_657' title='bbox 1582 1875 1808 1912; x_wconf 68' lang='grc' dir='ltr'>συμπατούμενοι</span> <span class='ocrx_word' id='word_1_658' title='bbox 1834 1874 1877 1902; x_wconf 82' lang='grc' dir='ltr'>καὶ</span> 
     </span>
    </p>
   </div>
   <div class='ocr_carea' id='block_1_91' title="bbox 1058 1919 1877 1958">
    <p class='ocr_par' dir='ltr' id='par_1_91' title="bbox 1058 1919 1877 1958">
     <span class='ocr_line' id='line_1_93' title="bbox 1058 1919 1877 1958; baseline -0.001 -11"><span class='ocrx_word' id='word_1_659' title='bbox 1058 1920 1109 1948; x_wconf 82' lang='grc' dir='ltr'>ὑπὸ</span> <span class='ocrx_word' id='word_1_660' title='bbox 1138 1920 1279 1956; x_wconf 84' lang='grc' dir='ltr'>Ῥωμαίων</span> <span class='ocrx_word' id='word_1_661' title='bbox 1323 1921 1539 1957; x_wconf 89' lang='grc' dir='ltr'>συγκοπτόμενοι</span> <span class='ocrx_word' id='word_1_662' title='bbox 1579 1920 1700 1958; x_wconf 80' lang='grc' dir='ltr'>ἄριθμοῦ</span> <span class='ocrx_word' id='word_1_663' title='bbox 1734 1919 1877 1958; x_wconf 76' lang='grc' dir='ltr'>κρείττους,</span> 
     </span>
    </p>
   </div>
   <div class='ocr_carea' id='block_1_92' title="bbox 1056 1963 1876 2003">
    <p class='ocr_par' dir='ltr' id='par_1_92' title="bbox 1056 1963 1876 2003">
     <span class='ocr_line' id='line_1_94' title="bbox 1056 1963 1876 2003; baseline -0.001 -11"><span class='ocrx_word' id='word_1_664' title='bbox 1056 1964 1220 2002; x_wconf 85' lang='grc' dir='ltr'>τραυματίαι</span> <span class='ocrx_word' id='word_1_665' title='bbox 1237 1963 1265 1992; x_wconf 76' lang='grc' dir='ltr'>δὲ</span> <span class='ocrx_word' id='word_1_666' title='bbox 1287 1964 1408 2003; x_wconf 80' lang='grc' dir='ltr'>ἐγένοντο</span> <span class='ocrx_word' id='word_1_667' title='bbox 1435 1963 1532 2002; x_wconf 85' lang='grc' dir='ltr'>σχεδόν</span> <span class='ocrx_word' id='word_1_668' title='bbox 1557 1975 1583 1992; x_wconf 89' lang='grc' dir='ltr'>τι</span> <span class='ocrx_word' id='word_1_669' title='bbox 1605 1965 1718 1996; x_wconf 76' lang='grc' dir='ltr'>πάντες.</span> <span class='ocrx_word' id='word_1_670' title='bbox 1734 1965 1787 1994; x_wconf 89' lang='grc' dir='ltr'>Τὸν</span> <span class='ocrx_word' id='word_1_671' title='bbox 1812 1964 1876 2002; x_wconf 88' lang='grc' dir='ltr'>μάρ-</span> 
     </span>
    </p>
   </div>
   <div class='ocr_carea' id='block_1_93' title="bbox 1054 2008 1876 2047">
    <p class='ocr_par' dir='ltr' id='par_1_93' title="bbox 1054 2008 1876 2047">
     <span class='ocr_line' id='line_1_95' title="bbox 1054 2008 1876 2047; baseline -0.001 -10"><span class='ocrx_word' id='word_1_672' title='bbox 1054 2020 1122 2047; x_wconf 90' lang='grc' dir='ltr'>τυρα</span> <span class='ocrx_word' id='word_1_673' title='bbox 1136 2008 1160 2037; x_wconf 88' lang='grc' dir='ltr'>δ’</span> <span class='ocrx_word' id='word_1_674' title='bbox 1178 2011 1192 2037; x_wconf 86' lang='grc' dir='ltr'><strong>ὸ</strong></span> <span class='ocrx_word' id='word_1_675' title='bbox 1216 2008 1343 2047; x_wconf 81' lang='grc' dir='ltr'>βασιλεὺς</span> <span class='ocrx_word' id='word_1_676' title='bbox 1368 2011 1467 2046; x_wconf 78' lang='grc' dir='ltr'>τιμῶν,</span> <span class='ocrx_word' id='word_1_677' title='bbox 1483 2009 1528 2037; x_wconf 81' lang='grc' dir='ltr'>καὶ</span> <span class='ocrx_word' id='word_1_678' title='bbox 1556 2013 1606 2044; x_wconf 85' lang='grc' dir='ltr'>τῆς</span> <span class='ocrx_word' id='word_1_679' title='bbox 1631 2009 1790 2047; x_wconf 82' lang='grc' dir='ltr'>ἐπικουρίας</span> <span class='ocrx_word' id='word_1_680' title='bbox 1813 2009 1876 2036; x_wconf 78' lang='grc' dir='ltr'>ἀπο-</span> 
     </span>
    </p>
   </div>
   <div class='ocr_carea' id='block_1_94' title="bbox 1054 2051 1877 2091">
    <p class='ocr_par' dir='ltr' id='par_1_94' title="bbox 1054 2051 1877 2091">
     <span class='ocr_line' id='line_1_96' title="bbox 1054 2051 1877 2091; baseline -0.001 -11"><span class='ocrx_word' id='word_1_681' title='bbox 1054 2053 1143 2086; x_wconf 87' lang='grc' dir='ltr'>τιννὺς</span> <span class='ocrx_word' id='word_1_682' title='bbox 1168 2054 1241 2090; x_wconf 79' lang='grc' dir='ltr'>αὐτῷ</span> <span class='ocrx_word' id='word_1_683' title='bbox 1265 2054 1312 2085; x_wconf 69' lang='grc' dir='ltr'>τὰς</span> <span class='ocrx_word' id='word_1_684' title='bbox 1341 2051 1471 2091; x_wconf 76' lang='grc' dir='ltr'>ἀμοιϐὰς,</span> <span class='ocrx_word' id='word_1_685' title='bbox 1494 2054 1540 2081; x_wconf 81' lang='grc' dir='ltr'>τὸν</span> <span class='ocrx_word' id='word_1_686' title='bbox 1567 2054 1631 2082; x_wconf 81' lang='grc' dir='ltr'>ναὸν</span> <span class='ocrx_word' id='word_1_687' title='bbox 1657 2053 1683 2082; x_wconf 85' lang='grc' dir='ltr'>έν</span> <span class='ocrx_word' id='word_1_688' title='bbox 1713 2055 1736 2090; x_wconf 85' lang='grc' dir='ltr'>ᾤ</span> <span class='ocrx_word' id='word_1_689' title='bbox 1759 2053 1789 2081; x_wconf 84' lang='grc' dir='ltr'>τὸ</span> <span class='ocrx_word' id='word_1_690' title='bbox 1810 2055 1877 2085; x_wconf 83' lang='grc' dir='ltr'>θεῖον</span> 
     </span>
    </p>
   </div>
   <div class='ocr_carea' id='block_1_95' title="bbox 1054 2096 1876 2137">
    <p class='ocr_par' dir='ltr' id='par_1_95' title="bbox 1054 2096 1876 2137">
     <span class='ocr_line' id='line_1_97' title="bbox 1054 2096 1876 2137; baseline -0.002 -11"><span class='ocrx_word' id='word_1_691' title='bbox 1054 2099 1137 2126; x_wconf 79' lang='grc' dir='ltr'>αὐτοῦ</span> <span class='ocrx_word' id='word_1_692' title='bbox 1157 2098 1296 2126; x_wconf 83' lang='grc' dir='ltr'>ἀπόκειται</span> <span class='ocrx_word' id='word_1_693' title='bbox 1324 2101 1403 2135; x_wconf 84' lang='grc' dir='ltr'>σῶμα</span> <span class='ocrx_word' id='word_1_694' title='bbox 1433 2098 1462 2126; x_wconf 67' lang='lat' dir='ltr'>ix</span> <span class='ocrx_word' id='word_1_695' title='bbox 1488 2099 1595 2137; x_wconf 78' lang='grc' dir='ltr'>βάθρων</span> <span class='ocrx_word' id='word_1_696' title='bbox 1610 2096 1773 2126; x_wconf 73' lang='grc' dir='ltr'>καταϐαλὼν</span> <span class='ocrx_word' id='word_1_697' title='bbox 1798 2097 1876 2136; x_wconf 78' lang='grc' dir='ltr'>μέγαν</span> 
     </span>
    </p>
   </div>
   <div class='ocr_carea' id='block_1_96' title="bbox 1052 2140 1876 2181">
    <p class='ocr_par' dir='ltr' id='par_1_96' title="bbox 1052 2140 1876 2181">
     <span class='ocr_line' id='line_1_98' title="bbox 1052 2140 1876 2181; baseline -0.002 -11"><span class='ocrx_word' id='word_1_698' title='bbox 1052 2153 1081 2170; x_wconf 92' lang='grc' dir='ltr'>τε</span> <span class='ocrx_word' id='word_1_699' title='bbox 1106 2144 1149 2170; x_wconf 82' lang='grc' dir='ltr'>καὶ</span> <span class='ocrx_word' id='word_1_700' title='bbox 1179 2142 1326 2170; x_wconf 87' lang='grc' dir='ltr'>κάλλιστον</span> <span class='ocrx_word' id='word_1_701' title='bbox 1355 2141 1529 2180; x_wconf 77' lang='grc' dir='ltr'>ᾠκοδόμησε,</span> <span class='ocrx_word' id='word_1_702' title='bbox 1558 2142 1779 2181; x_wconf 76' lang='grc' dir='ltr'>μεγαλοπρεπεῖς</span> <span class='ocrx_word' id='word_1_703' title='bbox 1804 2140 1876 2177; x_wconf 85' lang='grc' dir='ltr'>αὐτῷ</span> 
     </span>
    </p>
   </div>
   <div class='ocr_carea' id='block_1_97' title="bbox 1050 2187 1873 2227">
    <p class='ocr_par' dir='ltr' id='par_1_97' title="bbox 1050 2187 1873 2227">
     <span class='ocr_line' id='line_1_99' title="bbox 1050 2187 1873 2227; baseline -0.002 -12"><span class='ocrx_word' id='word_1_704' title='bbox 1050 2187 1151 2219; x_wconf 86' lang='grc' dir='ltr'>κτίσεις</span> <span class='ocrx_word' id='word_1_705' title='bbox 1173 2187 1386 2227; x_wconf 79' lang='grc' dir='ltr'>προσαφορίσας·</span> <span class='ocrx_word' id='word_1_706' title='bbox 1411 2188 1440 2216; x_wconf 81' lang='grc' dir='ltr'>ὃν</span> <span class='ocrx_word' id='word_1_707' title='bbox 1470 2188 1515 2215; x_wconf 87' lang='grc' dir='ltr'>καὶ</span> <span class='ocrx_word' id='word_1_708' title='bbox 1548 2187 1606 2215; x_wconf 69' lang='lat' dir='ltr'>am</span> <span class='ocrx_word' id='word_1_709' title='bbox 1636 2187 1787 2226; x_wconf 84' lang='grc' dir='ltr'>Εὗχανιίας</span> <span class='ocrx_word' id='word_1_710' title='bbox 1813 2190 1873 2214; x_wconf 84' lang='grc' dir='ltr'>Θιο-</span> 
     </span>
    </p>
   </div>
   <div class='ocr_carea' id='block_1_98' title="bbox 1052 2231 1426 2270">
    <p class='ocr_par' dir='ltr' id='par_1_98' title="bbox 1052 2231 1426 2270">
     <span class='ocr_line' id='line_1_100' title="bbox 1052 2231 1426 2270; baseline 0.003 -10"><span class='ocrx_word' id='word_1_711' title='bbox 1052 2231 1207 2270; x_wconf 86' lang='grc' dir='ltr'>δωρόπολιν</span> <span class='ocrx_word' id='word_1_712' title='bbox 1223 2233 1426 2270; x_wconf 84' lang='grc' dir='ltr'>κατωνόμασεν.</span> 
     </span>
    </p>
   </div>
   <div class='ocr_carea' id='block_1_99' title="bbox 1085 2275 1873 2316">
    <p class='ocr_par' dir='ltr' id='par_1_99' title="bbox 1085 2275 1873 2316">
     <span class='ocr_line' id='line_1_101' title="bbox 1085 2275 1873 2316; baseline -0.004 -11"><span class='ocrx_word' id='word_1_713' title='bbox 1085 2278 1115 2306; x_wconf 91' lang='grc' dir='ltr'>Ὁ</span> <span class='ocrx_word' id='word_1_714' title='bbox 1144 2277 1172 2304; x_wconf 77' lang='grc' dir='ltr'>δὲ</span> <span class='ocrx_word' id='word_1_715' title='bbox 1202 2275 1427 2316; x_wconf 77' lang='grc' dir='ltr'>Σφενδοσθλάϐος</span> <span class='ocrx_word' id='word_1_716' title='bbox 1455 2280 1540 2305; x_wconf 77' lang='grc' dir='ltr'>πᾶσαν</span> <span class='ocrx_word' id='word_1_717' title='bbox 1576 2277 1715 2314; x_wconf 85' lang='grc' dir='ltr'>μετελθὼν</span> <span class='ocrx_word' id='word_1_718' title='bbox 1747 2277 1873 2315; x_wconf 83' lang='grc' dir='ltr'>μηχανὴν</span> 
     </span>
    </p>
   </div>
   <div class='ocr_carea' id='block_1_100' title="bbox 1049 2319 1871 2360">
    <p class='ocr_par' dir='ltr' id='par_1_100' title="bbox 1049 2319 1871 2360">
     <span class='ocr_line' id='line_1_102' title="bbox 1049 2319 1871 2360; baseline -0.001 -11"><span class='ocrx_word' id='word_1_719' title='bbox 1049 2322 1095 2349; x_wconf 82' lang='grc' dir='ltr'>καὶ</span> <span class='ocrx_word' id='word_1_720' title='bbox 1110 2320 1156 2349; x_wconf 85' lang='grc' dir='ltr'>διὰ</span> <span class='ocrx_word' id='word_1_721' title='bbox 1170 2324 1260 2349; x_wconf 77' lang='grc' dir='ltr'>πασῶν</span> <span class='ocrx_word' id='word_1_722' title='bbox 1277 2321 1485 2359; x_wconf 77' lang='grc' dir='ltr'>ἐλαττούμενος,</span> <span class='ocrx_word' id='word_1_723' title='bbox 1497 2323 1534 2353; x_wconf 81' lang='grc' dir='ltr'>ὡς</span> <span class='ocrx_word' id='word_1_724' title='bbox 1548 2319 1617 2360; x_wconf 77' lang='grc' dir='ltr'>ἔγνω</span> <span class='ocrx_word' id='word_1_725' title='bbox 1639 2321 1777 2360; x_wconf 84' lang='grc' dir='ltr'>μηδεμίαν</span> <span class='ocrx_word' id='word_1_726' title='bbox 1801 2321 1871 2356; x_wconf 85' lang='grc' dir='ltr'>αύτῷ</span> 
     </span>
    </p>
   </div>
   <div class='ocr_carea' id='block_1_101' title="bbox 1051 2365 1871 2406">
    <p class='ocr_par' dir='ltr' id='par_1_101' title="bbox 1051 2365 1871 2406">
     <span class='ocr_line' id='line_1_103' title="bbox 1051 2365 1871 2406; baseline -0.002 -12"><span class='ocrx_word' id='word_1_727' title='bbox 1051 2365 1246 2405; x_wconf 74' lang='grc' dir='ltr'>ὑπολελεῖφθαι</span> <span class='ocrx_word' id='word_1_728' title='bbox 1263 2366 1371 2404; x_wconf 76' lang='grc' dir='ltr'>ἐλπίδα,</span> <span class='ocrx_word' id='word_1_729' title='bbox 1387 2367 1456 2406; x_wconf 87' lang='grc' dir='ltr'>πρὸς</span> <span class='ocrx_word' id='word_1_730' title='bbox 1480 2368 1614 2402; x_wconf 73' lang='grc' dir='ltr'>συνθήκας</span> <span class='ocrx_word' id='word_1_731' title='bbox 1636 2365 1783 2403; x_wconf 69' lang='grc' dir='ltr'>ἀπέϐλεψε.</span> <span class='ocrx_word' id='word_1_732' title='bbox 1802 2366 1871 2402; x_wconf 86' lang='grc' dir='ltr'>ΙΙέμ-</span> 
     </span>
    </p>
   </div>
   <div class='ocr_carea' id='block_1_102' title="bbox 1048 2408 1872 2450">
    <p class='ocr_par' dir='ltr' id='par_1_102' title="bbox 1048 2408 1872 2450">
     <span class='ocr_line' id='line_1_104' title="bbox 1048 2408 1872 2450; baseline -0.002 -12"><span class='ocrx_word' id='word_1_733' title='bbox 1048 2421 1093 2438; x_wconf 89' lang='grc' dir='ltr'>πει</span> <span class='ocrx_word' id='word_1_734' title='bbox 1109 2410 1153 2438; x_wconf 81' lang='grc' dir='ltr'>οὖν</span> <span class='ocrx_word' id='word_1_735' title='bbox 1174 2411 1242 2448; x_wconf 81' lang='grc' dir='ltr'>πρὸς</span> <span class='ocrx_word' id='word_1_736' title='bbox 1269 2411 1381 2448; x_wconf 75' lang='grc' dir='ltr'>βασιλέα</span> <span class='ocrx_word' id='word_1_737' title='bbox 1403 2408 1568 2450; x_wconf 68' lang='grc' dir='ltr'>πρεσϐευτὰς</span> <span class='ocrx_word' id='word_1_738' title='bbox 1591 2410 1697 2443; x_wconf 85' lang='grc' dir='ltr'>πίστεις</span> <span class='ocrx_word' id='word_1_739' title='bbox 1723 2409 1872 2446; x_wconf 79' lang='grc' dir='ltr'>ἐξαιτούμε-</span> 
     </span>
    </p>
   </div>
   <div class='ocr_carea' id='block_1_103' title="bbox 1047 2454 1871 2495">
    <p class='ocr_par' dir='ltr' id='par_1_103' title="bbox 1047 2454 1871 2495">
     <span class='ocr_line' id='line_1_105' title="bbox 1047 2454 1871 2495; baseline 0 -13"><span class='ocrx_word' id='word_1_740' title='bbox 1047 2466 1103 2490; x_wconf 84' lang='grc' dir='ltr'>νος,</span> <span class='ocrx_word' id='word_1_741' title='bbox 1120 2456 1160 2492; x_wconf 72' lang='grc' dir='ltr'>ἐφ’</span> <span class='ocrx_word' id='word_1_742' title='bbox 1177 2456 1199 2492; x_wconf 83' lang='grc' dir='ltr'>ᾧ</span> <span class='ocrx_word' id='word_1_743' title='bbox 1224 2455 1382 2494; x_wconf 79' lang='grc' dir='ltr'>συμμάχοις</span> <span class='ocrx_word' id='word_1_744' title='bbox 1408 2457 1452 2483; x_wconf 81' lang='grc' dir='ltr'>καὶ</span> <span class='ocrx_word' id='word_1_745' title='bbox 1479 2456 1570 2495; x_wconf 82' lang='grc' dir='ltr'>φίλοις</span> <span class='ocrx_word' id='word_1_746' title='bbox 1586 2455 1730 2493; x_wconf 82' lang='grc' dir='ltr'>Ῥωμαίων</span> <span class='ocrx_word' id='word_1_747' title='bbox 1760 2454 1871 2482; x_wconf 75' lang='grc' dir='ltr'>καταλε-</span> 
     </span>
    </p>
   </div>
   <div class='ocr_carea' id='block_1_104' title="bbox 1047 2498 1872 2538">
    <p class='ocr_par' dir='ltr' id='par_1_104' title="bbox 1047 2498 1872 2538">
     <span class='ocr_line' id='line_1_106' title="bbox 1047 2498 1872 2538; baseline -0.002 -11"><span class='ocrx_word' id='word_1_748' title='bbox 1047 2500 1103 2538; x_wconf 85' lang='grc' dir='ltr'>γεὶς</span> <span class='ocrx_word' id='word_1_749' title='bbox 1128 2500 1222 2535; x_wconf 75' lang='grc' dir='ltr'>ἀσινὴς</span> <span class='ocrx_word' id='word_1_750' title='bbox 1248 2501 1415 2538; x_wconf 79' lang='grc' dir='ltr'>συγχωρηθῇ</span> <span class='ocrx_word' id='word_1_751' title='bbox 1440 2500 1482 2528; x_wconf 79' lang='grc' dir='ltr'>ἐπ’</span> <span class='ocrx_word' id='word_1_752' title='bbox 1503 2499 1579 2528; x_wconf 63' lang='grc' dir='ltr'>οἴκου</span> <span class='ocrx_word' id='word_1_753' title='bbox 1601 2501 1781 2538; x_wconf 81' lang='grc' dir='ltr'>ἀναχωρῆσαι</span> <span class='ocrx_word' id='word_1_754' title='bbox 1808 2498 1872 2536; x_wconf 77' lang='grc' dir='ltr'>μετὰ</span> 
     </span>
    </p>
   </div>
   <div class='ocr_carea' id='block_1_105' title="bbox 1046 2544 1870 2584">
    <p class='ocr_par' dir='ltr' id='par_1_105' title="bbox 1046 2544 1870 2584">
     <span class='ocr_line' id='line_1_107' title="bbox 1046 2544 1870 2584; baseline -0.001 -13"><span class='ocrx_word' id='word_1_755' title='bbox 1046 2547 1099 2572; x_wconf 80' lang='grc' dir='ltr'>τῶν</span> <span class='ocrx_word' id='word_1_756' title='bbox 1124 2545 1192 2584; x_wconf 79' lang='grc' dir='ltr'>ἀμφ’</span> <span class='ocrx_word' id='word_1_757' title='bbox 1211 2545 1302 2581; x_wconf 81' lang='grc' dir='ltr'>αὑτὸν,</span> <span class='ocrx_word' id='word_1_758' title='bbox 1320 2544 1404 2577; x_wconf 83' lang='grc' dir='ltr'>ἀδεῶς</span> <span class='ocrx_word' id='word_1_759' title='bbox 1432 2556 1461 2573; x_wconf 80' lang='grc' dir='ltr'>τε</span> <span class='ocrx_word' id='word_1_760' title='bbox 1490 2546 1536 2573; x_wconf 84' lang='grc' dir='ltr'>τὸν</span> <span class='ocrx_word' id='word_1_761' title='bbox 1565 2545 1735 2584; x_wconf 60' lang='grc' dir='ltr'>βουλόμενόν</span> <span class='ocrx_word' id='word_1_762' title='bbox 1767 2544 1870 2578; x_wconf 82' lang='grc' dir='ltr'>Σκύθην</span> 
     </span>
    </p>
   </div>
   <div class='ocr_carea' id='block_1_106' title="bbox 1046 2586 1872 2629">
    <p class='ocr_par' dir='ltr' id='par_1_106' title="bbox 1046 2586 1872 2629">
     <span class='ocr_line' id='line_1_108' title="bbox 1046 2586 1872 2629; baseline -0.002 -13"><span class='ocrx_word' id='word_1_763' title='bbox 1046 2588 1193 2627; x_wconf 75' lang='grc' dir='ltr'>έμπορείας</span> <span class='ocrx_word' id='word_1_764' title='bbox 1211 2589 1291 2628; x_wconf 85' lang='grc' dir='ltr'>χάριν</span> <span class='ocrx_word' id='word_1_765' title='bbox 1312 2591 1418 2629; x_wconf 73' lang='grc' dir='ltr'>φοιτᾷν.</span> <span class='ocrx_word' id='word_1_766' title='bbox 1435 2589 1585 2627; x_wconf 83' lang='grc' dir='ltr'>Δεξάμενος</span> <span class='ocrx_word' id='word_1_767' title='bbox 1613 2589 1641 2617; x_wconf 73' lang='grc' dir='ltr'>δὲ</span> <span class='ocrx_word' id='word_1_768' title='bbox 1664 2590 1714 2625; x_wconf 78' lang='grc' dir='ltr'>τήν</span> <span class='ocrx_word' id='word_1_769' title='bbox 1731 2586 1872 2628; x_wconf 74' lang='grc' dir='ltr'>πρεσϐείαν</span> 
     </span>
    </p>
   </div>
   <div class='ocr_carea' id='block_1_107' title="bbox 761 2656 1271 2686">
    <p class='ocr_par' dir='ltr' id='par_1_107' title="bbox 761 2656 1271 2686">
     <span class='ocr_line' id='line_1_109' title="bbox 761 2656 1271 2686; baseline 0.004 -2"><span class='ocrx_word' id='word_1_770' title='bbox 761 2656 944 2685; x_wconf 81' lang='lat' dir='ltr'>XYLANDRI</span> <span class='ocrx_word' id='word_1_771' title='bbox 964 2657 1009 2686; x_wconf 89' lang='lat' dir='ltr'><strong>ET</strong></span> <span class='ocrx_word' id='word_1_772' title='bbox 1028 2656 1137 2686; x_wconf 80' lang='lat' dir='ltr'>GOARI</span> <span class='ocrx_word' id='word_1_773' title='bbox 1157 2657 1271 2686; x_wconf 75' lang='lat' dir='ltr'>NOT/E.</span> 
     </span>
    </p>
   </div>
   <div class='ocr_carea' id='block_1_108' title="bbox 197 2713 987 2752">
    <p class='ocr_par' dir='ltr' id='par_1_108' title="bbox 197 2713 987 2752">
     <span class='ocr_line' id='line_1_110' title="bbox 197 2713 987 2752; baseline 0 -9"><span class='ocrx_word' id='word_1_774' title='bbox 197 2716 254 2752; x_wconf 85' lang='grc'>(31)</span> <span class='ocrx_word' id='word_1_775' title='bbox 267 2715 424 2752; x_wconf 81' lang='lat' dir='ltr'>Geminum</span> <span class='ocrx_word' id='word_1_776' title='bbox 440 2713 626 2752; x_wconf 77' lang='lat' dir='ltr'>Theodorum</span> <span class='ocrx_word' id='word_1_777' title='bbox 643 2713 987 2752; x_wconf 8' lang='lat' dir='ltr'>praecipuopcultuvene-</span> 
     </span>
    </p>
   </div>
   <div class='ocr_carea' id='block_1_109' title="bbox 161 2749 986 2787">
    <p class='ocr_par' dir='ltr' id='par_1_109' title="bbox 161 2749 986 2787">
     <span class='ocr_line' id='line_1_111' title="bbox 161 2749 986 2787; baseline -0.004 -7"><span class='ocrx_word' id='word_1_778' title='bbox 161 2749 265 2780; x_wconf 81' lang='lat' dir='ltr'>rantur</span> <span class='ocrx_word' id='word_1_779' title='bbox 287 2751 378 2780; x_wconf 68' lang='lat' dir='ltr'>Graeci</span> <span class='ocrx_word' id='word_1_780' title='bbox 395 2759 402 2778; x_wconf 87' lang='lat'><strong><em>:</em></strong></span> <span class='ocrx_word' id='word_1_781' title='bbox 419 2749 606 2786; x_wconf 81' lang='grc' dir='ltr'>στρατηλάτην</span> <span class='ocrx_word' id='word_1_782' title='bbox 633 2749 740 2784; x_wconf 61' lang='lat' dir='ltr'>unum;</span> <span class='ocrx_word' id='word_1_783' title='bbox 762 2750 854 2778; x_wconf 88' lang='lat' dir='ltr'>alium</span> <span class='ocrx_word' id='word_1_784' title='bbox 869 2749 986 2787; x_wconf 81' lang='grc' dir='ltr'>τύρωνα,</span> 
     </span>
    </p>
   </div>
   <div class='ocr_carea' id='block_1_110' title="bbox 160 2786 987 2824">
    <p class='ocr_par' dir='ltr' id='par_1_110' title="bbox 160 2786 987 2824">
     <span class='ocr_line' id='line_1_112' title="bbox 160 2786 987 2824; baseline -0.004 -6"><span class='ocrx_word' id='word_1_785' title='bbox 160 2797 194 2818; x_wconf 87' lang='lat' dir='ltr'>ac</span> <span class='ocrx_word' id='word_1_786' title='bbox 210 2791 370 2824; x_wconf 79' lang='lat' dir='ltr'>utrumque</span> <span class='ocrx_word' id='word_1_787' title='bbox 383 2787 414 2815; x_wconf 91' lang='lat' dir='ltr'>in</span> <span class='ocrx_word' id='word_1_788' title='bbox 430 2786 515 2816; x_wconf 86' lang='lat' dir='ltr'>bellis</span> <span class='ocrx_word' id='word_1_789' title='bbox 530 2787 714 2815; x_wconf 81' lang='lat' dir='ltr'>defensorem</span> <span class='ocrx_word' id='word_1_790' title='bbox 728 2786 987 2823; x_wconf 70' lang='lat' dir='ltr'>propugnaturos:-</span> 
     </span>
    </p>
   </div>
   <div class='ocr_carea' id='block_1_111' title="bbox 1063 2713 1869 2751">
    <p class='ocr_par' dir='ltr' id='par_1_111' title="bbox 1063 2713 1869 2751">
     <span class='ocr_line' id='line_1_113' title="bbox 1063 2713 1869 2751; baseline 0.001 -9"><span class='ocrx_word' id='word_1_791' title='bbox 1063 2722 1100 2742; x_wconf 91' lang='lat' dir='ltr'>ue</span> <span class='ocrx_word' id='word_1_792' title='bbox 1113 2723 1166 2743; x_wconf 76' lang='lat' dir='ltr'>seu</span> <span class='ocrx_word' id='word_1_793' title='bbox 1180 2713 1340 2742; x_wconf 80' lang='grc' dir='ltr'>καλλίνικον</span> <span class='ocrx_word' id='word_1_794' title='bbox 1355 2715 1541 2751; x_wconf 83' lang='lat' dir='ltr'>invocabant,</span> <span class='ocrx_word' id='word_1_795' title='bbox 1563 2723 1597 2743; x_wconf 88' lang='lat' dir='ltr'>ac</span> <span class='ocrx_word' id='word_1_796' title='bbox 1613 2715 1757 2751; x_wconf 82' lang='lat' dir='ltr'>imagines</span> <span class='ocrx_word' id='word_1_797' title='bbox 1781 2714 1810 2743; x_wconf 93' lang='lat' dir='ltr'>in</span> <span class='ocrx_word' id='word_1_798' title='bbox 1825 2721 1869 2742; x_wconf 86' lang='lat' dir='ltr'>ve-</span> 
     </span>
    </p>
   </div>
   <div class='ocr_carea' id='block_1_112' title="bbox 1042 2751 1781 2788">
    <p class='ocr_par' dir='ltr' id='par_1_112' title="bbox 1042 2751 1781 2788">
     <span class='ocr_line' id='line_1_114' title="bbox 1042 2751 1781 2788; baseline 0.003 -10"><span class='ocrx_word' id='word_1_799' title='bbox 1042 2751 1102 2779; x_wconf 83' lang='lat' dir='ltr'>illis</span> <span class='ocrx_word' id='word_1_800' title='bbox 1118 2751 1210 2788; x_wconf 83' lang='lat' dir='ltr'>pictas</span> <span class='ocrx_word' id='word_1_801' title='bbox 1225 2751 1367 2780; x_wconf 80' lang='lat' dir='ltr'>ferebant.</span> <span class='ocrx_word' id='word_1_802' title='bbox 1383 2751 1484 2780; x_wconf 72' lang='lat' dir='ltr'>Codjn.</span> <span class='ocrx_word' id='word_1_803' title='bbox 1500 2759 1525 2781; x_wconf 89' lang='grc' dir='ltr'>ο.</span> <span class='ocrx_word' id='word_1_804' title='bbox 1539 2751 1568 2788; x_wconf 80' lang='grc'>6,</span> <span class='ocrx_word' id='word_1_805' title='bbox 1584 2760 1615 2780; x_wconf 88' lang='lat' dir='ltr'>n.</span> <span class='ocrx_word' id='word_1_806' title='bbox 1630 2751 1677 2779; x_wconf 84' lang='lat'>22.</span> <span class='ocrx_word' id='word_1_807' title='bbox 1693 2751 1781 2780; x_wconf 74' lang='lat' dir='ltr'>Gom.</span> 
     </span>
    </p>
   </div>
  </div>
