1928 3047
63 149 121 179 “5

650 148 923 180 HISTORIARUM
945 149 1218 182 COMPENDIUM.

1712 151 1771 182 M6

61 216 74 243 ὁ
105 213 247 252 βασιλεὺς,
275 213 321 242 καὶ
347 214 379 242 τὸ
408 212 542 250 ᾀδόμενον
572 213 665 251 λόγιον
695 214 822 249 ἰιιτειπὼν¹

1039 217 1140 245 omnia
1172 217 1332 253 imperator
1365 217 1564 250 confirmavit,
1591 217 1668 245 fatus
1696 217 1769 245 illud

61 258 122 292 ἔθος
137 258 287 296 Ῥωμαίοις
309 258 373 290 τοὺς
397 258 549 295 πολεμίους
570 257 654 286 πλέον
678 259 845 297 εὐεργεσίαις
870 259 887 294 ἥ

61 304 163 336 ὅπλοις
176 306 264 340 νικᾷν,
290 304 377 331 πάντα
400 303 434 331 τὰ
458 303 606 340 αἶ’τούμενα
628 301 784 332 ἐϐεϐαίωσε.
811 307 888 332 Γενο-

64 350 151 387 μὲνων
169 348 197 377 δὲ
212 351 266 376 τῶν
290 347 411 380 ςπονδῶν
435 349 449 375 ὁ
474 346 697 386 Σφενδοσθλάϐος
713 349 757 376 καὶ
774 349 811 380 3’1:
828 347 889 386 ὄψιν

63 394 151 426 ἐλθεῖν
169 394 214 421 καὶ
230 393 341 430 ὁμιλίαν
363 395 404 430 τῷ
428 392 535 431 βασιλεῖ
561 392 668 428 ἐδεήθη.
683 393 889 424 Ἐπινεύσαντος

63 439 150 466 δὲκαὶ
177 439 247 477 πρὸς
271 441 354 466 τοῦτο
378 438 500 477 ἀφίκετο.
526 438 579 466 Καὶ
604 438 783 475 συμμίξαντες
799 438 889 474 ἀλλή-

62 484 133 520 λοις,
151 483 197 511 καὶ
222 482 413 521 διαλεχθέντες
439 483 501 520 περὶ
518 482 555 510 ὦν
573 482 602 510 ἂν
619 481 779 517 ἐϐοὗλοντο,
796 483 889 518 ἀπηλ-

63 527 199 564 λάγησαν.
217 528 247 556 Ὀ
273 526 301 554 δὲ
328 526 455 565 βασιλεὺ(
480 526 642 562 αἴτήσαντος
667 526 712 554 καί
736 529 817 554 τοῦτο
840 529 888 554 τοῦ

62 569 305 609 Σφενδοσθλάϐου,
330 572 376 599 καὶ
411 571 480 610 πρὸς
508 572 674 606 Πατζινάκας
697 569 888 609 διαπρεσϐεύε-

60 627 116 650 ται,
132 617 157 644 εἰ
175 616 334 654 βούλονται,
346 615 444 655 φίλους
458 616 555 647 αὐτοὺς
574 616 619 644 καὶ
631 616 797 654 συμμάχους
807 616 887 651 ἀξιῶν

61 660 148 699 ἔχειν,
166 661 212 688 καὶ
229 662 267 698 μὴ
297 660 436 699 διαπερᾳν.
457 661 503 688 τὸν
527 662 632 699 Ἵστρον
657 661 702 688 καὶ
717 662 750 688 τὰ
766 660 890 698 Βουλγά-

62 716 115 743 ρων
131 705 286 741 ληίζεσθαι,
311 707 513 744 παραχωρῆσαι
539 704 567 733 δὲ
591 706 635 733 καὶ
659 709 717 737 τοῖς
733 706 799 736 Ῥὼς
816 705 888 732 ἀκω-

63 751 154 782 λύτως
169 750 287 783 διελθεῖν
312 751 362 785 τήν
386 751 476 778 αὐτῶν
491 754 542 788 γῆν
568 750 612 777 καὶ
635 749 728 778 οἴκαδε
749 749 887 778 ἀπελθεῖν.

60 795 242 833 Ἀπεπλήρου
267 794 297 823 δὲ
324 796 373 830 τήν
395 792 544 833 πρεσϐείαν
569 794 703 832 Θεόφιλος
729 795 743 822 ὁ
765 797 818 822 τῶν
839 795 890 822 Εὐ-

59 840 167 878 χαΐτων
197 840 354 878 ἀρχιερεύς,
382 841 416 868 Οἱ
440 838 469 867 δὲ
491 840 540 874 τήν
568 837 710 875 πρεσϐείαν
738 838 888 876 δεξάμενοι,

61 885 114 919 τὴν
131 882 257 912 διάϐασιν
285 885 370 922 μόνην
394 884 624 922 ἀπαγορεύσαντες
645 886 700 912 τῶν
724 883 799 919 Ῥὼς,
821 884 890 922 πρὸς
905 899 929 933 Β

62 928 156 957 τᾶλλα
171 928 288 960 σπονδὰς
303 926 403 961 ἔθεντο.
429 931 488 956 Τῶν
513 927 541 956 δὲ
565 929 634 960 Ῥὼς
650 929 890 964 ἀποπλευσάντων,

62 976 117 1002 τῶν
148 974 223 1012 παρὰ
246 974 306 1004 ταὶς
334 971 429 1012 ὄχθαις
457 976 506 1001 τοῦ
531 975 657 1010 ποταμοῦ
682 973 819 1013 φρουρίων
845 973 890 1000 καὶ

63 1019 176 1046 πόλεων
200 1018 331 1056 πρόνοιαν
360 1019 472 1055 θέμενος
502 1019 516 1046 ὁ
543 1017 670 1056 βασιλεὺς
698 1018 744 1046 καὶ
771 1019 889 1056 φρουρὰν

63 1063 226 1091 καταλιπὼν
257 1063 306 1098 τὴν
345 1063 479 1101 ἀρκοῦσαν
518 1063 544 1094 ἐς
583 1063 637 1098 ἤθη
677 1063 711 1090 τὰ
747 1063 890 1100 Ῥωμαίων

62 1108 212 1143 ἀνέζευξεν.
243 1108 291 1136 "Ov
321 1108 335 1135 ὁ
363 1111 412 1142 τῆς
439 1107 547 1139 πόλεως
576 1107 721 1145 ἀρχιερεὺς
751 1108 817 1143 μετὰ
841 1109 890 1142 τῆς

60 1152 178 1180 συνόδου
203 1153 249 1180 καὶ
274 1152 370 1184 πάντες
400 1153 427 1179 οἱ
454 1152 481 1180 ἐν
509 1152 581 1180 τέλει
611 1152 678 1189 μετὰ
704 1152 824 1180 παιάνων
845 1152 890 1179 καὶ

61 1197 202 1225 ἐπινικίων
245 1197 388 1236 εὐφημιῶν
443 1195 604 1232 ὑπεδέξαντο
649 1199 889 1235 πεφανηροῦντες,

61 1241 212 1279 τέθριππον
238 1239 336 1278 ἔγημα
368 1240 553 1269 λευκοπώλων
586 1239 694 1279 ἔχοντες
720 1242 889 1278 ἡτοιμασμέ-

61 1297 107 1314 νον
137 1287 207 1314 πάνυ
240 1285 407 1324 διαπρεπῶς,
433 1286 478 1313 καὶ
502 1286 603 1313 τούτου
628 1284 758 1314 ἐπιϐάντα
786 1286 890 1322 ἀξιοῦν-

61 1342 106 1362 τες
135 1328 317 1369 θριαμϐεῦσαι
344 1331 391 1358 τὸν
423 1330 544 1369 βασιλέα.
573 1331 604 1359 '0
632 1329 661 1358 δὲ
693 1330 777 1367 μηδὲν
807 1328 888 1358 σοϐα-

64 1377 112 1414 ρὸν
153 1375 266 1411 ἰθάλων,
311 1375 384 1403 ἀλλὰ
426 1375 535 1413 μέτριον
571 1375 664 1403 ἑαυτὸν
703 1375 890 1412 ἐπιδεικνύμε-

63 1420 203 1456 νος,τοῦς
233 1421 281 1457 μὶν
312 1421 544 1458 προσενεχθέντας
574 1419 715 1458 ἀνειλήφει
744 1421 890 1459 στεφάνους

64 1465 109 1492 καὶ
125 1463 207 1501 ⁴¹ἱ-ιεπῳ
223 1464 312 1500 λευκῷ
332 1465 377 1492 τὸν
403 1462 536 1501 θρίαμϐον
555 1463 752 1502 ἐξεπλήρωσεν,
766 1463 791 1491 ἐν
809 1464 837 1492 δὲ
850 1467 890 1501 τῷ

65 1510 171 1546 ἅρματι
189 1509 236 1541 τὰς
261 1509 447 1547 Βουλγαθικὰς
479 1509 534 1540 θεὶς
561 1511 615 1536 τῶν
642 1509 777 1547 βασιλέων
793 1509 891 1542 στολὰς

63 1554 109 1582 καὶ
125 1555 228 1586 ἄνωθεν
243 1553 350 1582 τούτων
371 1553 460 1582 εἷκόνο
475 1557 524 1588 τῆς
539 1555 712 1592 Θεομήτορος
727 1555 764 1585 ὡς
778 1553 891 1582 πολιού-

65 1609 133 1637 χου,
161 1599 378 1637 προπορεύεσθαι
409 1600 505 1627 ἑαυτοῦ
543 1598 690 1635 διετάξατο.
722 1599 764 1626 Ἐν
795 1598 823 1627 δὲ
850 1602 890 1636 τῷ

67 1643 212 1682 λεγομένῳ
227 1643 305 1681 φόρῳ
329 1643 472 1681 γενόμενος
495 1643 540 1671 καὶ
563 1643 749 1682 ἀποχρώντως
764 1643 889 1683 εὐφημη-

63 1688 131 1723 θεὶς,
147 1699 194 1716 και
209 1690 243 1725 τῇ
259 1689 414 1726 Θεομήτορι
429 1689 475 1715 καὶ
499 1691 539 1724 τῷ
554 1688 655 1723 ταύτης
672 1689 727 1725 Υἱῷ
740 1690 788 1719 τὰς
804 1689 890 1716 ἐπινι-

62 1733 141 1765 κίους
170 1732 343 1771 εὒχαριστίας
376 1732 572 1771 παρεσχηκὼς,
601 1733 634 1760 τὰ
669 1732 819 1771 παράσημα
841 1737 891 1768 τῆς

64 1776 258 1815 Βουλγαρικῆς
285 1776 435 1815 βασιλείας,
464 1776 506 1804 ἔπ’
535 1776 594 1814 ὕψει
618 1779 672 1804 τῶν
695 1776 817 1804 πολιτῶν
844 1778 889 1805 τὸν

64 1821 186 1859 Βορίσην
204 1820 377 1849 ἀποδιδύσκει
395 1832 401 1838 ·
421 1822 463 1858 [Ρ.
488 1823 552 1858 683]
577 1821 610 1849 τὰ
626 1820 654 1848 δὲ
668 1822 701 1856 ἦν
719 1822 846 1859 στέφανος
863 1821 891 1849 ἐκ

63 1869 172 1904 χρυσοῦ
200 1866 245 1895 καί
271 1867 349 1904 τιάρα
377 1867 524 1903 νινησμίνη
555 1866 583 1894 ἐκ
609 1867 709 1904 βύσσου
732 1867 777 1895 καὶ
793 1866 892 1895 πέδιλα

64 1913 169 1951 ἐρυθρά
196 1913 313 1940 Ἐκεῖθεν
336 1912 374 1944 είς
397 1913 446 1947 τὴν
472 1911 599 1949 Μεγάλην
620 1913 751 1951 φοιτήσας
772 1912 890 1947 Ἐκκλη-

946 262 1145 297 decantatum,
1163 262 1286 290 Romani
1302 262 1392 291 moris
1416 270 1481 291 esse
1501 262 1614 290 hostem
1631 262 1770 290 beneﬁcio

945 307 1040 342 magis
1064 315 1152 342 quam
1177 307 1268 335 armis
1291 307 1415 335 vincere.
1439 307 1531 335 Paetis
1552 307 1633 335 initis
1657 307 1770 343 Sphen-

944 351 1118 379 dosthlabus
1146 352 1233 379 etiam
1262 352 1441 388 colloquium
1465 352 1651 388 imperatoris
1676 351 1769 388 petiit.

943 395 1052 432 Estque
1068 397 1227 429 admissus,
1245 399 1273 424 et
1294 397 1458 425 collocutus
1473 398 1508 425 de
1523 397 1631 432 quibus
1654 397 1771 424 volebat

945 442 1074 468 recessit.
1088 441 1157 476 Ejus
1173 444 1274 477 rogatu
1296 441 1382 469 etiam
1400 442 1561 477 imperator
1584 450 1635 478 per
1659 443 1771 477 legatos

944 493 961 513 ο
977 485 1136 514 Palzinacis
1154 486 1226 521 petit
1251 488 1283 514 ut
1307 486 1378 514 socii
1403 486 1548 522 amicique
1570 488 1769 515 Romanorum

943 530 1026 563 ﬁant,
1054 539 1149 566 neque
1173 531 1281 558 Istrum
1312 531 1485 567 populanda:
1515 531 1658 567 Bulgarire
1682 539 1771 559 causa

943 576 1105 609 transeant,
1122 577 1212 610 utque
1229 575 1328 603 Rossis
1344 583 1396 611 per
1413 584 1497 604 suam
1514 576 1655 604 ditionem
1671 576 1700 603 in
1717 584 1765 611 pa-

944 619 1030 646 triam
1053 620 1196 647 redeundi
1219 620 1388 647 facultatem
1415 621 1586 648 concedant.
1602 620 1680 648 Obiit
1703 629 1767 648 eam

944 663 1119 699 legationem
1135 663 1345 691 Euchaitorum
1370 673 1505 692 summus
1530 665 1660 701 pontifex
1674 665 1768 692 Theo-

944 707 1053 743 philus.
1076 707 1237 736 Patzinacaa
1267 708 1380 744 reliqua
1408 709 1484 744 pacti
1508 709 1618 743 omnia,
1650 711 1765 737 tantum

946 752 1047 780 Rossis
1063 761 1113 788 per
1129 761 1183 780 sua
1204 753 1362 781 transitum
1379 754 1571 790 denegarunt.
1586 754 1657 782 Cum
1682 754 1767 782 Βοεεὶ

944 797 1067 825 navibus
1083 797 1145 825 suis
1161 797 1254 825 avecti
1269 798 1389 826 domum
1404 807 1505 826 versus
1520 801 1630 832 essent,
1642 798 1771 834 impera-

944 843 990 869 tor
1017 841 1146 870 castellis
1172 845 1200 870 et
1224 842 1348 870 urbibus
1371 851 1434 878 quas
1464 843 1499 870 ad
1528 837 1607 879 ri‘pas
1637 843 1770 871 ﬂuminis

945 888 1015 914 sunt
1029 887 1219 915 communitis
1233 887 1335 923 Cpolin
1357 887 1452 915 rediit.
1470 887 1588 924 Excepit
1605 896 1672 916 eum
1688 888 1771 916 urbis

946 930 1112 967 patriarcha
1127 934 1155 959 et
1171 932 1342 967 pontificum
1359 932 1429 960 ordo
1440 941 1474 960 ac
1484 935 1605 960 senatus
1615 940 1683 960 cum
1699 941 1772 968 paea-

945 976 1034 1003 nibus
1050 978 1078 1003 et
1092 976 1166 1004 lastis
1181 977 1306 1004 victorize
1323 977 1570 1013 gratulationibus
1581 979 1769 1011 coronatum;

946 1023 974 1048 et
1005 1021 1187 1048 adduxerant
1218 1022 1378 1057 quadrigas
1409 1022 1563 1058 magnﬁce
1601 1022 1769 1053 adornatas,

946 1073 1020 1101 quas
1036 1067 1163 1101 quatuor
1182 1065 1240 1093 albi
1255 1067 1322 1101 equi
1348 1066 1508 1100 traherent,
1525 1067 1602 1094 418
1617 1073 1709 1102 eoque
1724 1066 1768 1093 in-

944 1110 1010 1138 vehi
1032 1118 1098 1138 eum
1115 1118 1147 1138 ac
1163 1110 1347 1146 triumphare
1370 1110 1516 1139 volebant.
1533 1112 1588 1139 Sed
1611 1111 1771 1147 imperator

945 1155 1019 1183 nihil
1037 1154 1165 1182 insolens
1181 1157 1232 1182 aut
1253 1156 1415 1191 superbum
1440 1155 1609 1190 admittens,
1624 1156 1772 1183 moderate

945 1207 976 1227 se
991 1199 1096 1236 gessit;
1113 1199 1259 1235 sertisque
1274 1208 1337 1235 quae
1353 1200 1548 1228 offerebantur
1563 1200 1689 1236 acceptis
1706 1199 1771 1227 albo

944 1253 1020 1280 equo
1031 1244 1213 1279 triumphum
1223 1245 1315 1279 duxit,
1325 1245 1477 1281 quadrigis
1489 1244 1658 1280 Bulgaricas
1667 1252 1769 1280 regum

944 1291 1038 1316 vestes
1055 1288 1206 1324 imposuit,
1224 1297 1372 1325 supraque
1388 1289 1441 1316 has
1456 1289 1615 1325 imaginem
1633 1289 1770 1324 Deiparae,

944 1336 977 1362 ut
992 1342 1055 1370 quae
1069 1333 1190 1361 tutelam
1203 1333 1284 1361 urbis
1295 1336 1418 1369 gereret,
1429 1342 1552 1369 eamque
1565 1341 1596 1362 se
1607 1335 1770 1370 praecedere

940 1378 1042 1414 jussit.
1058 1378 1095 1406 Ut
1110 1378 1138 1405 in
1155 1378 1249 1405 forum
1266 1378 1356 1410 venit,
1373 1378 1631 1414 gratulatoriarum
1644 1379 1705 1413 jam
1721 1387 1771 1406 sa-

945 1425 993 1451 tur
1003 1422 1260 1456 acclamationum,
1273 1422 1345 1450 actis
1356 1431 1408 1459 pro
1418 1425 1501 1459 partu
1510 1423 1630 1451 victoria
1639 1423 1769 1456 Deiparas

944 1470 974 1495 et
989 1468 1053 1502 ejus
1069 1467 1138 1495 Filio
1163 1467 1276 1503 gratiis,
1294 1468 1321 1495 ln
1338 1470 1495 1503 conspectu
1520 1467 1618 1503 populi
1643 1467 1769 1504 insigni-

945 1512 1000 1540 bus
1011 1512 1157 1548 Bulgarici
1174 1512 1256 1548 regni
1267 1511 1397 1540 Borisem
1413 1512 1494 1540 exuit
1510 1512 1554 1547 (ea
1568 1514 1652 1540 erant
1663 1520 1770 1540 corona.

945 1565 1044 1590 aurea,
1060 1557 1146 1584 taenia
1166 1557 1286 1592 byssina
1309 1558 1337 1584 et
1361 1556 1450 1584 calcei
1473 1556 1576 1592 rubei),
1593 1556 1719 1592 indeque
1733 1556 1769 1583 ad

905 1583 927 1617 ο
945 1583 1089 1638 tigrim;
1109 1583 1450 1637 ῥὲοέέέέευέιῶεωριιέέη
1474 1583 1613 1629 regem
1639 1583 1771 1637 Bdlgeri-

945 1654 1008 1674 cam
1023 1647 1078 1674 Deo
1087 1646 1200 1674 donarii
1210 1645 1272 1674 loco
1282 1646 1447 1681 suspendit.
1458 1645 1577 1673 Borisen
1588 1646 1623 1673 ad
1637 1646 1772 1681 magistri

945 1690 1144 1726 dignationem
1161 1690 1266 1724 evehit,
1282 1692 1371 1726 atque
1386 1690 1426 1717 ita
1442 1690 1471 1717 in
1487 1690 1628 1726 palatium
1650 1690 1771 1717 reverti-

944 1737 1002 1763 tur.
1015 1736 1154 1763 Caeterum
1179 1734 1453 1770 Sphendosthlabus
1476 1734 1601 1770 patriam
1623 1736 1771 1770 repetens,

945 1781 1015 1808 dum
1026 1788 1078 1815 per
1086 1780 1255 1807 Patzinacas
1263 1779 1381 1813 transit,
1390 1779 1576 1814 insidiisjam
1585 1781 1652 1806 ante
1661 1780 1774 1814 paratis

946 1826 974 1852 et
989 1825 1086 1860 ipsum
1108 1824 1345 1860 exspectantibus
1366 1823 1492 1860 illapsus
1507 1831 1574 1852 cum
1599 1823 1661 1851 suis
1677 1824 1713 1851 ad
1728 1824 1773 1851 in-

945 1869 1140 1897 ternecionem
1159 1869 1280 1896 caeditur
1297 1877 1303 1895 :
1321 1869 1535 1896 succensebant
1549 1869 1627 1896 enim
1644 1868 1670 1895 ei
1685 1868 1777 1896 Patzi‘

947 1922 1025 1941 nacte
1041 1914 1078 1940 ob
1090 1913 1181 1941 ictum
1198 1921 1263 1941 cum
1277 1913 1417 1940 Romanis
1432 1913 1538 1940 foedus.

66 1958 126 1985 σῖαν
143 1957 189 1985 καὶ
205 1957 232 1984 ἐν
244 1957 314 1993 αὐτῇ
341 1957 387 1984 τὸν
417 1955 601 1995 Βουλγαρικὸν
629 1956 757 1996 στέφανον
785 1956 912 1994 ἀνάθημα
939 1959 979 1993 τῷ
1007 1959 1064 1992 Θεῷ
1092 1955 1230 1988 δεδωκὼς.
1260 1957 1398 1994 ἀναγαγὼν
1430 1955 1458 1983 δὲ
1481 1956 1586 1983 καὶτὸν
1603 1955 1719 1991 Βορίσην
1733 1955 1771 1986 εἷς

64 2003 96 2030 τὸ
111 2004 167 2029 τῶν
183 2001 339 2039 μαγίστρων
355 2001 474 2037 ἀξίωμα,
494 2001 627 2039 ἐπορεύθη
645 2001 682 2032 εἰς
705 2001 739 2028 τὰ
764 2000 898 2039 βασίλεια.
923 2002 951 2029 Ὁ
976 2001 1004 2029 δὲ
1034 1999 1261 2040 Σφενδοσθλάϐος
1285 2001 1322 2032 εἷς
1351 2001 1384 2028 τὰ
1410 2001 1497 2028 οἰκεῖα
1522 1999 1576 2035 ἤθη
1595 1999 1771 2038 ὑποστρέφων

66 2047 92 2075 tv
119 2048 162 2082 τῷ
190 2045 285 2073 διιέναι
314 2046 363 2080 τήν
390 2048 444 2073 τῶν
473 2040 646 2080 Ηᾶτζινάκῶν
675 2049 727 2084 γῆν
757 2046 913 2084 περιπίπτει
943 2039 1068 2084 ἐνέδραιςν
1090 2045 1144 2081 ἤδη
1173 2045 1455 2084 προευτρεπισθείσαις
1483 2045 1526 2072 καὶ
1557 2039 1775 2082 δποδεχομέναις

66 2091 163 2125 αὐτὸν,
180 2091 225 2118 καὶ
242 2090 326 2128 ἄρδην
343 2090 424 2121 αὐτός
439 2100 468 2118 τε
493 2091 537 2118 καὶ
565 2091 597 2118 τὸ
626 2091 704 2118 συνὸν
732 2090 805 2126 αὐτῷ
829 2089 984 2118 ἀπόλλυται
1009 2090 1128 2126 πλῆθος,
1159 2091 1321 2127 μηνιώντων
1352 2091 1426 2126 αὑτῷ
1453 2092 1508 2122 τῶς
1533 2089 1705 2124 Πατζινάκων
1727 2089 1774 2117 διὰ

66 2136 114 2167 τὰς
131 2135 172 2166 εἲς
187 2135 252 2166 τοὺς
266 2135 417 2172 Ῥωμαίους
433 2134 562 2166 σπονδάς.

99 2181 132 2209 Ὁ
156 2178 187 2206 δὲ
209 2178 336 2217 βασιλεὺς
363 2181 530 2219 χαριστήρια
557 2181 610 2207 τῶν
634 2179 773 2217 τροπαίων
796 2178 860 2208 ἀποὲ

1013 2189 1071 2208 )rro
1087 2180 1247 2216 imperator
1262 2183 1294 2208 ut
1307 2180 1419 2216 gratias
1434 2180 1550 2208 Christo
1567 2179 1712 2208 Servatori
1729 2186 1774 2206 re-

66 2224 130 2257 δοὺς
144 2227 188 2260 τῷ
202 2227 312 2262 Σωτηρι
338 2225 447 2262 Χριστῷ
471 2224 533 2251 ναὸν
555 2226 654 2255 ἄνωθεν
667 2227 717 2258 τῆς
729 2222 828 2261 ἁψῖδος
842 2227 892 2259 τῆς

65 2269 178 2307 χαλκῆς
203 2267 416 2305 ἀνῳκοδόμησεν
441 2269 470 2296 ix
487 2270 594 2303 καινῆς,
616 2267 734 2305 μηδενὸς
763 2269 892 2307 φεισάμε-

64 2324 110 2345 νος
126 2316 182 2341 τῶν
212 2313 251 2346 εἷς
276 2312 457 2341 πολυτέλειαν
488 2314 678 2341 συντεινόντων
704 2312 748 2340 καὶ
777 2313 891 2350 κόσμον.

63 2359 174 2395 ’.ὶφῆκι
190 2355 218 2384 δὲ
242 2357 287 2384 καὶ
311 2359 370 2388 τοῖς
391 2356 538 2395 ὑποφόροις
562 2359 626 2384 πᾶσι
649 2358 702 2383 τῶν
723 2356 796 2384 ὅλῶν
810 2357 891 2393 θεμά-

65 2412 121 2429 των
136 2401 168 2429 τὸ
194 2401 341 2439 λεγόμενον
366 2402 509 2431 καπνικόν,
535 2401 682 2438 Προσέταξε
707 2400 736 2428 δὲ
751 2401 796 2428 καὶ
813 2401 838 2429 ἐν
854 2404 894 2438 τῷ

64 2446 216 2483 νομίσματι
241 2446 286 2474 καὶ
308 2445 334 2473 ἐν
359 2449 399 2483 τῷ
424 2444 518 2483 ὀϐολῷ
543 2446 632 2474 εΐκόνα
656 2445 830 2485 ἐγγράφεσθαι
846 2448 893 2473 τοῦ

65 2494 213 2528 Σωτῆρος,
246 2491 284 2528 μὴ
324 2492 455 2528 πρότερον
489 2491 585 2518 τούτον
614 2490 770 2527 γινομένου.
800 2490 895 2528 Ἐγρά-

70 2545 154 2564 θοντο
172 2534 202 2562 δὲ
227 2536 273 2563 καὶ
300 2536 450 2574 γράμματα
477 2535 626 2572 Ῥωμαϊστὶ
651 2536 707 2572 (32)
735 2535 761 2562 ἰν
791 2535 895 2573 θατέρῳ

68 2581 143 2619 μέρει
161 2577 218 2608 ὧδέ
231 2590 271 2616 πη
294 2578 425 2616 διεξιόντα
441 2589 447 2596 ·
472 2592 486 2607 ‹‹
502 2581 606 2616 Ἰησοῦς
629 2579 745 2618 Χριστὸς
761 2579 893 2612 Βασιλεὺς

948 2225 1046 2259 ferret,
1057 2225 1202 2261 templum
1219 2226 1295 2260 quod
1320 2233 1409 2260 supra
1428 2225 1568 2252 fornicem
1586 2223 1706 2252 Cbalces
1721 2225 1776 2255 est,

947 2270 983 2298 de
998 2278 1072 2297 novo
1087 2270 1250 2304 ediﬁcavit,
1262 2269 1336 2297 nulli
1363 2268 1495 2305 sumptui
1520 2276 1642 2304 parcens
1658 2269 1729 2295 dum
1745 2268 1774 2295 id

948 2322 1036 2350 quam
1053 2314 1275 2341 ornatissimum
1298 2315 1415 2342 faceret.
1428 2313 1562 2341 Absolvit
1573 2313 1660 2340 etiam
1673 2312 1779 2340 subdi—

947 2361 994 2387 tos
1019 2358 1171 2386 universos
1195 2358 1319 2386 fumario
1345 2358 1466 2386 tributo.
1484 2359 1517 2386 Et
1538 2356 1627 2385 edixit
1651 2359 1684 2384 ut
1708 2365 1776 2384 cum

949 2403 978 2430 in
1005 2411 1094 2430 aureo
1123 2411 1246 2430 nummo
1270 2403 1378 2430 tumin
1394 2404 1472 2430 4l4
1501 2402 1586 2430 obolo
1615 2402 1778 2429 Servatoris

948 2447 1166 2483 insculperetur
1184 2448 1293 2483 imago,
1311 2448 1387 2483 quod
1410 2447 1534 2475 antehac
1550 2455 1607 2474 non
1624 2447 1717 2474 fuerat
1732 2454 1778 2474 re-

949 2494 1081 2527 ceptum;
1103 2494 1132 2519 et
1162 2492 1246 2520 alteri
1279 2491 1354 2528 parti
1384 2491 1505 2519 inscribi
1530 2491 1674 2526 jussit:«
1690 2491 1778 2518 Jesus

949 2537 1083 2564 Christus
1113 2545 1161 2564 rex
1189 2544 1303 2572 regum.
1322 2547 1336 2561 »
1362 2537 1444 2569 Quod
1474 2543 1659 2564 successores
1687 2535 1776 2563 etiam

950 2582 1150 2610 observarunt.
1167 2581 1275 2610 Basilio
1299 2580 1472 2617 patriarcha:
1494 2580 1620 2609 crimina
1641 2580 1777 2617 quaedam

668 2674 853 2703 XYLANDRI
873 2675 919 2703 ET
940 2675 1048 2703 GOARI
1067 2674 1181 2703 NOT/E.

102 2753 160 2787 (32)
177 2752 251 2780 Mihi
264 2761 359 2788 nuper
373 2753 403 2780 in
419 2752 535 2780 Oriente
550 2753 664 2787 degenti
682 2753 827 2780 numisma
841 2753 897 2780 hu-

70 2789 202 2824 jusmodi
212 2797 340 2824 aeneum,
351 2789 382 2816 in
393 2796 530 2816 muscum
540 2789 693 2817 Thuanum
705 2789 810 2816 deinde
820 2791 899 2816 tran-

75 2824 194 2860 slatum,
225 2825 331 2853 incidit
357 2825 387 2852 in
413 2833 531 2861 manus,
552 2826 637 2861 cujus
666 2825 754 2854 dictio
780 2825 898 2862 quidem

951 2754 1049 2790 Graeca
1064 2752 1214 2790 character
1233 2753 1330 2779 autem
1351 2752 1481 2790 Latinus,
1495 2750 1530 2777 τὰ
1544 2751 1692 2790 γράμματα
1702 2750 1776 2790 :Pm'.

955 2787 1057 2824 μαῖστί,
1074 2788 1127 2815 hac
1145 2788 1238 2823 figura
1250 2790 1431 2815 cernuntur:
1448 2788 1535 2815 Jesus
1549 2787 1685 2815 Christus
1701 2787 1779 2813 Basi-

955 2825 1018 2852 leus
1033 2824 1175 2852 basileon.
1189 2824 1278 2852 Goan.
