1936 3048
169 146 229 177 H7

844 145 1003 178 GEORGII
1025 145 1196 177 GEDRENI

1819 145 1879 176 “8

167 212 294 248 objecta,
321 211 407 248 isque
439 211 469 240 in
499 212 623 240 concilio
657 214 811 249 propterea
843 213 964 250 depositi

1088 211 1202 240 ισιλέων.
1220 223 1233 237 n
1248 212 1336 240 Τοῦτο
1352 209 1381 239 δὲ
1402 211 1448 238 καὶ
1471 211 1498 238 οὶ
1521 210 1635 246 καθεξῆς
1646 210 1780 248 ιτήρησαν
1799 211 1877 249 βασι-

169 265 237 285 cum
252 259 341 291 esset,
356 257 481 285 Antonio
497 257 617 285 Studitaa
639 258 855 294 patriarchatus
873 258 997 286 manda-

170 304 220 330 tus
237 304 290 331 est.

207 393 339 428 Augusto
354 399 464 425 mense,
481 391 641 420 indictione
661 392 758 425 tertia,
775 394 887 420 cometa
907 393 998 420 exsti-

171 437 217 471 tit,
230 445 317 473 quem
329 445 346 464 a
357 437 453 464 barbae
467 437 561 464 forma
575 437 730 473 pogouiam
747 439 866 471 vocant;
878 440 906 465 et
916 437 997 465 visus

172 485 215 509 est
231 488 323 516 usque
339 480 374 508 ad
391 483 526 508 octavum
542 488 673 508 mensem
689 481 859 509 indictionis
875 484 995 517 quartas.

169 527 198 553 ls
215 525 459 561 praemonstrabat
475 524 660 561 imperatoris
673 525 787 553 obitum
803 527 832 553 et
847 525 997 553 calamita-

169 572 213 598 tes
228 570 472 604 immedicabiles,
485 578 549 606 qua:
565 572 684 606 propter
694 570 790 598 civilia
806 569 882 598 bella
892 571 998 599 Roma-

169 623 275 643 norum
291 615 395 643 ditioni
411 617 494 642 erant
509 617 658 643 eventura.

205 658 374 687 Secundum
403 659 464 687 hzec
495 659 654 695 imperator
683 659 896 695 expeditionem
930 659 998 688 facit

171 706 273 732 contra
287 712 338 731 eas
353 704 440 732 urbes
453 712 527 739 quin,
539 704 582 731 uti
597 704 763 738 docuimus,
775 704 811 732 ab
822 703 998 740 imperatore

172 748 334 784 Nicephoro
359 748 486 776 subactis
506 748 580 776 bello
596 750 625 776 et
640 748 777 776 Romanis
800 748 997 784 stipendiariae

174 793 255 820 facta;
271 793 450 826 defecerant;
470 795 498 821 et
523 795 698 820 Damascum
729 801 822 829 usque
852 794 997 829 profectus

174 837 332 865 nonnullas
347 834 603 873 ve'rhis,quasdam
620 837 695 865 bello
710 839 738 865 et
754 837 780 864 vi
796 840 958 874 recuperat,
969 840 998 866 et

173 881 310 909 omnibus
326 881 380 909 rite
395 881 575 916 constitutis,
591 881 645 909 iter
660 882 779 909 domum
796 890 897 910 versus
910 882 997 911 insti-

171 925 238 954 tuit.
255 926 294 953 Eo
309 926 339 953 in
361 926 466 954 itinere
490 934 555 954 cum
573 926 763 960 Anazarbam,
780 927 951 954 Podandum
967 929 996 954 et

171 970 285 1006 reliqua
298 970 362 998 loca
381 970 530 1005 transiret,
541 971 709 1007 videretque
730 970 825 998 obiter
839 971 997 1007 magniﬁca

171 1017 200 1043 et
215 1015 398 1043 fertilissima
422 1015 540 1051 praedia.
553 1015 686 1051 quesivit
700 1023 735 1043 ex
749 1015 786 1044 iis
801 1015 850 1051 qui
873 1016 996 1044 aderant

171 1058 294 1096 quinam
307 1059 413 1087 borum
424 1062 523 1088 essent
533 1060 655 1088 domini.
668 1061 795 1096 Cumque
806 1061 995 1097 respondere-

172 1105 222 1131 tur
237 1104 338 1131 omnia
350 1112 384 1132 ea
393 1112 458 1132 esse
469 1104 568 1132 Basilii
583 1104 755 1132 cubicularii
771 1105 877 1138 intimi,
890 1105 995 1141 partim

173 1156 267 1184 nuper
282 1148 356 1177 415
375 1148 505 1176 Romano
529 1148 650 1184 imperio
675 1149 789 1184 adjecta
804 1158 820 1177 a
836 1149 996 1186 Nicephoro

173 1193 360 1228 imperatore,
377 1193 482 1228 partim
499 1193 535 1220 ab
555 1193 619 1228 hoc,
636 1193 741 1229 partim
757 1194 793 1221 ab
808 1194 864 1222 alio
880 1194 996 1222 schola-

174 1245 240 1264 rum
265 1238 436 1271 domestico,
453 1237 587 1273 quendam
613 1238 650 1266 ab
665 1238 728 1274 ipso
744 1238 896 1274 Tzimisca,
909 1240 997 1274 atque

174 1289 208 1309 ea
223 1281 323 1310 omnia
346 1281 454 1310 Basilio
469 1282 587 1315 donata,
603 1282 676 1310 nihil
693 1285 854 1311 memoratu
877 1283 997 1319 dignum

173 1326 276 1354 videns
293 1325 427 1354 relictum
445 1326 484 1354 rei
501 1327 625 1362 publicis
649 1328 684 1355 de
708 1330 768 1355 tarn
789 1327 890 1356 multis
905 1328 931 1356 ei
947 1336 996 1356 ac-

172 1370 291 1406 quisitis
319 1371 415 1404 bonis,
433 1371 514 1407 gravi
536 1373 686 1407 correptus
711 1371 810 1400 dolore
833 1374 862 1400 et
884 1373 996 1409 gemitu

171 1423 207 1443 ex
221 1415 279 1443 imo
296 1417 410 1451 pectore
429 1415 517 1443 ducto
534 1424 540 1442 ι
554 1427 567 1441 ‹‹
583 1416 657 1444 Proh
682 1416 846 1452 indignam,
857 1418 908 1453 ait,
924 1425 996 1453 rem,

173 1459 305 1493 comites,
323 1459 457 1495 publicas
472 1459 582 1488 insumi
598 1461 748 1496 pecunias,
760 1463 905 1490 Romanos
920 1470 998 1490 exer-

172 1504 249 1533 citus
277 1512 426 1532 erumnas
449 1504 608 1538 exantlare,
631 1504 821 1540 imperatores
846 1509 927 1534 extra
950 1506 996 1534 sui

173 1548 290 1584 imperii
307 1548 381 1576 ﬁnes
404 1548 519 1577 labores
543 1549 678 1585 tolerare,
693 1553 723 1577 et
737 1553 834 1579 tamen
853 1551 995 1587 quidquid

173 1594 217 1621 tot.
231 1592 381 1621 laboribus
395 1594 484 1629 atque
499 1592 641 1622 molestiis
657 1595 818 1628 coniicitur,
831 1595 858 1623 id
869 1604 955 1624 omne
966 1596 996 1624 in

174 1637 265 1665 unius
279 1637 377 1665 venire
392 1638 531 1674 spadonis
550 1639 795 1674 possessionem.»
808 1640 890 1667 Hunc
905 1640 998 1676 impe-

175 1681 282 1710 ratoris
297 1689 462 1710 sermonem
476 1683 595 1718 quidam
608 1683 643 1711 ad
654 1683 797 1712 Basilium
814 1684 927 1712 detulit.
937 1685 998 1717 Quo

176 1726 226 1754 ille
240 1726 373 1754 irritatus
394 1735 428 1754 ex
451 1735 484 1755 eo
511 1730 642 1764 tempore
666 1729 849 1756 occasionem
866 1730 999 1765 quaesivit

176 1770 362 1807 imperatoris
386 1771 518 1800 tollendi.
541 1774 642 1808 Itaque
660 1781 726 1800 eum
751 1773 798 1809 qui
824 1774 960 1802 minister
982 1783 999 1802 a

175 1816 289 1853 poculis
299 1816 469 1852 imperatori
482 1819 554 1850 erat,
563 1817 720 1854 aliquando
735 1818 885 1847 blanditiis
897 1821 925 1847 et
937 1828 998 1847 mu-

175 1861 293 1889 neribus
309 1861 481 1897 corrumpit,
492 1863 616 1898 ejusque
626 1871 714 1897 opera
724 1871 868 1891 venenum
885 1872 942 1891 non
952 1872 997 1891 ve-

172 1905 388 1934 hementissimi
413 1906 528 1941 generis
543 1909 573 1934 et
587 1907 664 1942 quod
682 1907 781 1934 statim
806 1911 931 1942 necaret,
945 1909 994 1936 sed

171 1950 249 1985 quod
262 1950 372 1977 sensim
386 1950 461 1977 vires
478 1950 639 1978 haurientia
651 1952 858 1987 exstingueret,
870 1953 996 1988 impera—

169 1993 225 2022 tori
242 1993 388 2029 propinat.
402 1994 463 2025 Quo
486 1994 510 2022 is
526 1996 610 2030 epoto
631 1995 772 2030 paulatim
785 1996 995 2025 contabescens

170 2040 200 2066 et
212 2037 324 2065 viribus
340 2038 490 2071 deﬁciens,
506 2039 624 2066 tandem
638 2039 725 2067 etiam
741 2040 930 2068 carbunculis
947 2050 998 2077 per

170 2081 308 2110 humeros
314 2081 431 2116 exortis,
439 2081 532 2110 multo
542 2083 701 2118 peroculos
707 2083 996 2122 effluentesanguine

170 2126 272 2161 Cpolin
289 2134 423 2155 reversus
438 2127 551 2155 vivendi
575 2128 661 2156 finem
679 2128 756 2160 fecit,
774 2128 896 2164 imperio
912 2130 995 2158 Basi-

169 2170 207 2198 lio
223 2173 251 2198 et
266 2171 458 2200 Constantino
473 2172 597 2200 Romani
619 2173 687 2209 filiis
709 2173 818 2201 relicto.
839 2174 996 2210 Imperavit

168 2223 262 2243 annos
276 2216 293 2243 6
308 2215 488 2252 totidemque
504 2224 621 2244 menses
637 2219 664 2245 et
683 2217 769 2252 paulo
785 2217 922 2253 amplius.

1052 255 1121 288 λεῖς.
1144 256 1287 284 Βασιλείου
1312 256 1340 284 δὲ
1361 258 1409 283 τοῦ
1432 265 1606 293 πατριαρχου
1628 255 1670 283 ἐπ’
1694 255 1793 286 αἰτίαις
1817 253 1876 282 δια-

1052 298 1201 335 ϐληθέντος
1225 301 1270 328 καὶ
1305 300 1453 334 συνοὸικῶς
1486 301 1688 338 καθαιρεθέντος
1714 297 1876 337 προεϐλήθη

1053 347 1228 384 πατριάρχης
1240 346 1384 376 Ἀντώνιος
1399 346 1413 372 ὁ
1428 343 1589 380 Στουδίτης.

1089 390 1240 428 Αὐγούστῳ
1255 389 1284 418 δὲ
1310 389 1387 426 μηνί,
1413 389 1581 421 ἶνδικτιῶνος
1607 389 1642 427 γ’,
1671 388 1754 428 ἐφάνη
1771 388 1816 416 καὶ
1828 399 1880 416 κο-

1055 436 1144 472 μήτης
1171 436 1184 462 δ
1213 434 1358 472 λεγόμενος
1397 434 1556 472 πωγωνίας,
1592 433 1638 461 καὶ
1677 433 1798 472 ἐφαίνετο
1827 432 1882 465 ἓως

1053 477 1218 517 Ὀκτωϐρίού
1249 479 1334 515 μηνὸς
1357 482 1407 514 τῆς
1434 478 1565 516 τετάρτης
1595 476 1776 509 ἷνδικτιῶνος.
1807 480 1880 514 Προ-

1053 524 1155 560 sps/plus
1179 522 1201 551 δ’
1217 523 1296 555 οὗτος
1320 524 1366 551 τὸν
1394 522 1442 551 τοῦ
1469 522 1603 561 βασιλέως
1625 522 1736 550 θάνατον
1760 522 1806 549 καὶ
1828 523 1879 554 τὰς

1054 567 1208 605 μελλούσας
1223 571 1369 606 κατασχεῖν
1398 568 1448 602 τήν
1473 567 1616 604 Ῥωμαίων
1639 570 1690 605 γῆν
1711 566 1741 594 ἐκ
1754 569 1808 594 τῶν
1825 566 1879 604 ἐμ-

1052 612 1155 652 φυλίων
1171 611 1303 649 πολέμων
1320 613 1549 651 ἀπαραμυθήτως
1563 612 1660 650 τύχας.

1087 659 1148 686 Τῶν
1165 656 1188 684 δ’
1206 657 1258 685 ὑπὸ
1283 659 1332 684 τοῦ
1363 657 1497 694 βασιλέως
1522 657 1684 696 Νικησόρου
1700 656 1880 694 προσκτηθει-

1052 705 1106 730 σῶν
1135 702 1242 730 πόλεων
1272 701 1317 729 καί
1351 704 1406 729 τῶν
1446 701 1592 740 ὑπόφόρων
1627 701 1782 738 γενομᾶνων
1808 701 1878 728 Ῥω-

1054 747 1157 783 μαίοις,
1183 747 1221 778 ὡς
1249 745 1400 785 ἔμπροσθεν
1440 746 1556 784 εἶ’ρηται,
1593 747 1735 783 ἀραμένων
1759 745 1876 783 πτέρναν

1052 792 1160 826 καίτήν
1190 792 1349 828 Ῥωμαϊκὴν
1377 791 1597 828 ἀποσιισαμᾶνων
1632 790 1764 827 ἐξουσίαν,
1792 788 1877 825 ἔξεισι

1051 837 1109 864 κατ’
1124 837 1211 864 αὐτῶν
1235 837 1249 863 ὁ
1276 836 1403 874 βασιλεὺς
1430 836 1476 863 καὶ
1505 837 1611 863 ἄπεισιν
1636 835 1702 873 ἄχρι
1719 836 1876 872 Δαμασκοῦ.

1053 879 1101 908 Καὶ
1115 880 1163 911 τὰς
1182 880 1229 916 μὲν
1245 880 1336 907 πειθοῖ
1362 879 1407 907 καὶ
1432 879 1519 917 λόγῳ,
1534 879 1582 912 τὰς
1592 878 1621 907 δὲ
1635 879 1752 916 πολέμῳ
1765 878 1810 906 καὶ
1828 878 1878 916 βίᾳ

1051 923 1280 960 ἀνακτησάμενος,
1295 923 1340 951 καὶ
1365 925 1450 952 πάντα
1473 924 1542 951 κατὰ
1563 924 1596 951 τὸ
1617 924 1722 962 πρέπον
1737 934 1875 958 καταστη-

1051 969 1178 1005 σάμενος,
1207 968 1327 1004 ἀνεζευξε
1357 969 1424 1007 πρὸς
1446 969 1495 1003 τήν
1523 967 1662 1006 βασιλίδα.
1677 971 1823 1004 Γενομινος
1844 966 1876 995 δὲ

1049 1015 1117 1041 κατὰ
1131 1011 1366 1052 τήνἈνάζαρϐον,
1387 1013 1432 1040 καὶ
1461 1013 1506 1040 τὸν
1533 1011 1670 1049 Ποδανδᾷν
1696 1012 1741 1040 καὶ
1752 1012 1799 1043 τὶς
1816 1011 1877 1039 λοι-

1050 1059 1102 1089 πὰς
1130 1057 1286 1096 παροδεύων
1326 1058 1432 1096 χώρας,
1462 1057 1507 1084 καὶ
1545 1057 1654 1094 βλέπων
1681 1057 1714 1084 τὰ
1741 1056 1767 1084 ἐν
1796 1057 1874 1092 ποσὶ,

1050 1104 1159 1138 κτήσεις
1174 1113 1204 1130 τε
1228 1103 1298 1140 ὁρῶν
1321 1101 1484 1133 πολυτελεῖς
1509 1101 1555 1129 καὶ
1581 1102 1672 1140 χωρία
1687 1101 1771 1140 εὖφυῆ
1786 1111 1815 1128 τε
1829 1100 1876 1128 καί

1050 1149 1194 1186 πάμφορα,
1224 1146 1413 1179 διεπυνθάνετο
1449 1146 1512 1178 τοὺς
1548 1146 1771 1184 παριυρημὲνους
1799 1145 1876 1177 τίνος

1052 1193 1081 1220 ἃν
1104 1193 1148 1220 καί
1166 1193 1216 1220 εἶεν
1245 1192 1333 1220 αὗται.
1350 1196 1385 1223 Ως
1415 1190 1439 1219 δ’
1468 1190 1598 1228 ἐμάνθανε
1622 1191 1696 1228 παρά
1724 1193 1777 1218 τῶν
1805 1189 1877 1228 ἱρω-

1051 1238 1179 1274 τωμένων
1203 1238 1296 1274 ὅτιπερ
1320 1239 1369 1264 τοῦ
1391 1235 1641 1274 παρακοιμωμᾶνου
1662 1235 1714 1263 εἶσὶ
1731 1234 1874 1262 Βασιλείου

1051 1285 1144 1310 πᾶσαι.
1173 1281 1239 1316 αὕτη
1270 1282 1317 1318 μὶν
1352 1281 1397 1309 καὶ
1422 1281 1488 1316 αὕτη
1517 1279 1665 1317 Ῥωμαίοις
1692 1279 1878 1318 προσκτηθιῖ-

1052 1337 1094 1355 σαι
1110 1325 1224 1365 ἔναγχος
1250 1327 1322 1363 παρὰ
1347 1325 1505 1365 Νικηφόρον.)
1523 1327 1572 1353 τοῦ
1599 1324 1744 1363 βασιλέως,
1761 1324 1828 1359 αὕτη
1843 1323 1876 1352 δὲ

1052 1372 1123 1409 παρὰ
1143 1371 1223 1399 τοῦδι
1249 1373 1298 1399 τοῦ
1322 1370 1485 1407 δομεστίκου
1511 1372 1566 1398 τῶν
1594 1369 1716 1407 σχολῶν,
1740 1369 1784 1396 καὶ
1803 1368 1871 1403 αὕτη

1051 1417 1124 1454 παρὰ
1138 1419 1186 1444 τοῦ
1214 1415 1309 1450 δεῖνος,
1334 1415 1378 1443 καὶ
1404 1415 1471 1450 αὕτη
1497 1415 1543 1442 καὶ
1567 1413 1634 1449 αὕτη
1659 1414 1732 1451 παρὰ
1747 1415 1805 1446 σοῦ,
1826 1413 1874 1440 καὶ

1050 1464 1091 1498 τῷ
1118 1460 1253 1497 Βασιλείῳ
1277 1459 1456 1497 δεδώρηνται,
1487 1458 1563 1487 οὐδὲν
1591 1457 1620 1486 δὲ
1644 1458 1659 1486 ὅ
1682 1469 1708 1486 τι
1724 1457 1768 1485 καὶ
1787 1457 1873 1495 λόγου

1053 1506 1125 1541 ἄξιον
1151 1504 1218 1533 εἶδεν
1250 1503 1484 1541 ὑπολελειμμένον
1508 1507 1562 1532 τῶν
1586 1503 1810 1542 προπτηθὲντων
1832 1503 1874 1538 τῷ

1054 1551 1191 1588 δημοσίῳ,
1216 1550 1358 1588 γενόμενος
1383 1549 1537 1587 περιαλγὴς
1561 1549 1606 1577 καὶ
1631 1548 1722 1585 βύθιον
1739 1546 1874 1581 στενάξας,

1055 1609 1067 1623 ι
1085 1596 1185 1630 Διινὸν,
1202 1595 1223 1622 ὧ
1250 1594 1389 1632 παρόντες,
1419 1593 1481 1633 ἔφη,
1512 1593 1535 1621 εἱ
1563 1593 1596 1621 τὰ
1621 1591 1740 1629 δημόσια
1758 1601 1874 1619 κατανα-

1054 1641 1193 1669 λίσκονται
1219 1639 1350 1677 χρήματα
1377 1638 1421 1666 καὶ
1449 1639 1483 1666 τὰ
1503 1638 1645 1674 Ῥωμαῖκιὶ
1667 1635 1874 1673 ταλαιπωροῦν-

1051 1696 1096 1713 ται
1113 1686 1152 1720 [Ρ.
1168 1685 1231 1721 68/1]
1255 1684 1442 1722 στρατιύματα
1465 1683 1511 1710 καὶ
1528 1683 1553 1710 οἱ
1576 1681 1698 1720 βασιλεῖς
1713 1680 1876 1718 ὑπερορίους

1052 1729 1231 1767 ἀναδέχονται
1245 1726 1358 1764 κόπους,
1382 1728 1416 1755 τὰ
1437 1726 1466 1755 δὲ
1479 1726 1509 1755 ἐκ
1521 1726 1662 1755 τοσούτων
1676 1725 1874 1764 προσκτώμενα

1055 1774 1168 1812 μόχθων
1191 1773 1235 1800 καὶ
1261 1772 1345 1800 χόπαν
1370 1771 1426 1803 ἐνὸς
1447 1771 1583 1809 εὐνούχου
1606 1771 1662 1807 (33)
1672 1769 1789 1806 γίνονται
1805 1770 1872 1812 κτῆ-

1054 1811 1131 1855 in,»
1151 1817 1198 1845 Καὶ
1215 1818 1228 1844 ὁ
1257 1817 1304 1853 μὶν
1329 1816 1455 1854 βασιλεὺς
1479 1818 1572 1851 ταῦτα,
1587 1817 1641 1842 τῶν
1665 1825 1706 1845 τις
1730 1812 1758 1841 δὲ
1772 1811 1872 1850 παρόν-

1051 1873 1104 1890 των
1128 1864 1167 1898 τῷ
1192 1860 1328 1897 Βασιλείῳ
1350 1861 1396 1888 τὸν
1420 1862 1468 1887 τοῦ
1494 1858 1627 1898 βασιλέως
1649 1857 1732 1895 λόγον
1759 1857 1872 1896 διαπορ-

1052 1907 1168 1944 θμεύσας
1189 1906 1329 1943 ἀνηρέθισε
1353 1905 1420 1942 πρὸς
1441 1905 1534 1943 ὀργήν.
1554 1904 1606 1932 Καὶ
1628 1902 1720 1931 ἔκτοτε
1736 1902 1871 1940 εὐκαιρίαν

1051 1953 1139 1986 ἐζήτει
1166 1951 1212 1978 τὸν
1244 1950 1357 1988 βασιλὲα
1391 1949 1632 1976 ἀποσκευάσασθαι.
1663 1948 1797 1979 Θωπείαις
1824 1945 1871 1974 οὖν

1052 1995 1175 2028 ὑπελθὼν
1191 2005 1257 2022 ποτε
1279 1994 1324 2022 καὶ
1347 1992 1446 2032 δώροις
1466 1993 1634 2029 ἐξαπατήσας
1648 1992 1694 2020 τὸν
1705 1992 1796 2029 ἐγχεῖν
1812 1991 1873 2018 etw-

1050 2040 1114 2068 θὸτα
1128 2041 1172 2068 τὸν
1189 2039 1261 2067 οἶνον
1290 2041 1329 2074 τῷ
1357 2038 1474 2076 βασιλεῖ,
1498 2038 1543 2065 καὶ
1568 2036 1738 2074 δηλητήριον
1761 2036 1874 2073 κερασά-

1052 2095 1131 2121 μενος
1147 2085 1178 2112 οὐ
1192 2086 1245 2111 τῶν
1272 2082 1494 2121 δραστικωτάτων
1520 2082 1564 2109 καὶ
1586 2081 1672 2118 ταχὺν
1689 2081 1873 2119 ὶπινρερόντων

1049 2130 1094 2157 τὸν
1124 2127 1257 2162 κίνδυνον,
1283 2126 1356 2155 at);
1376 2129 1431 2154 τῶν
1455 2126 1596 2164 σχολαίως
1619 2126 1663 2152 καὶ
1687 2125 1754 2152 κατᾶ
1775 2124 1871 2161 μικρόν

1049 2174 1248 2202 ἀναλισκόντων
1270 2173 1320 2206 τὴν
1355 2174 1403 2199 τοῦ
1435 2171 1596 2202 πιπωκότος
1624 2168 1749 2206 δύναμιν,
1779 2168 1874 2207 κεράν-

1049 2229 1108 2246 vum
1124 2220 1164 2254 τῷ
1183 2215 1300 2255 βασιλεῖ.
1317 2217 1365 2244 Καὶ
1382 2216 1452 2244 πιὼν
1477 2216 1520 2243 καὶ
1537 2215 1594 2242 κατ’
1611 2214 1704 2252 ὀλίγον
1720 2213 1872 2249 νοσηλευό-

167 2269 249 2295 μενος
276 2259 393 2294 καὶτῆς
418 2259 518 2291 οἱκιίας
547 2259 687 2296 δυνάμεως
715 2260 896 2297 ἀποπίππων,
923 2262 1080 2292 τελευταῖον
1111 2261 1139 2290 δὲ
1167 2262 1210 2290 καί
1234 2261 1298 2293 τοὺς
1326 2259 1419 2297 ὤμους
1443 2259 1633 2297 ἀνθρακιάσας,
1664 2258 1777 2295 αἳματος
1800 2256 1871 2285 πολ-

166 2301 216 2330 λοῦ
232 2303 340 2341 ῥυέντος
356 2303 429 2340 αὐτῷ
445 2303 489 2332 διὰ
509 2306 563 2332 τῶν
594 2304 755 2344 ὀφθαλμῶν,
783 2305 909 2334 εἰσελθὼν
935 2306 960 2335 ἐν
987 2310 1021 2345 τῇ
1052 2306 1171 2346 βασιλίδι
1200 2305 1331 2334 κατέλυσε
1357 2306 1408 2340 τὴν
1439 2306 1523 2340 ζωὴν,
1541 2304 1700 2342 βασιλεύσας
1710 2302 1756 2339 ἔτη
1775 2306 1871 2346 ς¹τοσο

165 2347 261 2380 ούτους
276 2359 304 2376 τε
326 2352 413 2385 μῆνας
441 2349 487 2376 καὶ
511 2349 591 2386 πρὸς,
621 2347 768 2386 διαδόχους
792 2349 948 2379 καταλιπὼν
977 2344 1027 2387 τῆς
1051 2344 1188 2390 βασιλείας
1217 2350 1356 2378 Βασίλειον
1377 2349 1422 2377 καὶ
1449 2351 1649 2377 ῐίωνσταντῖνον
1678 2347 1742 2379 τοὺς
1772 2344 1872 2378 παῖδας

164 2394 215 2419 τοῦ
229 2393 384 2430 Ῥωμανοῖλ

202 2438 280 2465 416
292 2440 372 2466 Anno
385 2438 489 2466 mundi
499 2438 579 2473 5484,
592 2438 753 2467 indictione
765 2442 880 2476 quarta,
894 2449 964 2470 men:

1088 2441 1123 2470 re
1140 2441 1186 2477 μὶν
1204 2439 1249 2467 οὖν
1275 2439 1403 2467 Ἰωάννου
1426 2437 1506 2469 τέλος
1529 2438 1574 2466 τὸν
1603 2436 1747 2475 εἰρημένον
1761 2436 1872 2471 συνηνὲ-

166 2480 331 2517 Decembri,
347 2482 475 2511 Basilius
501 2485 530 2511 et
550 2483 762 2511 Constantinus
791 2486 913 2513 Romani
941 2486 994 2514 ﬁlii

165 2525 323 2562 imperium
357 2527 514 2555 iniverunt.
547 2528 662 2556 Annum
697 2529 790 2557 aetatis
819 2529 992 2559 vicesimum

166 2570 294 2600 Basilius
306 2574 369 2599 tum
386 2572 508 2607 agebat:
525 2573 652 2600 triennio
662 2573 765 2608 junior
779 2577 841 2602 erat
853 2575 993 2603 Constan-

164 2613 256 2643 tinus.
272 2617 367 2652 Atque
383 2615 412 2643 hi
429 2616 546 2652 quidem
563 2625 668 2645 nomen
686 2622 713 2645 et
727 2618 853 2653 ﬁguram
870 2619 992 2655 impera-

162 2661 260 2687 torum
285 2660 448 2696 gerebant:
465 2661 596 2689 omnium
620 2670 718 2690 rerum
743 2671 832 2698 penes
848 2663 989 2692 Basilium

1048 2487 1102 2524 χθη
1116 2486 1228 2523 τρόπον⁵
1244 2483 1275 2511 τὸ
1292 2482 1322 2511 δὲ
1334 2486 1385 2518 τῆς
1404 2482 1540 2521 βασιλείας
1559 2483 1657 2520 κράτος
1672 2482 1710 2513 εἰς
1726 2479 1872 2509 Βασίλειον

1050 2531 1176 2568 μετήχθη
1206 2528 1251 2556 καὶ
1290 2529 1490 2557 Κωνσταντῖνον
1528 2527 1592 2559 τοὺς
1617 2527 1692 2558 υἱοὺς
1719 2527 1873 2563 Ῥωμανοΰ,

1046 2576 1114 2603 κατὰ
1136 2575 1168 2602 τὸ
1192 2572 1275 2611 ,ςυπδ’
1299 2571 1370 2607 ἔτος,
1415 2571 1584 2603 ἴνδικτιῶνος
1619 2570 1651 2608 δ“,
1680 2571 1744 2608 μηνὶ
1773 2573 1875 2606 Ausp-

1048 2619 1118 2657 βρίῳ
1135 2628 1141 2635 ·
1159 2619 1196 2646 ὧν
1223 2619 1236 2646 ὁ
1266 2618 1313 2655 μὶν
1334 2616 1476 2648 Βασίλειος
1503 2618 1549 2645 τὸν
1578 2618 1601 2644 κ’
1616 2617 1680 2652 ἠνυε
1695 2617 1744 2650 τῆς
1760 2613 1873 2650 ἡλικίας

1046 2665 1157 2701 χρόνον,
1185 2662 1255 2691 ἔτεσι
1279 2661 1309 2690 δὲ
1330 2663 1402 2700 τρισὶ
1426 2661 1525 2690 τούτου
1553 2661 1684 2698 νεώτερος
1709 2660 1741 2695 ἦν
1763 2660 1869 2687 ὁΚων-

756 2742 944 2771 XYLANDRI
964 2745 1010 2772 ET
1030 2745 1139 2774 GOARI
1159 2745 1273 2774 NOTZE.

198 2812 251 2848 (33)
267 2811 530 2849 Παρακοιμωμὲνου,
548 2813 584 2842 de
599 2820 679 2842 more
695 2813 833 2842 eunuchi.
849 2814 938 2842 Goaa.
