1928 3047
43 140 103 170 M9

617 137 892 169 HISTORIARUM
914 138 1188 170 COMPENDIUM.

1699 139 1758 169 150

41 207 199 236 πωτῖνος.
229 206 333 243 Σχῆμα
360 204 409 241 μὶν
438 203 486 232 οὗκ
513 203 558 232 καὶ
587 201 674 241 ὄνομα
710 203 791 240 μόνον
817 206 863 231 τοῒ

954 204 1086 233 residem
1101 205 1220 233 interim
1243 204 1459 233 administratio
1480 206 1552 239 erat,
1568 204 1605 232 iis
1619 205 1715 233 adhuc
1729 207 1757 234 et

43 249 195 287 βασιλεῦσι
232 249 430 288 περιετὲθειτο,
468 250 486 284 ἡ
524 247 552 277 δὶ
592 248 784 286 μεταχείρησις
822 251 876 276 τῶν

40 295 218 332 πραγμάτων
245 294 319 332 παρὰ
341 296 390 321 τοῦ
406 292 541 332 προέδρου
565 293 704 331 ἐνηργεῖτο
731 292 876 321 Βασιλείου

41 338 88 366 διὰ
103 339 138 366 τὸ
160 338 252 374 νεάζον
276 341 326 373 τῆς
346 338 458 373 ἡλικίας
477 340 531 366 τῶν
559 337 692 374 βασιλέων
712 338 756 365 καὶ
773 338 876 365 ἁπαλὸν

41 383 87 411 καὶ
119 384 208 419 μήπω
239 381 355 421 βεϐηκὸς
383 385 431 410 τοῦ
461 384 655 422 φρονήματος.
685 384 732 413 ’Ὁς
762 383 819 418 ἅμα
846 393 876 410 τε

42 427 195 466 περιῆλθεν
210 427 248 459 εἷς
272 427 335 458 τοὺς
358 426 457 459 παῖδας
481 430 530 455 τοῦ
554 429 694 464 Ῥωμανοῦ
716 427 747 454 τὸ
765 428 873 465 κράτος,

40 472 85 500 καὶ
109 473 169 508 ἅμα
202 471 396 510 ταχυδρόμους
435 472 576 508 ἐκπέμψας
613 470 671 508 ἄγει
706 473 755 505 τήν
786 471 872 498 αὐτῶν

42 516 152 555 μητέρα
179 517 232 544 ἀπὸ
253 520 304 552 τῆς
331 512 476 554 ὑπερορίας
501 516 538 547 εἷς
565 516 597 543 τὰ
622 516 756 554 βασίλεια.
773 515 872 547 Δεδιὼς

40 560 69 589 δὲ
98 561 148 589 καὶ
177 562 226 592 τὰς
251 561 321 589 κατὰ
347 564 398 596 τῆς
429 561 567 598 βασιλείας
596 560 798 593 ἐπαναστάσεις,
827 561 872 587 καὶ

40 605 152 642 μᾶλλον
168 608 222 633 τῶν
248 604 342 633 ἄλλων
368 604 473 643 Βάρδαν
502 605 650 643 μάγιστρον
666 605 712 632 τὸν
732 603 871 642 Σκληρὸν,

39 650 81 677 ἀεὶ
113 652 150 687 τῇ
183 649 308 688 βασιλείᾳ
336 648 512 688 ἐφεδρεύοντα
540 649 585 677 καὶ
625 648 668 676 διὰ
695 649 793 680 παντὸς
821 650 870 683 τὴν

40 695 212 722 ἀποστασίαν
237 694 369 722 ὼόίνοντα
392 694 479 730 (ἑάλω
503 694 555 732 γὰρ
580 693 625 721 καὶ
650 694 692 721 ἐπὶ
720 696 768 721 τοῦ
794 694 871 731 βασι-

40 739 112 770 λέως
155 740 279 767 Ἰωάννου
325 736 520 775 ἐπιϐουλεύων⁷
570 738 615 766 καὶ
666 737 870 770 καταδικασθεὶς

39 783 225 822 ἐξορυχθῆναι
250 783 314 815 τοὺς
339 782 498 822 ὀφθαλμοὺς
525 782 668 821 ἐξεῤῥύσθη
695 783 758 820 παρ’
788 782 870 810 αὐτοῦ

38 832 90 864 τῆς
119 830 244 865 ποινῆς),
265 830 360 856 τοῦτον
383 826 501 865 μάλιστα
526 826 656 858 δεδοικὼς
679 830 764 855 πᾶσαν
792 838 869 863 τηνι-

38 875 127 901 καῦτα
155 874 206 908 τήν
231 873 387 910 Ῥωμαϊκὴν
418 871 533 908 δύναμιν
562 871 793 910 ἐγκεχειρισμένον
823 873 866 900 καὶ

38 917 94 953 ὅπη
121 917 168 945 καὶ
186 917 315 956 βούλοιτο
341 916 442 955 ῥαδίως
469 917 566 954 ἄγοντα
589 916 634 944 καὶ
652 914 867 953 μετακυϐεύοντα

38 963 83 997 (ἦν
97 962 153 999 γὰρ
177 961 367 999 στρατηλάτης
391 958 618 999 προϐεϐλημένος
639 961 728 996 πάσης
753 961 866 990 Ἀνατο‹

38 1006 104 1043 λῆς)
119 1006 259 1045 συμφέρον
275 1007 341 1034 εἶναι
356 1007 390 1043 τῇ
418 1004 543 1044 βασιλείᾳ
564 1004 608 1032 καὶ
623 1005 741 1043 ἀσφαλὲς
757 1005 866 1042 ἐνόμισε

36 1051 67 1078 τὸ
83 1049 161 1078 πολὺ
176 1054 227 1086 τῆς
248 1049 390 1087 δυνάμεως
415 1050 619 1088 ἀκρωτηριάσαι
641 1050 686 1077 xui
711 1050 865 1082 ἀσθενέστε-

36 1106 82 1133 ρον
114 1095 197 1123 αὐτὸν
237 1095 427 1134 ἀποφήνασθαι
463 1095 532 1132 πρὸς
558 1094 608 1129 τήν
640 1095 863 1131 ὑποπτευομένην

35 1139 214 1168 ἀποστασίαν.
244 1139 293 1167 Καὶ
316 1142 382 1177 γοῦν
408 1139 453 1166 καὶ
476 1138 610 1177 παραλύει
634 1141 729 1166 τοῦτον
750 1141 799 1174 τῆς
814 1142 863 1167 τοῦ

35 1184 227 1221 στρατηλάτου
258 1184 357 1222 ἀρχῆς,
380 1183 463 1212 δοῦκα
492 1182 521 1211 δὶ
553 1182 725 1211 ἀποδείκνυσι
752 1187 805 1212 τῶν
835 1185 860 1212 ἐν

34 1231 68 1265 τῇ
97 1228 298 1266 Μεσοποταμίᾳ
329 1228 487 1266 ταγμάτων,
519 1227 696 1266 ἐπαγρυπνεῖν
733 1229 863 1262 κελεύσας

34 1274 81 1304 τὰς
113 1272 251 1310 ἐκδρομὰς
280 1275 335 1301 τῶν
369 1274 534 1311 Σαρακηνῶν
564 1272 743 1310 φυλάττοντα.
773 1275 808 1301 Τὸ
839 1273 862 1301 δ’

35 1319 101 1346 αὐτὸ
120 1321 204 1346 τοῦτο
228 1317 273 1346 καὶ
299 1318 337 1349 εἷς
361 1316 478 1355 Μιχαὴλ
504 1318 550 1345 τὸν
576 1317 714 1353 Βούρτζην
739 1317 860 1346 ὕποπτον

35 1361 99 1391 ὄντα
114 1363 325 1401 ἐμηχανήσατο,
343 1361 485 1398 διαστῆσαι
508 1364 602 1390 τοῦτον
622 1365 673 1397 τῆς
697 1365 745 1390 τοῦ
768 1363 860 1399 Σκλη-

35 1411 82 1446 ροῦ
98 1408 235 1446 ἑταιρείας
260 1406 413 1438 σπουδάσας
439 1408 531 1443 (συνῆν
555 1407 606 1445 γὰρ
631 1407 675 1435 καὶ
691 1407 768 1439 οὗτος
788 1408 861 1444 αὐτῷ

34 1453 177 1490 τάγματός
197 1462 271 1484 τινος
295 1451 440 1490 κατάρχων
469 1453 688 1489 στρατιωτικοῦ).
715 1451 795 1490 ὅνπερ
820 1455 860 1489 τῷ

33 1500 84 1525 τῶν
126 1496 282 1535 μαγίστρων
315 1497 433 1533 τιμήσας
461 1496 594 1532 ἀξιώματι
623 1498 666 1533 [Ρ.
683 1498 746 1533 685]
775 1496 861 1525 δοῦκα

33 1546 82 1576 τῆς
117 1542 193 1579 παρὰ
226 1543 266 1569 τῶ
300 1541 413 1579 Ὀρόντῃ
452 1541 621 1579 Ἀντιοχείας
661 1539 858 1578 προϐάλλεται.

33 1578 162 1626 Ἔφορον
175 1585 205 1613 δὲ
220 1585 264 1614 καὶ
279 1578 424 1621 ἐπιστάτην
438 1587 491 1613 τῶν
509 1585 581 1622 ἰῲων
604 1587 661 1622 (34)
687 1584 860 1614 ἀποδείκνυσι
876 1578 898 1611 Cv

35 1632 144 1659 πάντων
172 1630 317 1667 ταγμάτων
358 1631 403 1657 τὸν
441 1630 581 1667 πατρίκιον
613 1629 712 1668 Πέτρον
740 1631 786 1657 τὸν
815 1633 863 1658 τοῦ

36 1677 122 1703 Φωκᾶ
150 1674 260 1709 δοῦλον,
285 1673 526 1713 στρατοπεδάρχην
549 1674 628 1702 αὐτὸν
654 1673 797 1711 ὀνομάσας,
819 1685 863 1702 το-

37 1721 100 1756 μίαν
134 1720 184 1756 μὶν
212 1719 365 1757 ἄνθρωπον,
396 1718 557 1757 δραστήριον
583 1717 606 1746 δ’
635 1717 729 1751 ἄλλως
757 1719 801 1747 καὶ
829 1720 863 1747 τά

34 1765 177 1801 πολεμικὰ
196 1763 403 1802 ἐμπειρότατον.
431 1765 519 1792 Τοῦτο
545 1762 574 1791 δὲ
589 1764 634 1791 τὸν
651 1763 776 1802 Σκληρὸν
794 1765 862 1802 σφό-

34 1809 83 1847 δρα
99 1809 248 1844 ἐλύπησεν,
274 1808 312 1841 ὡς
339 1807 409 1845 μηδὲ
433 1809 496 1846 παρ’
520 1809 608 1845 ἐαυτῷ
633 1807 779 1844 δυνηθῆναι
798 1820 860 1846 συγ-

932 251 1015 278 estate
1024 252 1050 277 et
1060 249 1216 286 prudentia
1225 250 1400 278 minoribus.
1409 252 1435 278 Is
1444 258 1563 286 prmses,
1570 249 1660 277 simul
1668 253 1757 285 atque

931 295 966 322 ad
984 294 1037 322 hos
1058 294 1259 322 adolescentes
1281 303 1400 322 summa
1425 302 1521 322 rerum
1540 293 1676 322 devoluta
1700 296 1756 328 est,

931 340 1055 367 matrem
1072 339 1184 366 ciorum
1197 338 1292 366 celoce
1307 340 1342 366 ab
1355 338 1456 366 exsilio
1472 340 1595 366 revocat.
1606 338 1756 367 Sollicitus

931 391 1015 418 porro
1031 392 1067 410 ne
1080 384 1147 419 quis
1158 383 1234 411 alius
1246 383 1400 419 imperium
1414 383 1572 418 invaderet,
1585 391 1618 410 ac
1629 383 1755 411 maxime

929 428 1061 456 omnium
1078 428 1203 456 Bardam
1218 427 1350 456 Sclerum
1369 428 1442 455 417
1465 429 1600 455 metuens
1616 427 1755 463 (namque

928 472 954 500 is
980 472 1005 499 ei
1035 481 1150 508 semper
1177 473 1352 507 inhiaverat,
1373 475 1401 500 et
1422 472 1564 500 Tzimisca
1590 471 1755 508 imperante

928 517 1093 552 tyrannidis
1127 519 1273 545 attentam:
1306 517 1455 545 convictus
1484 517 1577 545 oculis
1611 516 1753 545 multatus

927 561 1042 595 fuisset,
1055 561 1111 590 nisi
1126 570 1193 589 eum
1209 561 1272 597 ipse
1288 570 1377 597 paenae
1393 561 1575 597 eripuisset);
1591 561 1670 589 hunc
1683 570 1751 597 ergo

928 606 1054 633 maxime
1070 608 1239 642 suspectum
1263 605 1386 640 habens,
1402 608 1434 633 ut
1449 606 1496 634 cui
1515 609 1586 634 tunc
1607 607 1751 635 universas

927 650 1013 686 copiae
1025 650 1189 679 commissa:
1199 653 1308 684 essent,
1318 650 1459 686 facileque
1470 659 1519 678 eas
1530 659 1589 686 qua
1596 650 1683 678 vellet
1693 651 1749 678 im-

926 695 1033 731 pellere
1048 697 1155 730 posset,
1173 697 1273 731 utpote
1292 696 1383 723 totius
1399 695 1524 722 Orientis
1540 695 1598 722 dux
1613 695 1749 731 designa-

925 742 985 774 tus,
1001 747 1035 768 ex
1051 748 1106 768 usu
1123 739 1162 768 rei
1179 739 1302 775 publica;
1317 739 1378 767 fore
1396 741 1425 767 et
1444 739 1480 767 ad
1499 738 1654 774 imperium
1670 747 1747 768 com-

925 785 1119 812 muniendam
1137 785 1283 812 facturum
1299 784 1453 820 judicavit,
1469 783 1494 811 si
1509 784 1573 819 ejus
1589 784 1749 819 potentiam

925 829 1069 857 accideret
1094 829 1250 865 ipsumque
1265 837 1297 856 eo
1313 828 1505 857 infirmiorem
1529 828 1566 856 ad
1591 837 1637 856 res
1661 837 1749 856 novas

925 874 1082 902 tentandae
1095 873 1250 910 redigeret.
1260 873 1361 909 Itaque
1371 873 1398 900 ei
1408 873 1536 900 Orientis
1547 873 1749 908 praefecturam

923 918 1028 946 adimit
1042 918 1205 953 ducemque
1216 918 1369 946 constituit
1384 917 1609 953 Mesopotamiae,
1622 926 1654 945 ac
1665 926 1748 945 man-

923 964 973 991 dat
985 965 1016 991 ut
1026 962 1181 998 diligenter
1192 962 1332 990 adversus
1342 962 1551 990 Saracenorum
1562 962 1750 990 excursiones

922 1008 1054 1036 excubet.
1072 1007 1178 1034 Eodem
1195 1007 1281 1034 modo
1297 1006 1468 1034 Michaelem
1485 1014 1602 1041 quoque
1612 1006 1747 1034 Burtzam

922 1052 977 1081 sibi
1003 1054 1173 1088 suspectum
1199 1053 1320 1085 tractat;
1346 1059 1434 1086 quem
1458 1052 1523 1078 uta
1537 1050 1608 1078 Duri
1625 1051 1704 1086 (nam
1720 1051 1746 1079 ci

921 1098 1022 1125 aderat
1036 1097 1191 1132 cujusdam
1211 1096 1339 1124 cohortis
1359 1095 1473 1131 ductor)
1488 1095 1625 1122 societate
1640 1095 1745 1123 avelle-

920 1144 974 1175 rct,
990 1142 1025 1170 ad
1043 1140 1174 1176 magistri
1191 1142 1319 1168 evectum
1333 1139 1507 1176 dignitatem
1523 1140 1626 1167 ducem
1641 1140 1744 1168 Antio-

920 1187 991 1215 chizs
1018 1187 1053 1214 ad
1082 1186 1220 1213 Orontem
1245 1185 1306 1212 sitas
1335 1183 1498 1212 constituit.
1528 1185 1741 1220 Inspectionem

920 1234 1007 1267 atque
1031 1230 1187 1266 imperium
1204 1229 1233 1256 in
1248 1237 1350 1257 omnes
1366 1229 1523 1256 orientales
1547 1229 1646 1265 copias
1663 1229 1743 1257 Petro

918 1276 1012 1304 defert
1027 1274 1159 1311 patricio,
1175 1273 1275 1302 Phocis
1294 1273 1363 1301 olim
1389 1273 1511 1307 famulo,
1523 1281 1650 1310 eumque
1662 1282 1743 1302 exer-

917 1321 1028 1348 cltuum
1056 1320 1224 1355 praefectum
1249 1318 1399 1352 nominat;
1425 1320 1585 1346 castratum
1611 1318 1743 1354 quidem»

917 1366 965 1393 sed
980 1367 1131 1392 strenuum
1144 1363 1298 1398 cmteroqui
1308 1364 1335 1390 et
1344 1362 1385 1390 rei
1396 1362 1505 1390 bellica
1517 1363 1742 1399 peritissimum.

917 1410 1039 1446 Indigna
1054 1411 1152 1436 autem
1178 1408 1206 1435 id
1231 1407 1299 1435 tulit
1314 1410 1421 1442 Durus,
1434 1407 1507 1435 adeo
1523 1409 1554 1435 ut
1569 1406 1606 1435 ne
1620 1409 1697 1443 apud
1713 1417 1745 1436 se

918 1454 1038 1490 quidem
1054 1461 1161 1489 magno
1183 1452 1281 1480 animo
1305 1451 1448 1479 occultam
1472 1452 1596 1479 retinere
1611 1460 1673 1480 eam
1691 1461 1744 1488 po-

916 1498 1005 1527 tuerit
1027 1497 1242 1534 mgritudinem,
1256 1497 1306 1525 sed
1332 1497 1464 1524 invectus
1487 1496 1564 1524 418
1588 1497 1684 1525 verbis
1712 1497 1742 1525 in

918 1545 1067 1571 auctorem
1083 1541 1303 1570 contumeliosis
1324 1541 1373 1574 sit,
1389 1541 1439 1577 qui
1463 1541 1561 1576 ipsum
1577 1549 1628 1577 pro
1644 1549 1742 1569 rerum

918 1588 1053 1624 praeclare
1068 1589 1219 1623 gestarum
1234 1585 1480 1620 victoriarumque
1499 1587 1651 1621 partarum
1667 1594 1744 1614 mer-

917 1633 986 1661 cede
1006 1633 1042 1660 ab
1067 1632 1151 1667 equis
1167 1631 1256 1666 (quod
1272 1630 1364 1662 aiunt)
1380 1630 1416 1657 ad
1440 1630 1539 1657 asinos
1563 1630 1741 1658 detruderet.

917 1677 972 1705 Sed
990 1684 1096 1713 praeses
1120 1676 1177 1703 ista
1191 1675 1234 1703 vel
1250 1682 1354 1711 parum
1379 1673 1422 1702 vel
1448 1674 1523 1702 nihil
1539 1674 1661 1709 curavit,
1673 1682 1741 1702 con-

916 1723 1032 1749 tentum
1048 1729 1115 1748 eum
1131 1727 1196 1748 esse
1217 1720 1326 1755 jubens
1342 1719 1377 1747 iis
1392 1727 1455 1755 quas
1475 1719 1624 1746 dabantur
1647 1727 1742 1755 neque

917 1765 1040 1794 ulterius
1056 1765 1216 1801 quidquam
1240 1766 1363 1798 tentare,
1380 1763 1437 1791 nisi
1455 1763 1541 1791 vellet
1555 1763 1663 1791 amisso
1678 1772 1742 1791 ma-

916 1810 1042 1846 gistratu
1059 1809 1190 1845 privatus
1206 1809 1235 1836 in
1252 1809 1372 1835 domum
1389 1816 1473 1836 suam
1489 1807 1634 1835 concludi.

33 1854 155 1891 καλύψαι
184 1855 234 1888 τὴν
262 1853 336 1881 ἀνίαν
364 1852 577 1891 μεγαλοψύχως,
606 1853 668 1881 ἀλλ’
687 1853 863 1892 ἐπεγκαλίκται
893 1854 936 1882 καὶ
961 1852 1170 1892 προσονειδίσαι,
1199 1852 1223 1880 εἴ
1252 1852 1310 1879 ἀντὶ
1335 1855 1388 1879 τῶν
1415 1852 1458 1879 ὑπ’
1482 1852 1564 1878 αὐτοῦ
1589 1852 1743 1888 γενομένων

35 1898 291 1938 ἀνδραγαθημάτων
320 1909 350 1926 τε
377 1898 422 1926 καὶ
450 1898 589 1936 τροπαίων
617 1899 743 1930 τοιαύτας
772 1897 966 1936 ἀντιλαμϐάνει
993 1899 1040 1929 τὰς
1068 1895 1196 1935 ἀμοιϐὰς,
1225 1897 1270 1924 ἐπὶ
1296 1897 1327 1924 τὸ
1356 1899 1449 1934 χεῖρον
1479 1895 1641 1934 προκόπτων
1658 1920 1666 1932 ,
1696 1896 1743 1924 κᾶν

37 1943 135 1981 ὀλίγον
152 1944 171 1978 ἢ
188 1942 265 1970 οὐδὲν
281 1943 320 1979 τῷ
335 1944 576 1980 παρακοιμωμένῳ
591 1942 735 1980 ἐμέλησεν,
752 1944 856 1981 ἀγαπᾷτ
871 1943 973 1971 εἰπόντι
989 1945 1047 1974 τοῖς
1064 1941 1220 1978 διδομένοις
1235 1941 1280 1969 καὶ
1298 1941 1335 1978 μή
1352 1940 1474 1968 ἐπέκεινα
1492 1940 1742 1978 πολυπραγμονεῖν,

34 1988 55 2016 εἷ
74 1989 113 2025 μή
133 1998 187 2015 που
205 1986 302 2024 μέλλει
319 1987 376 2015 ἀντὶ
392 1986 525 2025 ἄρχοντος
542 1987 667 2025 οἰκουρὸς
683 1986 787 2020 ἔσεσθαι
801 1991 851 2023 τῆς
867 1987 937 2019 ἰδίας
956 1988 1053 2019 οἷκίας.

66 2031 178 2060 Τούτων
196 2030 225 2059 δὲ
249 2031 334 2062 οὕτως
359 2031 595 2067 οἶκονομηθέντων
621 2035 661 2068 τῷ
684 2042 861 2069 παρακοιμω-

37 2076 108 2113 μένῳ
136 2075 243 2114 ἀπάρας
272 2076 285 2103 ὁ
306 2075 408 2113 Βάρδας
440 2079 491 2111 τῆς
533 2075 675 2114 βασιλίδος
705 2076 750 2103 σὺν
781 2077 860 2114 τάχει

35 2121 134 2157 πολλῷ
159 2121 210 2155 τὴν
239 2120 453 2158 ἐγχειρισθεῖσαν
483 2121 557 2157 αὐτῷ
585 2119 787 2157 καταλαμϐάνει
815 2122 860 2159 ἀρ-

36 2167 97 2203 χήν.
129 2166 176 2194 Ἐν
202 2163 231 2192 δὶ
253 2167 313 2196 ταῖς
335 2166 576 2203 προηγησαμέναις
606 2166 781 2203 στρατηγίαις
811 2166 860 2203 ἐμ-

35 2207 131 2247 ϐριθὴς
161 2208 300 2241 πολλάκις
330 2210 420 2249 φανεὶς
447 2210 491 2237 καὶ
531 2208 703 2247 δραστήριος,
732 2210 778 2238 καὶ
809 2211 860 2238 ὑπὸ

951 2034 1000 2061 His
1016 2033 1056 2060 ita
1070 2041 1086 2060 a
1101 2031 1224 2068 praeside
1235 2031 1405 2059 constitutis
1421 2031 1528 2058 Bardas
1542 2033 1636 2058 Durus
1652 2030 1742 2058 celer-

916 2078 988 2105 rime
1004 2077 1033 2105 in
1046 2085 1129 2104 suam
1147 2075 1326 2112 provinciam
1343 2075 1547 2111 proﬁciscitur.
1565 2075 1599 2102 Et
1614 2083 1680 2102 cum
1693 2083 1742 2102 su—

915 2122 1079 2158 perioribus
1095 2120 1277 2156 temporibus
1299 2120 1390 2156 gestis
1407 2119 1630 2155 magistratibus
1645 2119 1742 2155 gravi~

915 2169 1004 2194 tatem
1020 2169 1108 2202 atque
1124 2165 1324 2193 el‘ﬁcncitatem
1337 2172 1421 2192 suam
1435 2172 1633 2200 saepenumero
1649 2164 1742 2192 decla-

915 2214 1019 2245 rasset,
1036 2219 1131 2246 neque
1147 2210 1205 2238 fere
1220 2209 1378 2245 quisquam
1402 2209 1432 2236 in
1456 2208 1583 2236 exercitu
1599 2216 1666 2236 eum
1683 2217 1740 2236 non

34 2254 144 2290 παντὸς,
173 2254 210 2285 ὡς
233 2253 298 2286 ἔπος
320 2254 416 2288 εἰπεῖν,
445 2257 494 2282 τοῦ
521 2257 636 2292 στρατοῦ
658 2254 794 2292 φιληθεὶς,
817 2255 862 2283 καὶ

951 2258 1037 2288 naret,
1046 2255 1081 2282 ad
1094 2255 1223 2289 hazcjam
1235 2257 1303 2282 ante
1314 2253 1391 2281 haud
1404 2253 1506 2288 paucis
1515 2253 1621 2288 quibus
1633 2253 1741 2280 ﬁdebat

34 2299 100 2337 πρὸς
127 2297 255 2330 πολλοὺς
285 2298 331 2330 οὖς
361 2298 466 2337 ἐθάρρει
491 2299 522 2326 τὸ
554 2302 604 2334 τῆς
636 2298 752 2336 μελέτης
778 2310 862 2338 παρα-

35 2344 183 2380 γυμνώσας
215 2345 376 2381 μυστήριον,
400 2344 444 2371 καὶ
476 2343 581 2381 μᾶλλον
611 2346 651 2380 τῷ
671 2344 789 2381 τάγματι
808 2345 862 2371 τῶν

37 2387 231 2425 στρατηλατῶν
262 2389 330 2425 (35),
359 2387 419 2426 ἄρτι
447 2399 477 2416 τι
505 2389 598 2426 καιρὸν
628 2388 732 2424 οἰηθεὶς
761 2388 863 2424 ἐπιτή-

38 2431 108 2461 δειον
136 2432 176 2463 εἰς
204 2432 236 2460 τὸ
265 2431 434 2470 ἀνακαλύψω
464 2433 495 2461 τὸ
524 2431 765 2470 σπουδαζόμενον,
796 2433 864 2470 μετά

36 2479 89 2504 τῶν
119 2475 281 2512 ἐπιτηδείων
322 2477 499 2514 σκεψάμενος,
529 2478 560 2512 ἢν
595 2477 625 2505 ἐκ
654 2479 765 2515 μακρῶν
797 2476 862 2505 ὤδι-

37 2532 79 2549 νεν
118 2521 259 2549 ἀποτίκτει
296 2521 469 2558 ἀποστασίαν,
505 2521 551 2550 καὶ
585 2522 653 2550 κατᾶ
687 2524 741 2550 τῶν
783 2522 862 2559 βασι-

40 2565 108 2594 λέων
132 2565 179 2594 καὶ
203 2568 259 2594 τῶν
284 2565 434 2605 ὁμοφύλων
457 2565 527 2605 αἶ’ρει
550 2566 584 2594 τὰ
610 2565 693 2596 ὅπλα.
714 2566 800 2599 Εὐθὺς
816 2565 861 2594 οὖν

918 2308 1057 2328 arcanum
1065 2307 1149 2327 suum
1160 2307 1210 2335 per
1216 2298 1355 2334 ambages
1362 2297 1539 2325 ostendisset
1547 2297 1740 2333 propositum,

918 2345 1061 2381 praecipue
1077 2344 1202 2372 ducibus
1226 2343 1366 2377 militum,
1383 2345 1453 2370 tunc
1470 2350 1500 2370 se
1520 2344 1638 2377 tempus
1659 2344 1741 2369 ratus

917 2392 1115 2426 opportunum
1137 2388 1245 2416 habere
1260 2387 1324 2422 ejus
1341 2386 1489 2422 vulgandi,
1505 2393 1537 2413 re
1553 2394 1619 2413 cum
1641 2393 1741 2413 neces-

918 2433 1004 2462 sariis
1014 2431 1277 2464 communicata.id
1291 2431 1368 2467 quod
1377 2430 1429 2458 diu
1440 2430 1617 2466 parturierat
1627 2430 1742 2466 imperii

918 2477 1068 2505 obtinendi
1084 2476 1215 2504 studium
1232 2476 1350 2503 tandem
1366 2475 1394 2502 in
1412 2475 1506 2503 lucem
1521 2475 1590 2508 edit,
1602 2482 1743 2510 armaque

918 2524 1019 2551 contra
1033 2522 1225 2557 imperatores
1248 2522 1276 2548 et
1291 2519 1447 2556 populares
1462 2527 1533 2548 suos
1559 2519 1647 2555 capit.
1663 2519 1743 2546 Illico

917 2567 1054 2602 Anthem,
1064 2565 1238 2602 cognomine
1248 2564 1396 2601 Alyatam,
1405 2564 1610 2592 ministrorum
1621 2571 1743 2591 suorum

633 2657 819 2687 XYLANDRI
837 2657 881 2685 ET
899 2657 1009 2685 GOARI
1027 2655 1143 2684 NOT/E.

75 2733 274 2775 (ἓιλουδιεω
296 2734 474 2775 magistrum
496 2734 660 2775 officiorum
675 2734 802 2775 orientis
817 2735 865 2762 de-

45 2770 142 2807 scribit
153 2772 374 2807 commentator
388 2770 500 2799 Notitias
522 2770 637 2807 imperii
655 2779 679 2799 c.
697 2771 741 2798 62.
757 2772 846 2807 chi.

76 2805 129 2842 (35)
147 2805 280 2839 Quorum
300 2814 404 2843 agmen
420 2807 491 2836 viris
511 2805 614 2836 bellica
629 2807 789 2836 laudatam
807 2806 866 2836 cla-

921 2734 972 2767 ris,
989 2733 1138 2770 generosis
1149 2741 1183 2770 ac
1198 2733 1322 2770 fortibus
1337 2733 1400 2759 erat
1413 2730 1578 2770 collectum,
1591 2731 1623 2757 ut
1638 2729 1746 2770 singuli

943 2767 1030 2806 uiqixe
1046 2768 1239 2806 στρατηλάται,
1253 2769 1375 2797 militum
1394 2767 1525 2802 magistri
1545 2768 1744 2794 censerentur.

946 2814 1010 2834 οΑιι.
