1928 3047
141 121 198 152 ωλι

823 115 983 147 GEORGII
1006 115 1178 147 GEDRENI

1816 117 1881 147 153

141 187 270 216 maxime
285 185 478 221 industrium,
490 184 591 221 Cpolin
608 183 708 218 mittit,
723 183 773 220 qui
790 183 882 211 ﬁlium
899 185 902 210 ζ

1116 192 1129 209 ν
1157 182 1218 210 τινὰ
1245 181 1378 220 τοῦνομα,
1406 181 1543 219 Ἀλυάτην
1572 184 1620 218 τὴν
1654 181 1875 221 προσηγορίαν,

143 234 211 261 dum
223 233 387 260 Romanum
402 233 473 258 tunc
488 230 517 258 in
529 230 601 257 urbe
615 230 769 265 degentem
779 229 814 256 ad
832 237 873 259 se.
885 228 970 256 modo

145 278 175 306 id
192 277 253 305 ﬁeri
273 278 381 312 posset,
394 275 560 303 adduceret.
573 274 682 302 Anthes
702 281 769 301 cum
786 281 819 301 eo
833 273 971 308 venisset,

147 323 248 350 omnia
275 329 311 349 ne
335 320 602 356 deprehenderetur
626 320 820 353 commentus,
836 317 972 346 sinistros

150 369 182 395 ile
197 368 275 395 Duro
297 373 430 393 rumores
458 364 621 400 spargendo
646 363 726 391 omni
751 371 782 390 se
806 362 973 398 suspicione

150 413 212 448 ejus
227 411 305 447 quod
322 409 497 438 moliebatur
510 408 644 436 liberavit
657 416 663 435 :
677 408 774 443 itaque
792 407 907 435 nemine
922 407 973 434 ob-

148 458 282 485 servante
299 455 464 482 Romanum
481 453 642 480 suifuratus
666 460 700 480 ex
723 452 795 479 urbe
810 452 845 479 ad
861 454 974 487 patrem

148 500 294 538 perduxit.
308 499 390 527 Tunc
422 498 539 525 demum
563 499 657 525 Durus
680 497 709 524 in
735 498 869 532 apertum
898 496 974 523 419

149 545 271 582 protulit
283 552 337 572 sua
352 542 488 575 consilia,
504 545 531 570 et
546 542 711 569 diademate
727 541 907 577 reliquisque
923 540 977 568 im-

151 590 223 626 perii
239 588 333 625 signis
349 586 474 622 sumptis
491 586 527 614 ab
544 586 623 614 omni
636 595 689 614 suo
704 586 829 614 exercitu
842 588 886 614 est
900 585 977 613 salu-

151 638 229 663 tatus
244 634 413 668 imperator,
431 632 585 667 primoque
601 631 732 658 omnium
759 631 795 658 ab
819 630 976 658 Armeniis.

152 679 262 707 Exinde
278 678 314 706 ad
330 677 489 712 cogendam
512 675 665 711 pecuniam
682 675 786 710 (neque
811 675 889 702 enim
906 674 977 702 illud

155 721 363 752 Demosthenis
387 721 549 757 ignorabat,
567 720 630 747 sine
650 719 705 747 hac
721 719 793 747 nihil
818 722 894 748 recte
917 719 977 755 geri

156 776 253 805 posse,
270 765 430 803 praesertim
449 773 512 792 vero
536 764 582 791 cui
599 764 635 792 de
651 766 733 792 tanta
755 772 786 792 re
806 764 886 798 jacta
902 765 980 792 esset

157 812 231 848 alea)
242 811 319 839 illico
333 817 502 843 conversus,
515 808 687 844 publicanos
702 808 933 844 comprehendit,
945 808 980 835 ab

157 857 253 893 iisque
271 854 425 891 pecuniam
447 853 597 890 publicam
623 853 757 888 extorsit;
774 852 858 885 alios,
869 852 918 888 qui
935 852 981 880 di-
996 874 1020 908 Β

175 902 191 908 ι.
286 902 291 908 ι
317 900 323 908 I
377 902 422 908 ιηη
449 900 546 908 __._L__
563 897 683 908 __A.__:_
701 898 828 908 _>‘..>_:l
843 905 848 908 .
864 897 978 908 -..Ξ.14--

154 902 228 930 vites
243 900 433 937 putabantur,
446 900 547 934 captos
563 897 687 933 pecunia
698 898 830 925 emunxit
843 905 849 924 :
861 897 981 933 quidam

157 947 246 980 ultro,
275 953 327 981 spe
355 943 466 979 majora
490 942 663 978 recipiendi,
685 950 754 970 suas
779 942 932 970 facultates
958 942 985 970 ei

158 990 338 1020 obtulerunt.
357 989 400 1016 Ita
423 988 526 1023 exiguo
550 986 692 1022 temporis
717 986 812 1023 spatio
835 987 985 1023 ingentem

159 1036 218 1064 vim
235 1033 365 1071 pecunias
386 1032 490 1068 coegit.
507 1031 632 1060 Proinde
656 1031 686 1059 in
711 1031 923 1067 Mesopotamia
936 1039 985 1059 oa-

161 1079 280 1110 stellum
305 1077 435 1107 validum
465 1078 599 1112 occupat,
622 1076 669 1103 cui
696 1084 803 1104 nomen
826 1076 985 1112 Charpote;

163 1125 242 1161 quod
253 1131 320 1152 cum
331 1122 461 1158 undique
472 1120 715 1150 communivisset
725 1123 751 1148 et
761 1120 897 1156 praesidio
909 1120 984 1148 suffi-

164 1169 252 1198 cienti
277 1168 429 1200 armasset,
446 1174 479 1194 eo
501 1165 654 1202 pecuniam
669 1168 836 1200 congestam
851 1165 987 1201 deponit;

165 1214 245 1250 quod
259 1212 357 1248 ipsum
379 1210 466 1238 etiam
488 1210 576 1237 rebus
592 1210 722 1238 adversis
747 1210 803 1245 ipsi
826 1218 878 1244 pro
903 1212 988 1245 portu

166 1259 256 1294 (quod
281 1257 374 1290 aiunt)
390 1255 419 1283 in
436 1262 524 1290 quem
540 1263 571 1282 se
587 1256 648 1282 tuto
671 1254 823 1290 reciperet,
839 1254 898 1281 fore
923 1262 988 1290 spe-

166 1303 257 1331 rabat.
267 1301 342 1334 Quin
359 1302 386 1327 et
402 1307 469 1327 cum
485 1298 587 1326 vicinis
609 1298 760 1326 Saracenis
775 1299 843 1326 data
858 1300 990 1334 accepta-

165 1355 221 1384 que
236 1346 294 1375 fide
309 1346 393 1381 pacta
403 1343 478 1377 iniit,
492 1350 582 1378 eaque
596 1343 708 1378 nuptiis
721 1343 878 1371 contractis
895 1343 991 1370 ﬁrma-

164 1393 215 1427 vit,
231 1398 337 1426 nempe
357 1397 424 1417 cum
447 1396 545 1416 amere
568 1387 677 1415 Amidae
692 1387 760 1423 (ipsi
779 1387 862 1415 Emet
876 1389 991 1423 vocant)

164 1435 330 1472 Apolulpho
341 1435 369 1461 et
380 1441 478 1461 amere.
489 1432 694 1468 Martyropolis
706 1433 750 1467 (ea
764 1432 838 1467 ipsis
848 1431 991 1468 Miepber-

165 1481 215 1509 kin
231 1478 351 1515 dicitur)
363 1477 517 1514 Apotagle;
528 1477 566 1504 ab
582 1477 676 1511 iisque
691 1485 757 1504 cum
774 1476 904 1512 pecuniae
915 1476 992 1504 mul-

166 1528 229 1554 tum
245 1527 309 1552 tum
323 1523 431 1551 Arabes
447 1521 560 1557 equites
580 1522 725 1548 trecentos
741 1521 897 1548 auxiliares
911 1528 991 1548 acce-

1024 227 1058 254 τὰ
1085 226 1204 263 μάλιστα
1230 225 1295 254 ὅντα
1322 227 1395 264 αὐτῷ
1420 230 1473 255 τῶν
1499 227 1736 265 δραστικωτάτων
1766 228 1877 264 ὑπηρε-

1025 274 1092 307 τῶν,
1121 271 1148 303 ές
1176 272 1226 306 τὴν
1257 271 1385 310 βασιλίδα
1412 273 1532 310 πέμπει,
1562 273 1648 308 ὅπως,
1685 272 1712 300 εἲ
1744 271 1876 307 δύναιτο,

1025 317 1163 352 Ῥωμανὸν
1187 317 1233 344 τὸν
1259 318 1355 344 ἑαυτοῦ
1378 317 1481 354 κλέψας
1501 317 1558 345 υἱὸν
1585 315 1684 355 (ἔτυχε
1707 317 1766 355 γὰρ
1791 315 1878 352 ἐνδη-

1030 363 1087 397 μῶν
1113 363 1148 398 τῇ
1179 361 1367 399 βασιλευούσῃ)
1397 362 1465 400 πρὸς
1493 362 1572 390 αὑτὸν
1601 362 1756 402 ἀφίκηται.
1785 362 1819 390 Ὁ
1848 360 1880 389 δὲ

1027 405 1172 444 γενόμενος
1200 405 1225 433 έν
1254 408 1289 443 τῇ
1319 405 1412 440 πόλει,
1442 406 1486 434 καὶ
1515 407 1601 434 πάντα
1628 406 1744 443 τρόπον
1779 405 1878 434 λαθεῖν

1029 450 1213 487 ἐπειγόμενος,
1250 451 1344 490 φήμας
1374 451 1405 478 οὐ
1436 451 1521 483 καλὰς
1551 452 1619 479 κατὰ
1648 453 1703 479 τοῦ
1737 449 1880 489 Σκληροῦ

1029 494 1175 532 ἐνέσπειρε,
1201 494 1236 522 δι’
1260 496 1283 522 ὦ
1308 494 1398 522 λαϐεῖν
1421 506 1450 523 τι
1471 494 1595 532 ἠδυνήθη
1620 495 1794 526 ἀνύποπτος
1827 506 1880 534 φα-

984 569 986 572 ,
1030 539 1084 570 νεῖς
1098 539 1142 566 καὶ
1165 539 1210 567 τὸν
1225 540 1364 576 Ῥωμανὸν
1387 539 1545 577 ἀποκλέψας
1565 541 1633 578 πρὸς
1661 540 1712 568 τὸν
1742 539 1881 578 Σκληρὸν

1031 584 1150 621 ἀγαγεῖν.
1167 584 1197 612 Ὁ
1223 582 1329 622 Βάρδας
1354 583 1383 612 δὲ
1405 585 1436 612 τὸ
1465 585 1607 623 βουλευθὶν
1639 584 1683 616 εἷς
1715 585 1882 623 τούμφανὲς

1032 627 1085 663 ἤδη
1109 628 1221 665 ἐκρήξας
1246 627 1368 665 διάδημά
1391 639 1420 657 τι
1443 627 1640 667 περιϐάλλεται
1665 629 1717 657 καὶ
1739 629 1777 657 τὰ
1793 628 1884 656 λοιπὰ

1032 676 1081 707 τῆς
1125 672 1262 710 βασιλείας
1307 671 1491 710 ἀναλαμϐάνει
1527 675 1684 712 παράσημα
1702 696 1710 709 ,
1741 674 1791 701 καὶ
1827 674 1883 701 ὑπὸ

1033 717 1132 748 παντὸς
1152 719 1200 745 τοῦ
1225 717 1350 749 συνόντος
1377 720 1492 756 στρατοῦ
1520 719 1666 756 Ῥωμαίων
1707 718 1883 757 ἀναγορεύε-

1032 772 1076 789 ται
1118 761 1255 799 βασιλεὺς,
1295 765 1348 790 τῶν
1390 763 1539 801 Ἀρμενίων
1578 763 1782 801 καταρξάντων
1828 764 1881 797 τῆς

1034 806 1180 845 εὐφημίας.
1210 807 1284 834 Ἐπεὶ
1315 805 1343 834 δὶ
1371 809 1410 843 τῷ
1424 809 1547 836 τοιοῦτον
1571 808 1763 846 ἀναῤῥίψαντι
1790 805 1881 835 κύϐον

1034 850 1186 889 χρημάτων
1216 850 1270 878 δεῖν
1299 850 1413 880 πολλῶν
1442 852 1588 889 ἠπίστατο,
1616 853 1657 880 ὢν
1693 854 1762 880 ἄνευ
1799 851 1880 880 οὐδὲν

1039 894 1093 922 ἔστι
1109 895 1230 933 γενέσθαι
1257 895 1310 923 τῶν
1336 894 1463 932 δεόντων,
1478 897 1546 924 καθά
1561 896 1613 924 πού
1629 907 1719 936 φησιν
1738 897 1753 924 ὁ
1771 897 1882 935 ῥήτωρ,

1038 940 1106 977 πρὸς
1132 939 1271 977 συλλογὴν
1301 940 1404 968 τούτων
1432 945 1606 979 παραχρῆμα
1637 941 1789 979 ἐτρέπετο,
1815 941 1882 973 τούς

1038 995 1068 1012 τε
1082 986 1135 1012 τῶν
1162 983 1302 1021 δημοσίων
1317 986 1472 1024 πράκτορας
1493 987 1584 1024 φόρων
1607 986 1744 1024 κατέχων
1771 987 1820 1014 καὶ
1849 987 1885 1014 τὰ

1040 1029 1119 1057 κοινὰ
1155 1029 1385 1068 ιῖσπραττόμινος
1418 1031 1561 1068 χρήματα,
1597 1030 1644 1059 καὶ
1673 1030 1746 1063 τοὺς
1786 1030 1884 1063 ἄλλως

1042 1074 1169 1102 ὑπόνοιαν
1194 1074 1366 1112 παρέχοντας
1392 1074 1515 1103 πλούτου
1540 1073 1754 1112 συλλαμϐάνων
1780 1086 1813 1103 τε
1837 1075 1882 1104 καὶ

1041 1121 1181 1156 τιμωρῶν,
1197 1118 1274 1146 ἐνίων
1297 1118 1326 1146 δὶ
1348 1119 1393 1147 καὶ
1419 1119 1584 1158 αὖθαιρέτως
1610 1121 1817 1159 προσαγόντων
1834 1120 1882 1148 τὸν

1042 1164 1143 1191 ἑαυτῶν
1169 1163 1226 1201 βίον
1250 1162 1341 1192 ἐλπίδι
1367 1166 1416 1192 τοῦ
1440 1164 1632 1202 ἀπολήψεσθαι
1662 1165 1782 1202 μείζονα
1798 1175 1806 1182 ο
1835 1165 1880 1193 καὶ

1044 1208 1129 1239 οὕτως
1155 1207 1181 1235 έν
1204 1208 1234 1235 οὐ
1259 1210 1355 1246 μακρῷ
1380 1211 1419 1245 τῷ
1448 1209 1542 1247 χρόνῳ
1572 1209 1686 1245 πλῆθος
1718 1210 1880 1247 χρημάτων

1044 1253 1147 1291 συνάγει
1183 1252 1263 1281 πολύ.
1303 1254 1347 1288 [Ρ.
1363 1254 1426 1289 686]
1465 1254 1600 1292 Φρούριόν
1644 1265 1677 1282 τε
1727 1255 1878 1292 κατασχὼν

1044 1297 1158 1335 ἐρυμνὸν
1174 1297 1206 1325 τὸ
1232 1297 1381 1334 λεγόμενον
1404 1299 1539 1335 Χάρποτε,
1555 1298 1580 1326 ἐν
1598 1299 1809 1336 Μεσοποταμίᾳ
1823 1299 1880 1326 κιί-

1047 1351 1137 1379 μενον,
1167 1341 1212 1369 καὶ
1241 1342 1374 1374 παντοίως
1413 1342 1633 1381 ἀσφαλισάμενος
1663 1344 1712 1371 καὶ
1750 1343 1876 1381 φυλακὴν

1045 1386 1191 1422 ἐπιστήσας
1215 1387 1264 1422 τήν
1294 1386 1467 1425 ἐξαρκοῦσαν,
1491 1386 1518 1414 ἐν
1541 1387 1628 1424 τούτῳ
1653 1388 1690 1416 τὰ
1708 1385 1881 1426 συναγόμενα

1046 1431 1166 1458 ἀπετίθει
1197 1431 1340 1469 χρήματα,
1368 1431 1413 1459 καὶ
1453 1431 1623 1470 ὁρμητήριον
1664 1432 1692 1468 ἐξ
1724 1432 1879 1470 ἀποτυχίας

1045 1475 1090 1502 καὶ
1120 1474 1219 1511 λιμένα
1247 1475 1383 1513 σωτηρίας
1409 1475 1483 1514 ἔχειν
1513 1476 1684 1513 έταμιεύετο.
1721 1476 1777 1505 Καὶ
1811 1477 1879 1514 πρὸς

1045 1519 1109 1551 τοὺς
1133 1522 1320 1558 γειτονοῦντας
1350 1521 1535 1558 Σαρακηνοὺς,
1559 1521 1604 1549 τόν
1634 1532 1666 1549 τε
1687 1525 1741 1557 τῆς
1762 1519 1880 1558 Ἀμίδης

165 1570 219 1606 pit.
236 1570 326 1597 Fama
346 1567 436 1602 hujus
452 1565 493 1594 rei
507 1565 564 1593 late
580 1565 724 1601 dissipata
739 1565 926 1593 conﬂuxerun

1114 1567 1156 1592 δᾶν
1187 1564 1353 1604 Ἀποτοὺλφ,
1384 1565 1445 1600 ἥτις
1474 1566 1558 1602 Ἐμετ
1587 1565 1727 1601 καλεῖται,
1757 1557 1804 1594 καί
1831 1566 1875 1593 τὸν

166 1622 233 1643 eum
250 1612 336 1641 multi
360 1611 420 1644 alii,
438 1611 488 1646 qui
513 1610 600 1638 rebus
627 1611 708 1637 novis
732 1610 908 1645 gaudebant.
924 1609 989 1638 Jam

168 1661 254 1688 ustas
276 1657 447 1693 appetierat,
459 1663 526 1683 cum
543 1655 653 1682 Bardas
678 1662 744 1682 cum
760 1655 837 1683 420
854 1655 992 1683 omnibus

167 1703 230 1732 suis
245 1701 337 1738 copiis
352 1708 452 1728 versus
467 1699 569 1735 Cpolin
585 1699 641 1727 iter
655 1699 794 1735 instituit,
809 1699 914 1735 plenus
930 1700 991 1735 spei

167 1751 197 1777 et
211 1749 325 1776 tantum
342 1753 400 1773 non
416 1745 444 1772 in
457 1744 529 1772 solio
542 1743 728 1780 imperatoris
740 1744 839 1771 sedere
850 1752 880 1772 se
890 1744 991 1772 existi-

168 1800 264 1820 mans.
276 1789 390 1818 Etenim
406 1788 538 1816 animum
560 1787 602 1815 illi
626 1788 753 1815 addebat
768 1788 864 1823 adque
880 1790 990 1816 tantam

166 1845 228 1865 rem
243 1834 420 1863 moliendam
437 1833 625 1861 audaciorem
641 1833 780 1860 reddebat
793 1833 928 1861 monachi
943 1841 992 1860 ους

164 1881 284 1917 jusdam
309 1879 373 1907 vitae
404 1877 500 1914 probae
524 1877 717 1905 insomnium.
741 1878 766 1904 Is
790 1885 841 1913 per
864 1877 993 1912 quietem

167 1926 249 1953 visus
264 1924 320 1952 sibi
344 1923 439 1950 fuerat
453 1922 550 1948 videre
566 1923 642 1949 viros
667 1921 779 1957 igneos,
794 1921 844 1957 qui
868 1921 992 1949 Bardam

169 1970 318 2004 arreptum
335 1967 364 1994 in
381 1965 538 1994 sublimem
555 1966 713 2001 quamdam
735 1965 912 1993 adducerent
926 1973 994 2001 spe-

171 2013 267 2042 culam
286 2021 292 2040 :
313 2011 354 2039 ibi
380 2019 448 2038 eum
477 2010 631 2037 convenire
658 2009 813 2038 mulierem
838 2010 994 2045 quamdam

171 2059 302 2087 humana
318 2055 414 2093 specie
431 2054 628 2091 grandiorem,
645 2062 710 2089 quae
729 2054 755 2081 ei
775 2055 995 2090 imperatorium

171 2102 314 2139 praeberet
334 2099 495 2135 ﬂagellum.
510 2098 540 2126 Id
563 2098 712 2134 ﬂagellum
737 2098 852 2134 imperii
876 2100 995 2135 signum

171 2147 281 2175 Bardas
307 2143 554 2180 interpretabatur
571 2152 577 2171 :
594 2143 644 2171 sed
666 2143 803 2170 nimirum
831 2152 864 2172 eo
888 2144 932 2172 ira
947 2145 996 2172 Dei

171 2192 201 2220 in
217 2191 365 2219 Romanos
380 2188 547 2216 notabatur.

173 2234 348 2272 ὑψηλοτάτην
379 2233 532 2270 περιωπήν·
565 2231 683 2269 ἐντυχεῖν
713 2231 735 2259 δ’
766 2232 791 2260 ἐν
806 2233 874 2270 αὖτῇ
889 2234 996 2270 γυναικὶ
1018 2235 1190 2273 ἀνθρωπίνης
1216 2233 1304 2272 ὅψεως
1328 2234 1497 2273 στερροτέρα,
1523 2234 1567 2262 καὶ
1588 2236 1637 2269 τὴν
1661 2235 1780 2272 μάστιγα
1808 2233 1872 2269 (36),
1917 2233 1918 2252 ἶ

1044 1611 1093 1642 τῆς
1120 1608 1357 1647 Μαρτυροπόλεως
1393 1610 1555 1648 Ἀποτάγλε,
1588 1610 1690 1644 ἥντινα
1727 1610 1875 1650 Μιεφὲερκίν

1046 1653 1221 1690 ὀνομάζουσι,
1237 1653 1343 1686 πίστεες
1370 1653 1433 1686 δοὺς
1453 1654 1498 1682 καὶ
1515 1652 1619 1691 λαϐὼν,
1634 1655 1683 1683 καὶ
1713 1655 1772 1692 μετ’
1789 1654 1875 1682 αὐτῶν

1045 1698 1178 1734 κηδεύσας
1190 1699 1235 1726 καὶ
1261 1697 1306 1726 διὰ
1326 1701 1374 1727 τοῦ
1398 1698 1499 1734 κήδους
1517 1701 1550 1727 τὰ
1564 1703 1614 1734 τῆς
1641 1699 1740 1737 φιλίας
1762 1698 1874 1738 ἀσφαλι-

1046 1745 1173 1780 σάμενος,
1198 1745 1330 1782 χρήματά
1351 1755 1381 1771 τε
1402 1742 1536 1780 λαμϐάνει
1564 1743 1661 1772 πολλὰ
1690 1744 1736 1772 καὶ
1766 1754 1873 1781 συμμα‹

1047 1789 1127 1826 χικὸν
1143 1786 1261 1825 ’Ἄραϐας
1286 1788 1402 1820 ἱππότας
1426 1792 1457 1817 τ’.
1481 1792 1535 1823 Τῆς
1559 1790 1659 1826 φήμης
1682 1789 1712 1816 δὲ
1735 1790 1874 1825 πανταχοῦ

1049 1831 1253 1869 διαδραμούσης
1277 1833 1417 1871 συνέρῥεον
1445 1833 1512 1871 πρὸς
1539 1833 1619 1861 αὐτὸν
1651 1834 1751 1862 ὁπόσοι
1778 1833 1873 1860 νεωτέ-

1049 1887 1106 1915 ροις
1131 1877 1257 1915 χαίρουσι
1283 1877 1451 1916 πράγμασιν.
1476 1876 1548 1914 ’Ήδη
1574 1877 1603 1906 δὲ
1624 1880 1676 1906 τοῦ
1701 1878 1797 1916 Θέρους
1816 1876 1874 1904 ἐπι-

1049 1922 1196 1960 γενομένου
1231 1921 1296 1960 ὂίρας
1331 1922 1410 1950 παντὶ
1438 1924 1478 1959 τῷ
1508 1923 1614 1960 στρατῷ
1648 1922 1777 1960 ἠπείγετο
1807 1921 1873 1957 πρὸς
1917 1920 1918 1939 ί

1050 1967 1098 2001 τὴν
1123 1966 1328 2004 βασιλεύουσαν,
1357 1967 1453 2004 μεστὸς
1476 1966 1598 1995 ἐλπίδων
1614 1967 1661 1994 καὶ
1688 1965 1804 2004 μονονοὺ
1819 1967 1875 1996 τοῖς

1052 2010 1200 2048 βασιλείοις
1220 2012 1352 2046 καθῆσθαι
1379 2009 1477 2040 δοκῶν.
1503 2012 1552 2039 Καὶ
1577 2011 1627 2049 γὰρ
1643 2010 1679 2046 δὴ
1702 2011 1747 2039 καὶ
1763 2010 1873 2048 έθράσυ-

1049 2065 1091 2083 νεν
1108 2056 1190 2083 αὐτὸν
1205 2056 1250 2083 καὶ
1271 2056 1477 2094 τολμηρότερον
1492 2055 1573 2088 έτίθει
1588 2056 1658 2094 πρὸς
1675 2056 1707 2084 τὸ
1724 2054 1873 2093 ἐγχείρημα

1052 2102 1175 2138 μοναχοῦ
1199 2111 1271 2131 τινος
1299 2100 1396 2138 ἀρετῆς
1427 2099 1656 2137 ἀντιποιουμένου
1690 2098 1754 2137 ὄψις
1786 2108 1873 2126 νυκτε-

1052 2146 1125 2183 ρινή.
1156 2144 1260 2173 Ἐδόκει
1296 2145 1347 2182 γὰρ
1387 2145 1465 2176 οὗτος
1491 2144 1557 2172 ἰδεῖν
1591 2142 1692 2182 ἄνδρας
1719 2144 1871 2182 πυρίνους,

1052 2188 1147 2221 ο’ίτινες
1172 2190 1216 2217 τὸν
1259 2188 1364 2227 Βάρδαν
1402 2186 1531 2221 λαϐόντες
1565 2189 1711 2227 ἀνάγουσιν
1750 2187 1789 2219 ιῖ¹ς
1816 2196 1872 2214 τινα

173 2282 246 2318 αὖτῷ
260 2278 397 2308 έπιδοῦναι
416 2276 572 2315 βασιλικήν.
588 2276 692 2313 Ταύτην
707 2277 758 2312 τὴν
776 2278 894 2316 μάστιγα
909 2279 922 2306 ὁ
939 2279 986 2316 μὲν
1003 2278 1107 2318 Βάρδας
1123 2277 1261 2316 σύμϐολον
1279 2279 1419 2318 ἐλογίζετο
1437 2279 1587 2317 βασιλείας,
1606 2281 1640 2315 ἦν
1659 2279 1688 2307 δὲ
1703 2278 1755 2317 ἄρα
1768 2279 1785 2312 ἠ
1807 2275 1872 2314 πρὸ(

172 2325 324 2362 Ῥωμαίους
340 2323 410 2361 ὀργὴ
426 2324 473 2349 τοῦ
490 2323 566 2350 Θεοῦ,

338 2350 435 2396 συίοῷ
451 2367 541 2402 hujus
555 2365 596 2393 rei
611 2366 711 2402 Cpolin
728 2367 850 2395 nuntius
866 2375 931 2395 cum
947 2367 973 2396 in

1152 2379 1168 2396 τι
1185 2368 1214 2397 δὲ
1227 2370 1276 2403 τῆς
1298 2369 1394 2408 φήμης
1416 2369 1461 2396 καὶ
1486 2369 1535 2403 τήν
1561 2354 1689 2407 βασιλίδα
1703 2363 1871 2396 καταλαϐού-
1910 2350 1913 2355 Ι

175 2417 324 2452 peratores
339 2413 368 2440 in
386 2419 523 2447 magnam
541 2410 665 2446 conjecit
684 2410 924 2446 sollicitudinem,
936 2414 1000 2441 tum

175 2459 321 2497 optimum
342 2459 430 2493 atque
455 2456 693 2484 cordatissimum
720 2465 867 2492 quemque
891 2458 998 2485 civium

1056 2423 1106 2445 σης
1122 2434 1129 2447 ,
1159 2414 1185 2440 οἱ
1216 2413 1337 2451 βασιλεῖς
1373 2423 1402 2441 τε
1430 2412 1457 2441 έν
1490 2412 1591 2451 ἀγωνίᾳ
1617 2413 1776 2441 καθίσταντο
1786 2433 1799 2447 .,
1827 2409 1869 2437 καὶ

1056 2457 1156 2493 ἀθυμία
1184 2457 1299 2495 κατέσχε
1325 2458 1356 2485 τὸ
1384 2458 1512 2496 νουνεχὶς
1538 2460 1587 2486 τοῦ
1610 2457 1809 2494 πολιτεύματος
1827 2452 1870 2481 καὶ

773 2519 958 2548 XYLANDRI
979 2521 1024 2549 ET
1045 2521 1153 2549 GOARI
1173 2521 1290 2550 NOTIE.

212 2575 266 2610 (36)
281 2573 338 2601 Ceu
354 2571 511 2610 equisones
533 2571 656 2610 ﬂagellis
672 2572 864 2608 imperatores
879 2573 1002 2602 instruit

176 2607 332 2647 Xylander,
349 2607 478 2647 Codinus
493 2607 743 2647 duplici_sceptre_,
760 2617 846 2647 cruce
861 2610 1002 2647 nimirum

178 2643 212 2674 et-
222 2645 326 2678 ferula,
346 2652 376 2682 Ac.
394 2645 482 2682 17km
551 2645 614 2682 :_Tﬁ
633 2643 678 2678 μὲν
701 2643 779 2682 δεξιᾷγ
800 2645 873 2681 χειρῖ
893 2646 1001 2682 κατέχει

180 2683 226 2710 τὸν
260 2677 384 2718 σταυρὸν,
421 2680 455 2715 τῇ
495 2677 536 2718 δὶν
558 2677 683 2718 ἀριστερᾷ
720 2677 1001 2718 κατέχὲιίνάρθηκα.

183 2719 312 2752 Utraque
328 2716 481 2752 sceptrum
496 2717 550 2752 est,
567 2717 596 2743 et
611 2718 644 2743 ut
655 2716 785 2752 loquitur
795 2716 918 2752 Lexiron
931 2725 1002 2752 ano-

185 2724 312 2752 Utraque
329 2725 376 2744 sce
400 2724 481 2743 trum
496 2724 550 2747 est,
567 2724 596 2743 et
611 2724 644 2743 ιη
655 2724 785 2751 loquntur
796 2724 918 2744 Lexu‘on
932 2725 1000 2745 ano-

183 2761 305 2792 nymum
330 2724 400 2792 bibi).
420 2751 490 2792 Reg:
506 2751 574 2792 93οὶ
586 2752 722 2792 σκῇπτρον
742 2750 870 2792 βασιλ-ική
891 2749 1000 2790 ῥάϐδος·

183 2761 305 2789 nymum
332 2759 400 2779 DtDl.
420 2759 490 2815 πονῇ.
506 2759 570 2785 seu;
586 2761 722 2789 σκηπτρον
742 2759 870 2789 βασιλική
891 2759 1000 2790 pauco;-

181 2791 305 2826 Symeou
321 2788 440 2824 quidem
480 2787 676 2816 hessalonices
689 2788 874 2824 metropolita
887 2797 1003 2817 crucem

1056 2574 1131 2611 ferre
1160 2573 1198 2611 εἰς
1226 2573 1324 2611 δεῖγμα
1356 2578 1406 2607 τῆς
1444 2572 1582 2611 εὐσεϐείας
1616 2575 1734 2611 asserit,
1762 2571 1805 2599 καὶ
1833 2568 1868 2611 ἔτι

1058 2607 1159 2648 ῥάϐδον
1183 2605 1327 2648 λαμϐάνει2
1353 2605 1454 2648 subdit
1477 2611 1536 2648 ille,
1556 2610 1586 2648 οὐ
1614 2605 1804 2648 βαρεῖάνξτινα
1826 2605 1869 2632 καὶ

1058 2643 1279 2685 σκληρᾷνηάλλ¹
1306 2646 1424 2685 ἐλαφρὰν
1440 2646 1498 2685 Δκοιζ
1522 2643 1658 2685 μαλακήν.
1687 2643 1785 2685 mare
1809 2652 1868 2685 παι-

1058 2677 1220 2720 δευτικὸνέν
1243 2677 1381 2720 pperire-rt.
1404 2681 1504 2720 xui-1.1:?)
1522 2677 1635 2719 ’ὀργίλον
1652 2682 1707 2720 καί.
1719 2677 1866 2720 φθαρτικὸνί,

1059 2716 1130 2756 μηδὲ
1144 2712 1287 2756 συχτρῖϐόν
1310 2712 1354 2746 καί
1380 2712 1518 2756 ἀφανίζον.
1543 2712 1729 2756 'E'stqueAilla'
1745 2712 1865 2753 βασιλικῆ

1060 2754 1153 2790 μάστιξ
1170 2754 1269 2784 Bai-dae
1285 2763 1337 2792 per
1353 2754 1490 2783 somnum
1501 2757 1631 2784 ostensa.
1648 2754 1734 2783 Gesn.
