1936 3048
106 86 169 118 157

681 82 954 115 HISTORIARUM
976 83 1250 118 GOMPENDIUM.

1758 89 1816 120 158

103 151 224 180 ἑκόντων
242 148 334 179 λαϐὼν
349 151 402 177 τῶν
416 148 547 193 ἐντοπίων
564 147 683 177 πλοῦτον
700 147 837 193 συνέΛΔεξεν
854 148 905 176 οὐκ
920 148 1023 187 ὀλίγον.
1038 149 1112 186 Αὕτη
1130 152 1146 185 ἡ
1162 152 1225 186 νίκη
1242 151 1366 184 πολλοὺς
1381 156 1435 182 τῶν
1449 156 1490 190 τῷ
1514 154 1622 192 βασιλεῖ
1644 155 1815 193 προσκειμέ-

103 207 163 224 νων
178 196 315 223 κατέσεισε
330 194 374 222 καὶ
389 192 578 230 αὐτομολῆσαι
599 193 667 230 πρὸς
677 193 722 220 τὸν
738 191 864 237 Σκληρὸν
880 193 1037 231 ἠνάγκασεν·
1055 194 1070 222 ὅ
1084 206 1113 222 τε
1128 196 1180 233 γὰρ
1196 196 1336 234 Βούρτζης
1351 200 1461 236 πρῶτος
1477 191 1628 235 αὐτομολεῖ
1641 191 1681 235 τῷ
1695 199 1816 237 Σκληρῷ

103 241 153 269 καὶ
169 242 183 268 ὁ
198 239 340 278 πατρίκιος
353 237 528 275 ’Λνὸρόνικος
544 238 589 266 καὶ
606 237 668 273 Sabe
683 238 697 265 ὁ
713 236 799 268 Λυδὸς
816 237 861 264 σὺν
880 241 937 269 τοῖς
956 239 1033 266 υἱέσι·
1052 240 1100 266 Καὶ
1117 240 1255 272 Ἀτταλεῖς
1274 243 1330 278 (40)
1346 241 1431 280 δεσμὰ
1453 243 1601 282 περιθέντες
1622 246 1662 279 τῷ
1686 236 1816 281 ναυάρχῳ

104 288 159 314 τοῦ
176 284 310 324 βασιλέως
325 286 364 320 τῷ
380 283 515 320 Κουρτίκῃ
532 282 650 320 Μιχαὴλ
662 284 857 320 προσχωροῦσι
875 283 942 319 μετὰ
956 284 1056 315 παντὸς
1071 283 1120 312 τοῦ
1137 286 1247 321 στόλου,
1263 290 1423 325 στρατηγεῖν
1439 289 1513 326 παρὰ
1526 291 1574 316 τοῦ
1590 287 1719 326 Σκληροῦ
1727 298 1816 326 πεμφ-

103 330 179 358 Θέντι
198 332 252 357 τῶν
268 326 479 367 Κιῦυῤῥαιωτῶν
497 329 564 364 (41).

144 375 193 401 Ὠν
220 372 404 412 ἀγγελθέντων
419 374 459 408 τῷ
482 371 590 409 βασιλεῖ
613 371 656 399 καὶ
686 373 726 406 τῷ
753 381 928 408 παρακοιμω-

1025 373 1077 402 His
1099 374 1267 410 imperatori
1291 379 1320 404 et
1342 378 1521 406 cubiculario
1547 378 1701 413 nuntiatis,
1716 377 1816 405 habito

107 418 193 456 μένῳ,
225 417 330 456 βουλῆς
368 416 544 453 προτεθείσης
575 413 649 452 ἔδοξε
675 418 730 442 τῶν
756 418 796 451 τῷ
827 415 936 453 βασιλεῖ

102 462 288 500 ᾦκειωμένων
322 462 384 489 τινὰ
417 460 588 497 ἰσοτύραννον
614 459 749 498 εἰληφότα
774 460 861 498 ἀρχὴν
890 460 934 488 καί

103 507 260 542 ἀνεύθυνον,
289 506 333 534 καὶ
359 505 480 542 ἐξουσίαν
506 502 604 542 ἔχοντα
625 507 720 540 τιμαῖς
743 515 773 532 τι
797 502 935 542 προϐιϐά-

102 555 160 587 ζειν
193 551 239 579 καὶ
270 549 370 588 δώροις
393 548 617 583 καταπλουτίζειν
645 548 709 580 τοὺς
736 551 933 587 προσχωροῦν-

98 607 164 631 τας,
180 597 306 634 χωρῆσαι
329 594 397 622 κατᾶ
420 596 468 621 τοῦ
491 595 632 631 τυράννου.
658 594 769 632 Ἦρεσεν
789 595 806 628 ἡ
823 594 933 631 γνώμη,

98 641 150 669 καὶ
183 641 318 678 πέμπεται
344 640 419 667 Λέων
444 640 458 666 ὁ
485 641 534 666 τοῦ
567 638 702 676 βασιλέως
731 636 934 676 πρωτοϐεστιά-

101 696 175 723 ριος,
207 683 365 722 σύμϐουλον
393 684 515 722 simois;
538 683 583 710 καὶ
609 683 737 717 Ἰωάννην
754 683 813 710 τινὰ
837 683 933 719 πατρί-

100 740 177 766 suav,
201 728 286 766 ἄνδρα
311 728 445 766 ἐπίσημον
470 729 515 755 καὶ
539 728 583 755 ἐπὶ
606 726 696 765 λόγων
719 724 769 762 ἕξει
797 725 932 765 βεϐοημέ-

102 785 164 809 νον,
204 773 322 810 ἐξουσίαν
363 774 392 801 ἐκ
430 772 564 811 βασιλέως
597 771 738 808 δεξάμενος
846 771 934 799 πάντα

103 818 274 849 ἀδιστάκτως
296 820 383 845 ποιεῖν
413 817 462 845 ὅσα
489 816 572 853 ἔξεστι
603 816 720 855 βασιλεῖ.
737 815 869 851 Ἐξελοὼν
886 816 931 843 οὖν

103 864 152 892 καί
167 863 235 891 κατὰ
255 863 285 890 τὸ
313 865 364 897 τῆς
391 862 510 900 Φρυγίας
539 861 683 899 γενόμενος
712 861 858 888 Κοτυάειον
888 861 932 888 καὶ

101 911 145 944 τῷ
173 906 398 946 στρατοπεδάρχῃ
431 906 540 938 ένωθιῖς
574 907 666 944 Πέτρῳ
692 905 777 933 ἐκεῖσε
803 905 853 939 τὴν
880 915 932 932 πα-

103 950 247 990 ρεμϐολὴν
287 952 420 987 ἐπήξατο,
464 950 706 987 κατεσκηνωμένου
748 952 796 977 τοῦ
840 948 932 987 Βάρδα

100 996 286 1035 τυγχάνοντος
317 996 342 1023 ἔν
371 998 411 1031 τῷ
426 995 575 1031 Διποτάμῳ
590 995 657 1031 (43)’
674 993 777 1032 χωρίον
802 992 831 1021 δὲ
858 994 932 1030 βασι-

101 1041 182 1069 λικὸν
198 1041 229 1068 τὸ
254 1040 420 1077 Διπόταμον,
447 1041 462 1068 ὅ
484 1040 642 1067 Μεσάνακτα
657 1038 888 1075 κατονομάζουσιν
905 1039 930 1065 οὶ

100 1086 247 1124 ἐγχώριοι.
271 1087 319 1123 [Ρ.
351 1085 415 1122 689]
439 1084 529 1122 Λάῦρα
554 1083 600 1111 οὖν
630 1083 792 1122 ὑποσχέσεσι
820 1081 929 1121 δωρεῶν

100 1130 149 1159 καὶ
186 1133 274 1167 τιμῶν
309 1127 512 1168 προϐιϐασμοῖς
543 1128 666 1166 ἐπειρᾶτο
703 1127 836 1165 διασύρειν
865 1126 929 1158 τοὺς

103 1175 258 1206 ἀποστάτας
290 1174 335 1202 καὶ
363 1175 430 1212 πρὸς
461 1174 552 1202 ἑαυτὸν
583 1172 743 1200 ἐπισπᾶσθαι
769 1173 813 1200 καὶ
840 1170 931 1202 εὔνους

102 1220 207 1251 τιθέναι
236 1222 277 1256 τῷ
291 1219 408 1257 βασιλεῖ,
426 1218 553 1250 ὶλάνοανι
577 1216 605 1246 δὲ
628 1217 734 1254 μᾶλλον
763 1217 929 1255 ἆπιρῥωννυς

103 1264 136 1292 τὸ
160 1263 329 1300 ἀντίπαλον,
368 1263 503 1295 ἀσθενείας
532 1265 646 1299 σημεῖον
677 1262 853 1300 λογιζόμενον
881 1262 930 1296 τήν

103 1308 277 1345 παράκλησιν
294 1331 301 1338 .
338 1309 416 1340 Ὅθεν
454 1308 499 1335 καὶ
527 1306 661 1344 ἀπογνοὺς
678 1329 685 1341 ,
724 1306 789 1344 ἄρας
818 1306 848 1334 in
876 1308 929 1335 Κο-

103 1353 212 1381 τυαείου
235 1354 280 1380 καὶ
296 1353 342 1381 τὸν
368 1351 494 1391 Σκληρὸν
523 1351 618 1382 νυκτὸς
645 1351 800 1389 παρελάσας
829 1351 928 1389 ἐχώρει

103 1399 173 1436 πρὸς
188 1398 237 1432 τήν
254 1396 399 1433 ἀνατολήν.
415 1399 500 1424 Τοῦτο
523 1397 554 1424 τὸ
579 1394 655 1434 ἔργον
686 1395 746 1423 λίαν
775 1395 838 1427 τοὺς
867 1395 929 1433 περὶ

108 1443 156 1470 τὸν
183 1442 309 1479 Σκληρὸν
323 1441 498 1478 έδειμάτωσε,
515 1440 636 1473 δεδιότας
650 1442 682 1468 οὐ
703 1441 764 1478 περὶ
779 1440 930 1478 χρημάτων

103 1487 150 1515 καὶ
173 1488 321 1524 κτημάτων
348 1487 442 1523 μόνον,
466 1486 538 1514 ἀλλὰ
566 1486 609 1513 καὶ
638 1485 700 1523 περὶ
728 1487 781 1512 τῶν
796 1484 929 1522 τιμιωτά-

104 1543 160 1560 των
177 1532 276 1560 αὐτῶν.
293 1531 397 1559 Πολλοὶ
421 1531 468 1568 μὲν
499 1532 545 1558 οὖν
580 1530 756 1566 ἔξομνύμενοι
783 1530 832 1564 τὴν
861 1529 928 1557 ἀπο-

103 1577 213 1605 στασίαν
240 1579 280 1613 τῷ
303 1573 544 1614 πρωτοϐεστιαρίῳ
571 1574 754 1613 προσέρρεον,
779 1575 816 1606 ὡς
839 1573 928 1602 κινδυ-

103 1621 189 1650 νεύειν
219 1623 364 1659 κονιορτοῖὶ
391 1619 468 1656 δίκην
500 1618 661 1655 διαλυθῆναι
680 1619 711 1646 τὸ
739 1619 927 1647 ἀποστατικόν.

102 1667 190 1704 Ὅπερ
217 1666 263 1693 ἳνα
286 1666 324 1702 μὴ
349 1665 459 1703 γένηται
480 1662 611 1704 φοϐηθεὶς
635 1664 649 1691 ὁ
674 1663 800 1701 Σκληρὸς
813 1663 857 1691 τὸν
877 1664 928 1700 μά-

103 1721 214 1750 γιστρον
238 1709 357 1748 Μιχαὴλ
378 1710 424 1737 τὸν
454 1708 605 1746 Βούρτζην,
636 1706 707 1746 ἄρτι,
743 1708 781 1740 ὡς
804 1707 926 1745 εἴπομεν,

990 418 1114 446 consilio
1129 419 1277 448 decretum
1291 424 1335 450 est
1347 424 1379 450 ut
1394 422 1514 458 quidam
1533 422 1719 458 imperatoris
1732 422 1816 450 fami-

989 461 1108 498 liarum,
1132 467 1246 499 aequata
1275 465 1340 500 ejus
1365 474 1431 494 cum
1459 467 1636 502 imperatore
1662 468 1816 503 potestate,

989 515 1055 534 cum
1073 507 1157 543 pleno
1172 509 1306 544 imperio,
1319 513 1347 537 et
1360 511 1407 538 cui
1419 511 1594 546 permissum
1607 513 1686 539 esset
1699 510 1816 538 honori-

989 550 1045 579 bus
1060 560 1092 579 ac
1110 553 1282 581 muneribus
1306 554 1341 581 ad
1367 562 1398 582 se
1424 563 1497 589 quos
1521 557 1621 590 posset
1645 554 1771 588 allicere,
1785 553 1816 582 in

989 597 1147 631 tyrannum
1174 597 1349 625 mitteretur.
1372 599 1499 626 Mittitur
1520 607 1587 635 ergo
1611 599 1734 626 dictator
1760 599 1816 626 Leo

989 641 1239 677 protovestiarius,
1246 642 1345 670 addito
1354 643 1379 670 ei
1391 643 1557 672 consiliario
1564 645 1676 671 Joanne
1685 644 1814 679 quodam

989 684 1122 720 patricio,
1134 685 1195 713 viro
1212 686 1320 722 insigni
1336 689 1365 715 et
1379 687 1551 723 eloquentiae
1565 687 1684 720 nobilis,
1694 688 1762 715 data
1777 687 1812 715 ab

988 728 1164 764 imperatore
1179 733 1322 766 potestate
1343 731 1441 759 omnia
1464 731 1554 759 libere
1577 731 1683 767 agendi
1698 739 1762 767 quas
1778 739 1813 758 ex

988 782 1042 801 usu
1052 774 1239 810 imperatoris
1248 778 1356 804 essent.
1365 776 1420 804 Leo
1433 776 1509 812 apud
1517 777 1673 812 Cotymium
1682 776 1813 812 Phrygiis

987 826 1053 846 cum
1068 820 1151 846 Petro
1164 828 1194 847 se
1210 821 1371 855 conjunxit,
1381 821 1481 856 ibique
1495 823 1590 849 castra
1606 821 1691 848 locat.
1704 821 1813 848 Bardas

987 870 1020 890 eo
1031 865 1162 899 tempore
1175 864 1318 901 Dipotnmi
1330 865 1577 893 commorabatur.
1585 865 1616 893 Id
1628 868 1672 893 est
1683 867 1813 893 castrum

987 907 1220 944 imperatorium,
1237 909 1403 938 Mesenacta
1425 910 1461 938 ab
1494 909 1597 938 incolis
1621 909 1812 945 appellatum.

987 952 1104 980 Occulte
1120 955 1215 980 autem
1234 953 1289 981 Leo
1310 957 1432 982 conatus
1453 962 1608 981 munerum
1622 956 1651 982 et
1666 954 1811 982 bonorum

986 995 1248 1032 pollicitationibus
1260 998 1424 1034 perduelles
1438 1007 1455 1026 a
1469 999 1564 1026 Bnrda
1578 998 1701 1026 avellere
1716 1000 1745 1026 et
1755 998 1812 1026 sibi

986 1041 1214 1078 imperatorique
1228 1051 1278 1070 eos
1298 1042 1464 1076 conciliare,
1476 1043 1567 1071 falsus
1583 1046 1628 1071 est
1642 1042 1732 1070 animi
1749 1051 1812 1070 ma-

985 1085 1088 1122 gisque
1105 1086 1204 1115 hostes
1217 1088 1410 1123 conﬁrmavit,
1420 1088 1470 1123 qui
1486 1088 1539 1116 has
1552 1088 1615 1123 ejus
1630 1087 1811 1116 sollicitatio-

985 1138 1036 1158 nes
1050 1134 1258 1166 argumentum
1275 1131 1455 1160 inﬁrmitatis
1471 1141 1535 1160 esse
1553 1132 1738 1168 judicabant.
1756 1133 1811 1159 Ita-

985 1183 1041 1209 que
1057 1177 1110 1202 Lco
1135 1176 1192 1203 ista
1216 1177 1328 1204 ratione
1349 1185 1380 1204 se
1400 1177 1557 1212 quicquam
1581 1178 1810 1204 consecuturum

985 1219 1155 1255 desperans,
1165 1220 1269 1248 castris
1280 1221 1369 1248 motis
1381 1224 1467 1249 noctu
1477 1222 1588 1250 Durum
1597 1221 1703 1249 transit
1713 1224 1741 1248 et
1751 1229 1811 1248 ver-

985 1271 1036 1290 sus
1055 1264 1195 1292 orientem
1212 1265 1373 1293 contendit.
1386 1266 1415 1293 Id
1436 1266 1541 1294 factum
1559 1266 1588 1293 in
1604 1267 1715 1293 metum
1732 1265 1807 1294 425

985 1308 1132 1344 ingentem
1153 1310 1277 1344 conjecit
1300 1318 1350 1337 eos
1370 1310 1420 1346 qui
1441 1318 1508 1338 cum
1526 1305 1602 1338 Diiro
1621 1311 1713 1343 erant,
1730 1309 1809 1345 quod

981 1353 1043 1389 jam
1067 1361 1124 1380 non
1152 1353 1188 1380 de
1217 1354 1341 1389 pecunia
1360 1357 1389 1382 et
1412 1354 1496 1382 bonis
1524 1354 1587 1382 suis
1614 1356 1740 1387 tantum,
1758 1354 1809 1381 sed

984 1397 1071 1424 etiam
1089 1397 1125 1425 de
1139 1397 1323 1426 cbarissimis
1333 1399 1465 1426 venirent
1478 1398 1508 1426 in
1523 1398 1692 1426 discrimen.
1709 1398 1809 1433 Itaque

985 1442 1071 1470 multi
1087 1443 1200 1478 ejurata
1224 1443 1422 1479 perduellione
1446 1444 1482 1471 ad
1507 1442 1761 1479 protovestiarium
1778 1451 1809 1471 se

984 1487 1186 1521 contulerunt;
1204 1488 1325 1523 jamque
1349 1488 1378 1516 in
1402 1496 1435 1516 eo
1461 1488 1589 1523 periculo
1613 1487 1723 1515 Bardas
1746 1489 1809 1515 erat

984 1539 1019 1559 ne
1035 1531 1129 1568 ipsius
1154 1532 1242 1568 copia:
1268 1531 1394 1568 pulveris
1416 1533 1510 1560 instar
1532 1532 1757 1567 dissiparentur.
1775 1532 1806 1560 Id

983 1583 1051 1612 ergo
1077 1585 1113 1604 ne
1142 1576 1232 1608 fieret,
1250 1577 1424 1604 Michaelum
1454 1577 1587 1604 Burtzam
1617 1576 1804 1612 magistrum,

983 1627 1069 1655 quem
1086 1628 1180 1656 nuper
1195 1620 1220 1647 ei
1236 1621 1394 1648 accessisse
1415 1620 1580 1654 docuimus,
1596 1622 1625 1648 et
1640 1619 1805 1647 Romanum

983 1664 1138 1700 patricium
1158 1665 1323 1692 Taronilam
1348 1673 1415 1692 cum
1439 1665 1571 1701 expedito
1595 1664 1721 1692 exercitu
1739 1666 1806 1691 mit-

983 1708 1028 1741 tit,
1050 1709 1098 1744 qui
1130 1710 1232 1737 Leonis
1261 1710 1465 1745 progressibus
1494 1710 1655 1743 obstarent,
1681 1716 1809 1744 eumque

102 1754 357 1793 προσκεχωρηκότα
375 1754 459 1790 αὐτῷ,
485 1754 531 1781 καὶ
554 1753 695 1790 Ῥωμανὸν
715 1751 857 1790 πατρίκιον
883 1753 928 1780 τὸν

1018 1753 1091 1780 ibitis
1116 1753 1336 1781 incursionibus
1358 1756 1495 1781 vexarent
1518 1756 1547 1781 et
1570 1753 1810 1789 pabulationibus

102 1799 261 1837 Ταρωνίτην
289 1800 346 1836 μετ’
374 1799 493 1833 εὐζώνου
522 1797 654 1834 ἐκπέμπει
679 1800 825 1835 στρατιᾶς,
849 1797 931 1833 έμπι-

103 1844 157 1872 δὼν
177 1845 296 1872 ιστασθαι
318 1846 357 1879 τῷ
392 1841 634 1881 πρωτοῦεστιαρίῳ
669 1841 811 1873 κελεύσας,
841 1841 931 1868 ἐπιτι-

103 1889 232 1925 θεμένους
262 1887 288 1923 ἐξ
318 1887 487 1927 ἐτρόδου,καὶ
511 1887 559 1917 τὰς
584 1885 718 1924 ἐκδρομὰς
746 1885 861 1913 κωλύειν
892 1887 929 1917 ὡς

103 1933 228 1970 δύναμις,
245 1932 409 1969 συμπλοκῆς
427 1930 456 1959 δὲ
471 1929 622 1966 καθολικῆς
645 1931 712 1958 κατὰ
735 1931 766 1957 τὸ
789 1930 928 1968 έγχωροῦν

103 1976 250 2018 φείδεσθαι.
286 1975 487 2012 Πλησιάσαντες
515 1974 544 2003 δὲ
569 1977 608 2011 τῷ
640 1974 774 2012 βασιλικῷ
803 1975 929 2012 στρατεύ-

107 2033 172 2060 ματι
188 2021 291 2060 οἱπερὶ
310 2022 355 2048 τὸν
381 2020 522 2058 Βούρτζην
549 2020 756 2056 ἡναγκάσθησαν
780 2019 824 2046 καὶ
849 2017 928 2046 ἄκον-

103 2078 146 2099 τες
173 2065 332 2103 πολεμῆσαι
348 2066 420 2103 παρὰ
434 2066 484 2100 τὴν
503 2065 552 2092 τοῦ
583 2063 711 2101 Σκληροῦ
734 2063 928 2101 παραγγελίαν,

103 2113 155 2140 ἀπὸ
177 2110 306 2146 τοιαύτης
331 2109 429 2141 αἰτίας.
456 2109 610 2147 Σαρακηνοὶ
636 2108 664 2136 ἐκ
685 2111 735 2143 τῆς
756 2109 823 2146 πρὸς
843 2108 929 2144 Ἑῴαν

104 2155 233 2194 Βερῥοίας
272 2156 304 2182 τὰ
339 2154 433 2190 ἐτήσια
469 2152 537 2189 τέλη
581 2153 728 2190 Ῥωμαίοις
769 2153 929 2189 κομίζοντες

102 2199 278 2238 ἠγγέλλοντο
293 2199 361 2236 πρὸς
390 2199 440 2233 τήν
460 2196 588 2236 βασιλίδα
614 2197 731 2230 ἀπιέναι,
747 2197 792 2224 καὶ
808 2197 845 2227 ὡς
863 2196 929 2233 μέλ-

103 2244 180 2272 λουσι
202 2244 271 2271 κατά
294 2253 353 2270 τινα
377 2242 463 2280 ῥητὴν
479 2242 584 2279 ἡμέραν
602 2240 647 2269 διὰ
672 2240 759 2278 μέσων
786 2241 852 2268 ἰέναι
876 2243 930 2268 τῶν

102 2288 320 2326 στρατευμάτων.
350 2288 399 2314 Καὶ
428 2285 522 2320 ἐπειδὴ
538 2289 627 2323 παρῆν
646 2287 663 2321 ἡ
678 2286 757 2324 κυρία
776 2285 821 2312 καὶ
847 2283 929 2321 ἔμελ-

103 2333 150 2362 λον
166 2332 234 2361 κατὰ
248 2333 279 2361 τὸ
295 2331 444 2370 λεγόμενον
462 2331 601 2367 Ὀξύλιοον
625 2330 753 2369 φρούριον
783 2330 810 2357 οἱ
840 2333 929 2367 Σαρα-

990 1806 1040 1832 pro
1062 1797 1137 1824 virili
1161 1800 1303 1831 arcerent,
1319 1798 1439 1825 omnino
1463 1801 1560 1825 autem
1577 1800 1721 1833 quantum
1747 1799 1811 1833 ejus

986 1842 1047 1869 ﬁeri
1060 1843 1287 1877 posset,justam
1302 1850 1431 1878 pugnam
1443 1842 1579 1870 vitarent.
1593 1844 1713 1869 Burlzas
1723 1843 1751 1869 et
1761 1841 1811 1876 qui

985 1894 1051 1914 cum
1063 1894 1097 1913 eo
1106 1887 1343 1921 eraut,cumjam
1355 1887 1645 1922 appropinquassent
1656 1886 1812 1922 imperato-

985 1931 1027 1958 rio
1037 1931 1285 1964 exercitui,coucti
1298 1934 1367 1958 sunt
1379 1931 1421 1958 vel
1435 1931 1515 1958 inviti
1528 1933 1630 1959 contra
1643 1930 1709 1958 Duri
1727 1938 1812 1958 man-

985 1975 1086 2002 datum
1104 1975 1236 2010 praelium
1254 1975 1337 2002 inire.
1351 1975 1549 2003 Nuntiabatur
1559 1975 1637 2003 enim
1651 1977 1813 2003 Saracenos

985 2028 1117 2048 annuum
1143 2020 1178 2047 ab
1204 2019 1337 2047 orientali
1362 2021 1477 2048 Berrtea
1500 2020 1644 2048 tributum
1671 2019 1811 2047 Romanis

984 2064 1137 2091 aﬂ‘erentes
1152 2064 1252 2098 Cpolin
1267 2064 1319 2097 ire,
1336 2073 1369 2092 ac
1384 2067 1462 2092 certo
1476 2064 1522 2092 die
1537 2072 1589 2100 per
1605 2064 1716 2092 medios
1730 2072 1810 2091 exer-

984 2108 1061 2136 citus
1076 2108 1112 2135 iis
1129 2108 1340 2136 transeundum
1357 2109 1426 2136 fore.
1438 2108 1475 2136 Ut
1490 2117 1521 2136 ea
1537 2109 1599 2136 dies
1614 2108 1748 2144 appetiit,
1759 2111 1809 2135 Sa-

984 2152 1098 2180 racenis
1113 2161 1164 2188 per
1178 2152 1332 2180 castellum
1345 2153 1534 2189 cuiOxylitho
1547 2161 1654 2182 nomen
1665 2153 1808 2181 transitu-

984 2197 1024 2225 ris
1037 2197 1173 2232 utrinque
1185 2197 1335 2225 instructae
1348 2200 1417 2225 sunt
1433 2198 1521 2230 acies,
1531 2200 1559 2226 et
1574 2205 1681 2233 magno
1697 2198 1808 2232 impetu

984 2241 1152 2269 animorum
1167 2242 1203 2269 ad
1219 2249 1349 2277 pugnam
1365 2243 1486 2276 eductae,
1504 2242 1615 2277 praemii
1632 2241 1694 2269 loco
1708 2241 1809 2269 victori

984 2285 1144 2321 proposito,
1172 2286 1249 2322 quod
1274 2286 1409 2313 Saraceni
1435 2286 1576 2320 ferebant,
1601 2293 1682 2313 auro.
1703 2285 1808 2313 Conﬂi-

984 2332 1136 2365 ctumque,
1153 2332 1182 2357 et
1197 2329 1300 2365 pulsus
1324 2330 1455 2363 Burtzas,
1473 2329 1574 2358 multis
1597 2330 1632 2358 sb
1647 2331 1712 2365 ejus
1727 2332 1809 2366 parte

698 2425 883 2453 XYLANDRI
903 2425 948 2453 ET
968 2425 1077 2453 GOARI
1097 2424 1212 2453 NOT/E.

138 2504 194 2539 (40)
209 2504 253 2532 Ab
268 2503 378 2532 Attalis
397 2501 574 2539 Pamphyliae
595 2502 677 2539 urbe,
693 2501 768 2530 sicut
783 2504 812 2530 et
826 2501 929 2538 Cibyra

106 2537 229 2568 minoris
244 2540 330 2573 Asiae,
344 2539 439 2567 navali
455 2537 603 2574 praeiere.
619 2538 709 2566 Goan.

139 2576 195 2612 (41)
212 2576 263 2603 Hic
273 2571 355 2603 locus
369 2577 413 2602 est
425 2571 566 2612 confusus
576 2575 750 2612 etmancus,
762 2574 795 2600 ut
809 2571 927 2612 quidem

101 2608 212 2647 judico.
229 2614 288 2639 Hoc
316 2620 351 2639 ex
367 2609 571 2647 sequentibus
600 2609 698 2647 didici,
722 2609 801 2636 hunc
829 2608 926 2647 ipsum

104 2644 248 2676 Cur-ticam
266 2647 333 2674 Duri
350 2644 474 2674 classem
490 2645 618 2678 duxisse,
634 2645 804 2678 victumque
819 2644 855 2671 ab
871 2644 926 2671 im-

104 2683 252 2720 peratoriis
268 2683 342 2710 ducs
357 2682 508 2720 Tbeodoro
524 2681 619 2720 navali
636 2680 737 2716 prcelio
753 2680 854 2720 fuisse:
871 2680 927 2707 Sed

105 2716 243 2756 Cibyratae
258 2727 295 2756 an
311 2727 362 2754 pro
378 2717 455 2756 Duro
474 2716 620 2756 steterint,
631 2725 669 2744 an
683 2724 750 2744 vero
765 2716 854 2756 (quod
871 2724 927 2751 pu-

104 2752 171 2787 tavi)
197 2755 233 2784 ab
261 2752 450 2790 imperatoris
473 2752 577 2787 classe,
603 2761 670 2781 cum
697 2760 731 2781 ea
755 2753 792 2780 ad
816 2754 927 2780 Durum

983 2501 1177 2535 transivisset,
1204 2501 1330 2536 jusserit
1354 2509 1403 2529 eos
1428 2501 1524 2529 Durus
1548 2500 1723 2537 oppugnari,
1748 2508 1806 2528 non

982 2545 1049 2565 sum
1065 2539 1173 2564 certus.
1189 2538 1260 2564 XYL.

1019 2573 1073 2608 (1:2)
1089 2573 1197 2600 Scribit
1220 2573 1364 2608 interpres
1387 2570 1541 2607 δεξάμενος
1558 2572 1669 2600 retineo
1695 2569 1806 2608 δεξάμε-

981 2606 1037 2636 νον.
1055 2606 1093 2636 Ad
1108 2608 1250 2644 Joannem
1268 2606 1346 2644 enim
1362 2606 1548 2644 auctorripse
1568 2608 1669 2637 retulit
1682 2607 1714 2634 τό
1732 2606 1806 2642 δεξά-

983 2654 1075 2680 μενον,
1089 2644 1167 2680 sicut
1182 2646 1211 2671 et
1225 2643 1256 2670 τὸ
1274 2641 1453 2680 βεϐοημένον.
1466 2641 1556 2672 ϐὀΑιι.

1017 2680 1071 2715 (43)
1088 2679 1275 2715 Dipotamum
1291 2680 1406 2708 videtur
1424 2680 1546 2713 dictum,
1561 2680 1640 2716 quod
1656 2679 1733 2707 inter
1748 2679 1806 2706 duo

983 2715 1115 2748 ﬂumina,
1132 2718 1183 2743 aut
1205 2715 1302 2751 potius
1327 2716 1364 2743 ad
1389 2716 1567 2744 conﬂuentes
1592 2716 1718 2743 duorum
1741 2722 1805 2742 arn-

982 2752 1076 2788 nium,
1092 2751 1182 2780 situm
1198 2754 1284 2780 esset.
1300 2751 1368 2780 XYL.
