1928 3047
108 99 167 129 159
789 98 944 130 GEORGII

1041 98 1140 129 >RENI
1795 92 1868 124 160

106 166 222 199 occisis,
239 167 364 195 maxime
377 166 530 194 Armenis:
546 174 614 194 nam
630 166 666 195 de
679 166 726 194 bis
741 174 932 202 quoscunque

1041 165 1066 192 οἶ
1097 163 1255 200 διαϐαινιιν,
1280 164 1493 196 καθοπλίσαντες
1523 164 1549 191 οἳ
1576 163 1648 202 περῖ
1667 162 1724 190 τὸν
1758 159 1867 197 Βούρ-

108 211 353 246 comprehendere
364 214 521 248 potuerunt
533 211 666 245 Romani,
677 212 753 240 426
766 212 936 240 interfecere

1041 220 1054 236 ν
1069 209 1131 240 τοὺς
1155 209 1221 248 ἀμφ’
1245 209 1353 244 αὐτοὺς,
1378 209 1410 236 τὸ
1440 208 1463 236 δ’
1492 208 1556 236 αὐτὸ
1571 211 1663 236 τοῦτο
1682 205 1738 234 καὶ
1759 205 1791 232 οἳ
1807 205 1866 231 τοῦ

108 255 221 291 absque
236 256 293 283 ulla
310 256 510 290 miseratione,
524 257 600 292 quod
618 256 636 283 ii
653 256 739 292 primi
756 256 886 284 omnium
905 264 935 284 se

1041 251 1240 290 ποϐεατιαρίου
1282 254 1487 289 πεποιηκότες,
1540 253 1616 290 μάλα.
1669 251 1867 289 ὁρμητικῶς

107 301 233 335 tyranno
248 301 461 336 adiunxissent.

1041 309 1058 329 ›ς
1073 299 1123 333 τὴν
1151 299 1243 336 μάχην
1269 298 1404 336 ἒχώρουν’
1432 297 1578 336 προῦκειτο
1601 298 1663 336 γὰρ
1698 295 1866 332 ἑκατέροις

110 344 200 382 ὥσπερ
214 355 255 376 τις
282 345 365 376 ἆθλος
381 345 395 372 6
419 344 491 381 παρᾶ
504 346 556 371 τῶν
574 346 736 380 Σαρακηνῶν
762 344 944 381 κομιζόμενος
972 344 1083 382 χρυσός.
1111 344 1161 371 Καὶ
1185 343 1292 381 ἐπείπερ
1317 342 1443 381 ἤγγισαν,
1469 343 1665 380 συμπεσόντες
1685 340 1865 379 ἐμάχοντο,

111 391 242 427 Τράπεται
258 391 325 427 γοῦν
342 390 356 416 6
374 389 519 426 Βούρτζης,
542 389 586 416 καὶ
601 387 703 416 πολλοὶ
718 391 771 416 τῶν
787 389 834 416 σὺν
850 389 923 425 αὐτῷ
939 388 1098 422 ἀπώλοντο,
1113 388 1158 416 καὶ
1176 387 1283 425 μᾶλλον
1295 391 1349 415 τῶν
1367 388 1532 426 Ἀρμενίων·
1556 388 1668 418 πάντας
1703 387 1767 423 γὰρ
1790 384 1866 415 τοὺς

113 433 229 465 ἆλόντας
245 436 298 461 τῶν
316 433 464 471 Ἀρμενίων
480 433 648 472 ἀπέσφαττον
664 434 690 460 οἱ
707 434 853 471 Ῥωμαῖοι,
880 435 918 470 μὴ
941 430 1127 470 λαμϐάνοντες
1156 433 1244 460 οῗκτον
1276 431 1320 460 διὰ
1347 433 1378 461 τὸ
1403 433 1528 470 πρώτους
1554 432 1786 471 προσχωρῆσαι
1819 431 1868 466 τῷ

113 478 260 515 ἀποστάτῃ.

146 532 255 561 Nuntio
266 533 330 568 ejus
347 532 439 560 eladis
455 532 701 568 accepto,Bardas
717 532 798 560 nulla
813 532 939 568 interpo-

112 577 168 605 sita
185 585 266 605 mora
281 578 379 605 statim
397 585 464 604 cum
480 585 533 604 suo
549 577 675 604 exercitu
697 576 896 612 subsequitur,
912 578 942 604 et

111 629 180 649 cum
195 621 230 649 ad
245 621 343 649 locum
365 621 412 649 cui
432 621 545 657 Rageos
561 629 668 648 nomen
694 622 883 656 pervenisset,
901 621 939 648 ibi

112 668 208 694 castra
215 665 466 701 facittempusque
473 673 578 701 pugnas
585 666 773 693 commodum
780 667 938 701 exspectat.

113 710 327 739 Cunctantibus
338 712 436 738 autem
453 710 661 745 imperatoriis,
672 711 699 737 et
715 718 818 746 pugna
835 718 938 745 oppor-

112 755 239 783 tunitate
254 757 392 790 extracta,
404 754 490 783 multi
504 763 520 782 a
530 755 625 782 Barda
638 754 674 782 ad
690 755 815 782 Leonem
827 754 938 782 defece-

113 800 259 835 runt,jam
271 799 353 827 clade
365 799 508 835 superiori
522 799 630 826 animis
642 807 744 826 eorum
754 798 938 826 nutantibus.

1031 530 1221 568 Ἀγγελθείσης
1242 529 1270 558 δὲ
1288 533 1338 565 τῆς
1361 529 1448 566 ἥττης
1472 531 1485 557 6
1511 529 1618 567 Βάρδας
1645 529 1760 567 καιρὸν
1790 527 1864 555 ἀνα-

995 572 1083 610 ϐολῆς
1110 576 1148 611 μὴ
1175 573 1310 609 δεδωκὼς,
1325 575 1437 613 ἀγείρας
1460 574 1524 606 τοὺς
1541 575 1608 612 ἀμφ’
1626 574 1725 601 αὐτὸν
1741 573 1865 608 ὑπήντα

996 618 1040 647 διὰ
1053 620 1172 657 ταχέων,
1198 620 1243 647 καὶ
1267 619 1334 647 κατά
1358 630 1417 647 τινα
1444 619 1528 647 τόπον
1557 619 1680 657 Ῥαγὲας
1700 617 1863 654 ὀνομαζό-

997 675 1075 701 μενον
1107 665 1250 701 γενόμενος
1274 662 1523 702 στρατοπεδεύεται,
1549 662 1722 698 ἐπιτήδειον
1752 662 1861 700 μάχης

993 708 1086 745 καιρὸν
1110 708 1241 743 ἐκζητῶν.
1266 706 1520 746 Χρονοτριϐούντων
1542 707 1571 735 δὲ
1591 710 1652 735 τῶν
1686 705 1863 745 βασιλικῶν

993 752 1137 790 ταγμάτων
1155 753 1168 779 6
1183 756 1233 787 τῆς
1258 752 1350 791 μάχης
1373 753 1466 789 καιρὸς
1482 751 1674 788 παρετείνετο,
1694 751 1748 778 καὶ
1779 749 1860 778 πολ-

995 796 1040 824 λοὶ
1064 799 1117 823 τῶν
1148 797 1306 824 ἀποστατῶν
1335 799 1369 833 τῇ
1402 797 1616 835 προηγησαμένῃ
1649 795 1734 833 ⁴ἥττῃ
1771 805 1860 823 σεσα-

994 841 1122 877 λευμένοι
1162 843 1202 877 τῷ
1241 839 1482 879 πρωτοϐεστιαρίῳ
1511 842 1726 879 προσέτρεχον.
1761 840 1856 869 ”Οσον

996 887 1043 922 μὶν
1055 885 1103 912 οὖν
1119 888 1240 924 σφριγῶν
1256 886 1288 919 ἦν
1305 886 1330 913 ἐν
1345 888 1378 922 τῇ
1400 888 1512 924 στρατιᾷ
1534 888 1583 913 τοῦ
1610 885 1771 924 βασιλέως
1804 885 1857 912 καί

997 930 1218 968 ἀπειροπόλεμον
1237 952 1244 964 ,
1281 932 1316 967 τῇ
1344 930 1369 966 ἐξ
1400 930 1521 968 ὑπογύου
1547 929 1755 968 γαυρούμενον
1788 929 1856 966 νίκῃ

997 972 1073 1013 ὤργα
1087 975 1155 1012 πρὸς
1185 976 1360 1011 συμπΛοκήν,
1381 975 1407 1002 el.
1436 974 1612 1012 γηραιότεροι
1642 973 1677 1001 δὲ
1704 974 1756 1001 καὶ
1785 984 1858 1001 κατ-

997 1019 1150 1056 ηθλημένοι
1175 1021 1233 1050 τοῖς
1249 1019 1349 1058 ἀγῶσιν
1367 1016 1470 1047 ὤκνουν
1483 1019 1528 1046 καὶ
1543 1017 1701 1047 ἀνεδύοντο
1718 1029 1776 1054 τηι
1797 1018 1855 1055 μά-

997 1074 1050 1102 χην
1082 1066 1121 1101 [Ρ.
1138 1066 1202 1101 690]
1231 1064 1310 1092 Ἀλλ’
1339 1064 1397 1092 ἐπεὶ
1425 1065 1493 1092 κατὰ
1518 1065 1564 1092 τὸν
1588 1064 1726 1098 εἰπόντα,
1761 1076 1777 1089 ‹‹
1795 1066 1856 1090 Τα-

112 845 166 873 Sed
184 845 233 880 qui
248 844 278 872 in
294 844 421 872 exercitu
441 843 544 871 Leonis
555 845 640 871 erant
652 851 750 871 rerum
767 843 939 871 bellicarum

112 889 318 925 imperitiores,
334 889 353 916 ii
370 888 478 916 animis
493 896 595 916 recens
611 890 696 924 parta
708 888 831 916 victoria
845 888 939 915 exsul-

112 933 244 962 tantibus
268 941 397 969 pugnam
422 933 609 968 expetebant;
627 934 698 960 natu
720 932 938 969 grandioribus,

113 980 141 1007 et
154 978 203 1014 qui
228 977 331 1005 multis
356 977 570 1006 certaminibus
594 977 743 1005 exercitati
766 979 875 1011 essent,
892 977 943 1004 de-

114 1022 308 1050 tractantibus
327 1023 415 1057 atque
438 1021 641 1049 differentibus
655 1029 660 1049 :
674 1029 740 1049 cum
758 1022 814 1049 Leo
829 1023 942 1056 (verum

115 1067 194 1096 enim
212 1065 285 1094 illud
300 1066 402 1094 tritum
420 1068 465 1094 est
481 1074 486 1093 :
500 1077 513 1090 «
529 1065 666 1093 Homines
679 1065 764 1094 malis
775 1066 833 1094 cito
846 1065 942 1093 consi-

115 1111 164 1139 liis
179 1109 346 1138 assentiunt
357 1110 385 1146 ι)
397 1110 566 1146 junioribus
591 1111 798 1146 obtemperans
821 1118 891 1138 suos
907 1111 940 1137 ad

1041 1111 1061 1136 ἴα
1088 1109 1174 1141 πειθὼ
1190 1111 1243 1136 τῶν
1267 1111 1356 1136 κακῶν
1387 1109 1543 1145 ἀκολουθεῖ,
1574 1120 1587 1135 n
1618 1109 1758 1136 πείθεται
1792 1111 1858 1139 τοῖς

116 1164 245 1191 pugnam
268 1155 430 1183 instructos
446 1155 513 1182 dato
529 1155 598 1182 tuba
617 1155 700 1190 signo
721 1154 829 1182 educit.
847 1157 942 1182 Durus

115 1199 207 1236 copiis
222 1199 284 1227 suis
304 1199 331 1226 in
358 1202 418 1227 tres
443 1201 542 1235 partes
557 1199 658 1227 divisis
684 1199 814 1227 medium
839 1208 943 1234 agmen

114 1244 178 1280 ipse
193 1244 283 1277 ducit,
297 1244 434 1271 dextrum
456 1252 546 1271 cornu
571 1244 654 1271 fratri
674 1252 728 1272 suo
740 1244 942 1278 Constantino,

117 1289 270 1317 sinistrum
284 1288 475 1317 Constantino
486 1288 587 1316 Gabrm
599 1288 767 1316 committit.
778 1288 813 1316 Ut
824 1297 944 1316 concur-

119 1341 185 1361 sum
197 1335 243 1361 est
259 1335 288 1360 et
308 1333 408 1360 Bardas
422 1333 560 1361 cornibus
571 1333 696 1369 praefecti
717 1333 845 1368 equitem
865 1333 942 1360 hosti

119 1378 319 1412 immiserunt,
332 1377 435 1405 Leonis
451 1377 560 1405 milites
571 1377 714 1413 impetum
726 1386 783 1406 non
796 1377 944 1405 sustinen-

121 1425 165 1450 tes
182 1422 278 1457 fugam
295 1421 417 1458 faciunt,
431 1430 591 1457 eorumque
608 1430 714 1458 magna
729 1422 826 1450 editur
841 1422 944 1450 caedes.

122 1466 299 1495 [nterficitur
315 1468 444 1495 Joannes
459 1467 599 1502 patricius
615 1468 643 1494 et
657 1467 761 1494 Petrus
780 1470 943 1495 castrorum

120 1512 273 1548 prefectus
285 1511 359 1539 421
375 1510 519 1546 multique
531 1510 579 1538 alii
598 1510 729 1538 illustres
738 1511 802 1538 viri.
817 1511 868 1539 Leo
880 1520 945 1547 pro-

120 1556 307 1584 tovestiarius
318 1556 399 1583 vivus
408 1563 467 1583 una
476 1563 543 1583 cum
555 1555 620 1583 aliis
631 1555 835 1591 magistratum
847 1563 947 1592 geren-

119 1601 199 1628 tibus
213 1600 285 1628 viris
305 1600 335 1627 in
359 1599 427 1627 Duri
451 1601 623 1635 potestatem
641 1600 728 1628 venit.
749 1602 844 1636 Atque
868 1600 946 1628 hunc

997 1153 1138 1192 νεωτέροις
1162 1154 1207 1181 καὶ
1232 1154 1246 1181 6
1271 1151 1540 1191 πρωτοϐεστιάριος,
1569 1153 1615 1181 καὶ
1648 1153 1684 1181 τὸ
1712 1152 1853 1180 ἐνυάλιον

997 1199 1123 1234 σημήνας
1145 1197 1233 1235 ἐξάγει
1256 1199 1293 1225 τὰ
1321 1199 1510 1235 στρατεύματα
1544 1198 1612 1236 πρὸς
1638 1198 1697 1233 τήν
1734 1197 1852 1236 μάχην.

998 1243 1045 1270 Καὶ
1072 1243 1085 1269 6
1111 1241 1216 1279 Βάρδας
1240 1242 1268 1270 δὲ
1291 1246 1375 1280 τριχῆ
1397 1241 1494 1271 διελὼν
1521 1243 1566 1270 τὸν
1582 1242 1693 1270 οἷ’κεῖον
1726 1242 1853 1280 πρατὸν

996 1287 1027 1314 τὸ
1045 1287 1092 1323 μὲν
1121 1287 1200 1323 μέσον
1223 1287 1294 1324 εἶχεν
1320 1287 1411 1321 αὐτός,
1427 1289 1476 1314 τοῦ
1492 1286 1579 1322 δεξιοῦ
1596 1286 1626 1314 6“:
1643 1287 1742 1324 κέρως
1768 1288 1853 1315 Κων-

998 1333 1137 1359 σταντῖνον
1158 1332 1203 1358 τὸν
1232 1330 1360 1370 ἀδελφὸν,
1382 1333 1431 1358 τοῦ
1456 1329 1480 1358 δ’
1495 1331 1640 1368 εὐωνύμου
1664 1332 1852 1359 Κωνσταντῖ-

997 1386 1043 1404 νον
1057 1376 1102 1403 τὸν
1120 1374 1225 1412 Γαϐρᾶν
1239 1374 1332 1414 ἅρχέιν
1359 1375 1500 1410 ἐπέστησε.
1526 1373 1686 1413 Συμϐολῆς
1715 1375 1748 1403 δὲ
1767 1386 1850 1414 γενο-

1001 1421 1083 1458 μένης
1096 1421 1140 1448 καὶ
1156 1422 1210 1448 τῶν
1225 1421 1286 1457 περὶ
1308 1420 1341 1448 τὰ
1364 1421 1463 1458 κὶρατα
1487 1423 1651 1459 στρατηγῶν
1677 1421 1733 1456 τήν
1755 1419 1846 1448 ἵππον

999 1465 1190 1493 ἐπισεισάντων
1228 1467 1286 1496 τοῖς
1320 1464 1462 1500 ἐναντίοις,
1504 1466 1542 1502 μὴ
1587 1465 1759 1503 ἐνεγκόντες
1794 1465 1847 1499 τὴν

1001 1509 1090 1548 ῥύμην
1115 1510 1141 1537 οἱ
1166 1510 1228 1547 περὶ
1256 1510 1302 1537 τὸν
1327 1507 1574 1548 πρωτοϐεστιάριον
1595 1511 1767 1548 τρέπονται,
1799 1509 1846 1537 καὶ

999 1554 1100 1592 γίνεται
1129 1555 1212 1593 φόνος
1240 1553 1339 1586 πολύς.
1371 1555 1501 1583 Ἐνταῦθα
1525 1555 1570 1582 καὶ
1586 1554 1726 1590 Ἰωάννης
1745 1553 1844 1582 ἔπεσεν

1002 1599 1015 1627 6
1032 1598 1174 1636 πατρίκιος
1190 1600 1234 1627 καὶ
1252 1600 1266 1627 6
1292 1597 1533 1637 στρατοπεδάρχης
1549 1599 1656 1636 Hispo:
1678 1600 1728 1627 καὶ
1758 1598 1846 1627 ἄλλοι

120 1646 237 1681 quidem
256 1647 351 1672 Durus
362 1644 391 1672 in
403 1644 567 1672 custodiam
579 1645 668 1672 dedit.
681 1644 832 1672 Theodoro
848 1648 944 1673 autem

1041 1643 1103 1671 λλοὶ
1129 1646 1182 1671 τῶν
1208 1643 1356 1681 διαφανῶν.
1372 1643 1463 1672 Ἑάλω
1480 1643 1508 1671 δὲ
1532 1644 1576 1672 καὶ
1592 1645 1606 1672 6
1621 1641 1844 1682 πρωτοϐεστιά-

120 1692 149 1718 et
171 1689 278 1718 Nicetze
302 1688 552 1725 Hagiozacbaritis
578 1689 728 1725 germanis
751 1689 891 1717 fratribus
915 1689 946 1717 in

120 1736 277 1769 conspectu
292 1733 383 1761 totius
399 1733 544 1761 exercitus
559 1733 645 1761 elfodi
657 1733 945 1770 oculosjubet,quod

119 1779 139 1806 ii
161 1777 299 1806 nimirum
325 1777 431 1806 violato
451 1778 657 1814 jurejurando,
675 1787 733 1814 quo
758 1786 790 1806 se
812 1779 870 1815 ipsi
895 1779 945 1807 ob-

120 1823 310 1855 strinxerant,
327 1822 362 1849 ad
379 1822 504 1850 Leonem
520 1823 737 1850 transivissent.

1001 1699 1058 1727 ριος
1085 1689 1143 1725 μεθ’
1176 1689 1274 1726 ἑτέρων
1314 1687 1419 1726 ἀνδρῶν
1451 1689 1588 1726 ἀρχικῶν.
1616 1689 1677 1718 Τὸν
1710 1689 1762 1725 μὲν
1795 1689 1843 1715 οὖν

1000 1731 1247 1771 πρωτοϐεστιάριον
1278 1734 1452 1772 φρουρεῖσθαι
1482 1734 1627 1772 προσέταξε
1646 1756 1654 1770 ,
1687 1732 1840 1771 Θεοδώρου

1001 1777 1030 1805 δὲ
1050 1778 1094 1805 καὶ
1110 1779 1218 1813 Νικήτα
1231 1780 1284 1806 τῶν
1308 1777 1482 1817 αὗταδξλφων
1502 1780 1556 1805 τῶν
1587 1778 1841 1816 ’Δγιοζαχαριτῶν

1001 1822 1042 1850 ἐπ’
1070 1820 1130 1859 ὄψει
1158 1823 1258 1855 παντὸς
1285 1824 1334 1850 τοῦ
1370 1822 1570 1860 στρατεύματος
1599 1822 1743 1860 ἐξορύττει
1775 1821 1842 1852 τοὺς

123 1866 284 1906 ὀφθαλμοὺς
311 1867 347 1898 ὡς
374 1863 551 1904 παραϐάντων
580 1866 652 1906 τάχα
674 1866 738 1900 τοὺς
766 1865 864 1906 ὅρκους
887 1866 933 1899 οὕς
962 1868 1030 1905 πρὸς
1059 1867 1137 1895 αὐτὸν
1165 1866 1254 1900 ἔθεντο
1284 1868 1328 1895 καὶ
1360 1869 1399 1904 τῷ
1425 1864 1670 1906 πρωτοϐεστιαρίῳ
1701 1876 1841 1904 προσχω-

123 1922 155 1949 ρη
161 1911 206 1939 σάν
210 1922 273 1939 των.

159 1966 225 1993 Haec
239 1965 360 1993 victoria
379 1965 477 1993 Bardas
502 1965 590 1994 rebus
614 1965 775 2001 plurimum
792 1965 891 1994 attulit
905 1966 949 1994 in-

123 2009 274 2042 crementi,
286 2017 449 2045 omnesque
468 2011 503 2036 ad
525 2018 591 2037 eum
609 2010 709 2046 magni
725 2010 862 2045 parvique
877 2011 949 2038 defi-

124 2054 254 2088 ciebant;
270 2053 456 2089 imperatoris
472 2062 519 2082 res
535 2063 603 2090 una,
617 2062 708 2090 eaque
724 2063 808 2082 sacra
821 2055 950 2082 anchora

126 2098 361 2136 sustinebantur,
376 2098 473 2125 divino
489 2098 630 2126 nimirum
646 2098 764 2127 auxilio.
779 2099 815 2126 At
829 2099 949 2127 cubicu-

125 2142 218 2171 larius
233 2150 352 2179 praeses,
368 2150 538 2178 quanquam
562 2146 591 2171 et
613 2143 801 2171 terrestribus
825 2144 950 2179 negotiis

127 2195 228 2215 curam
245 2187 436 2223 impenderet,
454 2187 548 2216 multo
568 2188 662 2224 magis
681 2190 779 2216 tamen
795 2188 950 2216 maritima:

127 2232 169 2260 rei
194 2234 256 2260 erat
276 2232 415 2260 intentus.
430 2232 503 2260 Nam
528 2232 646 2260 hostilis
669 2232 772 2260 classis
796 2233 950 2269 praefectus

128 2276 288 2304 Michaelus
312 2276 459 2311 Curtices,
484 2285 585 2304 omnes
610 2277 721 2304 insulas
744 2277 950 2314 depopulatus,

125 2321 188 2357 jam
211 2321 304 2357 ipsam
321 2329 439 2357 quoque
460 2321 489 2348 in
506 2321 694 2357 Hellesponto
718 2322 805 2350 sitam
822 2322 951 2358 Abydum

126 2365 282 2415 videbatur
295 2368 528 2402 oppugnaturus.
547 2366 649 2402 Itaque
660 2366 784 2395 classem
802 2367 891 2404 probe
905 2368 951 2395 in-
967 2387 990 2420 D

66 2417 72 2423 '
127 2409 223 2443 struit,
249 2418 373 2446 eamque
397 2413 498 2438 contra
513 2410 659 2438 Citrucam
685 2411 802 2446 emittit,
819 2412 952 2447 praefecto

126 2454 278 2483 Theodoro
303 2457 465 2482 Caranteuo
489 2455 622 2490 patricio.
647 2457 674 2483 Is
699 2455 872 2484 ’lheodurus
902 2465 954 2492 per

128 2499 227 2527 fauces
243 2498 423 2535 Hellesponti
434 2503 533 2527 vectus
546 2500 621 2535 apud
638 2500 789 2528 Phocaeam
805 2509 872 2528 eum
887 2503 954 2529 Cur-

127 2544 186 2572 tica
210 2544 342 2572 navalem
368 2544 495 2572 conserit
521 2553 648 2580 pugnam
673 2546 898 2574 vehementem:
919 2555 954 2575 ea

126 2589 223 2617 victus
241 2589 371 2617 Curtices
392 2588 539 2625 classique
563 2590 627 2625 ejus
652 2590 784 2627 disjecta,
801 2593 829 2619 et
843 2590 952 2620 Caran-

127 2636 195 2662 teno
210 2633 314 2661 exinde
340 2641 419 2661 mare
443 2634 592 2662 obtinente
608 2643 654 2662 res
671 2635 822 2663 maritimas
849 2636 953 2671 quietae

128 2678 257 2706 fuerunt.
289 2677 412 2706 Proinde
441 2679 631 2707 terrestribus
663 2680 788 2716 nrgotiis
821 2681 953 2708 intentus

128 2731 234 2758 prmses
261 2722 428 2751 Mannelum
455 2723 532 2752 428
556 2724 714 2760 Eroticum,
734 2724 824 2752 nobili
848 2733 954 2761 genere

128 2769 226 2796 ortum
242 2769 270 2796 et
284 2766 390 2796 virtute
405 2776 438 2796 ac
459 2768 631 2797 fortitudine
653 2768 776 2804 clarum,
793 2769 900 2797 emittit
915 2771 951 2798 ad

1041 1967 1085 1993 Ἐκ
1107 1965 1208 2001 ταύτης
1230 1969 1280 2001 τῆς
1303 1964 1381 2001 νίκης
1403 1964 1436 1993 τὰ
1462 1966 1509 2002 μὲν
1533 1967 1581 1993 τοῦ
1607 1963 1704 2003 Βάρδα
1735 1965 1840 2002 ὑψοῦτο

1003 2009 1048 2037 καὶ
1064 2010 1108 2037 ἰπὶ
1125 2010 1193 2048 μέγα
1221 2008 1313 2048 ᾔρετο,
1340 2011 1459 2044 πάντων,
1487 2010 1524 2041 ὡς
1541 2009 1639 2042 εἰπεῖν,
1657 2012 1768 2047 μικρῶν
1792 2008 1840 2036 καὶ

1006 2053 1132 2092 μεγάλων
1149 2053 1406 2093 προσρυϊσκομένων
1423 2055 1508 2090 αὐτῷ,
1524 2053 1558 2082 τὰ
1573 2053 1602 2082 δὶ
1625 2056 1676 2081 τοῦ
1701 2053 1840 2092 βασιλέως

1005 2098 1049 2127 ἐπὶ
1076 2101 1139 2136 μιᾶς
1166 2099 1311 2134 ἐσάλευεν,
1332 2100 1405 2137 ἱερᾶς
1432 2100 1524 2136 μέντοι
1548 2098 1689 2136 ἀγκύρας,
1713 2102 1766 2133 τῆς
1789 2099 1838 2124 τοῦ

1005 2145 1071 2172 Θεοῦ
1089 2144 1225 2182 βοηθείας.
1252 2145 1282 2172 Ὀ
1298 2143 1327 2171 δὲ
1346 2144 1595 2181 παρακοιμώμενος
1618 2143 1764 2181 ἐφρόντιζε
1789 2142 1837 2178 μὶν

1004 2189 1116 2216 καὶτῶν
1142 2189 1209 2216 κατὰ
1235 2188 1345 2226 χέρσον,
1371 2188 1456 2216 πλέον
1482 2187 1504 2215 δ’
1529 2187 1664 2225 ἐμερίμνα
1687 2189 1744 2215 τῶν
1769 2185 1837 2214 κατᾶ

1006 2232 1159 2266 θάλατταν·
1188 2232 1283 2260 ἐλύπει
1312 2233 1363 2271 γὰρ
1393 2233 1473 2260 αὐτὸν
1501 2233 1515 2260 ὁ
1541 2235 1589 2260 τοῦ
1615 2232 1742 2260 ἐναντίου
1771 2241 1835 2258 κατ-

1006 2279 1100 2316 άρχων
1129 2276 1228 2305 στόλου
1245 2301 1252 2314 ,
1281 2277 1398 2315 Μιχαὴλ
1428 2278 1441 2305 6
1472 2278 1642 2314 Κουρτίκιος,
1668 2279 1758 2304 πᾶσαν
1787 2275 1836 2312 μὲν

1005 2326 1087 2357 νῆσον
1116 2323 1310 2360 πεπορθηκὼς,
1336 2321 1391 2358 ἤδη
1418 2321 1441 2349 δ’
1461 2320 1585 2358 ἐπίδοξος
1612 2320 1648 2349 ὢν
1679 2322 1725 2349 καὶ
1742 2320 1792 2353 τὴν
1807 2319 1833 2346 ἐν

1007 2366 1202 2404 Ἑλλησπόντῳ
1218 2366 1375 2405 πολιορκεῖν
1401 2365 1532 2395 ”Αϐυδον.
1549 2366 1653 2395 Οὐκοῦν
1670 2366 1716 2393 καὶ
1734 2363 1833 2392 στόλον

1007 2411 1217 2450 ἒξαρτυσάμενος
1262 2411 1337 2448 μάλα
1382 2410 1474 2442 καλῶς
1516 2410 1649 2448 ἐκπέμπει
1690 2409 1758 2437 κατὰ
1785 2410 1833 2436 τοῦ

1006 2456 1181 2493 Κουρτικίου,
1219 2456 1356 2494 ναύαρχον
1393 2454 1493 2494 ἔχοντα
1520 2454 1659 2493 Θεόδωρον
1690 2453 1833 2491 πατρίκιον

1006 2501 1052 2530 τὸν
1080 2500 1266 2539 Καραντηνόν.
1297 2500 1384 2532 Οὗτος
1415 2499 1438 2528 δ’
1468 2500 1617 2532 ἐκπλεύσας
1639 2501 1685 2528 καὶ
1710 2498 1744 2526 τά
1759 2497 1835 2525 στενᾶ

1008 2543 1101 2577 διαϐὰς
1115 2547 1163 2573 τοῦ
1179 2545 1384 2581 Ἑλλησπόντου
1397 2546 1468 2573 κατὰ
1483 2546 1612 2573 Φώκαιαν
1624 2546 1664 2580 τῷ
1681 2541 1834 2580 Κουρτικίῳ

1007 2591 1222 2628 προσρήγνυται,
1255 2591 1300 2618 καὶ
1337 2590 1486 2628 γενομένης
1516 2592 1646 2627 καρτερᾶς
1679 2585 1832 2624 ναυμαχίας

1008 2636 1034 2662 οἱ
1057 2635 1120 2673 περὶ
1142 2635 1188 2663 τὸν
1212 2635 1373 2673 Κουρτικιον
1398 2634 1541 2672 τρέπονται
1563 2635 1608 2662 καὶ
1633 2631 1830 2662 σκεδάννυνται,

1007 2679 1050 2708 καὶ
1067 2679 1164 2708 λοιπὸν
1185 2680 1490 2718 θαλασσοκρατήσαντος
1518 2681 1566 2706 τοῦ
1594 2677 1768 2716 Καραντηνοῦ
1781 2675 1829 2708 τὴν

1008 2725 1161 2763 ἐπεχειρίαν
1177 2724 1241 2763 ἔσχε
1254 2725 1288 2752 τὰ
1300 2728 1350 2760 τῆς
1367 2723 1517 2760 θαλάσσης.
1541 2722 1610 2758 Ἤδη
1639 2721 1667 2750 δὲ
1687 2723 1741 2749 τῶν
1762 2718 1828 2763 κατᾷ

1008 2768 1140 2802 θάλατταν
1157 2769 1276 2808 ἐχόντων
1288 2768 1382 2802 καλῶς
1398 2770 1412 2796 ὁ
1427 2768 1676 2807 παρακοιμώμενυς
1692 2767 1744 2794 τῶν
1760 2762 1825 2791 κατὰ
