  <div class='ocr_page' id='page_1' title='image "/cluster/home/n/w/nwhite01/storage/ocr_20150623/122/njp.32101077773016/094.png"; bbox 0 0 1928 3047; ppageno 0'>
   <div class='ocr_carea' id='block_1_1' title="bbox 54 152 107 183">
    <p class='ocr_par' dir='ltr' id='par_1_1' title="bbox 54 152 107 183">
     <span class='ocr_line' id='line_1_1' title="bbox 54 152 107 183; baseline 0.019 -1"><span class='ocrx_word' id='word_1_1' title='bbox 54 152 107 183; x_wconf 75' lang='grc'>165</span> 
     </span>
    </p>
   </div>
   <div class='ocr_carea' id='block_1_2' title="bbox 615 142 1182 176">
    <p class='ocr_par' dir='ltr' id='par_1_2' title="bbox 615 142 1182 176">
     <span class='ocr_line' id='line_1_2' title="bbox 615 142 1182 176; baseline -0.007 0"><span class='ocrx_word' id='word_1_2' title='bbox 615 142 887 176; x_wconf 74' lang='lat' dir='ltr'>HISTORIARUM</span> <span class='ocrx_word' id='word_1_3' title='bbox 909 142 1182 174; x_wconf 85' lang='lat' dir='ltr'>GOMPENDIUM.</span> 
     </span>
    </p>
   </div>
   <div class='ocr_carea' id='block_1_3' title="bbox 1694 145 1751 175">
    <p class='ocr_par' dir='ltr' id='par_1_3' title="bbox 1694 145 1751 175">
     <span class='ocr_line' id='line_1_3' title="bbox 1694 145 1751 175; baseline 0 0"><span class='ocrx_word' id='word_1_4' title='bbox 1694 145 1751 175; x_wconf 82' lang='grc'>166</span> 
     </span>
    </p>
   </div>
   <div class='ocr_carea' id='block_1_4' title="bbox 54 208 815 254">
    <p class='ocr_par' dir='ltr' id='par_1_4' title="bbox 54 208 815 254">
     <span class='ocr_line' id='line_1_4' title="bbox 54 208 815 254; baseline -0.011 -10"><span class='ocrx_word' id='word_1_5' title='bbox 54 217 137 254; x_wconf 70' lang='grc' dir='ltr'>θέαμα</span> <span class='ocrx_word' id='word_1_6' title='bbox 156 215 200 243; x_wconf 82' lang='grc' dir='ltr'>καὶ</span> <span class='ocrx_word' id='word_1_7' title='bbox 224 213 392 250; x_wconf 74' lang='grc' dir='ltr'>κατάπληξιν</span> <span class='ocrx_word' id='word_1_8' title='bbox 426 215 484 243; x_wconf 81' lang='grc' dir='ltr'>τοῖς</span> <span class='ocrx_word' id='word_1_9' title='bbox 511 213 608 250; x_wconf 81' lang='grc' dir='ltr'>ὁρῶσιν</span> <span class='ocrx_word' id='word_1_10' title='bbox 638 211 736 248; x_wconf 70' lang='grc' dir='ltr'>ἐπάγον</span> <span class='ocrx_word' id='word_1_11' title='bbox 763 208 815 246; x_wconf 60' lang='grc' dir='ltr'>ἀνδε</span> 
     </span>
    </p>
   </div>
   <div class='ocr_carea' id='block_1_5' title="bbox 987 208 1748 254">
    <p class='ocr_par' dir='ltr' id='par_1_5' title="bbox 987 209 1748 244">
     <span class='ocr_line' id='line_1_5' title="bbox 987 209 1748 244; baseline 0.004 -8"><span class='ocrx_word' id='word_1_12' title='bbox 987 210 1055 236; x_wconf 83' lang='lat' dir='ltr'>tram</span> <span class='ocrx_word' id='word_1_13' title='bbox 1072 217 1131 236; x_wconf 89' lang='lat' dir='ltr'>una</span> <span class='ocrx_word' id='word_1_14' title='bbox 1143 217 1210 236; x_wconf 88' lang='lat' dir='ltr'>cum</span> <span class='ocrx_word' id='word_1_15' title='bbox 1234 209 1315 236; x_wconf 82' lang='lat' dir='ltr'>freno</span> <span class='ocrx_word' id='word_1_16' title='bbox 1331 216 1400 236; x_wconf 87' lang='lat' dir='ltr'>ense</span> <span class='ocrx_word' id='word_1_17' title='bbox 1423 210 1565 244; x_wconf 83' lang='lat' dir='ltr'>amputat,</span> <span class='ocrx_word' id='word_1_18' title='bbox 1582 209 1641 238; x_wconf 87' lang='lat' dir='ltr'>Pbo</span> <span class='ocrx_word' id='word_1_19' title='bbox 1654 218 1686 238; x_wconf 85' lang='lat' dir='ltr'>as</span> <span class='ocrx_word' id='word_1_20' title='bbox 1701 219 1748 238; x_wconf 89' lang='lat' dir='ltr'>ca-</span> 
     </span>
    </p>
   </div>
   <div class='ocr_carea' id='block_1_6' title="bbox 56 255 872 298">
    <p class='ocr_par' dir='ltr' id='par_1_6' title="bbox 56 255 872 298">
     <span class='ocr_line' id='line_1_6' title="bbox 56 255 872 298; baseline -0.01 -9"><span class='ocrx_word' id='word_1_21' title='bbox 56 261 100 290; x_wconf 79' lang='grc' dir='ltr'>ὂύο</span> <span class='ocrx_word' id='word_1_22' title='bbox 115 259 272 298; x_wconf 80' lang='grc' dir='ltr'>μονομαχία</span> <span class='ocrx_word' id='word_1_23' title='bbox 293 258 332 286; x_wconf 76' lang='grc' dir='ltr'>ἐπ’</span> <span class='ocrx_word' id='word_1_24' title='bbox 360 256 495 294; x_wconf 76' lang='grc' dir='ltr'>εὐτολμίᾳ</span> <span class='ocrx_word' id='word_1_25' title='bbox 515 256 560 284; x_wconf 79' lang='grc' dir='ltr'>καὶ</span> <span class='ocrx_word' id='word_1_26' title='bbox 587 256 666 294; x_wconf 73' lang='grc' dir='ltr'>ῥώμῃ</span> <span class='ocrx_word' id='word_1_27' title='bbox 689 257 781 293; x_wconf 84' lang='grc' dir='ltr'>ψυχῆς</span> <span class='ocrx_word' id='word_1_28' title='bbox 805 255 872 292; x_wconf 74' lang='grc' dir='ltr'>μέγα</span> 
     </span>
    </p>
   </div>
   <div class='ocr_carea' id='block_1_7' title="bbox 56 299 872 345">
    <p class='ocr_par' dir='ltr' id='par_1_7' title="bbox 56 299 872 345">
     <span class='ocr_line' id='line_1_7' title="bbox 56 299 872 345; baseline -0.01 -11"><span class='ocrx_word' id='word_1_29' title='bbox 56 306 244 345; x_wconf 71' lang='grc' dir='ltr'>φρονοῦντων),</span> <span class='ocrx_word' id='word_1_30' title='bbox 276 302 439 333; x_wconf 83' lang='grc' dir='ltr'>ὑποστάντες</span> <span class='ocrx_word' id='word_1_31' title='bbox 467 301 611 337; x_wconf 82' lang='grc' dir='ltr'>ἀλλήλους</span> <span class='ocrx_word' id='word_1_32' title='bbox 640 299 773 335; x_wconf 80' lang='grc' dir='ltr'>συστάδην</span> <span class='ocrx_word' id='word_1_33' title='bbox 804 299 872 336; x_wconf 75' lang='grc' dir='ltr'>ἐμά-</span> 
     </span>
    </p>
   </div>
   <div class='ocr_carea' id='block_1_8' title="bbox 57 344 873 389">
    <p class='ocr_par' dir='ltr' id='par_1_8' title="bbox 57 344 873 389">
     <span class='ocr_line' id='line_1_8' title="bbox 57 344 873 389; baseline -0.009 -11"><span class='ocrx_word' id='word_1_34' title='bbox 57 344 147 389; x_wconf 84' lang='grc' dir='ltr'>χοντο.</span> <span class='ocrx_word' id='word_1_35' title='bbox 164 350 214 377; x_wconf 78' lang='grc' dir='ltr'>Καὶ</span> <span class='ocrx_word' id='word_1_36' title='bbox 235 349 249 376; x_wconf 89' lang='lat'>6</span> <span class='ocrx_word' id='word_1_37' title='bbox 267 349 314 385; x_wconf 73' lang='grc' dir='ltr'>μὲν</span> <span class='ocrx_word' id='word_1_38' title='bbox 337 347 461 386; x_wconf 85' lang='grc' dir='ltr'>Σκλροὸς</span> <span class='ocrx_word' id='word_1_39' title='bbox 486 348 534 374; x_wconf 75' lang='grc' dir='ltr'>τοῦ</span> <span class='ocrx_word' id='word_1_40' title='bbox 556 344 645 373; x_wconf 53' lang='grc' dir='ltr'>τίππου</span> <span class='ocrx_word' id='word_1_41' title='bbox 672 347 720 373; x_wconf 80' lang='grc' dir='ltr'>τοῦ</span> <span class='ocrx_word' id='word_1_42' title='bbox 744 347 828 372; x_wconf 82' lang='grc' dir='ltr'>Φωκᾶ</span> <span class='ocrx_word' id='word_1_43' title='bbox 841 344 873 372; x_wconf 83' lang='grc' dir='ltr'>τὸ</span> 
     </span>
    </p>
   </div>
   <div class='ocr_carea' id='block_1_9' title="bbox 57 389 874 432">
    <p class='ocr_par' dir='ltr' id='par_1_9' title="bbox 57 389 874 432">
     <span class='ocr_line' id='line_1_9' title="bbox 57 389 874 432; baseline -0.01 -8"><span class='ocrx_word' id='word_1_44' title='bbox 57 396 137 432; x_wconf 73' lang='grc' dir='ltr'>δεξιὸν</span> <span class='ocrx_word' id='word_1_45' title='bbox 168 394 214 425; x_wconf 81' lang='grc' dir='ltr'>οὖς</span> <span class='ocrx_word' id='word_1_46' title='bbox 245 393 291 421; x_wconf 80' lang='grc' dir='ltr'>σὺν</span> <span class='ocrx_word' id='word_1_47' title='bbox 320 391 361 429; x_wconf 87' lang='grc' dir='ltr'>τῷ</span> <span class='ocrx_word' id='word_1_48' title='bbox 398 390 506 430; x_wconf 81' lang='grc' dir='ltr'>χαλινῷ</span> <span class='ocrx_word' id='word_1_49' title='bbox 531 390 627 422; x_wconf 78' lang='grc' dir='ltr'>παίσας</span> <span class='ocrx_word' id='word_1_50' title='bbox 657 389 806 418; x_wconf 75' lang='grc' dir='ltr'>ἀποκόπτει</span> <span class='ocrx_word' id='word_1_51' title='bbox 834 391 874 424; x_wconf 77' lang='grc' dir='ltr'>τῷ</span> 
     </span>
    </p>
   </div>
   <div class='ocr_carea' id='block_1_10' title="bbox 58 434 875 479">
    <p class='ocr_par' dir='ltr' id='par_1_10' title="bbox 58 434 875 479">
     <span class='ocr_line' id='line_1_10' title="bbox 58 434 875 479; baseline -0.009 -12"><span class='ocrx_word' id='word_1_52' title='bbox 58 440 121 479; x_wconf 74' lang='grc' dir='ltr'>ξίφὶι</span> <span class='ocrx_word' id='word_1_53' title='bbox 138 460 145 467; x_wconf 92' lang='grc'>.</span> <span class='ocrx_word' id='word_1_54' title='bbox 167 440 181 466; x_wconf 86' lang='lat'>6</span> <span class='ocrx_word' id='word_1_55' title='bbox 197 438 226 466; x_wconf 74' lang='grc' dir='ltr'>δὲ</span> <span class='ocrx_word' id='word_1_56' title='bbox 250 439 348 468; x_wconf 79' lang='grc' dir='ltr'>Φωκᾶς</span> <span class='ocrx_word' id='word_1_57' title='bbox 377 438 411 473; x_wconf 79' lang='grc' dir='ltr'>τῇ</span> <span class='ocrx_word' id='word_1_58' title='bbox 436 436 536 473; x_wconf 79' lang='grc' dir='ltr'>κορύνῃ</span> <span class='ocrx_word' id='word_1_59' title='bbox 561 436 681 470; x_wconf 80' lang='grc' dir='ltr'>πατάξας</span> <span class='ocrx_word' id='word_1_60' title='bbox 705 434 783 462; x_wconf 77' lang='grc' dir='ltr'>αὐτὸν</span> <span class='ocrx_word' id='word_1_61' title='bbox 807 434 875 461; x_wconf 60' lang='grc' dir='ltr'>κατὰ</span> 
     </span>
    </p>
   </div>
   <div class='ocr_carea' id='block_1_11' title="bbox 56 478 874 522">
    <p class='ocr_par' dir='ltr' id='par_1_11' title="bbox 56 478 874 522">
     <span class='ocr_line' id='line_1_11' title="bbox 56 478 874 522; baseline -0.01 -9"><span class='ocrx_word' id='word_1_62' title='bbox 117 483 239 522; x_wconf 72' lang='grc' dir='ltr'>κεφαλῆς</span> <span class='ocrx_word' id='word_1_63' title='bbox 254 485 350 510; x_wconf 61' lang='grc' dir='ltr'>τοῦτον</span> <span class='ocrx_word' id='word_1_64' title='bbox 368 481 415 518; x_wconf 75' lang='grc' dir='ltr'>μὲν</span> <span class='ocrx_word' id='word_1_65' title='bbox 440 480 484 508; x_wconf 80' lang='grc' dir='ltr'>ἐπὶ</span> <span class='ocrx_word' id='word_1_66' title='bbox 505 482 554 508; x_wconf 76' lang='grc' dir='ltr'>τοῦ</span> <span class='ocrx_word' id='word_1_67' title='bbox 566 478 712 518; x_wconf 75' lang='grc' dir='ltr'>τραχήλου</span> <span class='ocrx_word' id='word_1_68' title='bbox 725 481 774 506; x_wconf 78' lang='grc' dir='ltr'>τοῦ</span> <span class='ocrx_word' id='word_1_69' title='bbox 787 478 874 505; x_wconf 63' lang='grc' dir='ltr'>τίππου</span> 
     </span>
    </p>
   </div>
   <div class='ocr_carea' id='block_1_12' title="bbox 58 523 876 568">
    <p class='ocr_par' dir='ltr' id='par_1_12' title="bbox 58 523 876 568">
     <span class='ocr_line' id='line_1_12' title="bbox 58 523 876 568; baseline -0.009 -11"><span class='ocrx_word' id='word_1_70' title='bbox 58 530 143 568; x_wconf 59' lang='lat' dir='ltr'>fin-rs:</span> <span class='ocrx_word' id='word_1_71' title='bbox 158 531 198 565; x_wconf 78' lang='grc' dir='ltr'>τῷ</span> <span class='ocrx_word' id='word_1_72' title='bbox 215 528 291 566; x_wconf 72' lang='grc' dir='ltr'>βάρει</span> <span class='ocrx_word' id='word_1_73' title='bbox 317 530 366 562; x_wconf 87' lang='grc' dir='ltr'>τῆς</span> <span class='ocrx_word' id='word_1_74' title='bbox 391 525 503 563; x_wconf 75' lang='grc' dir='ltr'>πληγῆς</span> <span class='ocrx_word' id='word_1_75' title='bbox 529 525 732 562; x_wconf 67' lang='grc' dir='ltr'>κατενεχθίντα,</span> <span class='ocrx_word' id='word_1_76' title='bbox 748 523 827 554; x_wconf 83' lang='grc' dir='ltr'>αὐτὸς</span> <span class='ocrx_word' id='word_1_77' title='bbox 848 523 876 550; x_wconf 75' lang='grc' dir='ltr'>δὲ</span> 
     </span>
    </p>
   </div>
   <div class='ocr_carea' id='block_1_13' title="bbox 59 567 874 609">
    <p class='ocr_par' dir='ltr' id='par_1_13' title="bbox 59 567 874 609">
     <span class='ocr_line' id='line_1_13' title="bbox 59 567 874 609; baseline -0.009 -7"><span class='ocrx_word' id='word_1_78' title='bbox 59 575 102 602; x_wconf 90' lang='grc' dir='ltr'>τὸν</span> <span class='ocrx_word' id='word_1_79' title='bbox 116 573 202 601; x_wconf 77' lang='grc' dir='ltr'>’ίππον</span> <span class='ocrx_word' id='word_1_80' title='bbox 218 571 356 609; x_wconf 85' lang='grc' dir='ltr'>κεντρίσας</span> <span class='ocrx_word' id='word_1_81' title='bbox 380 571 424 598; x_wconf 84' lang='grc' dir='ltr'>καὶ</span> <span class='ocrx_word' id='word_1_82' title='bbox 449 570 496 601; x_wconf 81' lang='grc' dir='ltr'>τὰς</span> <span class='ocrx_word' id='word_1_83' title='bbox 518 572 573 597; x_wconf 82' lang='grc' dir='ltr'>τῶν</span> <span class='ocrx_word' id='word_1_84' title='bbox 598 569 723 597; x_wconf 72' lang='grc' dir='ltr'>ἐναντίων</span> <span class='ocrx_word' id='word_1_85' title='bbox 741 567 874 605; x_wconf 81' lang='grc' dir='ltr'>διατεμὼν</span> 
     </span>
    </p>
   </div>
   <div class='ocr_carea' id='block_1_14' title="bbox 58 613 878 658">
    <p class='ocr_par' dir='ltr' id='par_1_14' title="bbox 58 613 878 658">
     <span class='ocr_line' id='line_1_14' title="bbox 58 613 878 658; baseline -0.009 -12"><span class='ocrx_word' id='word_1_86' title='bbox 58 619 196 658; x_wconf 69' lang='grc' dir='ltr'>φάλαγγας</span> <span class='ocrx_word' id='word_1_87' title='bbox 213 616 305 653; x_wconf 67' lang='grc' dir='ltr'>ἔξεισι,</span> <span class='ocrx_word' id='word_1_88' title='bbox 329 615 373 644; x_wconf 79' lang='grc' dir='ltr'>καὶ</span> <span class='ocrx_word' id='word_1_89' title='bbox 398 615 467 653; x_wconf 84' lang='grc' dir='ltr'>πρός</span> <span class='ocrx_word' id='word_1_90' title='bbox 489 625 550 642; x_wconf 88' lang='grc' dir='ltr'>τινα</span> <span class='ocrx_word' id='word_1_91' title='bbox 575 613 656 653; x_wconf 74' lang='grc' dir='ltr'>λὸφεν</span> <span class='ocrx_word' id='word_1_92' title='bbox 682 613 800 642; x_wconf 82' lang='grc' dir='ltr'>ἀνελθὼν</span> <span class='ocrx_word' id='word_1_93' title='bbox 814 613 878 644; x_wconf 85' lang='grc' dir='ltr'>τοὺς</span> 
     </span>
    </p>
   </div>
   <div class='ocr_carea' id='block_1_15' title="bbox 59 657 876 700">
    <p class='ocr_par' dir='ltr' id='par_1_15' title="bbox 59 657 876 700">
     <span class='ocr_line' id='line_1_15' title="bbox 59 657 876 700; baseline -0.007 -9"><span class='ocrx_word' id='word_1_94' title='bbox 59 657 87 691; x_wconf 68' lang='grc' dir='ltr'>ἐκ</span> <span class='ocrx_word' id='word_1_95' title='bbox 98 666 148 698; x_wconf 84' lang='grc' dir='ltr'>τῆς</span> <span class='ocrx_word' id='word_1_96' title='bbox 173 665 278 700; x_wconf 86' lang='grc' dir='ltr'>τροπῆς</span> <span class='ocrx_word' id='word_1_97' title='bbox 302 659 469 688; x_wconf 81' lang='grc' dir='ltr'>ἀνεκαλεῖτο.</span> <span class='ocrx_word' id='word_1_98' title='bbox 491 659 525 688; x_wconf 80' lang='grc' dir='ltr'>Οἱ</span> <span class='ocrx_word' id='word_1_99' title='bbox 548 658 576 686; x_wconf 68' lang='grc' dir='ltr'>δὲ</span> <span class='ocrx_word' id='word_1_100' title='bbox 602 659 663 697; x_wconf 86' lang='grc' dir='ltr'>περὶ</span> <span class='ocrx_word' id='word_1_101' title='bbox 687 659 732 686; x_wconf 83' lang='grc' dir='ltr'>τὸν</span> <span class='ocrx_word' id='word_1_102' title='bbox 750 657 876 695; x_wconf 86' lang='grc' dir='ltr'>Σκληρὸν</span> 
     </span>
    </p>
   </div>
   <div class='ocr_carea' id='block_1_16' title="bbox 58 702 878 745">
    <p class='ocr_par' dir='ltr' id='par_1_16' title="bbox 58 702 878 745">
     <span class='ocr_line' id='line_1_16' title="bbox 58 702 878 745; baseline -0.007 -9"><span class='ocrx_word' id='word_1_103' title='bbox 58 710 145 739; x_wconf 82' lang='grc' dir='ltr'>κακῶς</span> <span class='ocrx_word' id='word_1_104' title='bbox 173 706 274 745; x_wconf 82' lang='grc' dir='ltr'>ἔχοντα.</span> <span class='ocrx_word' id='word_1_105' title='bbox 304 707 400 734; x_wconf 82' lang='grc' dir='ltr'>τοῦτον</span> <span class='ocrx_word' id='word_1_106' title='bbox 435 703 466 732; x_wconf 80' lang='grc' dir='ltr'>ἐκ</span> <span class='ocrx_word' id='word_1_107' title='bbox 491 705 541 738; x_wconf 77' lang='grc' dir='ltr'>τῆς</span> <span class='ocrx_word' id='word_1_108' title='bbox 579 702 691 742; x_wconf 82' lang='grc' dir='ltr'>πληγῆς</span> <span class='ocrx_word' id='word_1_109' title='bbox 719 702 878 740; x_wconf 76' lang='grc' dir='ltr'>θεασάμενοι</span> 
     </span>
    </p>
   </div>
   <div class='ocr_carea' id='block_1_17' title="bbox 60 747 878 789">
    <p class='ocr_par' dir='ltr' id='par_1_17' title="bbox 60 747 878 789">
     <span class='ocr_line' id='line_1_17' title="bbox 60 747 878 789; baseline -0.009 -8"><span class='ocrx_word' id='word_1_110' title='bbox 60 753 102 781; x_wconf 80' lang='grc' dir='ltr'>καί</span> <span class='ocrx_word' id='word_1_111' title='bbox 117 752 172 788; x_wconf 74' lang='grc' dir='ltr'>ἤδη</span> <span class='ocrx_word' id='word_1_112' title='bbox 192 751 414 789; x_wconf 71' lang='grc' dir='ltr'>λειποψυχοῦντα</span> <span class='ocrx_word' id='word_1_113' title='bbox 429 750 468 785; x_wconf 84' lang='grc' dir='ltr'>τῷ</span> <span class='ocrx_word' id='word_1_114' title='bbox 483 748 618 787; x_wconf 83' lang='grc' dir='ltr'>τραύματι</span> <span class='ocrx_word' id='word_1_115' title='bbox 640 747 683 776; x_wconf 66' lang='grc' dir='ltr'>ὶπί</span> <span class='ocrx_word' id='word_1_116' title='bbox 704 758 765 775; x_wconf 89' lang='grc' dir='ltr'>τινα</span> <span class='ocrx_word' id='word_1_117' title='bbox 785 748 878 785; x_wconf 76' lang='grc' dir='ltr'>πηγὴν</span> 
     </span>
    </p>
   </div>
   <div class='ocr_carea' id='block_1_18' title="bbox 61 792 879 835">
    <p class='ocr_par' dir='ltr' id='par_1_18' title="bbox 61 792 879 835">
     <span class='ocr_line' id='line_1_18' title="bbox 61 792 879 835; baseline -0.007 -10"><span class='ocrx_word' id='word_1_118' title='bbox 61 797 154 835; x_wconf 72' lang='grc' dir='ltr'>ἄγουσι</span> <span class='ocrx_word' id='word_1_119' title='bbox 183 797 230 824; x_wconf 87' lang='grc' dir='ltr'>τὸν</span> <span class='ocrx_word' id='word_1_120' title='bbox 259 795 359 833; x_wconf 86' lang='grc' dir='ltr'>λύθρον</span> <span class='ocrx_word' id='word_1_121' title='bbox 389 793 608 830; x_wconf 76' lang='grc' dir='ltr'>ἀπονιψάμενον·</span> <span class='ocrx_word' id='word_1_122' title='bbox 641 792 798 821; x_wconf 84' lang='grc' dir='ltr'>ὑπώπτευον</span> <span class='ocrx_word' id='word_1_123' title='bbox 827 792 879 830; x_wconf 80' lang='grc' dir='ltr'>γὰρ</span> 
     </span>
    </p>
   </div>
   <div class='ocr_carea' id='block_1_19' title="bbox 59 837 879 876">
    <p class='ocr_par' dir='ltr' id='par_1_19' title="bbox 59 837 879 876">
     <span class='ocr_line' id='line_1_19' title="bbox 59 837 879 876; baseline -0.007 -6"><span class='ocrx_word' id='word_1_124' title='bbox 59 843 101 870; x_wconf 83' lang='grc' dir='ltr'>καὶ</span> <span class='ocrx_word' id='word_1_125' title='bbox 123 841 169 869; x_wconf 80' lang='grc' dir='ltr'>τὸν</span> <span class='ocrx_word' id='word_1_126' title='bbox 197 842 294 868; x_wconf 77' lang='grc' dir='ltr'>Φωκᾶν</span> <span class='ocrx_word' id='word_1_127' title='bbox 318 838 415 875; x_wconf 72' lang='grc' dir='ltr'>τελείῳ</span> <span class='ocrx_word' id='word_1_128' title='bbox 437 837 491 873; x_wconf 75' lang='grc' dir='ltr'>ἤδη</span> <span class='ocrx_word' id='word_1_129' title='bbox 513 837 699 876; x_wconf 78' lang='grc' dir='ltr'>παραδοθῆναι</span> <span class='ocrx_word' id='word_1_130' title='bbox 724 838 879 876; x_wconf 82' lang='grc' dir='ltr'>ἀφανισμῷ.</span> 
     </span>
    </p>
   </div>
   <div class='ocr_carea' id='block_1_20' title="bbox 60 881 882 922">
    <p class='ocr_par' dir='ltr' id='par_1_20' title="bbox 60 881 882 922">
     <span class='ocr_line' id='line_1_20' title="bbox 60 881 882 922; baseline -0.007 -7"><span class='ocrx_word' id='word_1_131' title='bbox 60 888 113 916; x_wconf 76' lang='grc' dir='ltr'>Τοῦ</span> <span class='ocrx_word' id='word_1_132' title='bbox 135 885 224 914; x_wconf 76' lang='grc' dir='ltr'>’ίππου</span> <span class='ocrx_word' id='word_1_133' title='bbox 253 883 281 912; x_wconf 74' lang='grc' dir='ltr'>δὲ</span> <span class='ocrx_word' id='word_1_134' title='bbox 310 884 559 922; x_wconf 77' lang='grc' dir='ltr'>ἆποσκιρτήσαντος</span> <span class='ocrx_word' id='word_1_135' title='bbox 587 882 632 910; x_wconf 85' lang='grc' dir='ltr'>καὶ</span> <span class='ocrx_word' id='word_1_136' title='bbox 656 883 701 910; x_wconf 86' lang='grc' dir='ltr'>τὸν</span> <span class='ocrx_word' id='word_1_137' title='bbox 730 881 882 919; x_wconf 68' lang='grc' dir='ltr'>κατέχοντα</span> 
     </span>
    </p>
   </div>
   <div class='ocr_carea' id='block_1_21' title="bbox 61 924 881 969">
    <p class='ocr_par' dir='ltr' id='par_1_21' title="bbox 61 924 881 969">
     <span class='ocr_line' id='line_1_21' title="bbox 61 924 881 969; baseline -0.007 -10"><span class='ocrx_word' id='word_1_138' title='bbox 61 930 228 969; x_wconf 78' lang='grc' dir='ltr'>ἀποδράντος</span> <span class='ocrx_word' id='word_1_139' title='bbox 257 929 302 957; x_wconf 83' lang='grc' dir='ltr'>καὶ</span> <span class='ocrx_word' id='word_1_140' title='bbox 342 927 386 956; x_wconf 70' lang='grc' dir='ltr'>διὰ</span> <span class='ocrx_word' id='word_1_141' title='bbox 422 930 476 956; x_wconf 84' lang='grc' dir='ltr'>τῶν</span> <span class='ocrx_word' id='word_1_142' title='bbox 515 927 721 964; x_wconf 80' lang='grc' dir='ltr'>στρατευμάτων</span> <span class='ocrx_word' id='word_1_143' title='bbox 752 924 881 954; x_wconf 74' lang='grc' dir='ltr'>ἑπιϐάτου</span> 
     </span>
    </p>
   </div>
   <div class='ocr_carea' id='block_1_22' title="bbox 61 971 880 1014">
    <p class='ocr_par' dir='ltr' id='par_1_22' title="bbox 61 971 880 1014">
     <span class='ocr_line' id='line_1_22' title="bbox 61 971 880 1014; baseline -0.006 -11"><span class='ocrx_word' id='word_1_144' title='bbox 61 975 147 1014; x_wconf 81' lang='grc' dir='ltr'>χωρὶς</span> <span class='ocrx_word' id='word_1_145' title='bbox 165 976 273 1007; x_wconf 71' lang='grc' dir='ltr'>θέοντος</span> <span class='ocrx_word' id='word_1_146' title='bbox 303 974 409 1009; x_wconf 77' lang='grc' dir='ltr'>ἀτάκτῳ</span> <span class='ocrx_word' id='word_1_147' title='bbox 439 972 522 1010; x_wconf 77' lang='grc' dir='ltr'>ῥύμῃ,</span> <span class='ocrx_word' id='word_1_148' title='bbox 538 972 582 999; x_wconf 83' lang='grc' dir='ltr'>καὶ</span> <span class='ocrx_word' id='word_1_149' title='bbox 606 974 647 1008; x_wconf 82' lang='grc' dir='ltr'>τῷ</span> <span class='ocrx_word' id='word_1_150' title='bbox 666 971 760 1008; x_wconf 74' lang='grc' dir='ltr'>αἶ’ματι</span> <span class='ocrx_word' id='word_1_151' title='bbox 776 981 880 1010; x_wconf 81' lang='grc' dir='ltr'>πεφυρ-</span> 
     </span>
    </p>
   </div>
   <div class='ocr_carea' id='block_1_23' title="bbox 63 1015 881 1058">
    <p class='ocr_par' dir='ltr' id='par_1_23' title="bbox 63 1015 881 1058">
     <span class='ocr_line' id='line_1_23' title="bbox 63 1015 881 1058; baseline -0.007 -10"><span class='ocrx_word' id='word_1_152' title='bbox 63 1021 143 1056; x_wconf 71' lang='grc' dir='ltr'>μένου</span> <span class='ocrx_word' id='word_1_153' title='bbox 168 1018 328 1058; x_wconf 67' lang='grc' dir='ltr'>(Αίγύπτιον</span> <span class='ocrx_word' id='word_1_154' title='bbox 352 1017 397 1045; x_wconf 83' lang='grc' dir='ltr'>τὸν</span> <span class='ocrx_word' id='word_1_155' title='bbox 424 1016 509 1045; x_wconf 78' lang='grc' dir='ltr'>’ίππον</span> <span class='ocrx_word' id='word_1_156' title='bbox 537 1015 675 1052; x_wconf 74' lang='grc' dir='ltr'>ἐκάλουν),</span> <span class='ocrx_word' id='word_1_157' title='bbox 700 1015 745 1043; x_wconf 86' lang='grc' dir='ltr'>καὶ</span> <span class='ocrx_word' id='word_1_158' title='bbox 760 1026 881 1052; x_wconf 88' lang='grc' dir='ltr'>καταμα-</span> 
     </span>
    </p>
   </div>
   <div class='ocr_carea' id='block_1_24' title="bbox 61 1061 880 1098">
    <p class='ocr_par' dir='ltr' id='par_1_24' title="bbox 61 1061 880 1098">
     <span class='ocr_line' id='line_1_24' title="bbox 61 1061 880 1098; baseline -0.007 -5"><span class='ocrx_word' id='word_1_159' title='bbox 61 1066 149 1097; x_wconf 76' lang='grc' dir='ltr'>θόντες</span> <span class='ocrx_word' id='word_1_160' title='bbox 164 1063 271 1094; x_wconf 74' lang='grc' dir='ltr'>οὗτινος</span> <span class='ocrx_word' id='word_1_161' title='bbox 297 1064 310 1090; x_wconf 98' lang='lat'>6</span> <span class='ocrx_word' id='word_1_162' title='bbox 337 1062 433 1098; x_wconf 67' lang='grc' dir='ltr'>ἵππος,</span> <span class='ocrx_word' id='word_1_163' title='bbox 455 1061 499 1089; x_wconf 83' lang='grc' dir='ltr'>καὶ</span> <span class='ocrx_word' id='word_1_164' title='bbox 525 1061 685 1098; x_wconf 71' lang='grc' dir='ltr'>νομίσαννες</span> <span class='ocrx_word' id='word_1_165' title='bbox 709 1061 754 1088; x_wconf 84' lang='grc' dir='ltr'>τὸν</span> <span class='ocrx_word' id='word_1_166' title='bbox 780 1061 880 1088; x_wconf 74' lang='grc' dir='ltr'>ἑαυτῶν</span> 
     </span>
    </p>
   </div>
   <div class='ocr_carea' id='block_1_25' title="bbox 62 1105 881 1148">
    <p class='ocr_par' dir='ltr' id='par_1_25' title="bbox 62 1105 881 1148">
     <span class='ocr_line' id='line_1_25' title="bbox 62 1105 881 1148; baseline -0.009 -10"><span class='ocrx_word' id='word_1_167' title='bbox 62 1109 182 1148; x_wconf 70' lang='grc' dir='ltr'>ἄρχοντα</span> <span class='ocrx_word' id='word_1_168' title='bbox 231 1105 583 1148; x_wconf 47' lang='grc' dir='ltr'>πεπτωκέναι,ψᾲκόσμέυς</span> <span class='ocrx_word' id='word_1_169' title='bbox 631 1105 774 1148; x_wconf 67' lang='grc' dir='ltr'>τρέπονται</span> <span class='ocrx_word' id='word_1_170' title='bbox 808 1105 881 1148; x_wconf 42' lang='grc' dir='ltr'>ξηρὸς</span> 
     </span>
    </p>
   </div>
   <div class='ocr_carea' id='block_1_26' title="bbox 61 1141 883 1184">
    <p class='ocr_par' dir='ltr' id='par_1_26' title="bbox 61 1141 883 1184">
     <span class='ocr_line' id='line_1_26' title="bbox 61 1141 883 1184; baseline -0.006 -11"><span class='ocrx_word' id='word_1_171' title='bbox 61 1141 158 1184; x_wconf 60' lang='grc' dir='ltr'>φυγὴν,</span> <span class='ocrx_word' id='word_1_172' title='bbox 183 1146 319 1181; x_wconf 83' lang='grc' dir='ltr'>κρημνοῖς</span> <span class='ocrx_word' id='word_1_173' title='bbox 349 1143 393 1170; x_wconf 82' lang='grc' dir='ltr'>καὶ</span> <span class='ocrx_word' id='word_1_174' title='bbox 419 1141 502 1171; x_wconf 76' lang='grc' dir='ltr'>’Ἀλυϊ</span> <span class='ocrx_word' id='word_1_175' title='bbox 522 1141 561 1178; x_wconf 83' lang='grc' dir='ltr'>τῷ</span> <span class='ocrx_word' id='word_1_176' title='bbox 583 1141 700 1178; x_wconf 75' lang='grc' dir='ltr'>ποταμῷ</span> <span class='ocrx_word' id='word_1_177' title='bbox 727 1141 883 1179; x_wconf 76' lang='grc' dir='ltr'>ῥιπτοῦντες</span> 
     </span>
    </p>
   </div>
   <div class='ocr_carea' id='block_1_27' title="bbox 62 1185 882 1223">
    <p class='ocr_par' dir='ltr' id='par_1_27' title="bbox 62 1185 882 1223">
     <span class='ocr_line' id='line_1_27' title="bbox 62 1185 882 1223; baseline -0.007 -5"><span class='ocrx_word' id='word_1_178' title='bbox 62 1190 172 1221; x_wconf 64' lang='grc' dir='ltr'>ἑαυτοὺς</span> <span class='ocrx_word' id='word_1_179' title='bbox 207 1190 252 1216; x_wconf 84' lang='grc' dir='ltr'>καὶ</span> <span class='ocrx_word' id='word_1_180' title='bbox 285 1187 390 1218; x_wconf 77' lang='grc' dir='ltr'>ἀκλεῶς</span> <span class='ocrx_word' id='word_1_181' title='bbox 429 1185 630 1223; x_wconf 84' lang='grc' dir='ltr'>ἀπολλύμενοι,</span> <span class='ocrx_word' id='word_1_182' title='bbox 662 1185 779 1223; x_wconf 74' lang='grc' dir='ltr'>μηδενὸς</span> <span class='ocrx_word' id='word_1_183' title='bbox 807 1185 882 1216; x_wconf 73' lang='grc' dir='ltr'>ὄντος</span> 
     </span>
    </p>
   </div>
   <div class='ocr_carea' id='block_1_28' title="bbox 60 1229 884 1264">
    <p class='ocr_par' dir='ltr' id='par_1_28' title="bbox 60 1229 884 1264">
     <span class='ocr_line' id='line_1_28' title="bbox 60 1229 884 1264; baseline -0.006 -2"><span class='ocrx_word' id='word_1_184' title='bbox 60 1236 107 1262; x_wconf 62' lang='grc' dir='ltr'>τοῦ</span> <span class='ocrx_word' id='word_1_185' title='bbox 133 1233 293 1264; x_wconf 79' lang='grc' dir='ltr'>διώκοντος,</span> <span class='ocrx_word' id='word_1_186' title='bbox 323 1233 410 1261; x_wconf 81' lang='grc' dir='ltr'>Τοῦτο</span> <span class='ocrx_word' id='word_1_187' title='bbox 439 1229 555 1259; x_wconf 81' lang='grc' dir='ltr'>κατιδὼν</span> <span class='ocrx_word' id='word_1_188' title='bbox 586 1231 600 1258; x_wconf 89' lang='lat'>6</span> <span class='ocrx_word' id='word_1_189' title='bbox 630 1233 728 1262; x_wconf 80' lang='grc' dir='ltr'>Φωκᾶς</span> <span class='ocrx_word' id='word_1_190' title='bbox 757 1231 809 1258; x_wconf 86' lang='grc' dir='ltr'>ἀπὸ</span> <span class='ocrx_word' id='word_1_191' title='bbox 836 1232 884 1258; x_wconf 82' lang='grc' dir='ltr'>τοῦ</span> 
     </span>
    </p>
   </div>
   <div class='ocr_carea' id='block_1_29' title="bbox 64 1275 883 1317">
    <p class='ocr_par' dir='ltr' id='par_1_29' title="bbox 64 1275 883 1317">
     <span class='ocr_line' id='line_1_29' title="bbox 64 1275 883 1317; baseline -0.006 -10"><span class='ocrx_word' id='word_1_192' title='bbox 64 1279 163 1317; x_wconf 72' lang='grc' dir='ltr'>λόφου,</span> <span class='ocrx_word' id='word_1_193' title='bbox 179 1278 224 1306; x_wconf 77' lang='grc' dir='ltr'>καὶ</span> <span class='ocrx_word' id='word_1_194' title='bbox 240 1279 311 1305; x_wconf 79' lang='grc' dir='ltr'>θεῖον</span> <span class='ocrx_word' id='word_1_195' title='bbox 343 1275 420 1315; x_wconf 77' lang='grc' dir='ltr'>ἔργον</span> <span class='ocrx_word' id='word_1_196' title='bbox 446 1276 512 1304; x_wconf 75' lang='grc' dir='ltr'>εἶναι</span> <span class='ocrx_word' id='word_1_197' title='bbox 540 1275 572 1303; x_wconf 87' lang='grc' dir='ltr'>τὸ</span> <span class='ocrx_word' id='word_1_198' title='bbox 599 1286 722 1314; x_wconf 81' lang='grc' dir='ltr'>πραγμα,</span> <span class='ocrx_word' id='word_1_199' title='bbox 745 1275 836 1313; x_wconf 82' lang='grc' dir='ltr'>ὥσπερ</span> <span class='ocrx_word' id='word_1_200' title='bbox 850 1276 883 1310; x_wconf 75' lang='grc' dir='ltr'>ἦν</span> 
     </span>
    </p>
   </div>
   <div class='ocr_carea' id='block_1_30' title="bbox 64 1319 885 1360">
    <p class='ocr_par' dir='ltr' id='par_1_30' title="bbox 64 1319 885 1360">
     <span class='ocr_line' id='line_1_30' title="bbox 64 1319 885 1360; baseline -0.005 -9"><span class='ocrx_word' id='word_1_201' title='bbox 64 1324 145 1360; x_wconf 79' lang='grc' dir='ltr'>εἶκὸς,</span> <span class='ocrx_word' id='word_1_202' title='bbox 164 1321 346 1357; x_wconf 77' lang='grc' dir='ltr'>ὑποτοπάσας,</span> <span class='ocrx_word' id='word_1_203' title='bbox 371 1321 474 1348; x_wconf 81' lang='grc' dir='ltr'>κάτεισι</span> <span class='ocrx_word' id='word_1_204' title='bbox 498 1319 565 1357; x_wconf 85' lang='grc' dir='ltr'>μετᾶ</span> <span class='ocrx_word' id='word_1_205' title='bbox 592 1322 645 1348; x_wconf 82' lang='grc' dir='ltr'>τῶν</span> <span class='ocrx_word' id='word_1_206' title='bbox 669 1319 802 1348; x_wconf 85' lang='grc' dir='ltr'>συνόντων</span> <span class='ocrx_word' id='word_1_207' title='bbox 825 1320 885 1348; x_wconf 75' lang='grc' dir='ltr'>ἐπι-</span> 
     </span>
    </p>
   </div>
   <div class='ocr_carea' id='block_1_31' title="bbox 927 252 1750 289">
    <p class='ocr_par' dir='ltr' id='par_1_31' title="bbox 927 252 1750 289">
     <span class='ocr_line' id='line_1_31' title="bbox 927 252 1750 289; baseline 0.004 -9"><span class='ocrx_word' id='word_1_208' title='bbox 927 255 979 289; x_wconf 91' lang='lat' dir='ltr'>put</span> <span class='ocrx_word' id='word_1_209' title='bbox 990 253 1059 280; x_wconf 89' lang='lat' dir='ltr'>Duri</span> <span class='ocrx_word' id='word_1_210' title='bbox 1071 253 1152 281; x_wconf 80' lang='lat' dir='ltr'>clava</span> <span class='ocrx_word' id='word_1_211' title='bbox 1162 253 1205 281; x_wconf 83' lang='lat' dir='ltr'>ita</span> <span class='ocrx_word' id='word_1_212' title='bbox 1220 253 1295 288; x_wconf 83' lang='lat' dir='ltr'>ferit,</span> <span class='ocrx_word' id='word_1_213' title='bbox 1304 255 1336 281; x_wconf 89' lang='lat' dir='ltr'>ut</span> <span class='ocrx_word' id='word_1_214' title='bbox 1346 252 1371 280; x_wconf 88' lang='lat' dir='ltr'>is</span> <span class='ocrx_word' id='word_1_215' title='bbox 1382 253 1408 280; x_wconf 95' lang='lat' dir='ltr'>vi</span> <span class='ocrx_word' id='word_1_216' title='bbox 1425 253 1482 281; x_wconf 91' lang='lat' dir='ltr'>ictu</span> <span class='ocrx_word' id='word_1_217' title='bbox 1501 256 1666 289; x_wconf 76' lang='lat' dir='ltr'>prostratus</span> <span class='ocrx_word' id='word_1_218' title='bbox 1676 255 1750 283; x_wconf 88' lang='lat' dir='ltr'>collo</span> 
     </span>
    </p>
   </div>
   <div class='ocr_carea' id='block_1_32' title="bbox 926 297 1751 334">
    <p class='ocr_par' dir='ltr' id='par_1_32' title="bbox 926 297 1751 334">
     <span class='ocr_line' id='line_1_32' title="bbox 926 297 1751 334; baseline 0.001 -9"><span class='ocrx_word' id='word_1_219' title='bbox 926 297 994 333; x_wconf 86' lang='lat' dir='ltr'>equi</span> <span class='ocrx_word' id='word_1_220' title='bbox 1009 297 1211 325; x_wconf 84' lang='lat' dir='ltr'>incumberet:</span> <span class='ocrx_word' id='word_1_221' title='bbox 1224 298 1287 333; x_wconf 86' lang='lat' dir='ltr'>ipse</span> <span class='ocrx_word' id='word_1_222' title='bbox 1300 298 1452 326; x_wconf 80' lang='lat' dir='ltr'>ordinibus</span> <span class='ocrx_word' id='word_1_223' title='bbox 1463 297 1592 326; x_wconf 90' lang='lat' dir='ltr'>hostium</span> <span class='ocrx_word' id='word_1_224' title='bbox 1604 299 1751 334; x_wconf 79' lang='lat' dir='ltr'>perruptis</span> 
     </span>
    </p>
   </div>
   <div class='ocr_carea' id='block_1_33' title="bbox 928 342 1751 378">
    <p class='ocr_par' dir='ltr' id='par_1_33' title="bbox 928 342 1751 378">
     <span class='ocr_line' id='line_1_33' title="bbox 928 342 1751 378; baseline 0.002 -9"><span class='ocrx_word' id='word_1_225' title='bbox 928 342 1017 370; x_wconf 88' lang='lat' dir='ltr'>citato</span> <span class='ocrx_word' id='word_1_226' title='bbox 1033 351 1108 378; x_wconf 91' lang='lat' dir='ltr'>equo</span> <span class='ocrx_word' id='word_1_227' title='bbox 1124 342 1229 377; x_wconf 79' lang='lat' dir='ltr'>evadit,</span> <span class='ocrx_word' id='word_1_228' title='bbox 1241 344 1270 370; x_wconf 92' lang='lat' dir='ltr'>et</span> <span class='ocrx_word' id='word_1_229' title='bbox 1291 343 1321 369; x_wconf 89' lang='lat' dir='ltr'>in</span> <span class='ocrx_word' id='word_1_230' title='bbox 1345 342 1494 370; x_wconf 86' lang='lat' dir='ltr'>tumulum</span> <span class='ocrx_word' id='word_1_231' title='bbox 1510 344 1668 378; x_wconf 79' lang='lat' dir='ltr'>quemdam</span> <span class='ocrx_word' id='word_1_232' title='bbox 1685 352 1751 371; x_wconf 85' lang='lat' dir='ltr'>eve-</span> 
     </span>
    </p>
   </div>
   <div class='ocr_carea' id='block_1_34' title="bbox 929 386 1752 423">
    <p class='ocr_par' dir='ltr' id='par_1_34' title="bbox 929 386 1752 423">
     <span class='ocr_line' id='line_1_34' title="bbox 929 386 1752 423; baseline 0.002 -9"><span class='ocrx_word' id='word_1_233' title='bbox 929 388 994 414; x_wconf 89' lang='lat' dir='ltr'>ctus</span> <span class='ocrx_word' id='word_1_234' title='bbox 1009 395 1079 415; x_wconf 85' lang='lat' dir='ltr'>suos</span> <span class='ocrx_word' id='word_1_235' title='bbox 1089 395 1105 414; x_wconf 91' lang='lat' dir='ltr'>e</span> <span class='ocrx_word' id='word_1_236' title='bbox 1119 387 1186 422; x_wconf 84' lang='lat' dir='ltr'>fuga</span> <span class='ocrx_word' id='word_1_237' title='bbox 1197 386 1317 423; x_wconf 83' lang='lat' dir='ltr'>colligit.</span> <span class='ocrx_word' id='word_1_238' title='bbox 1330 386 1442 414; x_wconf 90' lang='lat' dir='ltr'>Durum</span> <span class='ocrx_word' id='word_1_239' title='bbox 1453 387 1498 414; x_wconf 89' lang='lat' dir='ltr'>sui</span> <span class='ocrx_word' id='word_1_240' title='bbox 1511 387 1638 423; x_wconf 76' lang='lat' dir='ltr'>graviter</span> <span class='ocrx_word' id='word_1_241' title='bbox 1647 396 1682 415; x_wconf 84' lang='lat' dir='ltr'>ex</span> <span class='ocrx_word' id='word_1_242' title='bbox 1692 388 1752 416; x_wconf 90' lang='lat' dir='ltr'>ictu</span> 
     </span>
    </p>
   </div>
   <div class='ocr_carea' id='block_1_35' title="bbox 928 431 1753 468">
    <p class='ocr_par' dir='ltr' id='par_1_35' title="bbox 928 431 1753 468">
     <span class='ocr_line' id='line_1_35' title="bbox 928 431 1753 468; baseline 0.002 -10"><span class='ocrx_word' id='word_1_243' title='bbox 928 431 1061 459; x_wconf 80' lang='lat' dir='ltr'>laborare</span> <span class='ocrx_word' id='word_1_244' title='bbox 1086 431 1206 467; x_wconf 83' lang='lat' dir='ltr'>jamque</span> <span class='ocrx_word' id='word_1_245' title='bbox 1234 431 1332 459; x_wconf 88' lang='lat' dir='ltr'>animo</span> <span class='ocrx_word' id='word_1_246' title='bbox 1362 431 1531 467; x_wconf 84' lang='lat' dir='ltr'>delinquere</span> <span class='ocrx_word' id='word_1_247' title='bbox 1554 432 1696 468; x_wconf 84' lang='lat' dir='ltr'>videntes,</span> <span class='ocrx_word' id='word_1_248' title='bbox 1717 433 1753 460; x_wconf 83' lang='lat' dir='ltr'>ad</span> 
     </span>
    </p>
   </div>
   <div class='ocr_carea' id='block_1_36' title="bbox 929 475 1754 512">
    <p class='ocr_par' dir='ltr' id='par_1_36' title="bbox 929 475 1754 512">
     <span class='ocr_line' id='line_1_36' title="bbox 929 475 1754 512; baseline 0.002 -9"><span class='ocrx_word' id='word_1_249' title='bbox 929 475 1038 503; x_wconf 84' lang='lat' dir='ltr'>fontem</span> <span class='ocrx_word' id='word_1_250' title='bbox 1055 477 1209 512; x_wconf 81' lang='lat' dir='ltr'>quemdam</span> <span class='ocrx_word' id='word_1_251' title='bbox 1220 476 1370 504; x_wconf 88' lang='lat' dir='ltr'>adducunt</span> <span class='ocrx_word' id='word_1_252' title='bbox 1385 476 1498 504; x_wconf 87' lang='lat' dir='ltr'>cruoris</span> <span class='ocrx_word' id='word_1_253' title='bbox 1513 476 1630 504; x_wconf 90' lang='lat' dir='ltr'>eluendi</span> <span class='ocrx_word' id='word_1_254' title='bbox 1646 485 1734 505; x_wconf 87' lang='lat' dir='ltr'>causa</span> <span class='ocrx_word' id='word_1_255' title='bbox 1747 486 1754 505; x_wconf 93' lang='lat'><strong>:</strong></span> 
     </span>
    </p>
   </div>
   <div class='ocr_carea' id='block_1_37' title="bbox 931 521 1754 557">
    <p class='ocr_par' dir='ltr' id='par_1_37' title="bbox 931 521 1754 557">
     <span class='ocr_line' id='line_1_37' title="bbox 931 521 1754 557; baseline 0.002 -9"><span class='ocrx_word' id='word_1_256' title='bbox 931 528 999 548; x_wconf 86' lang='lat' dir='ltr'>nam</span> <span class='ocrx_word' id='word_1_257' title='bbox 1015 523 1112 548; x_wconf 87' lang='lat' dir='ltr'>actum</span> <span class='ocrx_word' id='word_1_258' title='bbox 1132 521 1194 556; x_wconf 87' lang='lat' dir='ltr'>jam</span> <span class='ocrx_word' id='word_1_259' title='bbox 1216 529 1336 556; x_wconf 84' lang='lat' dir='ltr'>prorsus</span> <span class='ocrx_word' id='word_1_260' title='bbox 1360 528 1424 548; x_wconf 89' lang='lat' dir='ltr'>esse</span> <span class='ocrx_word' id='word_1_261' title='bbox 1439 521 1475 549; x_wconf 90' lang='lat' dir='ltr'>de</span> <span class='ocrx_word' id='word_1_262' title='bbox 1490 521 1585 550; x_wconf 80' lang='lat' dir='ltr'>Phoce</span> <span class='ocrx_word' id='word_1_263' title='bbox 1599 522 1754 557; x_wconf 86' lang='lat' dir='ltr'>putabant.</span> 
     </span>
    </p>
   </div>
   <div class='ocr_carea' id='block_1_38' title="bbox 930 565 1756 602">
    <p class='ocr_par' dir='ltr' id='par_1_38' title="bbox 930 565 1756 602">
     <span class='ocr_line' id='line_1_38' title="bbox 930 565 1756 602; baseline 0.004 -10"><span class='ocrx_word' id='word_1_264' title='bbox 930 565 974 592; x_wconf 89' lang='lat' dir='ltr'>lbi</span> <span class='ocrx_word' id='word_1_265' title='bbox 991 573 1057 592; x_wconf 92' lang='lat' dir='ltr'>cum</span> <span class='ocrx_word' id='word_1_266' title='bbox 1074 573 1168 600; x_wconf 86' lang='lat' dir='ltr'>equus</span> <span class='ocrx_word' id='word_1_267' title='bbox 1188 565 1269 600; x_wconf 89' lang='lat' dir='ltr'>Duri,</span> <span class='ocrx_word' id='word_1_268' title='bbox 1285 565 1433 601; x_wconf 65' lang='lat' dir='ltr'>Egyptius</span> <span class='ocrx_word' id='word_1_269' title='bbox 1459 565 1586 599; x_wconf 84' lang='lat' dir='ltr'>nomine,</span> <span class='ocrx_word' id='word_1_270' title='bbox 1603 566 1640 594; x_wconf 88' lang='lat' dir='ltr'>ab</span> <span class='ocrx_word' id='word_1_271' title='bbox 1656 574 1689 595; x_wconf 90' lang='lat' dir='ltr'>eo</span> <span class='ocrx_word' id='word_1_272' title='bbox 1705 567 1756 602; x_wconf 87' lang='lat' dir='ltr'>qui</span> 
     </span>
    </p>
   </div>
   <div class='ocr_carea' id='block_1_39' title="bbox 931 609 1756 648">
    <p class='ocr_par' dir='ltr' id='par_1_39' title="bbox 931 609 1756 648">
     <span class='ocr_line' id='line_1_39' title="bbox 931 609 1756 648; baseline 0.002 -11"><span class='ocrx_word' id='word_1_273' title='bbox 931 610 1028 645; x_wconf 88' lang='lat' dir='ltr'>ipsum</span> <span class='ocrx_word' id='word_1_274' title='bbox 1043 610 1172 645; x_wconf 85' lang='lat' dir='ltr'>tenebat,</span> <span class='ocrx_word' id='word_1_275' title='bbox 1184 618 1214 638; x_wconf 88' lang='lat' dir='ltr'>se</span> <span class='ocrx_word' id='word_1_276' title='bbox 1227 609 1385 642; x_wconf 75' lang='lat' dir='ltr'>evellisset,</span> <span class='ocrx_word' id='word_1_277' title='bbox 1395 619 1428 638; x_wconf 85' lang='lat' dir='ltr'>ac</span> <span class='ocrx_word' id='word_1_278' title='bbox 1443 610 1505 638; x_wconf 88' lang='lat' dir='ltr'>sine</span> <span class='ocrx_word' id='word_1_279' title='bbox 1517 619 1631 639; x_wconf 88' lang='lat' dir='ltr'>sessore</span> <span class='ocrx_word' id='word_1_280' title='bbox 1644 620 1696 648; x_wconf 87' lang='lat' dir='ltr'>por</span> <span class='ocrx_word' id='word_1_281' title='bbox 1710 620 1756 639; x_wconf 86' lang='lat' dir='ltr'>or-</span> 
     </span>
    </p>
   </div>
   <div class='ocr_carea' id='block_1_40' title="bbox 933 655 1756 691">
    <p class='ocr_par' dir='ltr' id='par_1_40' title="bbox 933 655 1756 691">
     <span class='ocr_line' id='line_1_40' title="bbox 933 655 1756 691; baseline 0.001 -9"><span class='ocrx_word' id='word_1_282' title='bbox 933 655 1017 682; x_wconf 88' lang='lat' dir='ltr'>dines</span> <span class='ocrx_word' id='word_1_283' title='bbox 1039 655 1148 682; x_wconf 85' lang='lat' dir='ltr'>incerto</span> <span class='ocrx_word' id='word_1_284' title='bbox 1173 655 1283 690; x_wconf 78' lang='lat' dir='ltr'>impetu</span> <span class='ocrx_word' id='word_1_285' title='bbox 1299 663 1401 682; x_wconf 83' lang='lat' dir='ltr'>cruore</span> <span class='ocrx_word' id='word_1_286' title='bbox 1418 655 1552 690; x_wconf 87' lang='lat' dir='ltr'>oppletus</span> <span class='ocrx_word' id='word_1_287' title='bbox 1568 656 1756 691; x_wconf 82' lang='lat' dir='ltr'>discurreret,</span> 
     </span>
    </p>
   </div>
   <div class='ocr_carea' id='block_1_41' title="bbox 933 699 1758 735">
    <p class='ocr_par' dir='ltr' id='par_1_41' title="bbox 933 699 1758 735">
     <span class='ocr_line' id='line_1_41' title="bbox 933 699 1758 735; baseline 0.001 -8"><span class='ocrx_word' id='word_1_288' title='bbox 933 699 1031 735; x_wconf 84' lang='lat' dir='ltr'>agnito</span> <span class='ocrx_word' id='word_1_289' title='bbox 1047 707 1079 727; x_wconf 92' lang='lat' dir='ltr'>eo</span> <span class='ocrx_word' id='word_1_290' title='bbox 1100 699 1209 727; x_wconf 85' lang='lat' dir='ltr'>milites</span> <span class='ocrx_word' id='word_1_291' title='bbox 1233 699 1311 735; x_wconf 88' lang='lat' dir='ltr'>Duri,</span> <span class='ocrx_word' id='word_1_292' title='bbox 1329 707 1417 727; x_wconf 91' lang='lat' dir='ltr'>suum</span> <span class='ocrx_word' id='word_1_293' title='bbox 1441 699 1647 735; x_wconf 81' lang='lat' dir='ltr'>imperatorem</span> <span class='ocrx_word' id='word_1_294' title='bbox 1672 709 1758 728; x_wconf 90' lang='lat' dir='ltr'>occu-</span> 
     </span>
    </p>
   </div>
   <div class='ocr_carea' id='block_1_42' title="bbox 935 743 1760 781">
    <p class='ocr_par' dir='ltr' id='par_1_42' title="bbox 935 743 1760 781">
     <span class='ocr_line' id='line_1_42' title="bbox 935 743 1760 781; baseline 0.002 -10"><span class='ocrx_word' id='word_1_295' title='bbox 935 743 1033 772; x_wconf 84' lang='lat' dir='ltr'>buisse</span> <span class='ocrx_word' id='word_1_296' title='bbox 1049 743 1114 778; x_wconf 90' lang='lat' dir='ltr'>rati,</span> <span class='ocrx_word' id='word_1_297' title='bbox 1129 744 1228 779; x_wconf 84' lang='lat' dir='ltr'>fugam</span> <span class='ocrx_word' id='word_1_298' title='bbox 1244 743 1442 772; x_wconf 81' lang='lat' dir='ltr'>inordinatam</span> <span class='ocrx_word' id='word_1_299' title='bbox 1458 744 1580 777; x_wconf 85' lang='lat' dir='ltr'>faciunt,</span> <span class='ocrx_word' id='word_1_300' title='bbox 1596 752 1647 780; x_wconf 87' lang='lat' dir='ltr'>per</span> <span class='ocrx_word' id='word_1_301' title='bbox 1662 745 1760 781; x_wconf 68' lang='lat' dir='ltr'>praeci-</span> 
     </span>
    </p>
   </div>
   <div class='ocr_carea' id='block_1_43' title="bbox 935 788 1759 825">
    <p class='ocr_par' dir='ltr' id='par_1_43' title="bbox 935 788 1759 825">
     <span class='ocr_line' id='line_1_43' title="bbox 935 788 1759 825; baseline 0.002 -9"><span class='ocrx_word' id='word_1_302' title='bbox 935 788 1008 825; x_wconf 86' lang='lat' dir='ltr'>pitia</span> <span class='ocrx_word' id='word_1_303' title='bbox 1024 797 1087 816; x_wconf 86' lang='lat' dir='ltr'>sese</span> <span class='ocrx_word' id='word_1_304' title='bbox 1110 790 1139 816; x_wconf 80' lang='lat' dir='ltr'>et</span> <span class='ocrx_word' id='word_1_305' title='bbox 1162 789 1191 816; x_wconf 89' lang='lat' dir='ltr'>in</span> <span class='ocrx_word' id='word_1_306' title='bbox 1216 788 1288 825; x_wconf 85' lang='lat' dir='ltr'>Alyn</span> <span class='ocrx_word' id='word_1_307' title='bbox 1314 797 1430 816; x_wconf 89' lang='lat' dir='ltr'>amnem</span> <span class='ocrx_word' id='word_1_308' title='bbox 1446 788 1617 824; x_wconf 87' lang='lat' dir='ltr'>dejicientes</span> <span class='ocrx_word' id='word_1_309' title='bbox 1633 790 1710 817; x_wconf 72' lang='lat'>488</span> <span class='ocrx_word' id='word_1_310' title='bbox 1726 798 1759 818; x_wconf 84' lang='lat' dir='ltr'>ae</span> 
     </span>
    </p>
   </div>
   <div class='ocr_carea' id='block_1_44' title="bbox 935 833 1760 869">
    <p class='ocr_par' dir='ltr' id='par_1_44' title="bbox 935 833 1760 869">
     <span class='ocr_line' id='line_1_44' title="bbox 935 833 1760 869; baseline 0.001 -8"><span class='ocrx_word' id='word_1_311' title='bbox 935 833 1062 869; x_wconf 83' lang='lat' dir='ltr'>turpiter</span> <span class='ocrx_word' id='word_1_312' title='bbox 1091 835 1258 869; x_wconf 86' lang='lat' dir='ltr'>pereuntes,</span> <span class='ocrx_word' id='word_1_313' title='bbox 1283 833 1399 861; x_wconf 88' lang='lat' dir='ltr'>nemine</span> <span class='ocrx_word' id='word_1_314' title='bbox 1421 833 1604 869; x_wconf 84' lang='lat' dir='ltr'>insequente.</span> <span class='ocrx_word' id='word_1_315' title='bbox 1621 833 1702 866; x_wconf 84' lang='lat' dir='ltr'>Quod</span> <span class='ocrx_word' id='word_1_316' title='bbox 1717 834 1760 869; x_wconf 67' lang='lat' dir='ltr'>,de</span> 
     </span>
    </p>
   </div>
   <div class='ocr_carea' id='block_1_45' title="bbox 937 877 1760 913">
    <p class='ocr_par' dir='ltr' id='par_1_45' title="bbox 937 877 1760 913">
     <span class='ocr_line' id='line_1_45' title="bbox 937 877 1760 913; baseline 0 -7"><span class='ocrx_word' id='word_1_317' title='bbox 937 878 1009 906; x_wconf 90' lang='lat' dir='ltr'>colle</span> <span class='ocrx_word' id='word_1_318' title='bbox 1025 878 1126 906; x_wconf 89' lang='lat' dir='ltr'>videns</span> <span class='ocrx_word' id='word_1_319' title='bbox 1146 878 1268 912; x_wconf 85' lang='lat' dir='ltr'>Phocas,</span> <span class='ocrx_word' id='word_1_320' title='bbox 1285 878 1393 913; x_wconf 84' lang='lat' dir='ltr'>Deique</span> <span class='ocrx_word' id='word_1_321' title='bbox 1415 877 1469 905; x_wconf 89' lang='lat' dir='ltr'>hoc</span> <span class='ocrx_word' id='word_1_322' title='bbox 1486 878 1558 911; x_wconf 84' lang='lat' dir='ltr'>ﬁeri,</span> <span class='ocrx_word' id='word_1_323' title='bbox 1576 880 1608 905; x_wconf 91' lang='lat' dir='ltr'>ut</span> <span class='ocrx_word' id='word_1_324' title='bbox 1623 887 1693 906; x_wconf 87' lang='lat' dir='ltr'>sane</span> <span class='ocrx_word' id='word_1_325' title='bbox 1709 879 1760 906; x_wconf 85' lang='lat' dir='ltr'>tie-</span> 
     </span>
    </p>
   </div>
   <div class='ocr_carea' id='block_1_46' title="bbox 936 923 1760 960">
    <p class='ocr_par' dir='ltr' id='par_1_46' title="bbox 936 923 1760 960">
     <span class='ocr_line' id='line_1_46' title="bbox 936 923 1760 960; baseline 0 -9"><span class='ocrx_word' id='word_1_326' title='bbox 936 923 996 956; x_wconf 83' lang='lat' dir='ltr'>bat,</span> <span class='ocrx_word' id='word_1_327' title='bbox 1008 925 1081 951; x_wconf 88' lang='lat' dir='ltr'>nutu</span> <span class='ocrx_word' id='word_1_328' title='bbox 1098 923 1238 957; x_wconf 83' lang='lat' dir='ltr'>sentiens,</span> <span class='ocrx_word' id='word_1_329' title='bbox 1252 931 1317 950; x_wconf 90' lang='lat' dir='ltr'>cum</span> <span class='ocrx_word' id='word_1_330' title='bbox 1334 923 1397 950; x_wconf 85' lang='lat' dir='ltr'>suis</span> <span class='ocrx_word' id='word_1_331' title='bbox 1412 923 1564 951; x_wconf 85' lang='lat' dir='ltr'>descendit</span> <span class='ocrx_word' id='word_1_332' title='bbox 1578 926 1607 951; x_wconf 85' lang='lat' dir='ltr'>et</span> <span class='ocrx_word' id='word_1_333' title='bbox 1621 923 1760 960; x_wconf 83' lang='lat' dir='ltr'>fugienti-</span> 
     </span>
    </p>
   </div>
   <div class='ocr_carea' id='block_1_47' title="bbox 936 967 1762 1003">
    <p class='ocr_par' dir='ltr' id='par_1_47' title="bbox 936 967 1762 1003">
     <span class='ocr_line' id='line_1_47' title="bbox 936 967 1762 1003; baseline 0.001 -8"><span class='ocrx_word' id='word_1_334' title='bbox 936 968 992 996; x_wconf 86' lang='lat' dir='ltr'>bus</span> <span class='ocrx_word' id='word_1_335' title='bbox 1014 967 1114 1003; x_wconf 81' lang='lat' dir='ltr'>instat,</span> <span class='ocrx_word' id='word_1_336' title='bbox 1131 976 1195 996; x_wconf 88' lang='lat' dir='ltr'>sese</span> <span class='ocrx_word' id='word_1_337' title='bbox 1220 967 1342 996; x_wconf 86' lang='lat' dir='ltr'>invicem</span> <span class='ocrx_word' id='word_1_338' title='bbox 1368 967 1608 996; x_wconf 84' lang='lat' dir='ltr'>conculcantibus</span> <span class='ocrx_word' id='word_1_339' title='bbox 1624 970 1652 995; x_wconf 88' lang='lat' dir='ltr'>et</span> <span class='ocrx_word' id='word_1_340' title='bbox 1667 968 1762 996; x_wconf 87' lang='lat' dir='ltr'>omnis</span> 
     </span>
    </p>
   </div>
   <div class='ocr_carea' id='block_1_48' title="bbox 937 1011 1762 1048">
    <p class='ocr_par' dir='ltr' id='par_1_48' title="bbox 937 1011 1762 1048">
     <span class='ocr_line' id='line_1_48' title="bbox 937 1011 1762 1048; baseline 0 -8"><span class='ocrx_word' id='word_1_341' title='bbox 937 1012 1116 1040; x_wconf 88' lang='lat' dir='ltr'>defensionis</span> <span class='ocrx_word' id='word_1_342' title='bbox 1136 1011 1246 1044; x_wconf 85' lang='lat' dir='ltr'>oblitis,</span> <span class='ocrx_word' id='word_1_343' title='bbox 1258 1020 1419 1047; x_wconf 88' lang='lat' dir='ltr'>eorumque</span> <span class='ocrx_word' id='word_1_344' title='bbox 1435 1011 1507 1039; x_wconf 90' lang='lat' dir='ltr'>alios</span> <span class='ocrx_word' id='word_1_345' title='bbox 1522 1012 1670 1048; x_wconf 83' lang='lat' dir='ltr'>interﬁcit,</span> <span class='ocrx_word' id='word_1_346' title='bbox 1689 1013 1762 1041; x_wconf 86' lang='lat' dir='ltr'>alios</span> 
     </span>
    </p>
   </div>
   <div class='ocr_carea' id='block_1_49' title="bbox 937 1056 1763 1093">
    <p class='ocr_par' dir='ltr' id='par_1_49' title="bbox 937 1056 1763 1093">
     <span class='ocr_line' id='line_1_49' title="bbox 937 1056 1763 1093; baseline 0.001 -9"><span class='ocrx_word' id='word_1_347' title='bbox 937 1057 1025 1092; x_wconf 82' lang='lat' dir='ltr'>capit.</span> <span class='ocrx_word' id='word_1_348' title='bbox 1038 1059 1133 1084; x_wconf 88' lang='lat' dir='ltr'>Durus</span> <span class='ocrx_word' id='word_1_349' title='bbox 1145 1065 1211 1084; x_wconf 90' lang='lat' dir='ltr'>cum</span> <span class='ocrx_word' id='word_1_350' title='bbox 1224 1056 1326 1092; x_wconf 89' lang='lat' dir='ltr'>paucis</span> <span class='ocrx_word' id='word_1_351' title='bbox 1337 1056 1455 1092; x_wconf 89' lang='lat' dir='ltr'>elapsus</span> <span class='ocrx_word' id='word_1_352' title='bbox 1466 1056 1683 1093; x_wconf 86' lang='lat' dir='ltr'>Martyropolim</span> <span class='ocrx_word' id='word_1_353' title='bbox 1696 1065 1763 1085; x_wconf 88' lang='lat' dir='ltr'>con-</span> 
     </span>
    </p>
   </div>
   <div class='ocr_carea' id='block_1_50' title="bbox 937 1101 1761 1135">
    <p class='ocr_par' dir='ltr' id='par_1_50' title="bbox 937 1101 1761 1135">
     <span class='ocr_line' id='line_1_50' title="bbox 937 1101 1761 1135; baseline 0.002 -7"><span class='ocrx_word' id='word_1_354' title='bbox 937 1101 1021 1135; x_wconf 82' lang='lat' dir='ltr'>fugit.</span> <span class='ocrx_word' id='word_1_355' title='bbox 1032 1101 1102 1128; x_wconf 88' lang='lat' dir='ltr'>Inde</span> <span class='ocrx_word' id='word_1_356' title='bbox 1111 1101 1227 1129; x_wconf 79' lang='lat' dir='ltr'>fratrem</span> <span class='ocrx_word' id='word_1_357' title='bbox 1238 1109 1326 1129; x_wconf 89' lang='lat' dir='ltr'>suum</span> <span class='ocrx_word' id='word_1_358' title='bbox 1334 1101 1559 1129; x_wconf 86' lang='lat' dir='ltr'>Constantinum</span> <span class='ocrx_word' id='word_1_359' title='bbox 1571 1102 1605 1129; x_wconf 84' lang='lat' dir='ltr'>ad</span> <span class='ocrx_word' id='word_1_360' title='bbox 1615 1102 1761 1130; x_wconf 80' lang='lat' dir='ltr'>Cbosroen</span> 
     </span>
    </p>
   </div>
   <div class='ocr_carea' id='block_1_51' title="bbox 938 1144 1764 1181">
    <p class='ocr_par' dir='ltr' id='par_1_51' title="bbox 938 1144 1764 1181">
     <span class='ocr_line' id='line_1_51' title="bbox 938 1144 1764 1181; baseline 0.001 -8"><span class='ocrx_word' id='word_1_361' title='bbox 938 1144 1092 1181; x_wconf 70' lang='lat' dir='ltr'>Babylonis</span> <span class='ocrx_word' id='word_1_362' title='bbox 1116 1145 1279 1181; x_wconf 88' lang='lat' dir='ltr'>principem</span> <span class='ocrx_word' id='word_1_363' title='bbox 1304 1145 1394 1173; x_wconf 78' lang='lat' dir='ltr'>mittit</span> <span class='ocrx_word' id='word_1_364' title='bbox 1417 1149 1586 1173; x_wconf 85' lang='lat' dir='ltr'>societatem</span> <span class='ocrx_word' id='word_1_365' title='bbox 1606 1148 1636 1174; x_wconf 88' lang='lat' dir='ltr'>et</span> <span class='ocrx_word' id='word_1_366' title='bbox 1655 1146 1764 1174; x_wconf 84' lang='lat' dir='ltr'>auxilia</span> 
     </span>
    </p>
   </div>
   <div class='ocr_carea' id='block_1_52' title="bbox 937 1190 1765 1227">
    <p class='ocr_par' dir='ltr' id='par_1_52' title="bbox 937 1190 1765 1227">
     <span class='ocr_line' id='line_1_52' title="bbox 937 1190 1765 1227; baseline 0.002 -10"><span class='ocrx_word' id='word_1_367' title='bbox 937 1190 1075 1226; x_wconf 87' lang='lat' dir='ltr'>petitum.</span> <span class='ocrx_word' id='word_1_368' title='bbox 1087 1190 1219 1225; x_wconf 82' lang='lat' dir='ltr'>Cumque</span> <span class='ocrx_word' id='word_1_369' title='bbox 1230 1190 1254 1218; x_wconf 97' lang='lat' dir='ltr'>is</span> <span class='ocrx_word' id='word_1_370' title='bbox 1271 1198 1366 1218; x_wconf 82' lang='lat' dir='ltr'>moras</span> <span class='ocrx_word' id='word_1_371' title='bbox 1383 1193 1501 1218; x_wconf 83' lang='lat' dir='ltr'>nectens</span> <span class='ocrx_word' id='word_1_372' title='bbox 1517 1199 1611 1227; x_wconf 88' lang='lat' dir='ltr'>neque</span> <span class='ocrx_word' id='word_1_373' title='bbox 1623 1192 1765 1219; x_wconf 86' lang='lat' dir='ltr'>annueret</span> 
     </span>
    </p>
   </div>
   <div class='ocr_carea' id='block_1_53' title="bbox 938 1234 1765 1271">
    <p class='ocr_par' dir='ltr' id='par_1_53' title="bbox 938 1234 1765 1271">
     <span class='ocr_line' id='line_1_53' title="bbox 938 1234 1765 1271; baseline 0.002 -9"><span class='ocrx_word' id='word_1_374' title='bbox 938 1242 1034 1270; x_wconf 89' lang='lat' dir='ltr'>neque</span> <span class='ocrx_word' id='word_1_375' title='bbox 1050 1234 1207 1270; x_wconf 78' lang='lat' dir='ltr'>denegaret</span> <span class='ocrx_word' id='word_1_376' title='bbox 1221 1235 1297 1270; x_wconf 88' lang='lat' dir='ltr'>quod</span> <span class='ocrx_word' id='word_1_377' title='bbox 1314 1235 1478 1270; x_wconf 81' lang='lat' dir='ltr'>petebatur,</span> <span class='ocrx_word' id='word_1_378' title='bbox 1490 1235 1614 1271; x_wconf 88' lang='lat' dir='ltr'>ideoque</span> <span class='ocrx_word' id='word_1_379' title='bbox 1624 1236 1765 1264; x_wconf 86' lang='lat' dir='ltr'>Constan-</span> 
     </span>
    </p>
   </div>
   <div class='ocr_carea' id='block_1_54' title="bbox 939 1279 1766 1316">
    <p class='ocr_par' dir='ltr' id='par_1_54' title="bbox 939 1279 1766 1316">
     <span class='ocr_line' id='line_1_54' title="bbox 939 1279 1766 1316; baseline 0.002 -10"><span class='ocrx_word' id='word_1_380' title='bbox 939 1279 1019 1306; x_wconf 88' lang='lat' dir='ltr'>tinus</span> <span class='ocrx_word' id='word_1_381' title='bbox 1040 1279 1153 1307; x_wconf 87' lang='lat' dir='ltr'>diutius</span> <span class='ocrx_word' id='word_1_382' title='bbox 1181 1279 1307 1312; x_wconf 84' lang='lat' dir='ltr'>abesset,</span> <span class='ocrx_word' id='word_1_383' title='bbox 1324 1281 1442 1307; x_wconf 83' lang='lat' dir='ltr'>coactus</span> <span class='ocrx_word' id='word_1_384' title='bbox 1466 1279 1529 1315; x_wconf 87' lang='lat' dir='ltr'>ipse</span> <span class='ocrx_word' id='word_1_385' title='bbox 1553 1288 1672 1316; x_wconf 86' lang='lat' dir='ltr'>quoque</span> <span class='ocrx_word' id='word_1_386' title='bbox 1699 1289 1766 1308; x_wconf 86' lang='lat' dir='ltr'>cum</span> 
     </span>
    </p>
   </div>
   <div class='ocr_carea' id='block_1_55' title="bbox 941 1323 1363 1351">
    <p class='ocr_par' dir='ltr' id='par_1_55' title="bbox 941 1323 1363 1351">
     <span class='ocr_line' id='line_1_55' title="bbox 941 1323 1363 1351; baseline 0 -1"><span class='ocrx_word' id='word_1_387' title='bbox 941 1323 1081 1351; x_wconf 87' lang='lat' dir='ltr'>omnibus</span> <span class='ocrx_word' id='word_1_388' title='bbox 1096 1323 1158 1351; x_wconf 90' lang='lat' dir='ltr'>suis</span> <span class='ocrx_word' id='word_1_389' title='bbox 1174 1324 1275 1351; x_wconf 89' lang='lat' dir='ltr'>eodem</span> <span class='ocrx_word' id='word_1_390' title='bbox 1293 1323 1363 1351; x_wconf 86' lang='lat' dir='ltr'>abit.</span> 
     </span>
    </p>
   </div>
   <div class='ocr_carea' id='block_1_56' title="bbox 63 1363 1769 1406">
    <p class='ocr_par' dir='ltr' id='par_1_56' title="bbox 63 1363 1769 1406">
     <span class='ocr_line' id='line_1_56' title="bbox 63 1363 1769 1406; baseline -0.001 -10"><span class='ocrx_word' id='word_1_391' title='bbox 63 1368 169 1396; x_wconf 73' lang='grc' dir='ltr'>διώκων</span> <span class='ocrx_word' id='word_1_392' title='bbox 186 1367 251 1398; x_wconf 73' lang='grc' dir='ltr'>τοὺς</span> <span class='ocrx_word' id='word_1_393' title='bbox 268 1367 415 1406; x_wconf 77' lang='grc' dir='ltr'>φεύγοντας</span> <span class='ocrx_word' id='word_1_394' title='bbox 442 1365 486 1393; x_wconf 83' lang='grc' dir='ltr'>ὑπ’</span> <span class='ocrx_word' id='word_1_395' title='bbox 510 1363 644 1400; x_wconf 78' lang='grc' dir='ltr'>ἀλλήλων</span> <span class='ocrx_word' id='word_1_396' title='bbox 671 1364 917 1403; x_wconf 81' lang='grc' dir='ltr'>συμπαλουμένους</span> <span class='ocrx_word' id='word_1_397' title='bbox 939 1367 984 1394; x_wconf 84' lang='grc' dir='ltr'>καὶ</span> <span class='ocrx_word' id='word_1_398' title='bbox 1013 1367 1100 1402; x_wconf 84' lang='grc' dir='ltr'>ἀλκῆς</span> <span class='ocrx_word' id='word_1_399' title='bbox 1124 1367 1197 1398; x_wconf 79' lang='grc' dir='ltr'>ὅλως</span> <span class='ocrx_word' id='word_1_400' title='bbox 1215 1367 1253 1404; x_wconf 81' lang='grc' dir='ltr'>μὴ</span> <span class='ocrx_word' id='word_1_401' title='bbox 1271 1367 1472 1404; x_wconf 71' lang='grc' dir='ltr'>μεμνημένους,</span> <span class='ocrx_word' id='word_1_402' title='bbox 1491 1367 1536 1395; x_wconf 81' lang='grc' dir='ltr'>καὶ</span> <span class='ocrx_word' id='word_1_403' title='bbox 1550 1367 1614 1399; x_wconf 80' lang='grc' dir='ltr'>τοὺς</span> <span class='ocrx_word' id='word_1_404' title='bbox 1631 1368 1678 1405; x_wconf 76' lang='grc' dir='ltr'>μὶν</span> <span class='ocrx_word' id='word_1_405' title='bbox 1695 1368 1769 1396; x_wconf 84' lang='grc' dir='ltr'>ἀναι-</span> 
     </span>
    </p>
   </div>
   <div class='ocr_carea' id='block_1_57' title="bbox 64 1409 1774 1452">
    <p class='ocr_par' dir='ltr' id='par_1_57' title="bbox 64 1409 1774 1452">
     <span class='ocr_line' id='line_1_57' title="bbox 64 1409 1774 1452; baseline 0 -12"><span class='ocrx_word' id='word_1_406' title='bbox 64 1416 130 1452; x_wconf 69' lang='grc' dir='ltr'>ρῶν,</span> <span class='ocrx_word' id='word_1_407' title='bbox 145 1412 212 1444; x_wconf 64' lang='grc' dir='ltr'>τοὺς</span> <span class='ocrx_word' id='word_1_408' title='bbox 228 1411 257 1439; x_wconf 79' lang='grc' dir='ltr'>δὶ</span> <span class='ocrx_word' id='word_1_409' title='bbox 269 1411 459 1449; x_wconf 83' lang='grc' dir='ltr'>χειρούμενος.</span> <span class='ocrx_word' id='word_1_410' title='bbox 476 1411 506 1439; x_wconf 83' lang='grc' dir='ltr'><strong>Ὀ</strong></span> <span class='ocrx_word' id='word_1_411' title='bbox 519 1409 547 1437; x_wconf 70' lang='grc' dir='ltr'><strong>δί</strong></span> <span class='ocrx_word' id='word_1_412' title='bbox 563 1409 689 1447; x_wconf 76' lang='grc' dir='ltr'>Σκληρὸς</span> <span class='ocrx_word' id='word_1_413' title='bbox 707 1411 765 1447; x_wconf 71' lang='grc' dir='ltr'>μετ’</span> <span class='ocrx_word' id='word_1_414' title='bbox 788 1409 882 1449; x_wconf 85' lang='grc' dir='ltr'>ἀλίγνν</span> <span class='ocrx_word' id='word_1_415' title='bbox 900 1410 1041 1444; x_wconf 79' lang='grc' dir='ltr'>διασωθεὶς</span> <span class='ocrx_word' id='word_1_416' title='bbox 1057 1422 1147 1451; x_wconf 78' lang='grc' dir='ltr'>φευγει</span> <span class='ocrx_word' id='word_1_417' title='bbox 1163 1412 1230 1450; x_wconf 86' lang='grc' dir='ltr'>πρὸς</span> <span class='ocrx_word' id='word_1_418' title='bbox 1246 1411 1469 1449; x_wconf 84' lang='grc' dir='ltr'>Μαρτυρόπολιν·</span> <span class='ocrx_word' id='word_1_419' title='bbox 1484 1412 1584 1440; x_wconf 72' lang='grc' dir='ltr'>ἐκεῖθεν</span> <span class='ocrx_word' id='word_1_420' title='bbox 1602 1411 1630 1440; x_wconf 74' lang='grc' dir='ltr'>δὲ</span> <span class='ocrx_word' id='word_1_421' title='bbox 1643 1411 1774 1450; x_wconf 77' lang='grc' dir='ltr'>πρεσϐευ-</span> 
     </span>
    </p>
   </div>
   <div class='ocr_carea' id='block_1_58' title="bbox 61 1453 1772 1495">
    <p class='ocr_par' dir='ltr' id='par_1_58' title="bbox 61 1453 1772 1495">
     <span class='ocr_line' id='line_1_58' title="bbox 61 1453 1772 1495; baseline 0 -10"><span class='ocrx_word' id='word_1_422' title='bbox 61 1459 111 1493; x_wconf 72' lang='grc' dir='ltr'>τὴν</span> <span class='ocrx_word' id='word_1_423' title='bbox 129 1456 264 1493; x_wconf 66' lang='grc' dir='ltr'>ἐκπέμπει</span> <span class='ocrx_word' id='word_1_424' title='bbox 278 1456 323 1484; x_wconf 85' lang='grc' dir='ltr'>τὸν</span> <span class='ocrx_word' id='word_1_425' title='bbox 338 1455 432 1482; x_wconf 65' lang='grc' dir='ltr'>ἑαυτοῦ</span> <span class='ocrx_word' id='word_1_426' title='bbox 448 1453 564 1494; x_wconf 74' lang='grc' dir='ltr'>ἀδελφὸν</span> <span class='ocrx_word' id='word_1_427' title='bbox 581 1457 779 1482; x_wconf 84' lang='grc' dir='ltr'>Κωνσταντῖνον</span> <span class='ocrx_word' id='word_1_428' title='bbox 806 1456 874 1492; x_wconf 84' lang='grc' dir='ltr'>πρὸς</span> <span class='ocrx_word' id='word_1_429' title='bbox 889 1457 1012 1494; x_wconf 85' lang='grc' dir='ltr'>Χοσρόην</span> <span class='ocrx_word' id='word_1_430' title='bbox 1027 1458 1073 1484; x_wconf 88' lang='grc' dir='ltr'>τὸν</span> <span class='ocrx_word' id='word_1_431' title='bbox 1097 1459 1147 1491; x_wconf 86' lang='grc' dir='ltr'>τῆς</span> <span class='ocrx_word' id='word_1_432' title='bbox 1162 1454 1327 1487; x_wconf 75' lang='grc' dir='ltr'>Βαϐυλῶνος</span> <span class='ocrx_word' id='word_1_433' title='bbox 1343 1455 1630 1495; x_wconf 72' lang='grc' dir='ltr'>ἅρχοντα,ἒπικουρίαν</span> <span class='ocrx_word' id='word_1_434' title='bbox 1645 1457 1690 1485; x_wconf 83' lang='grc' dir='ltr'>καὶ</span> <span class='ocrx_word' id='word_1_435' title='bbox 1706 1468 1772 1494; x_wconf 87' lang='grc' dir='ltr'>συμ-</span> 
     </span>
    </p>
   </div>
   <div class='ocr_carea' id='block_1_59' title="bbox 65 1498 1773 1540">
    <p class='ocr_par' dir='ltr' id='par_1_59' title="bbox 65 1498 1773 1540">
     <span class='ocr_line' id='line_1_59' title="bbox 65 1498 1773 1540; baseline -0.001 -10"><span class='ocrx_word' id='word_1_436' title='bbox 65 1502 169 1540; x_wconf 69' lang='grc' dir='ltr'>μαχίαν</span> <span class='ocrx_word' id='word_1_437' title='bbox 187 1501 281 1530; x_wconf 81' lang='grc' dir='ltr'>αἰτῶν.</span> <span class='ocrx_word' id='word_1_438' title='bbox 297 1499 482 1538; x_wconf 78' lang='grc' dir='ltr'>Παρὲλκοντος</span> <span class='ocrx_word' id='word_1_439' title='bbox 499 1498 522 1526; x_wconf 81' lang='grc' dir='ltr'>δ’</span> <span class='ocrx_word' id='word_1_440' title='bbox 538 1498 639 1527; x_wconf 81' lang='grc' dir='ltr'>ἐκείνου</span> <span class='ocrx_word' id='word_1_441' title='bbox 663 1499 708 1527; x_wconf 84' lang='grc' dir='ltr'>καὶ</span> <span class='ocrx_word' id='word_1_442' title='bbox 734 1500 804 1536; x_wconf 77' lang='grc' dir='ltr'>μήτε</span> <span class='ocrx_word' id='word_1_443' title='bbox 830 1502 863 1537; x_wconf 82' lang='grc' dir='ltr'>τῇ</span> <span class='ocrx_word' id='word_1_444' title='bbox 891 1499 963 1528; x_wconf 77' lang='grc' dir='ltr'>δόσει</span> <span class='ocrx_word' id='word_1_445' title='bbox 979 1501 1168 1537; x_wconf 71' lang='grc' dir='ltr'>συντιθεμένου</span> <span class='ocrx_word' id='word_1_446' title='bbox 1188 1501 1250 1537; x_wconf 76' lang='grc' dir='ltr'>μήτ’</span> <span class='ocrx_word' id='word_1_447' title='bbox 1269 1501 1494 1537; x_wconf 77' lang='grc' dir='ltr'>ἀπαναινομένου,</span> <span class='ocrx_word' id='word_1_448' title='bbox 1510 1501 1555 1528; x_wconf 84' lang='grc' dir='ltr'>καὶ</span> <span class='ocrx_word' id='word_1_449' title='bbox 1570 1503 1619 1528; x_wconf 78' lang='grc' dir='ltr'>τοῦ</span> <span class='ocrx_word' id='word_1_450' title='bbox 1635 1503 1773 1530; x_wconf 86' lang='grc' dir='ltr'>Κωνσταν-</span> 
     </span>
    </p>
   </div>
   <div class='ocr_carea' id='block_1_60' title="bbox 62 1542 1774 1585">
    <p class='ocr_par' dir='ltr' id='par_1_60' title="bbox 62 1542 1774 1585">
     <span class='ocr_line' id='line_1_60' title="bbox 62 1542 1774 1585; baseline -0.001 -10"><span class='ocrx_word' id='word_1_451' title='bbox 62 1548 141 1575; x_wconf 85' lang='grc' dir='ltr'>τίνου</span> <span class='ocrx_word' id='word_1_452' title='bbox 153 1542 413 1584; x_wconf 66' lang='grc' dir='ltr'>χροθοτριϐοὖντος,</span> <span class='ocrx_word' id='word_1_453' title='bbox 432 1544 591 1582; x_wconf 78' lang='grc' dir='ltr'>ἠναγκάσθη</span> <span class='ocrx_word' id='word_1_454' title='bbox 608 1544 652 1572; x_wconf 77' lang='grc' dir='ltr'>καὶ</span> <span class='ocrx_word' id='word_1_455' title='bbox 669 1544 750 1575; x_wconf 83' lang='grc' dir='ltr'>αὐτὸς</span> <span class='ocrx_word' id='word_1_456' title='bbox 766 1545 780 1572; x_wconf 83' lang='grc' dir='ltr'><strong>ὁ</strong></span> <span class='ocrx_word' id='word_1_457' title='bbox 805 1543 932 1583; x_wconf 83' lang='grc' dir='ltr'>Σκληρὸς</span> <span class='ocrx_word' id='word_1_458' title='bbox 960 1546 1026 1582; x_wconf 83' lang='grc' dir='ltr'>μετᾶ</span> <span class='ocrx_word' id='word_1_459' title='bbox 1048 1547 1102 1572; x_wconf 79' lang='grc' dir='ltr'>τῶν</span> <span class='ocrx_word' id='word_1_460' title='bbox 1123 1545 1257 1573; x_wconf 85' lang='grc' dir='ltr'>συνόντων</span> <span class='ocrx_word' id='word_1_461' title='bbox 1273 1545 1397 1573; x_wconf 81' lang='grc' dir='ltr'>ἁπάντων</span> <span class='ocrx_word' id='word_1_462' title='bbox 1411 1546 1479 1584; x_wconf 80' lang='grc' dir='ltr'>πρὸς</span> <span class='ocrx_word' id='word_1_463' title='bbox 1493 1546 1617 1583; x_wconf 83' lang='grc' dir='ltr'>Χοσρόην</span> <span class='ocrx_word' id='word_1_464' title='bbox 1633 1550 1774 1585; x_wconf 60' lang='grc' dir='ltr'>φοιτῆσαι,</span> 
     </span>
    </p>
   </div>
   <div class='ocr_carea' id='block_1_61' title="bbox 98 1588 859 1627">
    <p class='ocr_par' dir='ltr' id='par_1_61' title="bbox 98 1588 859 1627">
     <span class='ocr_line' id='line_1_61' title="bbox 98 1588 859 1627; baseline -0.004 -9"><span class='ocrx_word' id='word_1_465' title='bbox 98 1593 158 1624; x_wconf 87' lang='grc' dir='ltr'>Τῆς</span> <span class='ocrx_word' id='word_1_466' title='bbox 174 1589 203 1618; x_wconf 70' lang='grc' dir='ltr'>δὲ</span> <span class='ocrx_word' id='word_1_467' title='bbox 226 1592 275 1618; x_wconf 83' lang='grc' dir='ltr'>τοῦ</span> <span class='ocrx_word' id='word_1_468' title='bbox 297 1589 425 1626; x_wconf 82' lang='grc' dir='ltr'>Σκληροῦ</span> <span class='ocrx_word' id='word_1_469' title='bbox 447 1590 552 1627; x_wconf 79' lang='grc' dir='ltr'>τροπῆς</span> <span class='ocrx_word' id='word_1_470' title='bbox 577 1588 755 1627; x_wconf 83' lang='grc' dir='ltr'>ἀγγελθείσης</span> <span class='ocrx_word' id='word_1_471' title='bbox 782 1590 822 1625; x_wconf 84' lang='grc' dir='ltr'>τῷ</span> <span class='ocrx_word' id='word_1_472' title='bbox 840 1590 859 1626; x_wconf 60' lang='grc' dir='ltr'>βλ</span> 
     </span>
    </p>
   </div>
   <div class='ocr_carea' id='block_1_62' title="bbox 1013 1588 1774 1627">
    <p class='ocr_par' dir='ltr' id='par_1_62' title="bbox 1013 1590 1774 1627">
     <span class='ocr_line' id='line_1_62' title="bbox 1013 1590 1774 1627; baseline 0 -9"><span class='ocrx_word' id='word_1_473' title='bbox 1013 1595 1143 1627; x_wconf 64' lang='grc' dir='ltr'>τρεῖ-οισι*</span> <span class='ocrx_word' id='word_1_474' title='bbox 1157 1591 1258 1618; x_wconf 69' lang='grc' dir='ltr'>Ρὶιοοω</span> <span class='ocrx_word' id='word_1_475' title='bbox 1280 1590 1388 1619; x_wconf 87' lang='lat' dir='ltr'>litteris</span> <span class='ocrx_word' id='word_1_476' title='bbox 1404 1591 1439 1618; x_wconf 93' lang='lat' dir='ltr'>de</span> <span class='ocrx_word' id='word_1_477' title='bbox 1454 1590 1524 1618; x_wconf 88' lang='lat' dir='ltr'>Duri</span> <span class='ocrx_word' id='word_1_478' title='bbox 1540 1590 1623 1619; x_wconf 81' lang='lat' dir='ltr'>clade</span> <span class='ocrx_word' id='word_1_479' title='bbox 1638 1593 1666 1619; x_wconf 88' lang='lat' dir='ltr'>et</span> <span class='ocrx_word' id='word_1_480' title='bbox 1680 1591 1774 1627; x_wconf 82' lang='lat' dir='ltr'>Baby-</span> 
     </span>
    </p>
   </div>
   <div class='ocr_carea' id='block_1_63' title="bbox 65 1631 890 1673">
    <p class='ocr_par' dir='ltr' id='par_1_63' title="bbox 65 1631 890 1673">
     <span class='ocr_line' id='line_1_63' title="bbox 65 1631 890 1673; baseline -0.004 -9"><span class='ocrx_word' id='word_1_481' title='bbox 65 1636 137 1664; x_wconf 83' lang='grc' dir='ltr'>σιλεῖ</span> <span class='ocrx_word' id='word_1_482' title='bbox 155 1635 201 1663; x_wconf 69' lang='grc' dir='ltr'>διὰ</span> <span class='ocrx_word' id='word_1_483' title='bbox 226 1633 394 1673; x_wconf 77' lang='grc' dir='ltr'>γραμμάτων</span> <span class='ocrx_word' id='word_1_484' title='bbox 420 1635 468 1661; x_wconf 77' lang='grc' dir='ltr'>τοῦ</span> <span class='ocrx_word' id='word_1_485' title='bbox 495 1636 590 1668; x_wconf 81' lang='grc' dir='ltr'>Φωκᾶ,</span> <span class='ocrx_word' id='word_1_486' title='bbox 605 1634 650 1661; x_wconf 82' lang='grc' dir='ltr'>καὶ</span> <span class='ocrx_word' id='word_1_487' title='bbox 674 1637 722 1669; x_wconf 89' lang='grc' dir='ltr'>τῆς</span> <span class='ocrx_word' id='word_1_488' title='bbox 752 1634 789 1665; x_wconf 74' lang='grc' dir='ltr'>εἰς</span> <span class='ocrx_word' id='word_1_489' title='bbox 808 1631 890 1671; x_wconf 73' lang='grc' dir='ltr'>βαὸυ-</span> 
     </span>
    </p>
   </div>
   <div class='ocr_carea' id='block_1_64' title="bbox 67 1677 892 1717">
    <p class='ocr_par' dir='ltr' id='par_1_64' title="bbox 67 1677 892 1717">
     <span class='ocr_line' id='line_1_64' title="bbox 67 1677 892 1717; baseline -0.004 -9"><span class='ocrx_word' id='word_1_490' title='bbox 67 1681 142 1709; x_wconf 84' lang='grc' dir='ltr'>λῶνα</span> <span class='ocrx_word' id='word_1_491' title='bbox 157 1680 374 1717; x_wconf 73' lang='grc' dir='ltr'>ἀναχωρήσεως,</span> <span class='ocrx_word' id='word_1_492' title='bbox 400 1680 495 1706; x_wconf 81' lang='grc' dir='ltr'>τοῦτον</span> <span class='ocrx_word' id='word_1_493' title='bbox 529 1679 575 1715; x_wconf 77' lang='grc' dir='ltr'>μὲν</span> <span class='ocrx_word' id='word_1_494' title='bbox 606 1679 620 1705; x_wconf 90' lang='lat'>6</span> <span class='ocrx_word' id='word_1_495' title='bbox 652 1678 778 1715; x_wconf 80' lang='grc' dir='ltr'>βασιλεὺς</span> <span class='ocrx_word' id='word_1_496' title='bbox 793 1677 892 1706; x_wconf 69' lang='grc' dir='ltr'>ἀποδεα</span> 
     </span>
    </p>
   </div>
   <div class='ocr_carea' id='block_1_65' title="bbox 66 1721 891 1762">
    <p class='ocr_par' dir='ltr' id='par_1_65' title="bbox 66 1721 891 1762">
     <span class='ocr_line' id='line_1_65' title="bbox 66 1721 891 1762; baseline -0.002 -10"><span class='ocrx_word' id='word_1_497' title='bbox 66 1726 183 1762; x_wconf 68' lang='grc' dir='ltr'>ξάμενος</span> <span class='ocrx_word' id='word_1_498' title='bbox 215 1724 296 1759; x_wconf 81' lang='grc' dir='ltr'>ἀξίως</span> <span class='ocrx_word' id='word_1_499' title='bbox 325 1723 447 1760; x_wconf 66' lang='grc' dir='ltr'>ἐτίμησε⁷</span> <span class='ocrx_word' id='word_1_500' title='bbox 476 1723 544 1761; x_wconf 84' lang='grc' dir='ltr'>πρὸς</span> <span class='ocrx_word' id='word_1_501' title='bbox 574 1721 603 1750; x_wconf 76' lang='grc' dir='ltr'>δὲ</span> <span class='ocrx_word' id='word_1_502' title='bbox 627 1723 750 1760; x_wconf 81' lang='grc' dir='ltr'>Χοσρόην</span> <span class='ocrx_word' id='word_1_503' title='bbox 773 1724 818 1751; x_wconf 87' lang='grc' dir='ltr'>τὸν</span> <span class='ocrx_word' id='word_1_504' title='bbox 842 1726 891 1758; x_wconf 88' lang='grc' dir='ltr'>τῆς</span> 
     </span>
    </p>
   </div>
   <div class='ocr_carea' id='block_1_66' title="bbox 69 1764 894 1808">
    <p class='ocr_par' dir='ltr' id='par_1_66' title="bbox 69 1764 894 1808">
     <span class='ocr_line' id='line_1_66' title="bbox 69 1764 894 1808; baseline -0.004 -11"><span class='ocrx_word' id='word_1_505' title='bbox 69 1767 232 1808; x_wconf 73' lang='grc' dir='ltr'>βαϐυλῶνος</span> <span class='ocrx_word' id='word_1_506' title='bbox 264 1768 464 1806; x_wconf 84' lang='grc' dir='ltr'>ἆμερμουμνῆν</span> <span class='ocrx_word' id='word_1_507' title='bbox 497 1764 664 1804; x_wconf 72' lang='grc' dir='ltr'>πρεσϐευτὴν</span> <span class='ocrx_word' id='word_1_508' title='bbox 686 1767 817 1804; x_wconf 76' lang='grc' dir='ltr'>ἐκπέμπει</span> <span class='ocrx_word' id='word_1_509' title='bbox 847 1768 894 1795; x_wconf 83' lang='grc' dir='ltr'>τὸν</span> 
     </span>
    </p>
   </div>
   <div class='ocr_carea' id='block_1_67' title="bbox 70 1811 893 1852">
    <p class='ocr_par' dir='ltr' id='par_1_67' title="bbox 70 1811 893 1852">
     <span class='ocr_line' id='line_1_67' title="bbox 70 1811 893 1852; baseline -0.005 -9"><span class='ocrx_word' id='word_1_510' title='bbox 70 1815 175 1848; x_wconf 77' lang='grc' dir='ltr'>Βέστην</span> <span class='ocrx_word' id='word_1_511' title='bbox 205 1813 365 1852; x_wconf 73' lang='grc' dir='ltr'>Νικηφόρον</span> <span class='ocrx_word' id='word_1_512' title='bbox 391 1811 437 1839; x_wconf 75' lang='grc' dir='ltr'>τὸν</span> <span class='ocrx_word' id='word_1_513' title='bbox 462 1812 595 1849; x_wconf 79' lang='grc' dir='ltr'>Οὐρανὸν,</span> <span class='ocrx_word' id='word_1_514' title='bbox 613 1811 739 1839; x_wconf 74' lang='grc' dir='ltr'>ἱκετεύων</span> <span class='ocrx_word' id='word_1_515' title='bbox 757 1811 893 1849; x_wconf 77' lang='grc' dir='ltr'>μηδεμιᾶς</span> 
     </span>
    </p>
   </div>
   <div class='ocr_carea' id='block_1_68' title="bbox 70 1855 894 1897">
    <p class='ocr_par' dir='ltr' id='par_1_68' title="bbox 70 1855 894 1897">
     <span class='ocr_line' id='line_1_68' title="bbox 70 1855 894 1897; baseline -0.004 -11"><span class='ocrx_word' id='word_1_516' title='bbox 70 1858 241 1897; x_wconf 68' lang='grc' dir='ltr'>ἐπιστροφῆς</span> <span class='ocrx_word' id='word_1_517' title='bbox 267 1857 376 1894; x_wconf 80' lang='grc' dir='ltr'>ἀξιῶσαι</span> <span class='ocrx_word' id='word_1_518' title='bbox 412 1857 458 1884; x_wconf 90' lang='grc' dir='ltr'>τὸν</span> <span class='ocrx_word' id='word_1_519' title='bbox 488 1856 656 1892; x_wconf 76' lang='grc' dir='ltr'>ἀποστάτην,</span> <span class='ocrx_word' id='word_1_520' title='bbox 683 1855 754 1892; x_wconf 76' lang='grc' dir='ltr'>μηδὲ</span> <span class='ocrx_word' id='word_1_521' title='bbox 782 1857 894 1891; x_wconf 83' lang='grc' dir='ltr'>θελῆσαι</span> 
     </span>
    </p>
   </div>
   <div class='ocr_carea' id='block_1_69' title="bbox 68 1900 894 1940">
    <p class='ocr_par' dir='ltr' id='par_1_69' title="bbox 68 1900 894 1940">
     <span class='ocr_line' id='line_1_69' title="bbox 68 1900 894 1940; baseline -0.001 -10"><span class='ocrx_word' id='word_1_522' title='bbox 68 1901 246 1940; x_wconf 71' lang='grc' dir='ltr'>παράδειγμα</span> <span class='ocrx_word' id='word_1_523' title='bbox 273 1902 394 1940; x_wconf 73' lang='grc' dir='ltr'>γενέσθαι</span> <span class='ocrx_word' id='word_1_524' title='bbox 432 1903 490 1932; x_wconf 79' lang='grc' dir='ltr'>τοῖς</span> <span class='ocrx_word' id='word_1_525' title='bbox 521 1900 662 1939; x_wconf 76' lang='grc' dir='ltr'>ὀψιγόνοις</span> <span class='ocrx_word' id='word_1_526' title='bbox 689 1900 802 1938; x_wconf 77' lang='grc' dir='ltr'>φαῦλον,</span> <span class='ocrx_word' id='word_1_527' title='bbox 828 1901 894 1937; x_wconf 84' lang='grc' dir='ltr'>ἀμι-</span> 
     </span>
    </p>
   </div>
   <div class='ocr_carea' id='block_1_70' title="bbox 69 1944 895 1983">
    <p class='ocr_par' dir='ltr' id='par_1_70' title="bbox 69 1944 895 1983">
     <span class='ocr_line' id='line_1_70' title="bbox 69 1944 895 1983; baseline -0.002 -9"><span class='ocrx_word' id='word_1_528' title='bbox 69 1948 158 1983; x_wconf 78' lang='grc' dir='ltr'>λήσας</span> <span class='ocrx_word' id='word_1_529' title='bbox 179 1947 225 1983; x_wconf 70' lang='grc' dir='ltr'>μὲν</span> <span class='ocrx_word' id='word_1_530' title='bbox 245 1944 379 1983; x_wconf 68' lang='grc' dir='ltr'>βασιλέως</span> <span class='ocrx_word' id='word_1_531' title='bbox 402 1944 583 1982; x_wconf 68' lang='grc' dir='ltr'>ἀδικουμένου</span> <span class='ocrx_word' id='word_1_532' title='bbox 611 1944 741 1983; x_wconf 86' lang='grc' dir='ltr'>βασιλεὺς</span> <span class='ocrx_word' id='word_1_533' title='bbox 755 1945 798 1972; x_wconf 86' lang='grc' dir='ltr'>καὶ</span> <span class='ocrx_word' id='word_1_534' title='bbox 815 1944 895 1976; x_wconf 79' lang='grc' dir='ltr'>αὐτὸς</span> 
     </span>
    </p>
   </div>
   <div class='ocr_carea' id='block_1_71' title="bbox 69 1988 898 2028">
    <p class='ocr_par' dir='ltr' id='par_1_71' title="bbox 69 1988 898 2028">
     <span class='ocr_line' id='line_1_71' title="bbox 69 1988 898 2028; baseline -0.004 -9"><span class='ocrx_word' id='word_1_535' title='bbox 69 1992 120 2027; x_wconf 83' lang='grc' dir='ltr'>ὦν,</span> <span class='ocrx_word' id='word_1_536' title='bbox 137 1994 180 2028; x_wconf 77' lang='grc' dir='ltr'>[Ρ.</span> <span class='ocrx_word' id='word_1_537' title='bbox 197 1992 262 2027; x_wconf 76' lang='grc'>694]</span> <span class='ocrx_word' id='word_1_538' title='bbox 278 1990 462 2028; x_wconf 80' lang='grc' dir='ltr'>προσθέμενος</span> <span class='ocrx_word' id='word_1_539' title='bbox 484 1989 512 2017; x_wconf 76' lang='grc' dir='ltr'>δὲ</span> <span class='ocrx_word' id='word_1_540' title='bbox 530 1988 653 2026; x_wconf 84' lang='grc' dir='ltr'>τυράννῳ</span> <span class='ocrx_word' id='word_1_541' title='bbox 669 1988 755 2026; x_wconf 78' lang='grc' dir='ltr'>ἀδίκῳ</span> <span class='ocrx_word' id='word_1_542' title='bbox 770 1989 814 2017; x_wconf 88' lang='grc' dir='ltr'>καὶ</span> <span class='ocrx_word' id='word_1_543' title='bbox 830 1990 898 2017; x_wconf 82' lang='grc' dir='ltr'>ἀπο-</span> 
     </span>
    </p>
   </div>
   <div class='ocr_carea' id='block_1_72' title="bbox 208 2033 899 2073">
    <p class='ocr_par' dir='ltr' id='par_1_72' title="bbox 208 2033 899 2073">
     <span class='ocr_line' id='line_1_72' title="bbox 208 2033 899 2073; baseline -0.001 -11"><span class='ocrx_word' id='word_1_544' title='bbox 208 2035 373 2073; x_wconf 83' lang='grc' dir='ltr'>Ἐνεχείρισε</span> <span class='ocrx_word' id='word_1_545' title='bbox 419 2034 448 2062; x_wconf 77' lang='grc' dir='ltr'>δὲ</span> <span class='ocrx_word' id='word_1_546' title='bbox 487 2034 532 2062; x_wconf 88' lang='grc' dir='ltr'>καὶ</span> <span class='ocrx_word' id='word_1_547' title='bbox 581 2034 730 2072; x_wconf 85' lang='grc' dir='ltr'>γράμματα</span> <span class='ocrx_word' id='word_1_548' title='bbox 771 2033 899 2071; x_wconf 86' lang='grc' dir='ltr'>βασιλικᾶ</span> 
     </span>
    </p>
   </div>
   <div class='ocr_carea' id='block_1_73' title="bbox 70 2048 167 2064">
    <p class='ocr_par' dir='ltr' id='par_1_73' title="bbox 70 2048 167 2064">
     <span class='ocr_line' id='line_1_73' title="bbox 70 2048 167 2064; baseline 0 0"><span class='ocrx_word' id='word_1_549' title='bbox 70 2048 167 2064; x_wconf 72' lang='grc' dir='ltr'>πατη.</span> 
     </span>
    </p>
   </div>
   <div class='ocr_carea' id='block_1_74' title="bbox 75 2047 898 2117">
    <p class='ocr_par' dir='ltr' id='par_1_74' title="bbox 75 2047 898 2117">
     <span class='ocr_line' id='line_1_74' title="bbox 75 2047 898 2074; baseline -0.004 -10"><span class='ocrx_word' id='word_1_550' title='bbox 75 2047 167 2074; x_wconf 70' lang='grc' dir='ltr'>πατῃ.</span> <span class='ocrx_word' id='word_1_551' title='bbox 219 2047 373 2073; x_wconf 65' lang='grc' dir='ltr'>ινεχειρισε</span> <span class='ocrx_word' id='word_1_552' title='bbox 419 2047 448 2062; x_wconf 81' lang='grc' dir='ltr'><strong>ΟΕ</strong></span> <span class='ocrx_word' id='word_1_553' title='bbox 487 2047 532 2062; x_wconf 75' lang='grc' dir='ltr'>και</span> <span class='ocrx_word' id='word_1_554' title='bbox 581 2047 730 2072; x_wconf 76' lang='grc' dir='ltr'>γραμματα</span> <span class='ocrx_word' id='word_1_555' title='bbox 771 2047 898 2071; x_wconf 73' lang='grc' dir='ltr'>μασιΛικα</span> 
     </span>
     <span class='ocr_line' id='line_1_75' title="bbox 75 2079 898 2117; baseline -0.002 -9"><span class='ocrx_word' id='word_1_556' title='bbox 75 2080 313 2117; x_wconf 72' lang='grc' dir='ltr'>ἐνσεσημασμιὲνα⁷</span> <span class='ocrx_word' id='word_1_557' title='bbox 342 2079 376 2107; x_wconf 82' lang='grc' dir='ltr'>δι’</span> <span class='ocrx_word' id='word_1_558' title='bbox 401 2080 438 2106; x_wconf 82' lang='grc' dir='ltr'>ὧν</span> <span class='ocrx_word' id='word_1_559' title='bbox 471 2079 638 2116; x_wconf 81' lang='grc' dir='ltr'>συμπαθείας</span> <span class='ocrx_word' id='word_1_560' title='bbox 675 2079 781 2114; x_wconf 81' lang='grc' dir='ltr'>ἀπάσης</span> <span class='ocrx_word' id='word_1_561' title='bbox 809 2081 898 2107; x_wconf 79' lang='grc' dir='ltr'>κακῶν</span> 
     </span>
    </p>
   </div>
   <div class='ocr_carea' id='block_1_75' title="bbox 71 2123 901 2162">
    <p class='ocr_par' dir='ltr' id='par_1_75' title="bbox 71 2123 901 2162">
     <span class='ocr_line' id='line_1_76' title="bbox 71 2123 901 2162; baseline -0.002 -10"><span class='ocrx_word' id='word_1_562' title='bbox 71 2126 154 2161; x_wconf 77' lang='grc' dir='ltr'>ἠξίου</span> <span class='ocrx_word' id='word_1_563' title='bbox 172 2125 220 2152; x_wconf 85' lang='grc' dir='ltr'>τὸν</span> <span class='ocrx_word' id='word_1_564' title='bbox 247 2123 374 2162; x_wconf 87' lang='grc' dir='ltr'>Σκληρὸν</span> <span class='ocrx_word' id='word_1_565' title='bbox 403 2125 448 2151; x_wconf 83' lang='grc' dir='ltr'>καὶ</span> <span class='ocrx_word' id='word_1_566' title='bbox 474 2123 538 2155; x_wconf 78' lang='grc' dir='ltr'>τοὺς</span> <span class='ocrx_word' id='word_1_567' title='bbox 563 2123 691 2155; x_wconf 86' lang='grc' dir='ltr'>συνόντας</span> <span class='ocrx_word' id='word_1_568' title='bbox 716 2123 799 2160; x_wconf 81' lang='grc' dir='ltr'>αὐτῷ,</span> <span class='ocrx_word' id='word_1_569' title='bbox 816 2124 838 2151; x_wconf 76' lang='lat' dir='ltr'>si</span> <span class='ocrx_word' id='word_1_570' title='bbox 856 2134 901 2160; x_wconf 77' lang='grc' dir='ltr'>με·</span> 
     </span>
    </p>
   </div>
   <div class='ocr_carea' id='block_1_76' title="bbox 73 2167 902 2207">
    <p class='ocr_par' dir='ltr' id='par_1_76' title="bbox 73 2167 902 2207">
     <span class='ocr_line' id='line_1_77' title="bbox 73 2167 902 2207; baseline -0.002 -10"><span class='ocrx_word' id='word_1_571' title='bbox 73 2170 248 2207; x_wconf 76' lang='grc' dir='ltr'>ταμαθόντις</span> <span class='ocrx_word' id='word_1_572' title='bbox 272 2169 304 2197; x_wconf 89' lang='grc' dir='ltr'>τὸ</span> <span class='ocrx_word' id='word_1_573' title='bbox 329 2167 388 2196; x_wconf 78' lang='grc' dir='ltr'>δὲον</span> <span class='ocrx_word' id='word_1_574' title='bbox 406 2169 451 2196; x_wconf 86' lang='grc' dir='ltr'>τόν</span> <span class='ocrx_word' id='word_1_575' title='bbox 471 2179 501 2196; x_wconf 85' lang='grc' dir='ltr'>τε</span> <span class='ocrx_word' id='word_1_576' title='bbox 525 2169 626 2196; x_wconf 64' lang='grc' dir='ltr'>ἑαυτῶν</span> <span class='ocrx_word' id='word_1_577' title='bbox 652 2168 780 2206; x_wconf 78' lang='grc' dir='ltr'>ἐπιγνωσι</span> <span class='ocrx_word' id='word_1_578' title='bbox 806 2167 902 2196; x_wconf 76' lang='grc' dir='ltr'>δεσποο</span> 
     </span>
    </p>
   </div>
   <div class='ocr_carea' id='block_1_77' title="bbox 74 2212 903 2250">
    <p class='ocr_par' dir='ltr' id='par_1_77' title="bbox 74 2212 903 2250">
     <span class='ocr_line' id='line_1_78' title="bbox 74 2212 903 2250; baseline -0.004 -7"><span class='ocrx_word' id='word_1_579' title='bbox 74 2226 127 2250; x_wconf 80' lang='grc' dir='ltr'>την</span> <span class='ocrx_word' id='word_1_580' title='bbox 144 2214 192 2242; x_wconf 86' lang='grc' dir='ltr'>καὶ</span> <span class='ocrx_word' id='word_1_581' title='bbox 208 2214 277 2250; x_wconf 83' lang='grc' dir='ltr'>πρὸς</span> <span class='ocrx_word' id='word_1_582' title='bbox 302 2214 335 2240; x_wconf 83' lang='grc' dir='ltr'>τὰ</span> <span class='ocrx_word' id='word_1_583' title='bbox 362 2213 449 2240; x_wconf 74' lang='grc' dir='ltr'>οἰκεῖα</span> <span class='ocrx_word' id='word_1_584' title='bbox 470 2213 694 2248; x_wconf 81' lang='grc' dir='ltr'>ὑπονοστήσουσι.</span> <span class='ocrx_word' id='word_1_585' title='bbox 721 2212 903 2244; x_wconf 79' lang='grc' dir='ltr'>Διασωθὲντος</span> 
     </span>
    </p>
   </div>
   <div class='ocr_carea' id='block_1_78' title="bbox 75 2256 942 2309">
    <p class='ocr_par' dir='ltr' id='par_1_78' title="bbox 75 2256 942 2309">
     <span class='ocr_line' id='line_1_79' title="bbox 75 2256 942 2309; baseline -0.003 -22"><span class='ocrx_word' id='word_1_586' title='bbox 75 2259 105 2287; x_wconf 73' lang='grc' dir='ltr'>εὶ</span> <span class='ocrx_word' id='word_1_587' title='bbox 131 2259 202 2297; x_wconf 79' lang='grc' dir='ltr'>πρὸς</span> <span class='ocrx_word' id='word_1_588' title='bbox 224 2258 348 2295; x_wconf 83' lang='grc' dir='ltr'>Χοσρόην</span> <span class='ocrx_word' id='word_1_589' title='bbox 374 2260 423 2285; x_wconf 78' lang='grc' dir='ltr'>τοῦ</span> <span class='ocrx_word' id='word_1_590' title='bbox 451 2257 574 2295; x_wconf 78' lang='grc' dir='ltr'>Οὐρανοῦ</span> <span class='ocrx_word' id='word_1_591' title='bbox 600 2257 643 2285; x_wconf 81' lang='grc' dir='ltr'>καὶ</span> <span class='ocrx_word' id='word_1_592' title='bbox 669 2259 723 2284; x_wconf 84' lang='grc' dir='ltr'>τῶν</span> <span class='ocrx_word' id='word_1_593' title='bbox 753 2256 901 2295; x_wconf 82' lang='grc' dir='ltr'>βασιλικῶν</span> <span class='ocrx_word' id='word_1_594' title='bbox 919 2276 942 2309; x_wconf 84' lang='lat' dir='ltr'><strong>D</strong></span> 
     </span>
    </p>
   </div>
   <div class='ocr_carea' id='block_1_79' title="bbox 77 2301 904 2341">
    <p class='ocr_par' dir='ltr' id='par_1_79' title="bbox 77 2301 904 2341">
     <span class='ocr_line' id='line_1_80' title="bbox 77 2301 904 2341; baseline -0.004 -10"><span class='ocrx_word' id='word_1_595' title='bbox 77 2303 264 2341; x_wconf 72' lang='grc' dir='ltr'>φωραθέντων</span> <span class='ocrx_word' id='word_1_596' title='bbox 289 2303 472 2340; x_wconf 80' lang='grc' dir='ltr'>γραμμάτων,</span> <span class='ocrx_word' id='word_1_597' title='bbox 502 2303 516 2329; x_wconf 91' lang='lat'>6</span> <span class='ocrx_word' id='word_1_598' title='bbox 546 2302 671 2339; x_wconf 88' lang='grc' dir='ltr'>Χοσρόης</span> <span class='ocrx_word' id='word_1_599' title='bbox 699 2301 743 2329; x_wconf 80' lang='grc' dir='ltr'>καὶ</span> <span class='ocrx_word' id='word_1_600' title='bbox 771 2301 818 2329; x_wconf 87' lang='grc' dir='ltr'>τὸν</span> <span class='ocrx_word' id='word_1_601' title='bbox 839 2312 904 2339; x_wconf 64' lang='grc' dir='ltr'>πρε.</span> 
     </span>
    </p>
   </div>
   <div class='ocr_carea' id='block_1_80' title="bbox 77 2345 906 2385">
    <p class='ocr_par' dir='ltr' id='par_1_80' title="bbox 77 2345 906 2385">
     <span class='ocr_line' id='line_1_81' title="bbox 77 2345 906 2385; baseline -0.004 -9"><span class='ocrx_word' id='word_1_602' title='bbox 77 2346 200 2383; x_wconf 78' lang='grc' dir='ltr'>σϐευτὴν</span> <span class='ocrx_word' id='word_1_603' title='bbox 215 2348 261 2375; x_wconf 84' lang='grc' dir='ltr'>καὶ</span> <span class='ocrx_word' id='word_1_604' title='bbox 288 2348 334 2375; x_wconf 89' lang='grc' dir='ltr'>τὸν</span> <span class='ocrx_word' id='word_1_605' title='bbox 361 2346 486 2385; x_wconf 79' lang='grc' dir='ltr'>Σκληρὸν</span> <span class='ocrx_word' id='word_1_606' title='bbox 512 2347 556 2374; x_wconf 87' lang='grc' dir='ltr'>καὶ</span> <span class='ocrx_word' id='word_1_607' title='bbox 576 2347 675 2377; x_wconf 84' lang='grc' dir='ltr'>πάντας</span> <span class='ocrx_word' id='word_1_608' title='bbox 689 2346 753 2378; x_wconf 86' lang='grc' dir='ltr'>τοὸς</span> <span class='ocrx_word' id='word_1_609' title='bbox 769 2345 815 2373; x_wconf 79' lang='grc' dir='ltr'>σὺν</span> <span class='ocrx_word' id='word_1_610' title='bbox 832 2346 906 2383; x_wconf 78' lang='grc' dir='ltr'>αὕτῷ</span> 
     </span>
    </p>
   </div>
   <div class='ocr_carea' id='block_1_81' title="bbox 76 2390 904 2431">
    <p class='ocr_par' dir='ltr' id='par_1_81' title="bbox 76 2390 904 2431">
     <span class='ocr_line' id='line_1_82' title="bbox 76 2390 904 2431; baseline -0.002 -11"><span class='ocrx_word' id='word_1_611' title='bbox 76 2392 236 2430; x_wconf 75' lang='grc' dir='ltr'>Ῥωμαίους</span> <span class='ocrx_word' id='word_1_612' title='bbox 255 2393 409 2428; x_wconf 71' lang='grc' dir='ltr'>ὑπονοήσας</span> <span class='ocrx_word' id='word_1_613' title='bbox 435 2394 540 2431; x_wconf 78' lang='grc' dir='ltr'>φρουρᾷ</span> <span class='ocrx_word' id='word_1_614' title='bbox 563 2390 743 2428; x_wconf 80' lang='grc' dir='ltr'>παραδίδωσι.</span> <span class='ocrx_word' id='word_1_615' title='bbox 772 2390 823 2418; x_wconf 83' lang='grc' dir='ltr'>Καὶ</span> <span class='ocrx_word' id='word_1_616' title='bbox 840 2390 904 2418; x_wconf 88' lang='grc' dir='ltr'>τού-</span> 
     </span>
    </p>
   </div>
   <div class='ocr_carea' id='block_1_82' title="bbox 77 2435 903 2475">
    <p class='ocr_par' dir='ltr' id='par_1_82' title="bbox 77 2435 903 2475">
     <span class='ocr_line' id='line_1_83' title="bbox 77 2435 903 2475; baseline -0.005 -9"><span class='ocrx_word' id='word_1_617' title='bbox 77 2449 145 2469; x_wconf 86' lang='grc' dir='ltr'>τους</span> <span class='ocrx_word' id='word_1_618' title='bbox 162 2438 211 2474; x_wconf 76' lang='grc' dir='ltr'>μὶν</span> <span class='ocrx_word' id='word_1_619' title='bbox 229 2437 300 2475; x_wconf 74' lang='grc' dir='ltr'>εἶχεν</span> <span class='ocrx_word' id='word_1_620' title='bbox 312 2438 329 2472; x_wconf 83' lang='grc' dir='ltr'>ἡ</span> <span class='ocrx_word' id='word_1_621' title='bbox 360 2437 476 2475; x_wconf 74' lang='grc' dir='ltr'>φρουρὰ,</span> <span class='ocrx_word' id='word_1_622' title='bbox 497 2439 551 2464; x_wconf 83' lang='grc' dir='ltr'>τῶν</span> <span class='ocrx_word' id='word_1_623' title='bbox 581 2435 610 2463; x_wconf 77' lang='grc' dir='ltr'>δὶ</span> <span class='ocrx_word' id='word_1_624' title='bbox 633 2436 671 2473; x_wconf 85' lang='grc' dir='ltr'>μὴ</span> <span class='ocrx_word' id='word_1_625' title='bbox 688 2435 903 2463; x_wconf 78' lang='grc' dir='ltr'>συνανιλθόντων</span> 
     </span>
    </p>
   </div>
   <div class='ocr_carea' id='block_1_83' title="bbox 80 2479 906 2519">
    <p class='ocr_par' dir='ltr' id='par_1_83' title="bbox 80 2479 906 2519">
     <span class='ocr_line' id='line_1_84' title="bbox 80 2479 906 2519; baseline -0.004 -9"><span class='ocrx_word' id='word_1_626' title='bbox 80 2484 246 2510; x_wconf 81' lang='grc' dir='ltr'>ἀποστατῶν</span> <span class='ocrx_word' id='word_1_627' title='bbox 267 2484 307 2517; x_wconf 82' lang='grc' dir='ltr'>τῷ</span> <span class='ocrx_word' id='word_1_628' title='bbox 330 2481 448 2519; x_wconf 82' lang='grc' dir='ltr'>Σκληρῷ</span> <span class='ocrx_word' id='word_1_629' title='bbox 472 2481 547 2510; x_wconf 74' lang='grc' dir='ltr'>Αὲων</span> <span class='ocrx_word' id='word_1_630' title='bbox 576 2480 622 2517; x_wconf 71' lang='grc' dir='ltr'>μὲν</span> <span class='ocrx_word' id='word_1_631' title='bbox 639 2480 653 2508; x_wconf 89' lang='lat'>6</span> <span class='ocrx_word' id='word_1_632' title='bbox 670 2479 851 2518; x_wconf 70' lang='grc' dir='ltr'>αἰχμάλωτος</span> <span class='ocrx_word' id='word_1_633' title='bbox 861 2480 906 2508; x_wconf 84' lang='grc' dir='ltr'>καὶ</span> 
     </span>
    </p>
   </div>
   <div class='ocr_carea' id='block_1_84' title="bbox 80 2523 907 2564">
    <p class='ocr_par' dir='ltr' id='par_1_84' title="bbox 80 2523 907 2564">
     <span class='ocr_line' id='line_1_85' title="bbox 80 2523 907 2564; baseline -0.002 -10"><span class='ocrx_word' id='word_1_634' title='bbox 80 2528 107 2555; x_wconf 72' lang='grc' dir='ltr'>οἱ</span> <span class='ocrx_word' id='word_1_635' title='bbox 121 2529 174 2555; x_wconf 78' lang='grc' dir='ltr'>τοῦ</span> <span class='ocrx_word' id='word_1_636' title='bbox 186 2525 270 2554; x_wconf 80' lang='grc' dir='ltr'>δοῦκα</span> <span class='ocrx_word' id='word_1_637' title='bbox 299 2525 473 2564; x_wconf 78' lang='grc' dir='ltr'>Ἀνδρονίκου</span> <span class='ocrx_word' id='word_1_638' title='bbox 497 2527 545 2552; x_wconf 85' lang='grc' dir='ltr'>τοῦ</span> <span class='ocrx_word' id='word_1_639' title='bbox 568 2523 657 2552; x_wconf 78' lang='grc' dir='ltr'>Λυδοῦ</span> <span class='ocrx_word' id='word_1_640' title='bbox 672 2523 765 2556; x_wconf 78' lang='grc' dir='ltr'>παῖδες</span> <span class='ocrx_word' id='word_1_641' title='bbox 790 2526 907 2562; x_wconf 87' lang='grc' dir='ltr'>Χριστο-</span> 
     </span>
    </p>
   </div>
   <div class='ocr_carea' id='block_1_85' title="bbox 81 2566 909 2611">
    <p class='ocr_par' dir='ltr' id='par_1_85' title="bbox 81 2566 909 2611">
     <span class='ocr_line' id='line_1_86' title="bbox 81 2566 909 2611; baseline -0.004 -12"><span class='ocrx_word' id='word_1_642' title='bbox 81 2573 171 2611; x_wconf 47' lang='lat' dir='ltr'>eripe:</span> <span class='ocrx_word' id='word_1_643' title='bbox 189 2571 203 2599; x_wconf 87' lang='lat'>6</span> <span class='ocrx_word' id='word_1_644' title='bbox 219 2569 365 2606; x_wconf 79' lang='grc' dir='ltr'>Ἐπείκτης</span> <span class='ocrx_word' id='word_1_645' title='bbox 388 2570 432 2598; x_wconf 84' lang='grc' dir='ltr'>καὶ</span> <span class='ocrx_word' id='word_1_646' title='bbox 458 2569 562 2608; x_wconf 84' lang='grc' dir='ltr'>Βάρδας</span> <span class='ocrx_word' id='word_1_647' title='bbox 583 2569 596 2596; x_wconf 81' lang='grc' dir='ltr'><strong>ὁ</strong></span> <span class='ocrx_word' id='word_1_648' title='bbox 623 2569 735 2608; x_wconf 84' lang='grc' dir='ltr'>Μογγὸς</span> <span class='ocrx_word' id='word_1_649' title='bbox 758 2566 835 2608; x_wconf 74' lang='grc' dir='ltr'>(ἔφθη</span> <span class='ocrx_word' id='word_1_650' title='bbox 857 2569 909 2607; x_wconf 79' lang='grc' dir='ltr'>γὰρ</span> 
     </span>
    </p>
   </div>
   <div class='ocr_carea' id='block_1_86' title="bbox 81 2613 910 2653">
    <p class='ocr_par' dir='ltr' id='par_1_86' title="bbox 81 2613 910 2653">
     <span class='ocr_line' id='line_1_87' title="bbox 81 2613 910 2653; baseline -0.004 -9"><span class='ocrx_word' id='word_1_651' title='bbox 81 2617 189 2648; x_wconf 69' lang='grc' dir='ltr'>ἐκεῖνος</span> <span class='ocrx_word' id='word_1_652' title='bbox 218 2615 372 2652; x_wconf 79' lang='grc' dir='ltr'>ἀποθανεῖν)</span> <span class='ocrx_word' id='word_1_653' title='bbox 399 2615 430 2642; x_wconf 86' lang='grc' dir='ltr'>τὸ</span> <span class='ocrx_word' id='word_1_654' title='bbox 466 2614 665 2653; x_wconf 83' lang='grc' dir='ltr'>Ἀρμακούριον</span> <span class='ocrx_word' id='word_1_655' title='bbox 689 2613 734 2641; x_wconf 83' lang='grc' dir='ltr'>καὶ</span> <span class='ocrx_word' id='word_1_656' title='bbox 761 2615 811 2649; x_wconf 83' lang='grc' dir='ltr'>τὴν</span> <span class='ocrx_word' id='word_1_657' title='bbox 837 2613 910 2641; x_wconf 82' lang='grc' dir='ltr'>Πλα-</span> 
     </span>
    </p>
   </div>
   <div class='ocr_carea' id='block_1_87' title="bbox 79 2657 913 2698">
    <p class='ocr_par' dir='ltr' id='par_1_87' title="bbox 79 2657 913 2698">
     <span class='ocr_line' id='line_1_88' title="bbox 79 2657 913 2698; baseline -0.006 -8"><span class='ocrx_word' id='word_1_658' title='bbox 79 2664 158 2690; x_wconf 78' lang='grc' dir='ltr'>τεῖαν</span> <span class='ocrx_word' id='word_1_659' title='bbox 175 2661 277 2698; x_wconf 69' lang='grc' dir='ltr'>πέτραν</span> <span class='ocrx_word' id='word_1_660' title='bbox 306 2659 351 2687; x_wconf 76' lang='grc' dir='ltr'>καὶ</span> <span class='ocrx_word' id='word_1_661' title='bbox 380 2659 452 2687; x_wconf 81' lang='grc' dir='ltr'>ἄλλα</span> <span class='ocrx_word' id='word_1_662' title='bbox 481 2660 541 2687; x_wconf 79' lang='grc' dir='ltr'>τινὰ</span> <span class='ocrx_word' id='word_1_663' title='bbox 565 2658 683 2697; x_wconf 77' lang='grc' dir='ltr'>φρούρια</span> <span class='ocrx_word' id='word_1_664' title='bbox 712 2657 817 2697; x_wconf 79' lang='grc' dir='ltr'>ἐφυμνὰ</span> <span class='ocrx_word' id='word_1_665' title='bbox 833 2658 858 2686; x_wconf 79' lang='grc' dir='ltr'>ἐν</span> <span class='ocrx_word' id='word_1_666' title='bbox 872 2660 913 2695; x_wconf 81' lang='grc' dir='ltr'>τῷ</span> 
     </span>
    </p>
   </div>
   <div class='ocr_carea' id='block_1_88' title="bbox 82 2702 914 2743">
    <p class='ocr_par' dir='ltr' id='par_1_88' title="bbox 82 2702 914 2743">
     <span class='ocr_line' id='line_1_89' title="bbox 82 2702 914 2743; baseline -0.005 -9"><span class='ocrx_word' id='word_1_667' title='bbox 82 2707 186 2743; x_wconf 73' lang='grc' dir='ltr'>θέματι</span> <span class='ocrx_word' id='word_1_668' title='bbox 201 2704 316 2741; x_wconf 78' lang='grc' dir='ltr'>κείμενα</span> <span class='ocrx_word' id='word_1_669' title='bbox 334 2706 389 2732; x_wconf 81' lang='grc' dir='ltr'>τῶν</span> <span class='ocrx_word' id='word_1_670' title='bbox 413 2703 572 2742; x_wconf 76' lang='grc' dir='ltr'>Θρακησίων</span> <span class='ocrx_word' id='word_1_671' title='bbox 601 2702 800 2740; x_wconf 74' lang='grc' dir='ltr'>κατισχητότες</span> <span class='ocrx_word' id='word_1_672' title='bbox 825 2702 914 2730; x_wconf 82' lang='grc' dir='ltr'>ἀντεῖ-</span> 
     </span>
    </p>
   </div>
   <div class='ocr_carea' id='block_1_89' title="bbox 945 1635 1774 1671">
    <p class='ocr_par' dir='ltr' id='par_1_89' title="bbox 945 1635 1774 1671">
     <span class='ocr_line' id='line_1_90' title="bbox 945 1635 1774 1671; baseline 0 -8"><span class='ocrx_word' id='word_1_673' title='bbox 945 1635 1041 1664; x_wconf 82' lang='lat' dir='ltr'>Ionica</span> <span class='ocrx_word' id='word_1_674' title='bbox 1062 1635 1241 1671; x_wconf 78' lang='lat' dir='ltr'>profectione</span> <span class='ocrx_word' id='word_1_675' title='bbox 1256 1635 1361 1662; x_wconf 87' lang='lat' dir='ltr'>certior</span> <span class='ocrx_word' id='word_1_676' title='bbox 1383 1636 1489 1669; x_wconf 87' lang='lat' dir='ltr'>factus,</span> <span class='ocrx_word' id='word_1_677' title='bbox 1499 1635 1598 1671; x_wconf 80' lang='lat' dir='ltr'>dignis</span> <span class='ocrx_word' id='word_1_678' title='bbox 1612 1635 1774 1664; x_wconf 86' lang='lat' dir='ltr'>honoribus</span> 
     </span>
    </p>
   </div>
   <div class='ocr_carea' id='block_1_90' title="bbox 946 1679 1774 1716">
    <p class='ocr_par' dir='ltr' id='par_1_90' title="bbox 946 1679 1774 1716">
     <span class='ocr_line' id='line_1_91' title="bbox 946 1679 1774 1716; baseline 0 -9"><span class='ocrx_word' id='word_1_679' title='bbox 946 1680 1072 1708; x_wconf 88' lang='lat' dir='ltr'>Phocam</span> <span class='ocrx_word' id='word_1_680' title='bbox 1089 1682 1293 1707; x_wconf 82' lang='lat' dir='ltr'>remuneratus</span> <span class='ocrx_word' id='word_1_681' title='bbox 1303 1680 1337 1707; x_wconf 84' lang='lat' dir='ltr'>ad</span> <span class='ocrx_word' id='word_1_682' title='bbox 1349 1680 1495 1708; x_wconf 84' lang='lat' dir='ltr'>Chosroen</span> <span class='ocrx_word' id='word_1_683' title='bbox 1508 1679 1662 1716; x_wconf 79' lang='lat' dir='ltr'>Babylonis</span> <span class='ocrx_word' id='word_1_684' title='bbox 1678 1688 1774 1708; x_wconf 88' lang='lat' dir='ltr'>amer-</span> 
     </span>
    </p>
   </div>
   <div class='ocr_carea' id='block_1_91' title="bbox 947 1724 1775 1760">
    <p class='ocr_par' dir='ltr' id='par_1_91' title="bbox 947 1724 1775 1760">
     <span class='ocr_line' id='line_1_92' title="bbox 947 1724 1775 1760; baseline 0 -9"><span class='ocrx_word' id='word_1_685' title='bbox 947 1733 1099 1752; x_wconf 88' lang='lat' dir='ltr'>mumnam</span> <span class='ocrx_word' id='word_1_686' title='bbox 1117 1724 1230 1752; x_wconf 86' lang='lat' dir='ltr'>litteras</span> <span class='ocrx_word' id='word_1_687' title='bbox 1254 1724 1350 1756; x_wconf 88' lang='lat' dir='ltr'>mittit,</span> <span class='ocrx_word' id='word_1_688' title='bbox 1363 1724 1457 1760; x_wconf 82' lang='lat' dir='ltr'>legato</span> <span class='ocrx_word' id='word_1_689' title='bbox 1479 1724 1514 1751; x_wconf 89' lang='lat' dir='ltr'>ad</span> <span class='ocrx_word' id='word_1_690' title='bbox 1531 1732 1594 1751; x_wconf 86' lang='lat' dir='ltr'>eam</span> <span class='ocrx_word' id='word_1_691' title='bbox 1611 1732 1671 1751; x_wconf 90' lang='lat' dir='ltr'>rem</span> <span class='ocrx_word' id='word_1_692' title='bbox 1688 1724 1775 1752; x_wconf 83' lang='lat' dir='ltr'>Besta</span> 
     </span>
    </p>
   </div>
   <div class='ocr_carea' id='block_1_92' title="bbox 946 1768 1774 1805">
    <p class='ocr_par' dir='ltr' id='par_1_92' title="bbox 946 1768 1774 1805">
     <span class='ocr_line' id='line_1_93' title="bbox 946 1768 1774 1805; baseline 0 -9"><span class='ocrx_word' id='word_1_693' title='bbox 946 1769 1177 1805; x_wconf 84' lang='lat' dir='ltr'>Nicephoro,cui</span> <span class='ocrx_word' id='word_1_694' title='bbox 1206 1769 1319 1796; x_wconf 83' lang='lat' dir='ltr'>Ursnus</span> <span class='ocrx_word' id='word_1_695' title='bbox 1334 1769 1374 1804; x_wconf 88' lang='lat' dir='ltr'>(id</span> <span class='ocrx_word' id='word_1_696' title='bbox 1399 1771 1444 1796; x_wconf 87' lang='lat' dir='ltr'>est</span> <span class='ocrx_word' id='word_1_697' title='bbox 1467 1768 1574 1803; x_wconf 80' lang='lat' dir='ltr'>Ccslus)</span> <span class='ocrx_word' id='word_1_698' title='bbox 1594 1776 1774 1804; x_wconf 85' lang='lat' dir='ltr'>cognomen;</span> 
     </span>
    </p>
   </div>
   <div class='ocr_carea' id='block_1_93' title="bbox 949 1813 1776 1849">
    <p class='ocr_par' dir='ltr' id='par_1_93' title="bbox 949 1813 1776 1849">
     <span class='ocr_line' id='line_1_94' title="bbox 949 1813 1776 1849; baseline 0 -9"><span class='ocrx_word' id='word_1_699' title='bbox 949 1814 985 1841; x_wconf 89' lang='lat' dir='ltr'>ab</span> <span class='ocrx_word' id='word_1_700' title='bbox 1001 1821 1091 1848; x_wconf 88' lang='lat' dir='ltr'>eoque</span> <span class='ocrx_word' id='word_1_701' title='bbox 1107 1813 1258 1840; x_wconf 85' lang='lat' dir='ltr'>contendit</span> <span class='ocrx_word' id='word_1_702' title='bbox 1278 1822 1313 1841; x_wconf 91' lang='lat' dir='ltr'>ne</span> <span class='ocrx_word' id='word_1_703' title='bbox 1336 1822 1424 1848; x_wconf 89' lang='lat' dir='ltr'>quam</span> <span class='ocrx_word' id='word_1_704' title='bbox 1449 1813 1607 1849; x_wconf 86' lang='lat' dir='ltr'>perduellis</span> <span class='ocrx_word' id='word_1_705' title='bbox 1634 1813 1776 1841; x_wconf 87' lang='lat' dir='ltr'>rationem</span> 
     </span>
    </p>
   </div>
   <div class='ocr_carea' id='block_1_94' title="bbox 949 1857 1779 1893">
    <p class='ocr_par' dir='ltr' id='par_1_94' title="bbox 949 1857 1779 1893">
     <span class='ocr_line' id='line_1_95' title="bbox 949 1857 1779 1893; baseline -0.001 -8"><span class='ocrx_word' id='word_1_706' title='bbox 949 1857 1065 1891; x_wconf 82' lang='lat' dir='ltr'>habeat,</span> <span class='ocrx_word' id='word_1_707' title='bbox 1082 1866 1176 1893; x_wconf 88' lang='lat' dir='ltr'>neque</span> <span class='ocrx_word' id='word_1_708' title='bbox 1203 1857 1327 1893; x_wconf 85' lang='lat' dir='ltr'>posteris</span> <span class='ocrx_word' id='word_1_709' title='bbox 1352 1857 1419 1885; x_wconf 83' lang='lat' dir='ltr'>mali</span> <span class='ocrx_word' id='word_1_710' title='bbox 1440 1857 1566 1893; x_wconf 79' lang='lat' dir='ltr'>exempli</span> <span class='ocrx_word' id='word_1_711' title='bbox 1589 1860 1691 1885; x_wconf 81' lang='lat' dir='ltr'>auctor</span> <span class='ocrx_word' id='word_1_712' title='bbox 1714 1865 1779 1885; x_wconf 88' lang='lat' dir='ltr'>esse</span> 
     </span>
    </p>
   </div>
   <div class='ocr_carea' id='block_1_95' title="bbox 950 1901 1781 1938">
    <p class='ocr_par' dir='ltr' id='par_1_95' title="bbox 950 1901 1781 1938">
     <span class='ocr_line' id='line_1_96' title="bbox 950 1901 1781 1938; baseline 0.001 -9"><span class='ocrx_word' id='word_1_713' title='bbox 950 1902 1028 1937; x_wconf 88' lang='lat' dir='ltr'>velit,</span> <span class='ocrx_word' id='word_1_714' title='bbox 1046 1910 1095 1930; x_wconf 82' lang='lat' dir='ltr'>rex</span> <span class='ocrx_word' id='word_1_715' title='bbox 1113 1903 1176 1938; x_wconf 89' lang='lat' dir='ltr'>ipse</span> <span class='ocrx_word' id='word_1_716' title='bbox 1201 1902 1261 1937; x_wconf 81' lang='lat' dir='ltr'>regi</span> <span class='ocrx_word' id='word_1_717' title='bbox 1285 1901 1410 1936; x_wconf 84' lang='lat' dir='ltr'>injurias</span> <span class='ocrx_word' id='word_1_718' title='bbox 1434 1901 1526 1929; x_wconf 87' lang='lat' dir='ltr'>factas</span> <span class='ocrx_word' id='word_1_719' title='bbox 1551 1901 1714 1938; x_wconf 86' lang='lat' dir='ltr'>negligens,</span> <span class='ocrx_word' id='word_1_720' title='bbox 1731 1904 1781 1938; x_wconf 89' lang='lat' dir='ltr'>ty—</span> 
     </span>
    </p>
   </div>
   <div class='ocr_carea' id='block_1_96' title="bbox 951 1946 1780 1982">
    <p class='ocr_par' dir='ltr' id='par_1_96' title="bbox 951 1946 1780 1982">
     <span class='ocr_line' id='line_1_97' title="bbox 951 1946 1780 1982; baseline -0.001 -8"><span class='ocrx_word' id='word_1_721' title='bbox 951 1955 1044 1974; x_wconf 89' lang='lat' dir='ltr'>ranno</span> <span class='ocrx_word' id='word_1_722' title='bbox 1060 1949 1157 1974; x_wconf 87' lang='lat' dir='ltr'>autem</span> <span class='ocrx_word' id='word_1_723' title='bbox 1174 1947 1283 1981; x_wconf 83' lang='lat' dir='ltr'>injuste</span> <span class='ocrx_word' id='word_1_724' title='bbox 1298 1948 1327 1974; x_wconf 88' lang='lat' dir='ltr'>et</span> <span class='ocrx_word' id='word_1_725' title='bbox 1342 1946 1485 1982; x_wconf 89' lang='lat' dir='ltr'>perduelli</span> <span class='ocrx_word' id='word_1_726' title='bbox 1499 1946 1658 1982; x_wconf 87' lang='lat' dir='ltr'>opitulans.</span> <span class='ocrx_word' id='word_1_727' title='bbox 1671 1949 1724 1974; x_wconf 86' lang='lat' dir='ltr'>Dat</span> <span class='ocrx_word' id='word_1_728' title='bbox 1740 1946 1780 1974; x_wconf 82' lang='lat' dir='ltr'>le-</span> 
     </span>
    </p>
   </div>
   <div class='ocr_carea' id='block_1_97' title="bbox 952 1991 1782 2027">
    <p class='ocr_par' dir='ltr' id='par_1_97' title="bbox 952 1991 1782 2027">
     <span class='ocr_line' id='line_1_98' title="bbox 952 1991 1782 2027; baseline 0 -9"><span class='ocrx_word' id='word_1_729' title='bbox 952 1993 1018 2027; x_wconf 85' lang='lat' dir='ltr'>gate</span> <span class='ocrx_word' id='word_1_730' title='bbox 1034 1991 1123 2019; x_wconf 87' lang='lat' dir='ltr'>etiam</span> <span class='ocrx_word' id='word_1_731' title='bbox 1140 1991 1253 2018; x_wconf 81' lang='lat' dir='ltr'>litteras</span> <span class='ocrx_word' id='word_1_732' title='bbox 1267 1991 1303 2018; x_wconf 91' lang='lat' dir='ltr'>ab</span> <span class='ocrx_word' id='word_1_733' title='bbox 1314 1991 1490 2027; x_wconf 84' lang='lat' dir='ltr'>imperatore</span> <span class='ocrx_word' id='word_1_734' title='bbox 1506 1991 1705 2027; x_wconf 84' lang='lat' dir='ltr'>consignatas,</span> <span class='ocrx_word' id='word_1_735' title='bbox 1718 1991 1782 2027; x_wconf 90' lang='lat' dir='ltr'>qui-</span> 
     </span>
    </p>
   </div>
   <div class='ocr_carea' id='block_1_98' title="bbox 952 2035 1782 2071">
    <p class='ocr_par' dir='ltr' id='par_1_98' title="bbox 952 2035 1782 2071">
     <span class='ocr_line' id='line_1_99' title="bbox 952 2035 1782 2071; baseline -0.001 -7"><span class='ocrx_word' id='word_1_736' title='bbox 952 2037 1009 2064; x_wconf 90' lang='lat' dir='ltr'>bus</span> <span class='ocrx_word' id='word_1_737' title='bbox 1033 2036 1145 2064; x_wconf 83' lang='lat' dir='ltr'>Durum</span> <span class='ocrx_word' id='word_1_738' title='bbox 1162 2037 1190 2063; x_wconf 88' lang='lat' dir='ltr'>et</span> <span class='ocrx_word' id='word_1_739' title='bbox 1211 2043 1285 2071; x_wconf 87' lang='lat' dir='ltr'>quos</span> <span class='ocrx_word' id='word_1_740' title='bbox 1310 2044 1410 2063; x_wconf 84' lang='lat' dir='ltr'>secum</span> <span class='ocrx_word' id='word_1_741' title='bbox 1441 2035 1467 2063; x_wconf 91' lang='lat' dir='ltr'>is</span> <span class='ocrx_word' id='word_1_742' title='bbox 1495 2035 1623 2063; x_wconf 87' lang='lat' dir='ltr'>habebat</span> <span class='ocrx_word' id='word_1_743' title='bbox 1650 2035 1782 2063; x_wconf 88' lang='lat' dir='ltr'>omnium</span> 
     </span>
    </p>
   </div>
   <div class='ocr_carea' id='block_1_99' title="bbox 953 2079 1783 2118">
    <p class='ocr_par' dir='ltr' id='par_1_99' title="bbox 953 2079 1783 2118">
     <span class='ocr_line' id='line_1_100' title="bbox 953 2079 1783 2118; baseline -0.002 -9"><span class='ocrx_word' id='word_1_744' title='bbox 953 2082 1140 2118; x_wconf 79' lang='lat' dir='ltr'>peccatorum</span> <span class='ocrx_word' id='word_1_745' title='bbox 1156 2080 1241 2108; x_wconf 84' lang='lat' dir='ltr'>venia</span> <span class='ocrx_word' id='word_1_746' title='bbox 1260 2080 1449 2117; x_wconf 82' lang='lat' dir='ltr'>dignabatur,</span> <span class='ocrx_word' id='word_1_747' title='bbox 1467 2080 1615 2116; x_wconf 86' lang='lat' dir='ltr'>siquidem</span> <span class='ocrx_word' id='word_1_748' title='bbox 1631 2079 1783 2116; x_wconf 87' lang='lat' dir='ltr'>resipisce-</span> 
     </span>
    </p>
   </div>
   <div class='ocr_carea' id='block_1_100' title="bbox 954 2124 1781 2161">
    <p class='ocr_par' dir='ltr' id='par_1_100' title="bbox 954 2124 1781 2161">
     <span class='ocr_line' id='line_1_101' title="bbox 954 2124 1781 2161; baseline 0 -9"><span class='ocrx_word' id='word_1_749' title='bbox 954 2127 1020 2153; x_wconf 85' lang='lat' dir='ltr'>rent</span> <span class='ocrx_word' id='word_1_750' title='bbox 1038 2133 1072 2152; x_wconf 91' lang='lat' dir='ltr'>ac</span> <span class='ocrx_word' id='word_1_751' title='bbox 1095 2133 1182 2152; x_wconf 87' lang='lat' dir='ltr'>suum</span> <span class='ocrx_word' id='word_1_752' title='bbox 1212 2124 1363 2152; x_wconf 90' lang='lat' dir='ltr'>dominum</span> <span class='ocrx_word' id='word_1_753' title='bbox 1391 2126 1584 2161; x_wconf 85' lang='lat' dir='ltr'>agnoscerent</span> <span class='ocrx_word' id='word_1_754' title='bbox 1606 2126 1636 2152; x_wconf 88' lang='lat' dir='ltr'>et</span> <span class='ocrx_word' id='word_1_755' title='bbox 1659 2125 1781 2152; x_wconf 90' lang='lat' dir='ltr'>domum</span> 
     </span>
    </p>
   </div>
   <div class='ocr_carea' id='block_1_101' title="bbox 955 2169 1783 2205">
    <p class='ocr_par' dir='ltr' id='par_1_101' title="bbox 955 2169 1783 2205">
     <span class='ocr_line' id='line_1_102' title="bbox 955 2169 1783 2205; baseline -0.002 -7"><span class='ocrx_word' id='word_1_756' title='bbox 955 2170 1034 2198; x_wconf 73' lang='grc'>434</span> <span class='ocrx_word' id='word_1_757' title='bbox 1049 2169 1174 2205; x_wconf 88' lang='lat' dir='ltr'>quisque</span> <span class='ocrx_word' id='word_1_758' title='bbox 1197 2177 1279 2197; x_wconf 86' lang='lat' dir='ltr'>suam</span> <span class='ocrx_word' id='word_1_759' title='bbox 1304 2177 1334 2197; x_wconf 90' lang='lat' dir='ltr'>se</span> <span class='ocrx_word' id='word_1_760' title='bbox 1359 2170 1535 2197; x_wconf 84' lang='lat' dir='ltr'>conferrent.</span> <span class='ocrx_word' id='word_1_761' title='bbox 1552 2170 1623 2197; x_wconf 92' lang='lat' dir='ltr'>Cum</span> <span class='ocrx_word' id='word_1_762' title='bbox 1640 2169 1676 2196; x_wconf 91' lang='lat' dir='ltr'>ad</span> <span class='ocrx_word' id='word_1_763' title='bbox 1692 2169 1783 2197; x_wconf 86' lang='lat' dir='ltr'>Cbos-</span> 
     </span>
    </p>
   </div>
   <div class='ocr_carea' id='block_1_102' title="bbox 957 2213 1784 2250">
    <p class='ocr_par' dir='ltr' id='par_1_102' title="bbox 957 2213 1784 2250">
     <span class='ocr_line' id='line_1_103' title="bbox 957 2213 1784 2250; baseline -0.002 -8"><span class='ocrx_word' id='word_1_764' title='bbox 957 2222 1026 2242; x_wconf 87' lang='lat' dir='ltr'>roen</span> <span class='ocrx_word' id='word_1_765' title='bbox 1042 2214 1222 2250; x_wconf 87' lang='lat' dir='ltr'>pervenisset</span> <span class='ocrx_word' id='word_1_766' title='bbox 1234 2214 1346 2242; x_wconf 89' lang='lat' dir='ltr'>Uranus</span> <span class='ocrx_word' id='word_1_767' title='bbox 1361 2214 1524 2250; x_wconf 77' lang='lat' dir='ltr'>litteraeque</span> <span class='ocrx_word' id='word_1_768' title='bbox 1540 2213 1725 2250; x_wconf 83' lang='lat' dir='ltr'>imperatoris</span> <span class='ocrx_word' id='word_1_769' title='bbox 1741 2213 1784 2240; x_wconf 90' lang='lat' dir='ltr'>in-</span> 
     </span>
    </p>
   </div>
   <div class='ocr_carea' id='block_1_103' title="bbox 957 2257 1785 2295">
    <p class='ocr_par' dir='ltr' id='par_1_103' title="bbox 957 2257 1785 2295">
     <span class='ocr_line' id='line_1_104' title="bbox 957 2257 1785 2295; baseline -0.002 -8"><span class='ocrx_word' id='word_1_770' title='bbox 957 2259 1133 2294; x_wconf 84' lang='lat' dir='ltr'>notuissent,</span> <span class='ocrx_word' id='word_1_771' title='bbox 1145 2258 1286 2287; x_wconf 89' lang='lat' dir='ltr'>Cbosroes</span> <span class='ocrx_word' id='word_1_772' title='bbox 1302 2259 1422 2287; x_wconf 87' lang='lat' dir='ltr'>sinistra</span> <span class='ocrx_word' id='word_1_773' title='bbox 1441 2258 1597 2295; x_wconf 87' lang='lat' dir='ltr'>suspicans</span> <span class='ocrx_word' id='word_1_774' title='bbox 1612 2260 1641 2286; x_wconf 89' lang='lat' dir='ltr'>et</span> <span class='ocrx_word' id='word_1_775' title='bbox 1654 2257 1785 2294; x_wconf 87' lang='lat' dir='ltr'>legatum</span> 
     </span>
    </p>
   </div>
   <div class='ocr_carea' id='block_1_104' title="bbox 958 2303 1786 2339">
    <p class='ocr_par' dir='ltr' id='par_1_104' title="bbox 958 2303 1786 2339">
     <span class='ocr_line' id='line_1_105' title="bbox 958 2303 1786 2339; baseline -0.001 -8"><span class='ocrx_word' id='word_1_776' title='bbox 958 2306 986 2332; x_wconf 92' lang='lat' dir='ltr'>et</span> <span class='ocrx_word' id='word_1_777' title='bbox 1002 2306 1112 2331; x_wconf 88' lang='lat' dir='ltr'>Durum</span> <span class='ocrx_word' id='word_1_778' title='bbox 1128 2311 1288 2338; x_wconf 88' lang='lat' dir='ltr'>omnesque</span> <span class='ocrx_word' id='word_1_779' title='bbox 1305 2303 1355 2339; x_wconf 88' lang='lat' dir='ltr'>qui</span> <span class='ocrx_word' id='word_1_780' title='bbox 1376 2311 1443 2331; x_wconf 92' lang='lat' dir='ltr'>cum</span> <span class='ocrx_word' id='word_1_781' title='bbox 1463 2304 1528 2339; x_wconf 87' lang='lat' dir='ltr'>ipso</span> <span class='ocrx_word' id='word_1_782' title='bbox 1542 2304 1626 2330; x_wconf 86' lang='lat' dir='ltr'>erant</span> <span class='ocrx_word' id='word_1_783' title='bbox 1640 2303 1786 2330; x_wconf 82' lang='lat' dir='ltr'>Romanos</span> 
     </span>
    </p>
   </div>
   <div class='ocr_carea' id='block_1_105' title="bbox 960 2347 1787 2384">
    <p class='ocr_par' dir='ltr' id='par_1_105' title="bbox 960 2347 1787 2384">
     <span class='ocr_line' id='line_1_106' title="bbox 960 2347 1787 2384; baseline -0.002 -8"><span class='ocrx_word' id='word_1_784' title='bbox 960 2348 990 2376; x_wconf 93' lang='lat' dir='ltr'>in</span> <span class='ocrx_word' id='word_1_785' title='bbox 1006 2347 1170 2376; x_wconf 87' lang='lat' dir='ltr'>custodiam</span> <span class='ocrx_word' id='word_1_786' title='bbox 1198 2347 1329 2376; x_wconf 84' lang='lat' dir='ltr'>tradidit.</span> <span class='ocrx_word' id='word_1_787' title='bbox 1347 2348 1387 2376; x_wconf 88' lang='lat' dir='ltr'>De</span> <span class='ocrx_word' id='word_1_788' title='bbox 1415 2347 1616 2384; x_wconf 85' lang='lat' dir='ltr'>perduellibus</span> <span class='ocrx_word' id='word_1_789' title='bbox 1641 2347 1692 2383; x_wconf 85' lang='lat' dir='ltr'>qui</span> <span class='ocrx_word' id='word_1_790' title='bbox 1719 2355 1787 2375; x_wconf 91' lang='lat' dir='ltr'>cum</span> 
     </span>
    </p>
   </div>
   <div class='ocr_carea' id='block_1_106' title="bbox 960 2391 1790 2428">
    <p class='ocr_par' dir='ltr' id='par_1_106' title="bbox 960 2391 1790 2428">
     <span class='ocr_line' id='line_1_107' title="bbox 960 2391 1790 2428; baseline -0.001 -8"><span class='ocrx_word' id='word_1_791' title='bbox 960 2395 1038 2420; x_wconf 87' lang='lat' dir='ltr'>Duro</span> <span class='ocrx_word' id='word_1_792' title='bbox 1053 2400 1087 2420; x_wconf 88' lang='lat' dir='ltr'>eo</span> <span class='ocrx_word' id='word_1_793' title='bbox 1102 2400 1160 2420; x_wconf 91' lang='lat' dir='ltr'>non</span> <span class='ocrx_word' id='word_1_794' title='bbox 1184 2394 1334 2427; x_wconf 86' lang='lat' dir='ltr'>venerant,</span> <span class='ocrx_word' id='word_1_795' title='bbox 1346 2392 1400 2420; x_wconf 90' lang='lat' dir='ltr'>Leo</span> <span class='ocrx_word' id='word_1_796' title='bbox 1416 2392 1551 2428; x_wconf 86' lang='lat' dir='ltr'>captivus</span> <span class='ocrx_word' id='word_1_797' title='bbox 1574 2394 1604 2419; x_wconf 88' lang='lat' dir='ltr'>et</span> <span class='ocrx_word' id='word_1_798' title='bbox 1627 2391 1790 2420; x_wconf 87' lang='lat' dir='ltr'>Andronici</span> 
     </span>
    </p>
   </div>
   <div class='ocr_carea' id='block_1_107' title="bbox 962 2435 1790 2473">
    <p class='ocr_par' dir='ltr' id='par_1_107' title="bbox 962 2435 1790 2473">
     <span class='ocr_line' id='line_1_108' title="bbox 962 2435 1790 2473; baseline -0.001 -9"><span class='ocrx_word' id='word_1_799' title='bbox 962 2437 1033 2473; x_wconf 89' lang='lat' dir='ltr'>Lydi</span> <span class='ocrx_word' id='word_1_800' title='bbox 1049 2437 1140 2470; x_wconf 62' lang='lat' dir='ltr'>ducis,</span> <span class='ocrx_word' id='word_1_801' title='bbox 1154 2436 1203 2472; x_wconf 91' lang='lat' dir='ltr'>qui</span> <span class='ocrx_word' id='word_1_802' title='bbox 1215 2437 1277 2471; x_wconf 86' lang='lat' dir='ltr'>jam</span> <span class='ocrx_word' id='word_1_803' title='bbox 1291 2445 1306 2464; x_wconf 93' lang='lat' dir='ltr'>e</span> <span class='ocrx_word' id='word_1_804' title='bbox 1317 2436 1388 2464; x_wconf 88' lang='lat' dir='ltr'>vivis</span> <span class='ocrx_word' id='word_1_805' title='bbox 1403 2438 1579 2470; x_wconf 86' lang='lat' dir='ltr'>excesserat,</span> <span class='ocrx_word' id='word_1_806' title='bbox 1590 2436 1654 2470; x_wconf 84' lang='lat' dir='ltr'>ﬁlii,</span> <span class='ocrx_word' id='word_1_807' title='bbox 1665 2435 1790 2464; x_wconf 84' lang='lat' dir='ltr'>Christi-</span> 
     </span>
    </p>
   </div>
   <div class='ocr_carea' id='block_1_108' title="bbox 962 2480 1789 2517">
    <p class='ocr_par' dir='ltr' id='par_1_108' title="bbox 962 2480 1789 2517">
     <span class='ocr_line' id='line_1_109' title="bbox 962 2480 1789 2517; baseline -0.001 -8"><span class='ocrx_word' id='word_1_808' title='bbox 962 2481 1005 2509; x_wconf 86' lang='lat' dir='ltr'>fer</span> <span class='ocrx_word' id='word_1_809' title='bbox 1020 2481 1136 2517; x_wconf 84' lang='lat' dir='ltr'>Epeicta</span> <span class='ocrx_word' id='word_1_810' title='bbox 1150 2483 1179 2508; x_wconf 88' lang='lat' dir='ltr'>et</span> <span class='ocrx_word' id='word_1_811' title='bbox 1189 2480 1299 2508; x_wconf 87' lang='lat' dir='ltr'>Bardas</span> <span class='ocrx_word' id='word_1_812' title='bbox 1310 2481 1443 2515; x_wconf 90' lang='lat' dir='ltr'>Moncns,</span> <span class='ocrx_word' id='word_1_813' title='bbox 1456 2481 1674 2515; x_wconf 88' lang='lat' dir='ltr'>Armacurium,</span> <span class='ocrx_word' id='word_1_814' title='bbox 1687 2481 1789 2508; x_wconf 84' lang='lat' dir='ltr'>Latum</span> 
     </span>
    </p>
   </div>
   <div class='ocr_carea' id='block_1_109' title="bbox 963 2524 1792 2561">
    <p class='ocr_par' dir='ltr' id='par_1_109' title="bbox 963 2524 1792 2561">
     <span class='ocr_line' id='line_1_110' title="bbox 963 2524 1792 2561; baseline -0.002 -7"><span class='ocrx_word' id='word_1_815' title='bbox 963 2533 1065 2554; x_wconf 79' lang='lat' dir='ltr'>saxum</span> <span class='ocrx_word' id='word_1_816' title='bbox 1080 2527 1108 2552; x_wconf 89' lang='lat' dir='ltr'>et</span> <span class='ocrx_word' id='word_1_817' title='bbox 1122 2524 1179 2552; x_wconf 84' lang='lat' dir='ltr'>alia</span> <span class='ocrx_word' id='word_1_818' title='bbox 1195 2525 1309 2552; x_wconf 89' lang='lat' dir='ltr'>munita</span> <span class='ocrx_word' id='word_1_819' title='bbox 1320 2525 1441 2553; x_wconf 82' lang='lat' dir='ltr'>castella</span> <span class='ocrx_word' id='word_1_820' title='bbox 1456 2525 1485 2552; x_wconf 90' lang='lat' dir='ltr'>in</span> <span class='ocrx_word' id='word_1_821' title='bbox 1502 2524 1661 2553; x_wconf 87' lang='lat' dir='ltr'>Tbracensi</span> <span class='ocrx_word' id='word_1_822' title='bbox 1677 2524 1792 2561; x_wconf 88' lang='lat' dir='ltr'>provin-</span> 
     </span>
    </p>
   </div>
   <div class='ocr_carea' id='block_1_110' title="bbox 965 2569 1792 2606">
    <p class='ocr_par' dir='ltr' id='par_1_110' title="bbox 965 2569 1792 2606">
     <span class='ocr_line' id='line_1_111' title="bbox 965 2569 1792 2606; baseline -0.002 -7"><span class='ocrx_word' id='word_1_823' title='bbox 965 2571 1010 2600; x_wconf 89' lang='lat' dir='ltr'>cia</span> <span class='ocrx_word' id='word_1_824' title='bbox 1031 2572 1228 2605; x_wconf 83' lang='lat' dir='ltr'>occuparunt;</span> <span class='ocrx_word' id='word_1_825' title='bbox 1253 2569 1380 2606; x_wconf 86' lang='lat' dir='ltr'>indeque</span> <span class='ocrx_word' id='word_1_826' title='bbox 1404 2569 1489 2597; x_wconf 74' lang='lat' dir='ltr'>factis</span> <span class='ocrx_word' id='word_1_827' title='bbox 1513 2569 1729 2605; x_wconf 84' lang='lat' dir='ltr'>eruptionibus,</span> <span class='ocrx_word' id='word_1_828' title='bbox 1747 2569 1792 2597; x_wconf 85' lang='lat' dir='ltr'>di-</span> 
     </span>
    </p>
   </div>
   <div class='ocr_carea' id='block_1_111' title="bbox 965 2614 1792 2650">
    <p class='ocr_par' dir='ltr' id='par_1_111' title="bbox 965 2614 1792 2650">
     <span class='ocr_line' id='line_1_112' title="bbox 965 2614 1792 2650; baseline -0.002 -7"><span class='ocrx_word' id='word_1_829' title='bbox 965 2616 1076 2644; x_wconf 86' lang='lat' dir='ltr'>tionem</span> <span class='ocrx_word' id='word_1_830' title='bbox 1099 2614 1285 2650; x_wconf 87' lang='lat' dir='ltr'>imperatoris</span> <span class='ocrx_word' id='word_1_831' title='bbox 1305 2615 1470 2642; x_wconf 81' lang='lat' dir='ltr'>infestando</span> <span class='ocrx_word' id='word_1_832' title='bbox 1495 2622 1589 2649; x_wconf 89' lang='lat' dir='ltr'>usque</span> <span class='ocrx_word' id='word_1_833' title='bbox 1604 2614 1640 2642; x_wconf 86' lang='lat' dir='ltr'>ad</span> <span class='ocrx_word' id='word_1_834' title='bbox 1657 2614 1792 2642; x_wconf 85' lang='lat' dir='ltr'>indictio-</span> 
     </span>
    </p>
   </div>
   <div class='ocr_carea' id='block_1_112' title="bbox 967 2658 1796 2695">
    <p class='ocr_par' dir='ltr' id='par_1_112' title="bbox 967 2658 1796 2695">
     <span class='ocr_line' id='line_1_113' title="bbox 967 2658 1796 2695; baseline -0.002 -7"><span class='ocrx_word' id='word_1_835' title='bbox 967 2667 1035 2688; x_wconf 86' lang='lat' dir='ltr'>nem</span> <span class='ocrx_word' id='word_1_836' title='bbox 1050 2660 1066 2686; x_wconf 94' lang='lat'>8</span> <span class='ocrx_word' id='word_1_837' title='bbox 1081 2660 1315 2694; x_wconf 84' lang='lat' dir='ltr'>perseverarunt,</span> <span class='ocrx_word' id='word_1_838' title='bbox 1339 2667 1435 2695; x_wconf 91' lang='lat' dir='ltr'>neque</span> <span class='ocrx_word' id='word_1_839' title='bbox 1458 2658 1548 2686; x_wconf 85' lang='lat' dir='ltr'>ﬁnem</span> <span class='ocrx_word' id='word_1_840' title='bbox 1573 2661 1641 2686; x_wconf 88' lang='lat' dir='ltr'>ante</span> <span class='ocrx_word' id='word_1_841' title='bbox 1664 2658 1796 2686; x_wconf 76' lang='lat' dir='ltr'>fecerunt</span> 
     </span>
    </p>
   </div>
   <div class='ocr_carea' id='block_1_113' title="bbox 967 2702 1796 2739">
    <p class='ocr_par' dir='ltr' id='par_1_113' title="bbox 967 2702 1796 2739">
     <span class='ocr_line' id='line_1_114' title="bbox 967 2702 1796 2739; baseline -0.002 -7"><span class='ocrx_word' id='word_1_842' title='bbox 967 2703 1187 2732; x_wconf 80' lang='lat' dir='ltr'>latrociniorum</span> <span class='ocrx_word' id='word_1_843' title='bbox 1204 2711 1294 2739; x_wconf 87' lang='lat' dir='ltr'>quam</span> <span class='ocrx_word' id='word_1_844' title='bbox 1314 2703 1461 2739; x_wconf 87' lang='lat' dir='ltr'>promissa</span> <span class='ocrx_word' id='word_1_845' title='bbox 1484 2702 1556 2739; x_wconf 85' lang='lat' dir='ltr'>ipsis</span> <span class='ocrx_word' id='word_1_846' title='bbox 1583 2711 1635 2739; x_wconf 90' lang='lat' dir='ltr'>per</span> <span class='ocrx_word' id='word_1_847' title='bbox 1649 2702 1796 2738; x_wconf 84' lang='lat' dir='ltr'>Nicepho-</span> 
     </span>
    </p>
   </div>
   <div class='ocr_carea' id='block_1_114' title="bbox 82 2745 843 2790">
    <p class='ocr_par' dir='ltr' id='par_1_114' title="bbox 82 2745 843 2790">
     <span class='ocr_line' id='line_1_115' title="bbox 82 2745 843 2790; baseline -0.007 -10"><span class='ocrx_word' id='word_1_848' title='bbox 82 2762 136 2790; x_wconf 85' lang='grc' dir='ltr'>χον</span> <span class='ocrx_word' id='word_1_849' title='bbox 165 2749 219 2781; x_wconf 70' lang='grc' dir='ltr'>ἕως</span> <span class='ocrx_word' id='word_1_850' title='bbox 250 2747 354 2788; x_wconf 80' lang='grc' dir='ltr'>ὀγδόης</span> <span class='ocrx_word' id='word_1_851' title='bbox 395 2747 575 2783; x_wconf 79' lang='grc' dir='ltr'>ῗνδικτιῶνος,</span> <span class='ocrx_word' id='word_1_852' title='bbox 603 2747 649 2776; x_wconf 81' lang='grc' dir='ltr'>καὶ</span> <span class='ocrx_word' id='word_1_853' title='bbox 689 2745 843 2785; x_wconf 75' lang='grc' dir='ltr'>ἒπεκδρομᾶ</span> 
     </span>
    </p>
   </div>
   <div class='ocr_carea' id='block_1_115' title="bbox 1033 2745 1794 2790">
    <p class='ocr_par' dir='ltr' id='par_1_115' title="bbox 1033 2746 1794 2784">
     <span class='ocr_line' id='line_1_116' title="bbox 1033 2746 1794 2784; baseline -0.001 -8"><span class='ocrx_word' id='word_1_854' title='bbox 1033 2759 1036 2776; x_wconf 79' lang='lat' dir='ltr'>l</span> <span class='ocrx_word' id='word_1_855' title='bbox 1052 2747 1208 2784; x_wconf 85' lang='lat' dir='ltr'>patricium</span> <span class='ocrx_word' id='word_1_856' title='bbox 1222 2747 1447 2777; x_wconf 83' lang='lat' dir='ltr'>Parsacutinum</span> <span class='ocrx_word' id='word_1_857' title='bbox 1461 2746 1638 2784; x_wconf 80' lang='lat' dir='ltr'>impunitate</span> <span class='ocrx_word' id='word_1_858' title='bbox 1652 2747 1689 2776; x_wconf 82' lang='lat' dir='ltr'>ad</span> <span class='ocrx_word' id='word_1_859' title='bbox 1703 2746 1794 2783; x_wconf 83' lang='lat' dir='ltr'>impe-</span> 
     </span>
    </p>
   </div>
   <div class='ocr_carea' id='block_1_116' title="bbox 81 2791 915 2833">
    <p class='ocr_par' dir='ltr' id='par_1_116' title="bbox 81 2791 915 2833">
     <span class='ocr_line' id='line_1_117' title="bbox 81 2791 915 2833; baseline -0.006 -7"><span class='ocrx_word' id='word_1_860' title='bbox 81 2795 193 2826; x_wconf 84' lang='grc' dir='ltr'>τούτων</span> <span class='ocrx_word' id='word_1_861' title='bbox 224 2794 390 2832; x_wconf 63' lang='grc' dir='ltr'>ποιούμενοι</span> <span class='ocrx_word' id='word_1_862' title='bbox 413 2794 447 2822; x_wconf 79' lang='grc' dir='ltr'>τὰ</span> <span class='ocrx_word' id='word_1_863' title='bbox 473 2792 608 2833; x_wconf 68' lang='grc' dir='ltr'>βασιλέως</span> <span class='ocrx_word' id='word_1_864' title='bbox 637 2791 778 2822; x_wconf 72' lang='grc' dir='ltr'>ἐλύπουν·</span> <span class='ocrx_word' id='word_1_865' title='bbox 809 2792 854 2822; x_wconf 75' lang='grc' dir='ltr'>καὶ</span> <span class='ocrx_word' id='word_1_866' title='bbox 884 2792 915 2822; x_wconf 83' lang='grc' dir='ltr'>οὐ</span> 
     </span>
    </p>
   </div>
   <div class='ocr_carea' id='block_1_117' title="bbox 972 2791 1327 2825">
    <p class='ocr_par' dir='ltr' id='par_1_117' title="bbox 972 2791 1327 2825">
     <span class='ocr_line' id='line_1_118' title="bbox 972 2791 1327 2825; baseline -0.006 0"><span class='ocrx_word' id='word_1_867' title='bbox 972 2795 1101 2825; x_wconf 81' lang='lat' dir='ltr'>ratorem</span> <span class='ocrx_word' id='word_1_868' title='bbox 1116 2791 1327 2823; x_wconf 84' lang='lat' dir='ltr'>transiverunt.</span> 
     </span>
    </p>
   </div>
  </div>
