1936 3048
151 133 207 164 167

150 198 214 236 πρὶν
239 197 389 226 ἰπαύσαντο
416 197 464 227 τάς
498 195 591 233 χώρας
621 194 828 229 λεηλατοῦντες,
860 194 923 232 πρὶν
953 193 983 221 ἂν

150 242 211 270 κίου
224 245 272 269 τοῦ
289 243 516 279 Παρσαχουτῆνοῦ
531 243 570 276 τῷ
589 239 696 277 βασιλεῖ
710 239 939 277 προσεχώρησαν.

824 126 987 160 GEORGII
1005 127 1175 159 CEDRENI

1797 127 1860 159 168

1027 193 1177 230 ἀμνηστίαν
1222 192 1366 232 ιίληφότις
1381 195 1470 221 κακῶν
1499 191 1544 220 διὰ
1573 193 1734 232 Νικηφόρου
1760 203 1861 230 πατρι-

187 297 329 325 Caeterum
341 296 484 323 Antonius
495 295 661 330 patriarcha
674 303 740 322 cum
758 293 922 322 sacerdotio
938 302 939 305 η

1073 291 1142 319 Τότε
1167 290 1200 326 δὴ
1227 293 1271 319 κᾶὶ
1302 292 1448 322 Ἀντώνιος
1476 292 1490 318 ὁ
1513 292 1687 329 πατριάρχης
1714 291 1783 318 κατὰ
1810 292 1865 325 τήν

152 342 331 375 nuntiasset,
345 342 420 368 Duro
432 340 619 368 rebellionem
632 341 776 373 movente,
790 341 852 366 tum
869 340 980 373 tempo-

153 387 195 414 ris
216 388 349 413 mortuus
367 388 428 418 est;
453 387 629 419 croatusque
653 383 821 419 patriarcha
845 382 982 410 Nicolaus

153 429 394 466 Chrysobergius,
412 437 478 457 cum
501 437 551 464 per
568 429 583 456 4
599 437 691 456 annos
717 427 845 456 Ecclesia
866 429 981 463 pastore

154 477 309 503 caruisset.
326 474 374 502 Sol
392 474 480 502 etiam
503 473 624 501 meridie
640 472 745 500 defecit
759 474 788 500 et
804 471 894 500 stella:
910 480 982 499 con-

154 522 260 555 spectas
275 522 356 546 sunt.
373 518 466 546 Simul
483 520 571 553 atque
595 518 671 544 diem
698 519 861 544 extremum
877 515 984 543 clausit.

153 563 315 591 Tzimiscas
332 563 502 599 imperator,
514 562 634 598 Bulgari
650 562 819 589 defecerunt
838 562 865 588 el.
886 560 981 596 impe-

153 608 229 636 rium
243 608 273 635 in
284 616 315 636 se
328 610 456 643 quatuor
471 607 614 634 fratribus
628 607 852 640 commiserunt,
865 605 983 640 Davido,

154 652 351 688 Mosi,Aaroni
363 654 391 680 et
402 651 549 686 Samuelo,
559 651 636 678 ﬁlius
647 651 736 678 unius
745 650 793 678 cui
804 651 865 678 erat
877 657 984 686 magna

154 698 230 725 inter
262 696 404 732 Bulgaros
441 695 572 732 potentia
601 695 736 728 comitis.
767 703 783 722 a
812 703 870 730 qua
897 703 928 722 re
956 696 984 722 et

153 742 228 771 435
247 741 423 777 Comitopuli
449 740 684 777 appellabantur.
706 739 821 767 Etenim
846 739 881 766 de
906 739 983 767 Petri

153 788 240 823 gente
256 785 385 821 reliquos
405 793 486 813 mors
506 784 670 813 abstulerat
685 793 692 813 :
709 784 826 812 Borises
841 786 939 812 autem
956 785 984 811 et

154 832 305 859 Romanus
322 830 409 864 hujus
424 829 476 857 ﬁlii
494 829 625 864 abducti,
638 831 670 856 ut
685 831 753 856 ante
768 828 934 861 retulimus,
952 828 982 855 in

154 875 257 903 urbem
273 874 313 902 ibi
337 874 493 910 degebant,
509 873 626 901 Borises
651 873 785 909 magistri
809 872 951 908 dignitate
966 881 984 900 α

152 919 297 948 Tzimisca
317 921 450 953 ornatus,
466 921 615 946 Romanus
631 927 648 946 a
661 917 788 953 Josepho
805 917 983 945 cubiculario

154 965 259 993 intimo
276 966 431 992 castratus.
450 963 563 991 Mortuo
582 962 726 990 Tzimisca
739 971 774 990 ex
793 963 864 990 urbe
880 961 982 998 profu-

154 1011 260 1046 gerunt
275 1011 303 1036 et
323 1009 354 1036 in
374 1008 540 1044 Bulgariam
566 1007 789 1035 contenderunt.
805 1008 844 1035 Ac
861 1007 981 1034 Borisen

155 1054 273 1091 quidem
292 1054 420 1080 Romano
441 1053 542 1080 habitu
563 1053 712 1086 indutum,
725 1052 796 1079 dum
813 1060 864 1087 per
879 1051 982 1079 silvam

155 1099 311 1134 quamdam
325 1097 442 1130 transit,
453 1096 598 1133 Bulgarus
609 1096 731 1131 quidam
742 1096 907 1124 Romanum
919 1103 984 1123 esse

156 1145 238 1171 ratus
251 1142 408 1170 interfecit.
422 1143 572 1169 Romanus
588 1141 746 1169 incolumis
758 1141 878 1173 mansit,
890 1142 918 1167 et
933 1139 985 1167 ali-

155 1189 265 1223 quanto
282 1188 347 1223 post
369 1186 399 1213 in
415 1185 518 1213 urbem
536 1186 631 1218 rediit,
648 1187 682 1213 ut
705 1193 759 1213 suo
782 1185 844 1212 loco
860 1185 982 1213 dicetur.

154 1231 195 1259 De
212 1234 339 1266 quatuor
354 1233 452 1258 autem
475 1229 540 1257 istis
563 1229 703 1256 fratribus
721 1229 848 1256 “avidus
864 1228 982 1264 quidem

153 1276 254 1304 statim
271 1275 354 1309 obiit,
367 1275 463 1302 Moses
486 1276 584 1301 autem
601 1273 703 1302 Serras
723 1281 898 1309 oppugnaris
914 1281 984 1300 saxo

153 1329 170 1348 a
186 1328 269 1348 muro
294 1319 370 1347 ictus
393 1319 490 1355 periit.
505 1320 650 1346 Aaronem
677 1318 817 1346 Romanis
839 1318 936 1351 rebus,
953 1319 985 1345 ut

154 1365 311 1396 ferebatur,
322 1364 466 1391 faventem
484 1364 572 1390 frater
582 1362 737 1390 Samuelus
747 1370 814 1390 cum
828 1362 928 1390 sobole
939 1361 984 1389 in-

154 1408 286 1441 terfecit,
311 1407 372 1436 solo
402 1407 628 1440 Bladosthlabo,
657 1407 708 1442 qui
738 1407 827 1435 etiam
855 1407 984 1434 Joannes

154 1455 326 1489 usurpatur,
351 1452 411 1479 ﬁlio
436 1453 500 1487 ejus
525 1453 622 1486 erepto
637 1451 832 1479 aRadomero
856 1451 985 1479 Samueli

153 1497 226 1531 ﬁlio,
239 1505 327 1533 quem
344 1499 372 1524 et
387 1496 553 1524 Romanum
564 1497 678 1524 vocant.
691 1496 717 1523 Is
728 1495 883 1523 Samuelus
895 1495 984 1523 homo

154 1542 314 1571 bellicosus
331 1550 364 1569 ac
386 1540 493 1576 quietis
518 1540 688 1575 impatiens,
704 1542 809 1568 nactus
834 1540 984 1567 licentiam

154 1587 295 1615 Romanis
314 1585 490 1613 exercitibus
516 1584 592 1612 bello
617 1585 757 1612 adversus
773 1584 882 1612 Durum
899 1592 984 1612 occu-

154 1631 243 1668 patis,
259 1630 337 1658 438
353 1632 446 1658 totum
459 1629 646 1658 Occidentem
663 1629 882 1657 incursionibus
899 1637 982 1656 vexa-

154 1659 207 1710 νὴ,
223 1659 280 1703 non
296 1674 447 1702 Thraciam
464 1675 550 1701 modo
572 1676 602 1701 et
625 1674 823 1701 Macedoniam
841 1682 873 1700 ac
890 1674 982 1701 Thes-
998 1659 1020 1693 θ

154 1720 290 1748 εαιοηὶεω
307 1719 482 1756 propinqua,
500 1719 550 1746 sed
566 1718 748 1746 Thessaliam
765 1726 892 1753 quoque,
908 1717 983 1746 Ορω-

149 1765 225 1792 ciam
247 1767 279 1795 ,οι
304 1763 548 1799 Peloponnesum.
565 1764 603 1790 Ac
629 1762 723 1790 multa
749 1762 826 1797 cepit
849 1762 981 1798 castella,

151 1817 276 1845 quorum
301 1808 479 1844 praecipuum
506 1806 633 1835 Larissa.
659 1807 753 1842 Hujus
776 1807 888 1834 incolas
911 1815 979 1834 cum

149 1854 218 1882 totis
234 1853 355 1882 familiis
376 1853 406 1880 in
433 1852 568 1880 intimam
595 1851 745 1880 transtulit
766 1851 935 1887 Bulgariam
951 1853 980 1879 et

149 1907 269 1928 suorum
287 1897 415 1926 militum
428 1897 536 1925 tabulis
548 1896 708 1932 inscripsit,
721 1904 881 1931 eorumque
892 1904 980 1932 opera

149 1947 253 1972 contra
267 1943 413 1970 Romanos
439 1950 511 1969 usus
535 1941 701 1968 est.Avcxit
726 1940 814 1968 etiam
839 1940 979 1975 reliquias

149 1988 245 2016 sancti
262 1987 394 2018 Achillei,
412 1986 462 2021 qui
477 1986 576 2013 sedem
596 1985 717 2012 Larissae
736 1987 870 2012 tenuerat
886 1985 978 2020 impe-

149 2034 232 2060 rante
245 2030 436 2059 Constantino
448 2030 565 2066 Magno,
574 2031 602 2057 et
613 2029 717 2063 majori
728 2028 816 2056 simul
833 2030 862 2057 et
877 2029 977 2063 primae

148 2075 259 2112 synodo
275 2074 408 2102 adfuerat
423 2081 489 2101 cum
507 2073 616 2109 Regino
629 2073 795 2108 Scopelensi
810 2076 838 2100 et
856 2073 977 2101 Diodoro

148 2119 308 2152 Triccensi,
338 2126 447 2154 easque
475 2117 600 2152 Prespzc,
631 2117 680 2144 ubi
710 2116 819 2152 regiam
849 2116 981 2145 habebat:

149 2172 247 2198 suam,
260 2163 407 2200 deposuit.

1035 339 1083 365 τοῦ
1097 337 1226 376 Σκληροῦ
1250 337 1455 374 ἀποταξάμενος
1483 337 1645 365 ἀποστασίαν
1672 339 1706 374 τῇ
1731 337 1864 372 ἱερατείᾳ,

1036 380 1139 409 ἀπεϐίω
1154 392 1161 399 ο
1191 383 1235 410 καὶ
1261 385 1458 421 χειροτονεῖται
1483 393 1656 420 πατριαργης
1683 381 1823 413 Νικόλαος
1846 382 1861 408 ὁ

1035 427 1084 460 τήν
1102 428 1259 463 ἐπωνυμίαν
1284 425 1494 466 Χρυσοϐἑργιος,
1518 431 1568 462 τῆς
1597 427 1762 462 Έκκλησίας
1781 426 1865 454 ἀποι-

1038 472 1140 508 μάντου
1154 470 1346 507 διατελεσάσης
1372 472 1416 500 ἐπὶ
1446 471 1492 507 ἔτη
1521 472 1637 510 τέσσαρα
1651 471 1720 509 πρὸς
1736 473 1776 507 τῷ
1792 471 1863 507 ἠμί-

1037 526 1086 544 σιι.
1102 517 1228 553 Ἐγένετο
1244 515 1272 544 δὲ
1287 517 1331 544 καὶ
1356 514 1480 554 ἔκλειψις
1503 516 1585 552 ἡλίου
1604 516 1666 553 περὶ
1687 517 1771 553 μισ-ην
1788 516 1863 552 ἠμέ-

1039 570 1099 598 ραν,
1115 561 1153 592 ὡς
1177 560 1222 588 καὶ
1251 561 1363 598 ἀστέρας
1389 564 1515 600 φανῆναι.
1545 562 1606 590 Τῶν
1635 559 1664 588 δὲ
1693 560 1862 597 Βουλγάρων

1039 604 1144 642 ἄμαιτῇ
1168 605 1282 643 τελευτῇ
1310 608 1359 633 τοῦ
1391 605 1526 643 βασιλέως
1555 606 1683 634 Ἰωάννου
1707 605 1864 640 ἀποστατη-

1039 651 1153 685 σάντων,
1195 649 1289 688 ἄρχειν
1330 649 1417 678 αὐτῶν
1470 651 1694 688 προχειρίζονται
1737 649 1868 687 τεσσαρες

1037 693 1161 734 ἂδελφοὶ,
1184 692 1280 730 Δαϐὶδ,
1305 697 1437 729 Μωυσῆς,
1453 695 1559 733 Ἀαρὼν
1585 694 1631 722 καὶ
1648 693 1794 731 Σαμουὴλ,
1807 693 1868 725 ἑνὸς

1037 741 1090 766 τῶν
1119 739 1193 777 παρὰ
1232 739 1404 777 Βουλγάροις
1441 739 1508 776 μέγα
1544 738 1714 774 δυνηθέντων
1741 748 1868 775 κομητος

1038 782 1114 816 ὄντες
1127 783 1223 815 παῖδες
1237 783 1281 811 καὶ
1308 783 1352 811 διὰ
1376 786 1458 812 τοῦτο
1481 784 1693 821 κομητόπουλοι
1709 793 1866 820 κατονομα-

1040 829 1139 865 ζόμεμι
1158 853 1160 856 .
1179 830 1241 857 Τῶν
1260 829 1312 866 γάρ
1341 829 1408 856 κατὰ
1431 829 1508 867 γενος
1533 829 1728 867 προσηκόντων
1751 830 1790 864 τῷ
1815 827 1868 856 Πὲ-

1039 883 1094 910 αρῳ
1119 873 1144 900 οἱ
1173 880 1220 909 μεν
1250 872 1333 901 ἄλλοι
1362 874 1467 910 θανάτῳ
1495 872 1669 909 διεκόπησαν,
1699 872 1821 911 Βορίσης
1838 871 1868 900 δὶ

1039 918 1084 945 καὶ
1099 919 1243 954 Ῥωμαιοις
1256 919 1282 945 οἱ
1293 920 1392 946 τοῦτου
1421 919 1475 946 υἱοὶ
1499 918 1538 949 εἷς
1566 919 1615 953 τήν
1631 917 1712 946 πόλιν
1724 917 1867 956 εἲσαχθέν-

1037 972 1090 996 τις,
1107 962 1144 993 ὡς
1160 962 1186 989 ἐν
1214 965 1273 993 τοῖς
1298 961 1450 1000 ἔμπροσθεν
1482 962 1599 1000 εἴρηται,
1624 960 1720 999 ἔμενον
1737 961 1762 989 ἐν
1779 963 1862 999 αὐτῇ,

1038 1007 1052 1034 ὁ
1070 1006 1158 1043 μὲνμά
1181 1017 1290 1044 γιστρος
1313 1007 1385 1044 παρὰ
1414 1009 1463 1034 τοῦ
1484 1006 1617 1045 βασιλέως
1629 1006 1755 1043 τιμηθεὶς
1770 1006 1866 1034 Ἰωάν-

1037 1053 1114 1080 νουὸ
1130 1051 1159 1079 δὶ
1186 1053 1326 1088 Ῥωμανὸς
1356 1052 1501 1089 ἐκτμηθεὶς
1530 1052 1564 1079 τὰ
1595 1051 1750 1089 παιδουργᾶ.
1775 1049 1860 1088 μόρια

1037 1097 1110 1134 παρά
1134 1099 1183 1124 τοῦ
1217 1098 1468 1134 παρακοιμωμὲνου
1503 1097 1635 1135 πρότερον
1659 1097 1771 1134 Ἰωσήφ.
1800 1096 1853 1123 Καὶ

1038 1141 1094 1169 ἐπεὶ
1120 1138 1218 1176 συνέϐη
1242 1141 1289 1168 τὸν
1319 1140 1431 1178 βασιλέα
1455 1142 1583 1176 Ἰωάννην
1612 1141 1770 1174 ἀποθανεῖν,
1788 1139 1862 1167 ἐκεῖ·

1039 1187 1082 1212 θεν
1111 1184 1352 1223 ἀποδιδράσκουσι,
1391 1186 1435 1213 καὶ
1473 1186 1524 1220 τὴν
1562 1184 1732 1222 Βουλγαρίαν
1770 1185 1868 1222 φθάσαι

1038 1231 1197 1267 ἠπείγοντο.
1223 1230 1272 1257 Καὶ
1302 1231 1316 1258 ὁ
1342 1230 1390 1266 μὶν
1422 1229 1540 1268 Βορίσης
1562 1230 1633 1266 τόξῳ
1650 1229 1764 1268 βληθεὶς
1783 1229 1808 1256 tv
1829 1228 1869 1265 τῷ

1039 1273 1136 1301 διιέναι
1151 1274 1218 1302 κατά
1232 1285 1292 1301 τινα
1317 1274 1428 1312 λόχμην
1456 1275 1528 1312 παρά
1556 1284 1628 1305 τινος
1650 1272 1805 1310 Βουλγάρου
1822 1283 1867 1300 νο-

1041 1319 1170 1356 μίσαντος
1195 1319 1275 1346 αὐτὸν
1300 1322 1435 1355 Ῥωμαῖον
1464 1319 1530 1346 εἶναι
1556 1317 1704 1355 (ἐνεδέδυτο
1728 1318 1780 1356 γὰρ
1805 1328 1866 1345 στο-

1040 1363 1092 1398 λήν
1107 1365 1277 1401 Ῥωμαϊκήν)
1301 1362 1467 1398 ἀπόλλυται,
1491 1363 1633 1400 Ῥωμανὸς
1649 1361 1678 1390 δὶ
1694 1361 1864 1398 διασώζεται,

1039 1409 1083 1436 καὶ
1099 1408 1194 1446 χρόνῳ
1209 1408 1318 1445 ὕστερον
1349 1407 1468 1435 ἔπάνεισι
1483 1407 1567 1435 πάλιν
1589 1407 1628 1439 εἷς
1649 1407 1700 1441 τήν
1729 1406 1867 1444 βασιλίδα,

1040 1453 1078 1483 ὡς
1094 1452 1120 1480 ὲν
1136 1455 1175 1488 τῷ
1204 1451 1266 1488 ἳδίῳ
1289 1453 1368 1489 τόπῳ
1388 1451 1534 1488 λελέξεται.
1563 1451 1671 1479 Τούτων
1699 1450 1727 1479 δὶ
1741 1454 1794 1478 τῶν
1810 1461 1867 1479 τεσ-

1041 1496 1129 1534 σάρων
1147 1495 1272 1534 ἀδελφῶν
1303 1495 1386 1525 Δαϐἲδ
1418 1497 1464 1532 μὶν
1488 1496 1566 1528 εὐθὺς
1591 1494 1695 1524 ἀπεϐίω
1717 1495 1866 1531 ἀναιρεθεὶς

1041 1541 1123 1578 μέσον
1154 1541 1305 1579 Καστορίας
1334 1541 1378 1569 καὶ
1417 1542 1541 1579 Πρὲσπας
1568 1541 1612 1568 καὶ
1640 1541 1688 1571 τὰς
1713 1540 1864 1578 λεγομένας

1040 1585 1129 1617 Καλὰς
1157 1585 1221 1622 δρῦς
1249 1586 1323 1624 παρά
1344 1595 1425 1612 τινων
1462 1585 1579 1623 Βλαχῶν
1604 1584 1714 1618 ὀδιτῶν,
1743 1587 1866 1619 Μωυσῆς

1040 1629 1068 1657 δὲ
1094 1630 1141 1660 τὰς
1165 1629 1268 1667 Σέῤῥας
1307 1629 1466 1668 πολιορκῶν
1506 1630 1575 1666 λίθῳ
1605 1630 1657 1657 ἀπὸ
1678 1631 1727 1657 τοῦ
1753 1629 1866 1666 τείχους

1041 1674 1152 1712 βληθεὶς
1180 1674 1338 1709 ἐτεΛεῦτησε
1355 1684 1361 1690 “
1392 1674 1437 1701 καὶ
1465 1675 1510 1702 τὸν
1540 1675 1645 1711 Ἀαρὼν
1681 1673 1709 1701 δὲ
1734 1674 1767 1701 τὰ
1800 1675 1864 1702 Ῥω-

1039 1719 1139 1755 μαίων,
1169 1719 1206 1749 ὡς
1232 1717 1350 1756 λέγεται⁹
1389 1721 1538 1756 φρονοῦντα
1575 1717 1593 1753 ἥ
1626 1719 1677 1752 τὴν
1706 1718 1795 1756 ἀρχὴν
1825 1718 1864 1749 είς

1036 1763 1128 1790 ἑαυτὸν
1154 1764 1378 1802 σφετεριζόμενον
1404 1763 1509 1790 ἀνεῖλεν
1540 1764 1554 1791 ὁ
1584 1762 1702 1802 ἀδελφὸς
1730 1762 1862 1799 Σαμουὴλ

1035 1808 1255 1845 παγγενιὶ,κατά
1282 1809 1332 1842 τήν
1362 1806 1397 1835 ιδ’
1424 1810 1473 1835 τοῦ
1502 1806 1622 1835 Ἰουλίου
1653 1808 1750 1844 μηνὸς,
1778 1807 1805 1834 ἐν
1827 1809 1862 1845 τῇ

1034 1852 1180 1888 τοποθεσίᾳ
1203 1856 1252 1887 τῆς
1279 1853 1499 1889 Ῥαμετανίτζας,
1531 1855 1571 1888 [Ρ.
1596 1853 1660 1888 695]
1687 1852 1772 1889 μόνου
1788 1852 1860 1880 Βλα-

1034 1895 1191 1924 δοσολάϐου
1203 1900 1251 1924 τοῦ
1279 1898 1324 1924 καὶ
1351 1898 1476 1925 Ίωᾶννου
1506 1896 1696 1931 διασωθέντος,
1725 1899 1774 1924 τοῦ
1800 1897 1861 1924 υἱοῦ

1033 1941 1128 1977 αὑτοῦ,
1155 1942 1229 1979 παρὰ
1265 1940 1436 1979 Ῥαδομηροῦ
1478 1944 1526 1968 τοῦ
1562 1943 1608 1969 καὶ
1636 1942 1788 1977 Ῥωμανοῧ,
1813 1943 1862 1968 τοῦ

1033 1987 1093 2013 υἱοῦ
1109 1989 1157 2013 τοῦ
1187 1985 1331 2022 Σαμουῆλ.
1357 1987 1405 2013 Καὶ
1432 1986 1589 2018 καθίσταται
1620 1985 1758 2024 μόναρχος
1773 1985 1862 2014 Βουλ-

1032 2030 1131 2067 γαρίας
1147 2031 1253 2066 ἀπάσης
1280 2032 1294 2058 ὁ
1319 2030 1462 2067 Σαμουήλ.
1479 2031 1563 2061 Οὗτος
1592 2031 1743 2066 πολεμικὸς
1759 2029 1862 2067 ἅνθρω-

1033 2085 1084 2105 πος
1110 2074 1145 2102 ὢν
1162 2075 1206 2102 καὶ
1225 2073 1362 2111 μηδέποτε
1381 2073 1460 2106 εἷδὼς
1489 2075 1615 2113 ἠρεμεῖν,
1631 2077 1684 2102 τῶν
1699 2075 1864 2110 Ῥωμαϊκῶν

1032 2118 1238 2157 στρατευμάτων
1254 2121 1314 2151 ταῖς
1342 2119 1412 2156 πρὸς
1439 2120 1484 2146 τὸν
1516 2119 1644 2157 Σκληρὸν
1661 2118 1764 2157 μάχαις
1778 2119 1864 2157 ἀσχο-

1031 2162 1172 2200 λουμένων
1188 2162 1278 2195 ἀδείας
1305 2164 1398 2202 τυχὼν
1427 2163 1579 2200 κατέδραμε
1601 2166 1686 2191 πᾶσαν
1700 2164 1750 2198 τήν
1768 2164 1862 2192 Ἐσπὲ-

148 2219 207 2246 ραν,
237 2208 268 2236 οὐ
304 2208 386 2245 μόνον
416 2206 523 2242 Θρᾴκην
553 2206 598 2234 καὶ
637 2204 805 2234 Μακεδονίαν
834 2206 878 2234 καὶ
923 2207 956 2234 τὰ
994 2210 1029 2245 τῇ
1055 2208 1239 2246 Θεσσαλονίκῃ
1276 2208 1439 2246 πρόσχωρα,
1469 2208 1542 2236 ἀλλᾶ
1565 2209 1607 2236 καὶ
1639 2208 1785 2236 Θετταλίαν
1817 2209 1863 2236 καὶ

148 2251 270 2282 Ἐλλάδα
297 2253 342 2280 καὶ
372 2251 581 2285 Πελοπόννησον
597 2260 604 2267 ’
634 2251 680 2278 καὶ
711 2250 804 2279 πολλὰ
833 2251 949 2290 φρούρια
970 2254 1170 2291 παρεστήσατο,
1187 2254 1224 2281 ὧν
1254 2254 1287 2288 ἧν
1309 2254 1340 2281 τὸ
1362 2257 1510 2292 κορυφαῖον
1534 2255 1551 2288 ἡ
1579 2254 1711 2291 Λάρισσα,
1737 2255 1771 2287 ἧς
1794 2253 1861 2285 τοὺς

147 2298 274 2329 ἒποίκους
302 2297 449 2334 μετῴκισεν
477 2295 516 2327 είς
545 2296 578 2323 τὰ
605 2299 655 2330 τῆς
678 2296 850 2333 Βουλγαρίας
880 2295 1007 2336 ἰνόότερα
1034 2298 1205 2333 πανεστίους,
1234 2298 1279 2326 καὶ
1303 2300 1363 2330 τοῖς
1392 2297 1559 2336 καταλόγοις
1589 2301 1644 2326 τῶν
1672 2298 1770 2326 εαυτοῦ
1784 2305 1865 2326 κατα“

145 2344 226 2380 τάξας
255 2343 427 2379 στρατιωτῶν
456 2350 616 2378 συμμαχοις
644 2339 747 2378 ἐχρῆτο
774 2341 842 2369 κατᾶ
870 2342 1024 2378 Ῥωμαίων.
1062 2344 1205 2381 Μετήγαγε
1233 2342 1261 2370 δὲ
1288 2342 1334 2370 καί
1362 2343 1393 2370 τὸ
1416 2342 1542 2380 λείψανον
1573 2345 1622 2370 τοῦ
1652 2343 1730 2381 ἁγίου
1760 2342 1867 2380 Ἀχιλ-

147 2387 232 2421 λείου,
262 2385 411 2414 ἐπισκόπου
441 2385 579 2422 Λαρίσσης
608 2385 831 2423 χρηματίσαντος
867 2386 911 2413 ἐπὶ
949 2387 1153 2415 Κωνσταντίνσυ
1175 2389 1223 2415 τοῦ
1253 2386 1384 2426 Μεγάλου
1415 2387 1463 2414 κάν
1493 2389 1527 2420 τῆ
1560 2386 1667 2425 μεγάλῃ
1697 2387 1742 2414 καὶ
1765 2387 1864 2425 πρώτῃ

147 2430 250 2468 συνόδῳ
273 2431 408 2469 παρόντος
435 2429 481 2457 σὺν
506 2430 621 2467 Ῥηγίνῳ
659 2429 806 2458 Σκοπέλων
843 2430 888 2457 καὶ
917 2429 1048 2468 Διοδώρῳ
1084 2432 1212 2470 Τρίκκης,
1244 2433 1288 2460 καὶ
1319 2431 1358 2463 εἷς
1387 2431 1511 2469 Πρὲσπαν
1540 2432 1665 2467 ἀπέθετο,
1694 2431 1758 2464 ἔνθα
1786 2431 1866 2466 ἦσαν

146 2476 221 2513 αὐτῷ
235 2476 268 2504 τά
285 2475 420 2514 βασίλεια.

182 2530 307 2559 Proinde
323 2529 633 2580 Basilius‘imperator,
649 2530 682 2557 ut
696 2529 825 2565 primum
842 2530 910 2558 Duri
927 2539 976 2559 ne-
992 2548 1016 2580 D

147 2576 224 2612 gotio
237 2583 267 2604 se
278 2575 417 2610 expediit,
428 2574 531 2602 ulcisci
544 2574 673 2602 Samueli
685 2574 828 2602 maleficia
847 2575 980 2612 cupiens,

146 2620 276 2649 collectis
302 2619 442 2648 Romanis
467 2619 654 2652 exercitibus,
672 2619 703 2647 in
729 2619 897 2656 Bulgariam
913 2620 978 2656 ipse

147 2666 253 2694 dueere
279 2665 395 2697 statuit,
412 2672 448 2692 ne
472 2663 688 2692 communicata
711 2664 831 2700 quidem
857 2673 887 2692 re
910 2674 978 2693 cum

145 2711 242 2739 Barda
265 2709 373 2742 Phooa,
390 2708 558 2737 scholarum
583 2709 746 2736 etiamnum
763 2709 935 2746 domestico,
949 2712 979 2739 et

147 2755 271 2791 reliquis
285 2752 483 2782 orientalibus
501 2753 640 2782 ducibus.
654 2753 729 2790 Ergo
755 2762 808 2789 per
831 2754 978 2791 Rhodopae

147 2808 180 2831 ac
201 2799 276 2830 Euro
299 2798 414 2828 ﬂumini
443 2798 577 2836 regiones
602 2798 784 2836 propinquas
808 2798 978 2836 Bulgariam

1068 2531 1235 2568 Ἀμύνασθαι
1251 2531 1282 2559 δὶ
1295 2533 1392 2559 τοῦτον
1418 2532 1432 2559 ὁ
1461 2529 1589 2568 βασιλεὺς
1612 2533 1666 2558 τῶν
1683 2529 1866 2569 εἰργασμένων

1035 2574 1215 2614 γλιχόμενος,
1233 2576 1344 2614 ἰπείπερ
1366 2576 1540 2611 ἀπε-τινάξατο
1561 2575 1609 2608 τὰς
1630 2575 1692 2613 περὶ
1709 2577 1756 2603 τοῦ
1773 2574 1866 2610 Σκλη-

1037 2623 1085 2659 ροῦ
1111 2619 1267 2660 φροντίδας,
1292 2620 1342 2652 τὰς
1376 2620 1532 2658 Ῥωμαϊκὰς
1572 2619 1697 2658 ὀοροίσας
1736 2619 1865 2656 δυνάμεις

1036 2665 1117 2698 αὐτὸς
1132 2664 1168 2693 δι’
1184 2665 1280 2693 ἑαυτοῦ
1306 2663 1435 2700 ιῗσϐολὴν
1461 2664 1488 2692 ἐν
1508 2663 1666 2702 Βουλγαρίᾳ
1682 2662 1770 2692 ἐδόκει
1783 2664 1869 2699 ποιή-

1034 2711 1138 2747 σασθαι,
1162 2709 1268 2748 Βάρδαν
1294 2711 1340 2738 τὸν
1370 2712 1469 2737 Φωκᾶν
1500 2708 1539 2737 ἔτι
1563 2711 1616 2736 τῶν
1646 2707 1757 2747 σχολῶν
1784 2706 1867 2746 δομι-

1031 2764 1124 2781 στικον
1139 2753 1204 2782 ὅντα
1226 2755 1272 2782 καὶ
1297 2753 1360 2785 τοὺς
1386 2753 1503 2785 λοιποὺς
1532 2754 1617 2790 ἓῴους
1645 2751 1778 2785 δυνάστας
1804 2751 1872 2790 μηδι

1032 2798 1149 2835 ἀξιώσας
1179 2798 1275 2838 λόγου.
1303 2798 1506 2837 Εἶσερχόμενος
1529 2797 1558 2827 δὲ
1589 2798 1616 2827 ἓν
1645 2797 1802 2837 Βουλγαρίᾳ
1824 2796 1850 2826 δι
