1919 3048
158 50 213 80 ΠΙ

828 48 991 79 GEORGII
1014 48 1183 79 GEDRENI

1799 53 1856 84 1⁵72

157 115 323 144 adventare.
336 114 364 143 Is
378 114 457 142 enim
473 122 490 142 a
504 114 641 149 Chosroo,
665 115 708 142 uti
733 115 933 150 exposuimus,
955 114 978 142 ir

1068 124 1092 142 av
1118 113 1247 152 βασιλέα,
1281 113 1404 152 διάδημά
1426 126 1455 143 τε
1478 116 1629 154 περιθέντες
1652 117 1727 153 αὐτῷ
1755 118 1798 146 καὶ
1825 119 1859 147 τὰ

154 167 302 188 carcerem
318 163 488 196 compactus
503 158 651 195 Babylone
666 159 696 187 in
713 159 848 187 custodia
859 159 980 192 vixerat.

154 204 234 233 omni
250 212 320 232 cura
334 204 464 240 corporis
480 205 649 239 destitutus,
665 204 851 240 carcerisque
867 204 980 232 incom-

156 250 252 278 modis
266 252 296 277 et
319 249 476 278 custodum
493 248 680 277 contumeliis
701 249 861 276 divexatus.
879 249 980 276 Subito

157 294 182 322 ei
208 293 319 322 affulsit
343 294 460 322 fortuna
484 293 622 330 propitia,
648 293 804 330 ipsumque
829 301 894 320 cum
918 293 980 321 suis

157 347 272 367 carcere
297 339 408 367 eduxit.
434 340 496 372 Quo
520 341 619 367 autem
647 339 732 367 modo
757 338 880 366 vinculis
903 339 980 367 439

156 383 300 412 liberatus
313 384 344 411 in
359 383 508 412 Romanas
523 383 690 420 provincias
706 382 863 411 incolumis
879 391 981 419 perve-

156 429 244 464 uorit,
256 429 320 464 jam
336 436 414 456 nunc
429 429 628 456 narrabimus.

157 471 281 511 ὶεαίφνης
311 471 335 499 δ’
360 471 514 509 ἐπέλαμψεν
544 471 618 508 αὒτῷ
639 471 710 509 τύχη
739 473 862 510 Λαμπρὰ,
891 472 936 499 καὶ
963 475 1014 508 τῆς

156 515 215 554 0¹ίῳ
230 515 258 544 δὲ
272 517 367 554 τρόπῳ
381 518 435 545 τῶν
454 515 560 554 δεσμῶν
577 516 763 554 ἠλευθερώθη,
779 515 828 544 καῖ
839 517 914 548 ὅπως
927 517 965 548 εἷς
980 517 1013 544 τὰ

156 561 252 599 λόγος,

190 607 307 635 Persica
321 615 394 643 gens
409 616 496 643 regno
512 616 529 635 a
543 607 696 636 Saracenis
721 610 807 636 exuta
825 616 978 643 nunquam

154 659 212 679 non
227 651 265 680 iis
280 651 473 687 irascebatur,
489 652 636 688 taciteque
651 653 797 688 cogitabat
810 655 839 680 et
853 652 980 680 occasio-

154 704 221 724 nem
236 695 410 732 dispiciebat
420 704 469 724 eos
477 696 632 731 dejiciendi
642 697 806 732 avitamquo
817 697 979 734 potentiam

156 740 360 777 recuperandi.
375 740 442 769 Erat
453 740 530 768 inter
544 749 593 769 eos
609 741 731 776 quidam
747 741 839 778 stirpe
855 740 979 769 nobilis-

157 785 233 814 sima
245 788 329 814 ortus
342 786 476 821 Inargus,
493 789 522 813 et
533 785 700 821 eloquentia
714 789 743 814 et
757 786 861 814 bellica
877 794 907 813 re
922 785 980 813 cla-

157 838 209 858 rus
225 832 313 866 atque
338 832 486 857 strenuus.
513 830 540 858 Is
560 830 708 858 Chosroen
733 831 863 858 sentiens
885 830 981 858 dissoo
997 824 1019 856 Β

156 873 217 902 lute
230 876 318 909 atque
329 873 426 910 inepte
442 874 598 909 imperium
608 882 717 910 gerere,
732 875 793 910 jam
811 883 889 902 nunc
904 883 981 911 qure-

156 917 246 946 sitam
274 918 324 946 diu
353 918 604 955 opportunitatem
632 919 730 947 Persis
757 919 859 948 adesse
887 922 978 954 ratus,

155 963 324 991 universam
335 964 608 993 Achemenidarum
617 966 732 1000 gentem
742 964 777 992 ad
789 963 979 992 defectionem

156 1015 174 1035 a
188 1007 341 1036 Saracenis
356 1008 495 1042 concitat,
509 1010 729 1044 Turcarumque
744 1008 930 1036 orientalium
943 1008 979 1036 ad

155 1052 260 1089 viginti
275 1052 368 1080 millia
383 1053 516 1081 mercede
525 1053 702 1088 conducens,
711 1061 757 1081 res
768 1053 979 1081 Saracenorum

156 1097 217 1133 agit
231 1099 319 1134 atque
332 1097 396 1131 fert,
407 1097 513 1134 siquos
522 1098 658 1134 cepisset,
670 1106 720 1126 eos
737 1100 829 1126 morte
839 1097 979 1134 multane,

155 1150 190 1170 ac
206 1150 242 1170 ne
257 1143 356 1178 pueris
380 1143 501 1178 quidem
526 1151 656 1179 parcens.
680 1142 752 1170 Cum
769 1143 822 1170 boc
837 1142 980 1171 Cbosroes

155 1195 232 1222 saepe
245 1187 320 1223 ipse,
336 1195 406 1223 sape
431 1195 482 1223 per
497 1188 586 1215 duces
608 1196 678 1216 suos
694 1187 843 1223 przsliatus
864 1196 981 1223 semper

154 1231 323 1259 succubuit.
341 1231 500 1268 Desperata
512 1232 574 1267 jam
592 1240 632 1265 re,
652 1239 685 1260 ac
702 1240 786 1268 porro
803 1232 933 1260 sentiens
950 1240 980 1260 se

154 1283 238 1303 arma
249 1277 350 1304 contra
358 1276 462 1304 Persas
479 1276 553 1304 ferre
562 1284 619 1304 non
636 1284 731 1312 posse,
742 1284 806 1304 cum
822 1285 897 1313 saepe
908 1285 978 1305 con-

153 1319 206 1348 cisi
223 1320 319 1356 ipsius
336 1321 480 1349 exercitus
493 1321 555 1357 jam
571 1329 608 1349 ne
624 1329 730 1349 nomen
745 1321 864 1357 quidem
879 1321 979 1349 Persa-

152 1373 218 1393 rum
227 1365 333 1393 audire
342 1365 534 1397 sustinerent,
544 1365 754 1400 Romanorum,
765 1374 840 1401 quos
850 1366 980 1401 captivos

152 1410 502 1446 detinebat,frecordatur.
512 1410 657 1445 Subitque
671 1411 695 1437 ei
708 1411 866 1446 prudenter
882 1411 981 1438 admo-

155 1454 227 1483 dum
243 1455 421 1489 ratiocinari,
440 1455 497 1483 nisi
512 1455 627 1483 Sclerus
639 1455 798 1483 illustrium
814 1464 891 1484 unus
902 1457 980 1484 esset

155 1507 188 1528 ac
205 1508 390 1528 summorum
410 1500 539 1528 virorum
565 1502 593 1528 et
610 1499 700 1528 animi
716 1500 904 1536 corporisque
920 1500 979 1528 for-
995 1507 1017 1541 ρ

152 1545 282 1573 titudine
299 1547 452 1580 praestans,
477 1553 629 1580 nunquam
653 1553 721 1572 eum
739 1546 865 1580 profecto
880 1548 981 1573 contra

156 1589 312 1616 dominum
337 1597 424 1616 suum
447 1588 693 1622 insurrecturum,
710 1590 788 1616 440
809 1596 935 1624 eumque
950 1589 980 1616 in

155 1635 254 1661 tantas
270 1633 423 1670 angustias
447 1632 682 1669 compulsurum,
699 1641 793 1670 neque
807 1633 917 1667 deinde
932 1641 979 1661 ex-

154 1678 212 1706 suli
229 1681 258 1706 et
268 1678 415 1706 infelicem
428 1678 565 1707 toleranti
578 1680 668 1706 vitam
682 1680 888 1714 tottantosque
904 1679 981 1706 viros

155 1723 379 1759 imperatorium
395 1723 535 1750 honorem
563 1723 716 1750 habituros
740 1723 842 1751 fuisse.
858 1723 932 1758 Ergo
951 1732 981 1751 re

156 1775 225 1796 cum
242 1776 295 1796 suo
311 1770 415 1795 senatu
442 1767 658 1795 communicata
683 1767 792 1795 Durum
810 1769 838 1795 et
859 1767 981 1795 comites

155 1813 219 1848 ejus
235 1821 250 1841 e
265 1820 379 1841 carcere
389 1812 487 1840 educit
498 1812 636 1848 omnique
652 1821 722 1840 cura
738 1812 980 1846 reﬁcit,landem-

155 1865 212 1894 que
228 1858 264 1886 ab
279 1866 312 1886 eo
321 1858 393 1894 petit
401 1859 432 1885 ut
447 1857 503 1885 sibi
518 1857 548 1885 in
557 1857 652 1885 Persis
668 1857 851 1885 debellandis
862 1865 980 1892 operam

155 1905 252 1931 navet.
269 1902 450 1931 Simulanter
464 1902 548 1930 initio
563 1902 661 1930 Durus
685 1902 713 1929 id
736 1902 892 1934 recusavit,
909 1909 980 1929 cau-

158 1951 240 1976 satus
269 1948 347 1976 viros
376 1949 457 1975 tanto
479 1949 610 1982 tempore
635 1947 663 1974 in
690 1947 822 1974 custodia
847 1947 980 1974 detentus

157 1992 342 2028 carcerisque
353 1991 492 2020 aerumnis
504 1992 619 2020 attritos
632 2000 688 2019 non
701 1998 786 2027 posse
802 1999 884 2018 arma
896 1991 978 2018 ferre.

157 2037 300 2065 Chosroes
315 2039 414 2064 autem
435 2037 530 2072 magis
546 2036 700 2072 magisque
715 2036 852 2070 instabat,
869 2035 980 2071 ﬂagita-

155 2082 266 2118 batque
281 2084 315 2109 ut
326 2080 672 2117 pecuniaminnumeram
681 2083 710 2108 et
722 2081 864 2108 exercitus
877 2089 980 2108 nume-

155 2127 327 2155 rosissimos
352 2125 566 2162 splendideque
586 2125 746 2152 instructos
773 2124 917 2160 acciperet
951 2126 980 2153 et

151 2170 264 2200 bellum
280 2171 309 2198 in
325 2170 428 2199 Persas
439 2172 561 2206 gereret,
574 2178 668 2205 neque
685 2168 860 2205 injuriarum
874 2169 976 2197 memi-

152 2216 244 2244 nisset
260 2218 289 2244 et
303 2216 430 2244 carceris
445 2214 656 2247 molestiarum,
674 2222 748 2249 quas
764 2214 826 2249 ipse
842 2213 871 2241 in
884 2216 977 2250 poste-

151 2269 217 2289 rum
233 2259 425 2296 amplissimis
442 2259 554 2287 meritis
569 2261 646 2287 esset
657 2258 832 2286 aboliturus.
845 2259 975 2286 Tandem

149 2313 219 2341 ergo
237 2306 332 2333 Durus
348 2304 452 2332 annuit
465 2306 494 2331 et
511 2303 579 2331 belli
595 2303 882 2331 administrationem
899 2303 927 2330 in
944 2311 975 2331 se

149 2349 263 2385 recipit.
277 2349 377 2385 Neque
393 2357 458 2376 vero
473 2348 583 2376 Arabes
599 2349 650 2375 aut
665 2348 822 2375 Saracenos
836 2349 887 2374 aut
901 2346 975 2375 alios

149 2394 270 2422 Chosroi
286 2393 422 2422 subditos
438 2392 562 2430 papulos
577 2393 683 2420 ducere
698 2392 835 2424 sustinet,
852 2392 901 2420 sed
918 2392 973 2428 Sy-

148 2438 294 2467 riacarum
310 2438 428 2466 urbium
445 2437 618 2473 perlustrari
628 2437 715 2470 jubet
729 2443 871 2470 carceres,
882 2439 911 2463 et
922 2437 973 2471 qui

147 2483 178 2512 in
204 2483 240 2511 iis
265 2483 473 2511 detinebantur
498 2482 604 2517 captivi
630 2481 753 2509 Romani
778 2481 862 2509 educi
884 2482 972 2516 atque

148 2528 267 2564 armari,
284 2528 340 2556 hoc
363 2529 392 2555 et
407 2526 486 2555 nullo
511 2525 568 2554 alio
589 2526 715 2554 exercitu
740 2534 772 2553 se
787 2533 847 2554 rem
872 2528 973 2554 contra

148 2573 252 2602 Persas
278 2574 434 2610 gesturum
469 2571 632 2600 afﬁrmans.
672 2570 786 2599 Placuit
814 2570 972 2598 consilium

1036 159 1121 186 Λοιπά
1135 163 1185 194 τῆς
1212 158 1350 197 βασιλείας
1375 159 1560 198 γνωρίσματα.
1584 163 1686 189 Τούτου
1712 160 1740 189 δὲ
1760 162 1855 201 ἀναγο-

1036 204 1177 241 ρευθέντος
1200 203 1356 242 ἠγγέλλετο
1380 205 1425 232 καὶ
1448 206 1461 233 ὁ
1485 204 1611 244 Σκληρὸς
1633 205 1708 241 ἥκων
1734 207 1785 235 ἀπὸ
1811 211 1860 236 Συ-

1036 248 1106 285 ρίας.
1131 250 1308 287 Καθιιρχῦεἱς
1332 249 1395 287 γὰρ,
1421 250 1457 281 ὡς
1484 250 1607 287 εἴπομεν,
1636 252 1709 289 παρὰ
1730 254 1779 279 τοῦ
1802 254 1858 281 Χο-

1036 292 1118 331 σρὸου
1158 294 1225 330 μετὰ
1260 296 1313 321 τῶν
1343 295 1405 332 περὶ
1443 294 1522 322 αὐτὸν
1559 294 1585 323 ἐν
1613 293 1755 323 Βαϐυλῶνι
1785 295 1859 333 ἔμενε

1034 338 1204 375 ’πηρούμενος
1233 338 1259 365 ἐν
1283 340 1318 371 τῆ
1346 341 1460 377 φρουρᾷ,
1488 340 1578 375 πάσης
1605 339 1763 376 ἐπιμελείας
1785 340 1859 370 ἐστε-

1036 382 1156 420 ρημένος
1184 382 1229 410 καὶ
1262 384 1296 420 τῇ
1328 383 1358 410 ἐκ
1382 387 1433 418 τῆς
1462 383 1623 421 καθείρξεως
1651 385 1787 423 κακουχίᾳ
1815 387 1859 414 καὶ

1034 430 1094 458 ταῖς
1132 430 1186 455 τῶν
1219 427 1410 465 φυλαττόντων
1449 429 1603 466 παροινίαις
1640 431 1857 468 τετρυχωμένος·

1041 471 1165 511 φυλακῆς
1188 470 1350 500 ἐκϐάλλεται
1366 473 1411 501 σὺν
1425 476 1483 505 τοῖς
1500 474 1567 513 ἀμφ’
1582 474 1661 502 αὐτὸν
1690 473 1858 511 παραδόξως.

1027 517 1172 553 Ῥωμαίων
1187 516 1240 552 ἤθη
1259 515 1374 552 διεσώθη
1399 517 1444 546 καὶ
1459 517 1622 554 ἐπανῆλθεν,
1639 518 1729 547 ἄπεισι
1746 519 1828 556 Λὲξων
1843 521 1857 548 ὸ

1068 606 1104 633 Τὸ
1128 607 1183 633 τῶν
1207 609 1316 644 Περσῶν
1344 607 1421 645 γίνος
1447 608 1496 642 τὴν
1521 607 1611 646 ἀρχὴν
1642 611 1693 643 τῆς
1720 607 1857 646 βασιλείας

1034 650 1176 687 ἆφαιρεθὶν
1217 651 1269 679 ὑπὸ
1301 654 1355 679 τῶν
1397 654 1559 689 Σαρακηνῶν
1600 652 1640 680 ἀεὶ
1671 652 1719 689 μὲν
1747 652 1857 681 ἐνεκότει

1033 695 1141 726 τούτοις
1165 695 1210 722 καὶ
1231 694 1404 734 ἐνεδομύχει,
1425 696 1472 724 καί
1499 697 1593 734 καιρὸν
1619 696 1709 733 ἐζήτει
1736 697 1780 725 καὶ
1806 708 1856 734 μη-

1034 741 1122 777 χανὴν
1151 740 1226 772 ὅπως
1252 740 1316 772 τοὺς
1343 741 1375 769 τὸ
1396 741 1494 779 κράτος
1509 740 1625 779 ἔχοντας
1639 741 1798 779 κατασπάσῃ
1814 742 1857 770 καὶ

1032 785 1082 819 τήν
1109 785 1223 822 πάτριον
1251 784 1333 812 πάλιν
1368 783 1491 824 ἀναλαϐῃ
1521 786 1622 824 ἀρχήν·
1648 787 1682 821 ἦν
1713 785 1742 814 δέ
1765 798 1807 819 τις
1830 787 1855 815 ἐν

1035 828 1126 860 αὐτοὶς
1156 830 1224 868 ἀνὴρ
1248 829 1274 865 ἐξ
1297 829 1420 868 εὐγενοῦς
1442 833 1531 868 σειρᾶς
1545 830 1742 868 καταγόμενος,
1772 835 1856 870 ’Ἰναρ-

1033 884 1080 911 γος
1094 871 1226 910 τοῦνομα,
1252 873 1340 912 λέγειν
1359 885 1388 902 τε
1409 873 1493 907 δεινὸς
1515 875 1560 903 καὶ
1589 875 1685 908 ἄλλως
1707 875 1856 913 πολεμικὸς

1034 918 1079 945 καὶ
1102 916 1265 956 δραστήριος
1289 918 1442 955 ἄνθρωπος.
1468 920 1554 952 Οὗτος
1581 920 1626 948 τὸν
1661 920 1774 958 βασιλέα
1803 922 1855 950 Χο-

1035 962 1118 999 σρόην
1146 964 1313 998 κατανοήσας
1344 964 1490 1000 ἀνειμένως
1517 965 1560 992 καὶ
1587 964 1702 1004 φαύλως
1728 965 1856 1004 ἄρχοντα,

1034 1007 1079 1034 καὶ
1105 1006 1150 1034 νῦν
1178 1010 1302 1045 παρεῖναι
1326 1007 1356 1035 δν
1383 1008 1494 1044 ἐζήτουν
1511 1009 1537 1036 οἳ
1560 1009 1663 1047 Πέρσαι
1690 1011 1783 1048 καιρὸν
1800 1010 1857 1046 οίη·

1036 1051 1100 1086 θεὶς,
1122 1052 1236 1079 ἀνασείει
1258 1063 1288 1080 τε
1314 1053 1346 1080 τὸ
1374 1053 1451 1090 γένος
1475 1055 1530 1081 τῶν
1560 1053 1763 1092 ’Λχαιμενιδῶν
1793 1055 1858 1083 ἁπαν

1033 1096 1078 1123 καὶ
1094 1096 1240 1124 ἀπόστασιν
1269 1100 1338 1125 κινεῖ
1359 1098 1429 1125 κατὰ
1452 1100 1505 1126 τῶν
1531 1100 1711 1136 Σαρακηνῶν.
1738 1099 1858 1137 Προσλα-

1035 1138 1152 1177 ϐόμενος
1167 1140 1196 1168 δὲ
1219 1141 1264 1168 καὶ
1290 1143 1484 1181 μισθοφορικὸν
1513 1143 1567 1170 ἀπὸ
1591 1145 1646 1170 τῶν
1678 1144 1754 1179 ἑῴων
1779 1144 1857 1182 Toup-

1035 1195 1089 1212 κων
1105 1187 1162 1222 (47)
1188 1186 1257 1224 ἀμφὶ
1281 1186 1328 1217 τὰς
1358 1185 1444 1214 εἷόιοσι
1470 1185 1600 1224 χιλιάδας
1622 1186 1707 1224 ἐδῄου
1729 1188 1772 1215 καὶ
1795 1198 1856 1216 κατ-

1035 1228 1130 1267 έτρεχε
1157 1230 1191 1256 τὰ
1213 1232 1387 1266 Σαρακηνῶν,
1415 1231 1454 1268 [Ρ.
1471 1232 1535 1268 697]
1552 1230 1637 1269 ἄρδην
1662 1231 1778 1268 ἀναιρῶν
1799 1232 1859 1264 τοὺς

1035 1272 1232 1311 ἄλισκομένους
1268 1275 1311 1302 καὶ
1350 1274 1421 1312 μηδὲ
1455 1273 1559 1304 παίδων
1592 1275 1765 1315 φειδόμενος.
1790 1277 1858 1314 Πρὸς

1033 1317 1129 1346 τοῦτον
1156 1319 1169 1346 ὁ
1200 1319 1326 1356 Χοσρόης
1352 1318 1487 1350 πολλάκις
1514 1319 1558 1347 καὶ
1597 1318 1644 1348 διὰ
1675 1323 1728 1348 τῶν
1753 1320 1857 1349 οἰκείων

1035 1365 1192 1401 στρατηγῶν
1227 1364 1272 1390 καὶ
1311 1363 1392 1394 αὐτὸς
1423 1363 1458 1391 δι’
1484 1364 1580 1392 ἑαυτοῦ
1606 1364 1853 1403 ἀντιπαραταξάμε-

1034 1417 1080 1438 νος
1104 1407 1129 1435 iv
1152 1407 1250 1438 πάσαις
1271 1411 1329 1439 ταῖς
1360 1407 1462 1446 μάχαις
1487 1409 1605 1444 ἡττήθη.
1635 1409 1785 1448 Ἀπογνοὺς
1814 1409 1856 1437 οὖν

1035 1451 1132 1480 λοιπὸν
1159 1452 1203 1480 καὶ
1221 1451 1300 1483 εἰδὼς
1319 1453 1357 1489 μὴ
1373 1450 1410 1480 ὥν
1426 1453 1515 1485 ἱκανὸς
1532 1453 1604 1481 ὅπλα
1618 1452 1674 1482 ἀπὸ
1688 1453 1768 1482 τοῦδε
1781 1455 1854 1487 κινῆ-

1036 1507 1078 1524 σαι
1103 1497 1170 1524 κατὰ
1192 1497 1314 1534 Περσῶν,
1339 1499 1392 1525 τῶν
1410 1497 1492 1525 αὐτοῦ
1517 1499 1728 1536 στρατευμάτων
1753 1497 1855 1527 πολλά-

1034 1551 1077 1572 κις
1092 1542 1297 1569 κατακοπέντων
1313 1541 1357 1569 καὶ
1375 1540 1439 1578 μηδ’
1455 1540 1542 1579 ὄνομα
1567 1543 1720 1580 στεγόντων
1748 1543 1854 1571 ἀκοῦσαι

1035 1588 1156 1624 Περσῶν,
1179 1585 1216 1617 εἰς
1238 1585 1339 1614 ἔννοιαν
1363 1586 1473 1624 ἔρχεται
1499 1588 1553 1614 τῶν
1569 1587 1596 1615 ἄν
1610 1589 1645 1624 τῇ
1668 1590 1772 1627 φρουρᾷ
1793 1589 1857 1616 Ῥω-

1037 1630 1137 1668 μαίων,
1164 1629 1390 1669 ἐπιλογισάμενος
1408 1630 1480 1667 λίαν,
1508 1631 1654 1670 ἐμφρόνως
1670 1633 1707 1664 ὡς
1723 1631 1748 1660 εἴ
1764 1633 1800 1669 μή
1816 1642 1856 1663 τις

1034 1677 1088 1702 τῶν
1105 1675 1247 1711 ἐπισήμων
1277 1675 1311 1710 ἦν
1338 1675 1383 1702 καὶ
1400 1675 1526 1714 ἐμφανῶν
1554 1676 1568 1704 ὁ
1597 1676 1790 1714 καθειργμένος
1813 1675 1855 1703 καὶ

1035 1720 1103 1747 κατὰ
1129 1720 1221 1757 ψυχὴν
1250 1720 1295 1747 καὶ
1319 1722 1400 1756 σῶμα
1427 1719 1558 1757 γενναίως
1587 1719 1674 1758 ἔχων,
1703 1721 1752 1748 οὐκ
1767 1720 1796 1748 ἂν
1810 1722 1856 1748 τοῦ

1035 1764 1137 1792 οἰκείου
1166 1763 1297 1792 δεσπότου
1321 1764 1496 1800 κατεξανὲστη
1526 1765 1571 1792 καὶ
1601 1763 1627 1796 ἐς
1652 1764 1715 1793 τόδε
1742 1764 1855 1803 ἀνάγκης

1035 1808 1168 1844 σονήλασε
1196 1810 1305 1844 τοῦτον,
1337 1807 1382 1836 καί
1410 1809 1477 1845 μιτά
1500 1811 1584 1837 ταῦτα
1611 1810 1698 1848 φυγὰς
1725 1810 1769 1837 καὶ
1800 1809 1854 1845 βίον

1036 1851 1168 1881 διαντλῶν
1186 1854 1275 1890 ἀτυχῆ
1306 1853 1358 1881 ὑπὸ
1380 1853 1517 1881 τοσούτων
1547 1854 1590 1882 καὶ
1619 1854 1792 1889 τηλικούτων
1820 1855 1855 1885 ὡς

1038 1898 1164 1936 βασιλεὺς
1201 1898 1367 1935 ἀνυμνεῖται.
1404 1897 1676 1936 Κοινολογησάμενος
1714 1899 1780 1936 μετὰ
1806 1902 1854 1934 τῆς

1035 1943 1130 1970 ἑαυτοῦ
1155 1942 1298 1981 γερουσίας
1326 1940 1454 1970 ἐκϐάλλει
1481 1953 1511 1970 τε
1531 1943 1578 1971 τὸν
1606 1941 1691 1982 ἄνδρα
1703 1946 1797 1972 τοῦτον
1812 1943 1855 1971 καὶ

1034 1987 1098 2019 τοὺς
1128 1987 1175 2015 σὺν
1200 1987 1273 2024 αὐτῷ
1297 1991 1348 2022 τῆς
1370 1987 1495 2026 φυλακῆς
1519 1988 1563 2015 καὶ
1589 1990 1680 2024 πάσης
1703 1988 1855 2025 ἐπιμελείας

1034 2032 1165 2067 καταξιοῖ,
1180 2032 1226 2060 καὶ
1240 2031 1395 2060 τελευταῖον
1408 2033 1459 2067 τήν
1472 2031 1535 2071 περὶ
1553 2034 1601 2060 τοῦ
1624 2032 1752 2070 πολὲμου
1776 2043 1856 2070 προσ·

1035 2076 1108 2115 φέρει
1142 2077 1261 2114 ἀξίωσιν,
1295 2076 1487 2115 Θρυπτομένου
1527 2076 1556 2105 δὶ
1585 2078 1645 2105 κατ’
1685 2078 1773 2115 ἀρχὰς
1808 2079 1855 2105 τοῦ

1036 2120 1175 2160 Σκληροῦ,
1202 2122 1246 2150 καὶ
1278 2124 1334 2158 μετ’
1362 2121 1500 2159 εἴρωνείας
1516 2124 1574 2153 πῶς
1603 2122 1633 2150 ἃν
1657 2121 1793 2158 δυνηθεῖεν
1809 2121 1854 2149 λι.

1033 2177 1129 2204 γοντος
1156 2166 1230 2194 ὅπλα
1258 2170 1367 2201 κινῆσαι
1391 2165 1484 2205 ἄνδρες
1513 2165 1539 2194 ἐν
1552 2166 1677 2203 τοσούτῳ
1689 2169 1777 2206 καιρῷ
1790 2171 1853 2199 καθ-

1031 2211 1170 2249 ειργμένοι
1196 2211 1239 2238 καὶ
1270 2210 1427 2248 κατακόρως
1455 2211 1637 2249 μετασχόντες
1668 2214 1721 2240 τῶν
1750 2211 1780 2240 ix
1805 2212 1852 2245 τῆς

1031 2259 1149 2295 φρουρᾶς
1163 2256 1362 2290 κακοπαθειῶν,
1375 2256 1390 2283 ὁ
1405 2255 1529 2294 Χοσρόης
1550 2256 1596 2283 καὶ
1620 2256 1704 2284 πάλιν
1727 2256 1849 2289 ὖνᾶκειτο,

1029 2300 1074 2328 καὶ
1089 2301 1222 2338 χρήματα
1244 2298 1338 2327 λαϐεῖν
1369 2300 1448 2328 αὐτὸν
1475 2299 1590 2328 Ῑκέτευεν
1605 2299 1724 2337 ἀριθμοῦ
1748 2299 1850 2328 διεκπί-

1028 2355 1131 2372 πτοντα
1153 2345 1198 2372 καὶ
1213 2344 1398 2382 στρατεύματα
1412 2344 1514 2380 πλήθει
1534 2355 1565 2372 τε
1588 2343 1686 2383 ἄπειρα
1708 2344 1753 2372 καὶ
1780 2343 1849 2380 λαμ-

1028 2389 1083 2427 πρὰ
1101 2391 1161 2420 ταῖς
1190 2392 1379 2428 παρασκευαῖς,
1409 2389 1453 2416 καὶ
1481 2392 1666 2427 στρατηγῆσαι
1693 2389 1738 2416 τὸν
1766 2387 1850 2416 πόλι-

1030 2445 1089 2470 μον,
1106 2433 1151 2461 καὶ
1175 2434 1212 2470 μὴ
1237 2436 1437 2470 μνησικακῆσαι
1462 2436 1512 2468 τῆς
1535 2433 1709 2470 καθείρξεως,
1739 2433 1776 2464 ὡς
1804 2431 1849 2460 δυ-

1027 2479 1143 2515 ναμένου
1172 2479 1219 2506 καὶ
1246 2477 1329 2505 αὐτοῦ
1355 2480 1412 2508 τοῖς
1439 2478 1506 2514 μετὰ
1523 2480 1607 2505 ταῦτα
1622 2477 1718 2509 καλοῖς
1733 2477 1776 2504 καὶ
1791 2479 1848 2507 ταῖς

1027 2522 1241 2562 φιλοφροσύναις
1284 2521 1456 2560 ἐπηλυγάσαι
1497 2522 1531 2550 τὰ
1567 2521 1755 2561 προφθάσαντα
1781 2520 1847 2548 κακᾶ

1026 2567 1132 2599 καὶτὰς
1148 2567 1178 2594 ἐκ
1190 2570 1240 2602 τῆς
1270 2566 1394 2606 φυλακῆς
1424 2565 1532 2604 ἀηδίας.
1548 2566 1670 2600 Πείθεται
1699 2567 1730 2595 τὸ
1755 2565 1845 2594 τελευ-

743 2656 923 2685 XYLANDRI
943 2656 988 2684 ET
1008 2654 1114 2684 GOARI
1133 2653 1247 2683 NOTJE.

179 2731 236 2770 (47)
250 2731 332 2761 Unde
346 2729 433 2760 Turci
446 2729 553 2759 redditi
568 2729 730 2759 Orientales
745 2728 864 2766 exponit
879 2730 981 2757 auctor
994 2735 1024 2766 p.
1038 2727 1102 2755 768.
1119 2726 1209 2756 Goaa.
