1933 3048
179 85 235 124 115

849 82 1009 112 GEORGII
1031 81 1201 112 GEDRENI

1826 81 1892 112 176

175 150 335 186 imperator
357 149 436 178 Duro
457 145 487 176 in
509 148 624 185 Syriam
649 148 778 185 profecto
802 147 1002 176 sollicitudine

1098 147 1238 186 οχώρησιν
1255 150 1303 175 τοῦ
1327 147 1456 185 Σκληροῦ
1479 150 1534 175 τῶν
1559 146 1709 186 φροντίδων
1726 148 1740 175 ὁ
1757 147 1891 185 βασιλεὺς

176 195 330 230 liberatus,
349 203 416 222 cum
442 202 541 222 rerum
564 193 813 221 administrationi
837 193 1002 229 impensius

177 248 242 268 sese
262 240 356 273 daret,
372 238 514 267 Basilium
538 237 765 272 cubicularium,
781 238 910 265 sentiens
934 246 1001 265 eum

178 293 233 313 sua
247 287 312 312 acta
327 283 492 319 improbare
507 285 536 310 et
558 291 692 310 mussare
716 285 804 318 atque
819 283 896 310 haud
914 283 1002 310 dubie

178 329 361 358 occasionem
374 328 531 364 aliquando
543 330 663 355 nactum
681 327 794 355 facinus
806 330 888 355 atrox
903 330 1004 355 contra

178 383 209 403 se
225 382 379 408 ausurum,
396 372 464 401 aula
478 372 640 400 dimoverat
653 373 730 399 443
747 371 884 407 domique
897 380 956 399 suae
972 379 1003 399 se

178 418 327 448 continere
347 418 488 453 jusserat.
506 417 634 445 Rursum
651 417 751 444 videns
777 417 924 444 hominem
945 424 1003 444 non

179 463 338 499 quiescere,
351 463 401 490 sed
417 469 534 497 semper
549 461 626 489 mala
642 460 764 489 consilia
774 460 908 488 meditari
924 469 957 488 ac
969 460 1004 488 de

179 507 304 543 pristina
319 506 450 543 potentia
466 506 666 541 recuperanda
681 505 818 541 cogitare,
834 505 863 532 in
880 505 1003 533 Stenum

178 550 331 588 relegarat,
347 550 493 586 ademptis
517 550 606 578 etiam
628 549 774 585 plerisque
788 550 979 578 facultatibus
996 557 1003 577 :

178 604 248 624 nam
264 595 434 631 sumptibus
443 595 796 630 suppeditantibusgrave
810 595 927 630 aliquod
940 603 1005 622 mo-

181 640 226 668 liri
243 642 343 676 posset
357 639 514 675 ﬂagitium.
531 639 656 666 Proinde
669 639 757 674 hujus
771 639 903 667 consiliis
919 639 1006 666 desti-

180 687 275 718 tutus,
291 684 450 720 amicisque
465 692 538 719 opus
547 683 660 712 habens
669 692 794 720 quorum
810 683 876 711 ﬁdei
890 686 1006 719 tempo-

180 729 265 760 ribus
292 729 392 757 dubiis
420 737 452 757 se
480 729 620 763 crederet,
649 736 714 756 vere
743 731 813 756 tunc
842 728 1007 756 Romanum

183 773 336 810 amplexus
351 776 405 806 est,
421 773 514 801 virum
531 773 627 801 sciens
641 781 706 801 esse
721 775 870 801 versutum
882 781 915 801 ac
930 776 1006 800 stre-

184 826 278 846 nuum
294 820 323 845 et
337 817 442 845 bellica
458 826 488 845 re
503 818 792 853 praestantissimum.

219 863 328 891 Bardas
343 870 410 890 vero
426 862 537 890 Phocas
549 862 597 890 ubi
614 863 649 889 de
665 862 758 890 reditu
777 862 845 890 Duri
858 862 1004 899 cognovit,

181 908 296 936 litteras
312 907 347 935 ad
374 915 440 935 eum
465 907 564 941 mittit,
590 906 644 934 hoc
667 906 765 943 ipsum
789 908 866 942 quod
892 907 1006 936 volebat

181 953 279 981 Durus
307 951 480 988 interposito
512 952 600 979 etiam
623 952 816 987 jurejurando
840 952 1005 980 offerentes.

179 997 374 1025 Promittebat
384 999 527 1031 autem,re
537 1004 572 1024 ex
580 996 824 1024 animisententia
832 997 1006 1030 confecta,se

182 1043 258 1070 Duro
282 1041 453 1076 Antiochiae,
470 1041 634 1076 Phoeniciis,
651 1041 821 1077 leesyrize,
843 1041 1006 1069 Palaestinae

181 1088 211 1114 et
226 1085 442 1122 Mesopotamia
456 1085 614 1122 imperium
630 1093 794 1119 cessurum,
811 1086 867 1113 sibi
883 1086 962 1122 Cpoli
978 1089 1007 1114 et

180 1131 304 1166 reliquis
327 1130 464 1166 gentibus
486 1130 620 1158 servatis.
647 1131 744 1158 Lzetus
769 1130 927 1158 admodum
954 1130 1006 1157 has

182 1175 366 1203 conditiones
391 1174 502 1210 accepit
517 1174 630 1209 Durus;
645 1175 896 1210 jurejurandoque
919 1175 1005 1202 fidem

184 1220 339 1254 adhibens,
363 1219 393 1246 in
417 1219 631 1255 Cappadociam
657 1219 693 1246 ad
718 1219 845 1247 Phocam
870 1219 950 1254 abiit,
974 1220 1007 1246 ut

184 1265 263 1301 quod
278 1265 314 1292 de
329 1264 468 1292 sooietate
477 1264 680 1299 componenda
694 1263 841 1299 reliquum
857 1265 919 1291 erat
940 1272 1006 1299 per-

183 1308 330 1338 ﬂeereth
345 1317 412 1337 cum
422 1317 489 1336 eum
505 1308 533 1336 in
551 1317 666 1336 nassam
677 1308 827 1342 illextsset,
840 1308 1006 1344 insignibus

181 1354 299 1390 imperii
327 1356 447 1381 exutum
473 1354 502 1380 in
527 1352 681 1380 castellum
708 1353 877 1389 Tyropzeum
905 1353 1005 1386 mittit,

179 1398 278 1426 valida
305 1400 421 1434 septum
451 1397 595 1425 custodia.
626 1397 696 1425 Inde
719 1400 832 1432 partem
862 1397 1005 1425 exercitus

180 1443 317 1480 Calocyro
333 1441 484 1478 Delphinze
504 1441 629 1478 patricio
645 1441 734 1469 tradit
748 1444 776 1469 et
791 1442 826 1469 ad
842 1441 1003 1477 Chrysopo-

177 1488 230 1522 lin,
247 1496 313 1523 quae
325 1488 362 1515 ab
378 1487 469 1515 altera
481 1486 544 1514 freti
558 1488 638 1521 parte
651 1489 753 1514 contra
767 1485 869 1521 Cpolin
881 1486 937 1514 sita
946 1489 1000 1521 est,

1057 191 1224 229 ἀπαλλαγεὶς
1241 192 1285 220 καὶ
1305 194 1358 220 τῶν
1386 191 1550 228 δίουκήσεων
1580 192 1733 229 ἁπτόμενος
1749 191 1890 229 ἀνδρικώ-

1056 247 1143 275 τερον,
1160 236 1218 264 ἐπεὶ
1247 236 1315 275 ἔγνω
1343 238 1389 265 τὸν
1419 237 1888 275 παρακοιμώμενονςμήξᾶρισκό-

1059 291 1139 317 μενον
1164 284 1222 313 τοῖς
1257 280 1422 320 δρωμένοις,
1457 281 1521 309 ἀλλ’
1550 281 1802 320 ὐποτονθορύζοντα
1837 283 1884 310 καὶ

1059 324 1133 353 δεινὰ
1157 324 1275 364 δράσειν,
1299 326 1321 353 ιι.
1344 329 1440 363 καιροῦ
1464 324 1589 361 λάϐοιτο,
1612 325 1804 363 ἐλπιζόμενον,
1819 329 1887 354 τοῦ-

1056 381 1102 397 τον
1120 372 1166 407 μὲν
1181 371 1289 408 κατάγει
1314 375 1365 406 τῆς
1395 371 1515 408 ἐξουσίας
1537 371 1581 399 καὶ
1604 371 1674 399 οἷ’κοι
1693 373 1781 408 μένειν
1797 382 1886 410 προσ-

1056 414 1156 449 τάττει,
1186 416 1228 453 [Ρ.
1271 417 1335 452 699]
1375 415 1451 448 αὖθις
1490 414 1519 443 δὲ
1556 417 1594 453 μή
1627 417 1782 454 ἠρεμοῦντα
1811 417 1884 454 ὁρῶν

1059 458 1121 487 ἀλλ’
1148 459 1187 487 ἀεὶ
1221 459 1377 496 μελετῶντα
1412 459 1550 488 ἀλλόκοτα
1586 460 1631 488 καὶ
1664 462 1713 496 τήν
1747 461 1885 500 προτέραν

1058 503 1238 543 ἀπειληφέναι
1268 503 1417 532 σπεύδοντα
1451 504 1571 541 ἐξουσίαν
1604 505 1746 543 ὑπερόριον
1776 506 1826 533 ἀντὶ
1853 505 1887 534 τὸ

1060 549 1156 576 Στενὸν
1181 549 1298 584 τίθησιν,
1322 549 1492 587 ἀφελόμενος
1515 550 1560 577 καὶ
1587 550 1621 577 τὰ
1647 549 1737 578 πλείω
1761 554 1810 585 τῆς
1835 551 1887 578 οὖ-

1059 594 1118 624 σίας
1133 593 1227 628 αὑτοῦ,
1242 594 1280 626 ὡς
1305 595 1342 630 μὴ
1367 595 1598 632 κεχορηγημὲνην
1615 593 1688 632 ἰχων
1702 594 1772 630 ὕλην
1786 601 1888 634 φθασαι

1058 648 1085 665 τι
1100 637 1196 676 δρᾶσαι
1220 640 1273 665 τῶν
1303 638 1477 673 ἀνηκέστων·
1504 638 1586 670 αὐτὸς
1615 638 1644 666 δὶ
1672 641 1721 672 τῆς
1750 639 1776 675 ἰξ
1800 639 1888 667 αὑτοῦ

1062 683 1193 719 μονωθεὶς
1208 680 1379 719 τυμϐοὖλῆς,
1403 683 1447 710 καὶ
1472 682 1560 722 φίλων
1585 682 1714 720 δεόμενος
1729 685 1775 711 καὶ
1791 694 1888 722 συναρ-

1060 728 1117 765 γῶν
1133 727 1158 755 ἐν
1186 730 1244 758 ταῖς
1273 727 1454 765 περιστάσεσι,
1482 728 1544 755 τότε
1568 728 1688 766 γνησίως
1714 729 1760 756 τὸν
1775 729 1888 765 Ῥωμα-

1060 772 1106 799 νὸν
1131 771 1321 808 προσεδέξατο,
1346 771 1429 810 ἄνδρα
1450 771 1529 804 εἰδὼς
1549 772 1663 811 ἐντρεχῆ
1691 774 1737 801 καὶ
1766 772 1887 812 δραστή-

1061 827 1118 854 ριον
1136 817 1180 844 καὶ
1196 817 1229 844 τὰ
1241 816 1380 853 πολεμικὰ
1394 817 1570 846 ἱκανώτατον.

1096 860 1201 899 Βάρδας
1216 860 1245 888 δὲ
1260 862 1273 888 ὁ
1290 864 1387 892 Φωκᾶς
1412 862 1450 893 ὡς
1470 863 1520 897 τήν
1543 864 1592 890 τοῦ
1607 862 1736 900 Σκληροῦ
1751 862 1886 891 ἐπάνοδον

1059 905 1307 943 προσαγγελοεῖσαν
1351 906 1473 942 ἐπυθετο,
1502 906 1650 944 γράμματά
1687 918 1717 935 τι
1751 908 1888 944 ίκπᾶμπιι

1060 951 1128 978 αὐτὰ
1150 950 1238 978 ἐκεῖνα
1265 950 1402 986 δηλοῦντα
1430 951 1464 978 τὰ
1491 950 1585 988 ἐκείνῳ
1611 952 1678 988 πρὸς
1700 952 1815 990 τρόπου,
1839 953 1889 980 καὶ

1061 995 1152 1032 ὅρκοις
1177 995 1319 1022 ὲπιστοῦτο
1343 996 1390 1026 τὰς
1420 995 1581 1032 ὑποσχέσεις
1597 1017 1605 1031 ,
1633 1008 1646 1022 ι
1667 996 1699 1023 Εἰ
1719 999 1773 1024 τῶν
1796 996 1890 1032 ἠλπι-

1061 1041 1166 1076 σμὲνων
1188 1039 1327 1077 τύχωμεν,
1349 1039 1447 1077 λέγων,
1478 1039 1509 1067 σὺ
1534 1040 1580 1077 μὲν
1602 1039 1688 1078 ἄρξεις
1717 1041 1889 1080 Ἀντιοχείας

1059 1084 1104 1111 καὶ
1134 1084 1264 1119 Φοινίκης
1285 1084 1330 1111 καὶ
1360 1084 1462 1120 Κοίλης
1499 1087 1597 1121 Συρίας
1626 1085 1671 1112 καὶ
1698 1085 1889 1122 Παλαιστίνης

1060 1130 1105 1156 καὶ
1122 1129 1345 1164 Μεσοποταμίας,
1375 1128 1428 1165 ἐγὼ
1452 1127 1481 1156 δὶ
1500 1127 1593 1167 ἅρχων
1622 1128 1718 1166 ἔσομαι
1733 1134 1784 1165 τῆς
1809 1131 1890 1168 βασι-

1062 1172 1139 1204 λίδος
1155 1173 1238 1207 αὐτῆς
1261 1173 1304 1200 καὶ
1330 1175 1384 1200 τῶν
1410 1173 1567 1201 ὑπολοίπων
1593 1174 1686 1206 ἐθνῶν.
1703 1186 1716 1201 n
1735 1175 1889 1213 Δεξάμενος

1062 1216 1090 1244 δὲ
1105 1220 1262 1255 περιχαρὼς
1278 1218 1292 1244 ὁ
1308 1218 1434 1255 Σκληρὸς
1447 1217 1512 1249 τοὺς
1533 1217 1642 1257 λόγους,
1658 1220 1702 1247 καὶ
1717 1222 1776 1251 τοῖς
1791 1221 1888 1258 ὅρκοις

1062 1262 1209 1300 θαρρήσας,
1235 1261 1339 1289 ἄπεισιν
1362 1261 1388 1289 ἐν
1424 1261 1600 1298 Καππαδοκίᾳ
1623 1264 1691 1300 πρὸς
1714 1264 1759 1291 τὸν
1787 1267 1889 1293 Φωκᾶν

1061 1307 1098 1337 ὡς
1122 1316 1195 1344 ταχα
1222 1307 1379 1344 πληρώσων
1399 1307 1449 1341 τήν
1475 1307 1681 1346 κοινοπραγίαν,
1712 1309 1831 1341 Ἐκεῖνος
1856 1308 1890 1338 δὶ

1059 1353 1154 1378 τοῦιον
1175 1349 1250 1378 ἔνδον
1272 1355 1322 1386 τῆς
1350 1352 1472 1389 σαγήνης
1496 1350 1587 1380 λαϐὼν
1601 1353 1837 1392 ἀπαμφιέννυσίτε
1851 1355 1889 1382 τὰ

1059 1399 1109 1430 τῆς
1123 1394 1262 1433 βασιλείας
1282 1396 1431 1433 παράσημα
1455 1396 1499 1423 καὶ
1525 1396 1564 1428 εἷς
1588 1397 1620 1424 τὸ
1647 1397 1777 1436 φρούριον
1790 1399 1820 1426 τὸ
1831 1401 1888 1426 Τυ-

1061 1440 1171 1477 ροποιόν
1197 1439 1340 1476 ἐκπέμπει,
1367 1441 1485 1478 φρουρὰν
1516 1441 1566 1468 οὑκ
1593 1441 1688 1478 ἀγεννῆ
1722 1444 1890 1480 περιστήσας

1060 1485 1146 1520 αὐτῷ,
1169 1484 1256 1515 Αὐτὸς
1287 1483 1315 1511 δὲ
1341 1486 1422 1522 μέρος
1444 1487 1499 1525 τοῦ.
1514 1488 1628 1522 στρατοῦ
1652 1489 1801 1525 παρασχὼν
1827 1491 1890 1516 Κα-

177 1521 269 1560 mittit
285 1541 291 1560 :
309 1532 372 1567 ipse
386 1532 465 1558 444
479 1538 546 1558 cum
563 1530 676 1566 reliquo
692 1530 825 1566 Abydum
841 1531 923 1565 petit,
935 1538 1000 1566 spe—

1096 1531 1168 1566 κυρῷ
1195 1529 1331 1566 πατρικίῳ
1357 1531 1398 1565 τῷ
1435 1521 1552 1568 Δελῷινᾷ
1579 1521 1711 1567 ἐκπέμπει
1736 1521 1805 1559 κατὰ
1831 1533 1888 1567 τήν

177 1585 247 1606 rans
263 1577 318 1604 hoc
338 1576 422 1604 modo
447 1575 592 1611 angustiis
616 1575 765 1611 occupatis
789 1583 820 1603 se
834 1575 1001 1610 Cpolitanos

179 1630 276 1650 rerum
288 1620 518 1649 necessariarum
526 1619 625 1655 inopia
631 1620 836 1647 subacturum.
845 1620 1004 1655 Imperator

180 1660 281 1695 multis
297 1666 408 1694 frustra
422 1665 557 1693 hortatus
571 1664 745 1699 Delphinam
762 1666 795 1691 ut
805 1663 1003 1700 aChrysopoli

142 1734 145 1738 ι
178 1711 333 1739 decederet
352 1718 445 1746 neque
468 1712 562 1736 castra
585 1717 601 1736 ο
623 1709 740 1744 regione
765 1709 847 1736 urbis
871 1708 1001 1741 haberet,

179 1758 267 1784 noctu
284 1754 408 1782 navibus
430 1753 580 1781 adornatis
607 1753 715 1781 Rossos
730 1753 857 1789 imponit
871 1754 948 1788 (nam
966 1754 1001 1780 ab

177 1801 214 1828 iis
243 1799 393 1836 suppetias
417 1798 635 1834 impetraverat,
660 1798 736 1833 quod
762 1805 889 1825 sororem
917 1806 1001 1825 suam

176 1847 287 1873 Annam
299 1843 463 1871 Bladimero
480 1851 581 1871 eorum
597 1842 722 1878 principi
734 1842 921 1870 matrimonio
933 1851 1000 1870 con-

170 1889 340 1924 junxisset),
357 1896 485 1923 cumque
508 1887 554 1915 his
577 1895 634 1914 non
661 1887 804 1914 sentiente
829 1887 912 1914 hoste
929 1888 1000 1914 freto

173 1935 306 1970 trajeeto,
323 1941 372 1960 eos
389 1933 509 1960 adortus
534 1931 615 1959 nullo
635 1932 752 1967 negotio
768 1932 917 1967 opprimit.
935 1931 1000 1959 Del-

173 1978 294 2014 pbinam
310 1977 339 2005 in
356 1976 422 2012 palo
442 1976 556 2011 sufﬁgit
572 1984 604 2003 eo
630 1975 692 2011 ipso
708 1975 781 2010 loco,
798 1976 846 2003 ubi
862 1977 998 2004 taberna-

174 2022 274 2050 culum
300 2022 326 2049 is
350 2021 491 2048 defixerat
507 2028 513 2047 :
532 2020 651 2048 fratrem
675 2019 778 2048 Phocea
802 2020 999 2056 Nicephorum

175 2075 283 2094 czscum
299 2066 329 2093 in
355 2065 519 2092 custodiam
536 2065 595 2097 dat,
613 2067 641 2092 et
665 2064 784 2100 reliquis
806 2065 929 2100 captivis
945 2073 999 2092 suo

174 2111 315 2138 arbitratu
331 2109 443 2146 punitis
458 2109 557 2145 Cpolin
573 2109 658 2136 redit.

1057 1573 1241 1610 ἀντίπορθμον
1267 1575 1300 1610 τῇ
1333 1572 1453 1611 βασῖλίδι
1477 1574 1662 1611 Χρυσόπολιν.
1678 1576 1715 1603 Τὸ
1731 1575 1759 1603 δὲ
1784 1575 1887 1604 λοιπὸν

1058 1618 1126 1645 ἅπαν
1149 1621 1198 1653 τῆς
1229 1621 1354 1655 στρατιᾶς
1375 1617 1447 1656 ἄγων
1491 1620 1548 1655 μεθ’
1576 1620 1671 1648 ἑαυτοῦ
1699 1626 1816 1648 κάτεισιν
1843 1621 1888 1653 εἲς

1057 1660 1184 1698 Ἄϐυδον,
1213 1662 1324 1693 ἐλπίσας
1359 1663 1430 1690 οὕτω
1469 1664 1662 1702 κατεχομένων
1699 1667 1754 1692 τῶν
1781 1667 1886 1694 στενῶν

1056 1707 1254 1743 πεπιεσμένους
1281 1705 1369 1743 ἐνδείᾳ
1406 1709 1622 1744 παραστήσεσθαι
1655 1710 1719 1741 τοὺς
1753 1709 1885 1743 πολίτας.

1056 1751 1087 1779 Ὁ
1117 1750 1144 1779 δὲ
1175 1750 1302 1789 βασιλεὺς
1326 1751 1420 1779 πολλᾶ
1455 1752 1643 1790 παρακαλέσας
1673 1754 1720 1782 τὸν
1750 1754 1887 1794 Δελφινᾶν

1056 1797 1239 1831 ἀπαναστῆναι
1268 1799 1318 1831 τῆς
1354 1797 1554 1834 Χρυσοπόλεως
1590 1798 1635 1825 καὶ
1661 1799 1700 1835 μὴ
1729 1799 1884 1836 ἀντιμέτω-

1055 1852 1106 1869 πον
1129 1843 1164 1878 τῇ
1191 1840 1312 1879 βασιλίδι
1349 1843 1484 1869 ποιεῖσθαι
1516 1842 1734 1880 στρατοπεδείαν,
1764 1845 1802 1876 ὡς
1829 1844 1884 1873 οὑκ

1055 1885 1153 1921 ἔπειθε,
1174 1885 1258 1914 πλοῖα
1283 1887 1487 1923 παρασκευάσας
1511 1887 1606 1918 νυκτὸς
1632 1888 1678 1915 καί
1701 1888 1808 1919 τούτοις
1827 1889 1882 1926 ἒμ-

1055 1929 1169 1962 ϐιϐάσας
1192 1930 1259 1962 Ῥὼς
1281 1929 1374 1968 (ἔτυχε
1408 1931 1458 1968 γὰρ
1497 1931 1656 1969 συμμαχίαν
1694 1932 1882 1970 προσκαλεσά-

1057 1986 1135 2012 μενος
1150 1975 1176 2010 ἐξ
1193 1975 1291 2010 αὐτῶν,
1321 1975 1365 2002 καὶ
1390 1974 1524 2010 κηδεστὴν
1550 1977 1734 2014 ποιησάμενος
1755 1978 1801 2006 τὸν
1830 1977 1882 2015 ἅρ-

1054 2030 1140 2058 χοντα
1167 2019 1270 2046 τούτων
1305 2018 1482 2058 Βλαδιμηρὸν
1512 2020 1556 2048 ἐπὶ
1585 2023 1619 2057 τῇ
1650 2021 1746 2049 ἑαυτοῦ
1773 2021 1880 2061 ἀδελφῇ

1055 2066 1161 2101 "AW/’9),
1191 2064 1352 2100 περαιωθεὶς
1383 2065 1441 2100 μετ’
1461 2064 1548 2092 αὐτῶν
1579 2065 1703 2101 ἀνοήτως
1731 2066 1879 2098 ἐπιτίθεται

1052 2112 1112 2139 τοῖς
1133 2107 1243 2146 ἐχθροῖς
1255 2108 1299 2135 καὶ
1326 2108 1388 2146 ῥᾷον
1412 2111 1563 2147 χειροῦται.
1579 2111 1632 2138 Τὸν
1651 2111 1698 2146 μὶν
1717 2111 1762 2138 οὗν
1779 2112 1879 2151 Δελφι-

171 2157 219 2181 νᾶν
236 2153 278 2181 ἰπὶ
295 2153 377 2188 ξύλου
403 2155 489 2190 κρεμᾷ
517 2152 575 2180 κατ’
604 2151 704 2179 ἐκεῖνον
732 2152 777 2179 τὸν
800 2151 883 2179 τόπον
910 2149 1021 2191 ἔνθαπερ
1051 2153 1110 2191 εἶχε
1137 2153 1187 2186 τὴν
1217 2153 1318 2187 σκηνὴν
1344 2153 1536 2190 πεπηγμὲνην,
1566 2154 1612 2181 τὸν
1641 2153 1670 2182 δὶ
1697 2153 1815 2194 ἀδελφὸν
1830 2149 1879 2183 τοῦ

172 2201 256 2228 Φωκᾶ
282 2197 439 2238 Νικηρόρον
463 2198 509 2226 τὸν
535 2196 637 2237 τυφλὸν
664 2200 768 2236 φρουρᾷ
796 2197 977 2236 παραδίδωσι,
1003 2200 1048 2226 καὶ
1074 2202 1132 2230 τοῖς
1159 2197 1269 2229 λοιποῖς
1297 2201 1355 2229 τοῖς
1385 2198 1481 2226 ἁλοῦσι
1506 2199 1601 2231 ποινὰς
1632 2199 1734 2232 ἰπιθιὶς
1761 2200 1810 2232 τὰς
1835 2200 1881 2229 δο-

169 2244 268 2276 κούσας
285 2244 447 2280 ὑπέστρεψεν
467 2243 504 2274 εἷς
518 2243 566 2277 τήν
586 2241 723 2280 βασιλίδα.

206 2307 326 2336 Interim
338 2307 450 2335 Phocus
461 2306 596 2341 Abydum
608 2314 725 2333 summa
741 2313 828 2340 opera
840 2315 993 2342 oppugna-

1096 2307 1114 2335 Ο
1144 2305 1172 2333 δὲ
1199 2308 1298 2337 ᾤωκᾶς
1320 2306 1369 2340 τήν
1400 2303 1517 2333 ’Δϐυδον
1545 2304 1706 2334 καταλαϐὼν
1735 2307 1878 2344 ὶπιμελῶς

170 2353 231 2388 bat,
246 2351 402 2388 oppidanis
412 2351 524 2379 fortiter
532 2358 562 2378 se
572 2350 797 2377 defendentibus
810 2359 815 2377 :
830 2359 897 2378 nam
908 2352 997 2379 drun-

172 2398 272 2433 garius
287 2397 328 2424 rei
345 2396 456 2423 navalis
467 2395 603 2430 Cyriacus
615 2395 786 2430 praemissus
801 2397 872 2428 erat,
886 2395 934 2430 qui
947 2404 995 2432 op-

171 2441 345 2477 pidanorum
362 2440 478 2467 animos
494 2439 691 2466 conﬁrmaret.
706 2438 792 2466 Paulo
805 2442 871 2475 post
884 2441 996 2476 trajecit

171 2484 555 2520 adAbydumConstantinus
563 2484 942 2519 imperator,elsubsecutus
952 2488 996 2514 est

169 2530 270 2558 statim
280 2530 369 2557 frater
375 2530 439 2563 ejus
447 2527 637 2556 Basilius.His
644 2527 685 2555 ita
691 2528 905 2563 gestis,Phocas
915 2533 994 2565 parte

167 2575 314 2603 exercitus
330 2574 365 2601 ad
375 2573 558 2601 obsidionem
569 2573 662 2608 Abydi
678 2573 789 2608 relicta,
801 2581 868 2601 cum
881 2575 995 2609 reliqua

168 2622 251 2656 parte
267 2617 494 2654 imperatoribus
509 2617 720 2645 occurrit.Jam
733 2617 769 2645 ad
784 2626 913 2654 pugnam
925 2627 994 2647 con-

168 2664 325 2692 serendam
353 2661 427 2690 nihil
457 2664 560 2697 praeter
589 2661 746 2690 classicum
779 2663 992 2698 requirebatur,

169 2717 238 2737 cum
253 2707 367 2736 Phocea
391 2707 514 2735 honeste
538 2707 635 2742 potius
658 2707 852 2742 oppetendam
869 2709 993 2736 mortem

169 2761 260 2791 quam
275 2751 402 2788 turpiter
415 2751 570 2780 Vivendum
584 2753 678 2786 ratus,
694 2759 761 2779 cum
777 2751 888 2780 videret
903 2751 995 2788 impe-

1051 2349 1216 2388 ἆπολιόρκει,
1249 2349 1400 2388 ῥωμαλέως
1435 2351 1621 2389 ὑφίπαμὲνων
1649 2351 1693 2378 καί
1716 2354 1772 2379 τῶν
1801 2351 1876 2380 ἔνδον

1050 2397 1099 2430 τήν
1127 2395 1301 2432 πολιορκίαν,
1325 2397 1373 2422 τοῦ
1400 2393 1578 2433 δρουγγαρίου
1597 2396 1650 2423 τῶν
1671 2395 1806 2433 πλωίμων
1825 2400 1876 2424 Κυ-

1051 2442 1146 2477 ριακοῦ
1179 2438 1434 2478 προεκπεμφῦέντος
1473 2441 1546 2477 παρὰ
1587 2443 1635 2468 τοῦ
1671 2441 1804 2479 βασιλέως
1831 2441 1878 2469 καὶ

1049 2483 1112 2516 τοὺς
1145 2483 1221 2512 ἔνδον
1249 2483 1513 2521 παραθαρρύνοντος.
1543 2485 1619 2514 Μιτὰ
1649 2486 1744 2523 μικρὸν
1773 2485 1801 2513 δὲ
1829 2486 1877 2514 ἐπι

1051 2529 1154 2567 ραιώθη
1184 2529 1228 2555 καί
1258 2529 1460 2560 Κωνσταντῖνος
1485 2530 1498 2556 ὁ
1515 2532 1563 2557 τοῦ
1588 2529 1723 2567 βασιλὲως
1746 2529 1876 2570 ἀδελφὸς,

1049 2573 1162 2600 κατόπιν
1193 2572 1216 2600 δ’
1244 2572 1353 2611 ἀφίκετο
1378 2573 1423 2600 καὶ
1453 2573 1533 2606 αὐτὸς
1559 2575 1573 2602 ὁ
1599 2574 1748 2613 βασιλεύς·
1772 2576 1809 2603 ὧν
1826 2585 1877 2603 πι-

1050 2618 1220 2654 ρςιιωθέντων
1237 2618 1250 2644 ὁ
1276 2620 1375 2649 Φωκᾶς
1401 2618 1482 2656 μέρος
1506 2619 1552 2655 μὶν
1577 2623 1626 2655 τῆς
1647 2623 1774 2658 στρατιᾶς
1790 2629 1876 2657 προσ-

1049 2661 1165 2698 εδρεύειν
1193 2661 1301 2697 ἐπέταξε
1324 2664 1358 2699 τῇ
1386 2666 1437 2698 τῆς
1465 2662 1582 2691 ’Δϐύδου
1611 2663 1769 2703 πολιορκίᾳ,
1795 2665 1877 2695 αὐτὸς

1049 2705 1078 2734 δὶ
1101 2710 1160 2739 τοῖς
1185 2706 1295 2738 λοιποῖς
1323 2709 1372 2734 τοῦ
1396 2710 1511 2746 στρατοῦ
1538 2708 1794 2747 ἀννιπαρατάττιται
1817 2711 1879 2741 τοῖς

1050 2751 1191 2792 βασιλεῦσι
1206 2753 1248 2790 [P.
1262 2752 1327 2790 700]
1352 2751 1401 2780 Καὶ
1428 2751 1585 2791 μελλούσης
1614 2752 1669 2790 ἤδη
1698 2753 1790 2794 ἀρχην
1806 2753 1878 2793 λαμ-
