1919 3048
155 140 214 173 I19

190 206 345 236 Enimvero
361 205 455 235 Phoca
470 204 562 242 Aprili
578 211 678 233 mense
693 201 984 236 mortuo,indictione
998 201 1026 234 Α

157 252 304 287 secunda;
322 259 399 279 anno
415 251 450 279 ab
467 250 579 286 origine
594 258 691 278 rerum
707 249 788 282 6497,
801 248 928 283 ejusque
943 254 985 274 re-

157 297 287 325 bellione
302 304 481 332 compressa,
504 296 599 322 Durus
621 294 785 322 libertatem
811 293 986 320 consecutus

159 350 191 370 se
205 341 304 377 ipsum
322 339 480 376 recollegit,
498 342 527 367 et
542 339 700 375 pristinum
725 339 863 366 conatum
888 343 984 371 perse-

160 386 210 423 qui
227 386 323 421 coepit.
336 385 416 418 Quod
431 384 480 412 ubi
497 383 615 411 rescivit.
628 383 798 419 imperator.
808 389 858 417 per
872 380 986 408 iitteras

160 439 227 459 eum
245 431 377 458 hortatur
393 431 424 456 ut
440 429 557 456 tandem
574 427 732 456 Christiani
749 425 902 461 sanguinis
919 424 985 451 fun-

161 475 249 503 dendi
263 475 350 502 {luem
366 473 454 501 faciat
469 473 557 500 homo
570 474 598 499 et
622 472 651 499 in
674 471 785 507 judicio
809 469 872 497 vitae
897 471 986 505 gestis

160 520 306 548 rationem
321 516 549 546 redditurus:ch
565 525 629 544 sero
645 515 791 552 intelligat
806 514 876 550 quid
898 521 985 549 expe-

161 565 267 597 diat,et
282 563 489 599 magistratum
506 562 563 589 sibi
578 561 718 589 divinitus
733 559 884 596 przelatum
901 566 989 593 δευο-

161 611 234 637 seat.
251 607 302 636 His
318 607 424 635 litteris
439 607 536 634 Durus
552 605 711 639 emollitus,
727 613 794 632 cum
809 603 835 631 ei
851 604 907 631 fide
932 611 987 638 pu-

161 653 239 682 blica
251 653 286 681 de
301 652 478 688 impunitate
493 653 612 679 cautum
629 652 706 678 esset
721 658 754 677 ac
769 649 936 680 securitate,
960 648 989 674 et

163 696 339 732 curopalata:
355 696 483 732 dignitas
497 695 527 722 in
544 695 641 730 ipsum
656 694 849 729 collata,cum
865 692 989 728 impera-

163 744 226 770 tore
239 741 271 768 in
283 740 406 776 gratiam
429 739 525 767 rediit.
550 742 613 767 Non
638 741 736 766 tamen
758 738 898 773 dignatus
922 743 989 764 eum

164 787 244 815 Deus
268 787 313 813 est
337 787 369 812 ut
394 785 487 812 oculis
502 784 564 811 suis
579 783 785 818 imperatorem
801 783 964 809 intueretur
980 787 988 807 ι

165 838 233 858 nam
249 830 278 857 in
296 830 371 857 447
390 828 494 856 itinere
510 828 590 855 visus
605 835 725 855 sensum
746 826 855 861 amisit,
881 833 989 853 caecus-

166 883 224 910 que
235 874 272 902 ad
289 873 427 901 Basilium
444 875 489 900 est
503 872 700 900 introductus.
724 872 760 899 Et
784 871 809 899 is
825 873 988 917 conspecto
1004 885 1028 917 Β

166 918 244 946 Duro
259 917 368 946 dixisse
382 917 474 945 fertur
489 916 672 944 astantibus:
688 928 702 941 ‹‹
717 917 808 949 Quem
823 915 864 943 ita
879 918 990 943 metue-

166 962 234 989 bam
250 963 282 988 ut
297 961 564 995 contremiscerem,
581 960 606 988 is
627 960 752 988 aliorum
778 960 915 988 manibus
938 959 989 986 de-

167 1006 276 1034 ductus
291 1005 379 1033 venit.
395 1015 409 1030 »

201 1094 336 1122 Civilium
351 1093 495 1122 bellorum
509 1094 586 1122 mole
601 1102 634 1122 ac
648 1094 728 1122 curis
742 1093 884 1122 liberatus
898 1093 990 1130 impe-

169 1142 250 1167 rator
263 1139 299 1166 de
315 1138 483 1166 ulciscendo
498 1139 633 1166 Samuelo
649 1138 774 1174 aliisque
789 1138 898 1174 regulis
921 1147 992 1166 con-

170 1184 237 1212 silia
248 1183 324 1217 iniit;
333 1182 382 1219 qui
393 1183 456 1219 ipso
469 1182 680 1211 rebellionibus
693 1186 832 1218 occupato
844 1183 993 1211 licentiam

167 1228 247 1256 nacti
263 1228 341 1255 haud
359 1228 463 1263 exigua
477 1228 586 1255 damna
603 1228 733 1256 Romano
748 1228 870 1264 imperio
886 1227 993 1256 intule-

168 1275 244 1300 rant.
263 1272 326 1300 Exit
350 1280 419 1308 ergo
444 1271 474 1299 in
501 1272 654 1300 Thraciam
678 1275 706 1300 et
731 1272 941 1305 Macedoniam,
966 1274 994 1300 et

168 1317 409 1346 Thessalonicam
438 1318 603 1352 descendit,
630 1318 740 1353 gratias
764 1319 860 1346 actum
887 1326 993 1353 magno

168 1362 291 1398 martyri
307 1362 462 1390 Demetrio.
479 1363 553 1390 Tum
569 1362 742 1398 magistrum
754 1362 927 1399 Gregorium
942 1363 995 1390 Ta-

169 1407 295 1436 ronitam
313 1407 352 1434 ibi
368 1415 433 1434 cum
451 1407 546 1434 valido
563 1407 696 1441 praesidio
707 1407 846 1441 relinquit
857 1408 890 1434 ad
905 1407 994 1442 repri~

169 1452 293 1479 mendas
303 1451 431 1479 Samueli
443 1451 640 1485 grassationes
655 1451 729 1486 .Ipse
746 1451 847 1486 Cpolin
859 1459 994 1479 reversus

169 1495 238 1523 inde
253 1496 282 1523 in
300 1495 423 1523 Iberiam
440 1495 651 1530 proﬁsciscitur
666 1504 672 1522 :
691 1504 757 1523 nam
778 1496 843 1531 ejus
867 1496 994 1531 regionis

167 1539 350 1576 curopalates
365 1540 491 1567 stidus
509 1540 636 1567 moriens
650 1539 856 1575 imperatorem
872 1549 993 1568 suarum

165 1570 387 1621 possessionum
404 1584 542 1612 heredem
556 1570 722 1620 scripserat.
748 1586 786 1612 Eo
810 1584 900 1620 igitur
924 1593 991 1621 pro-
1008 1570 1030 1605 θ

165 1631 271 1662 tectus,
287 1628 448 1657 constituta
462 1628 664 1664 hereditale,et
678 1629 799 1665 Georgio
816 1629 913 1657 Davidi
935 1630 991 1658 fra-

167 1675 212 1702 tre
227 1682 259 1701 eo
275 1673 401 1700 adducto
416 1675 449 1700 ut
463 1672 489 1700 is
505 1681 536 1700 se
551 1673 690 1700 interiore
706 1673 801 1701 lberia
821 1676 991 1702 contentum

167 1718 228 1745 fore
244 1725 338 1753 neque
354 1717 450 1745 aliena
465 1718 636 1745 invasurum
654 1718 846 1753 promitteret,
864 1719 920 1745 icto
942 1719 991 1745 fee-

167 1763 236 1790 dere
261 1770 327 1789 cum
353 1770 386 1790 eo
402 1764 431 1789 et
446 1765 563 1798 accepto
579 1762 644 1797 ejus
660 1762 719 1790 ﬁlio
736 1763 848 1796 obside,
865 1763 893 1790 in
911 1763 992 1790 Phre-

166 1806 273 1836 niciam
291 1806 396 1842 pergit,
414 1814 512 1834 secum
531 1807 641 1834 ducens
656 1807 745 1835 etiam
761 1816 820 1835 sum
832 1807 929 1835 Iberis:
943 1815 992 1843 ge-

167 1859 236 1879 nere
252 1850 470 1885 nobilissimos;
497 1860 622 1886 quorum
646 1851 769 1887 primari
793 1854 876 1880 erant
899 1854 992 1880 Pacu-

165 1896 451 1930 rianus,Phebdatus
467 1899 495 1924 et
511 1897 633 1924 Pherses
650 1898 753 1924 fratres
768 1898 992 1933 germani,quos

166 1940 254 1969 etiam
271 1940 392 1975 patricio
415 1941 525 1968 honore
548 1941 704 1969 decoravit.
729 1943 889 1977 Postquam
914 1942 990 1970 448

165 1985 195 2012 in
213 1984 391 2012 Phoenicium
407 1988 527 2012 ventum
544 1989 598 2018 est,
615 1986 753 2020 Tripolis,
771 1987 991 2022 l)amasci,Tyri

165 2027 321 2064 Berytique
337 2036 452 2056 ameras
467 2028 547 2065 (nam
564 2028 594 2056 hi
621 2029 709 2065 paulo
734 2031 802 2057 ante
825 2029 889 2065 ipso
914 2030 991 2058 civili

164 2075 266 2100 contra
290 2071 416 2100 Phocum
441 2073 516 2100 bello
540 2073 668 2106 detento,
685 2073 756 2102 inito
770 2074 877 2102 {cedere
891 2077 992 2103 contra

162 2116 353 2144 Antiocheam
369 2125 452 2144 arma
466 2117 634 2150 tulerant,el
649 2117 821 2146 Damianum
834 2119 991 2154 patricium

163 2161 228 2197 ejus
244 2161 326 2189 urbis
344 2162 513 2197 praefectum
527 2170 625 2197 pugna
637 2171 826 2197 congressum
843 2163 992 2192 interfece-

163 2207 240 2239 rant,
257 2205 384 2240 urbique
396 2205 471 2232 haud
485 2207 620 2241 exiguum
636 2206 797 2241 periculum
819 2208 991 2244 objicerant)

830 133 991 167 GEORGII
1013 133 1183 165 GEDRENI

1827 135 1893 166 {80

1076 199 1121 237 [P.
1140 200 1205 236 701]
1230 200 1310 237 Ἀρτι
1340 199 1370 228 δὶ
1396 202 1445 228 τοῦ
1473 203 1558 229 Φωκᾶ
1584 199 1785 234 ἀποθανόντος
1815 202 1891 229 κατὰ

1038 244 1084 272 τὸν
1101 244 1262 281 Ἀπρίλλιον
1290 248 1362 281 μῆνα
1389 248 1439 279 τῆς
1465 244 1589 283 δευτέρας
1618 245 1809 277 ἷνδικτιῶνος
1837 248 1891 274 τοῦ

1040 289 1120 328 ,ςυιιζ
1136 287 1221 323 ἔτους,
1245 289 1290 316 καὶ
1314 293 1365 324 τῆς
1387 290 1446 317 κατ’
1461 290 1541 318 αὐτὸν
1571 290 1753 322 ἀποστασίας
1786 290 1890 319 διαλυ-

1040 334 1140 369 θείσης,
1157 332 1248 365 ἀδείας
1274 331 1423 370 λαϐόμενος
1447 335 1461 362 6
1484 334 1610 372 Σκληρὸς
1634 335 1728 363 πάλιν
1760 335 1890 372 ἀνελάμ-

1041 376 1118 405 ϐανεν
1149 378 1242 405 ἑαυτὸν
1270 377 1314 406 καὶ
1342 379 1391 413 τὴν
1419 379 1551 418 προτέραν
1572 379 1737 416 ἐσωμάσκει
1760 380 1889 408 ἀποστα-

1040 423 1110 451 σίαν.
1126 424 1213 460 Ὅπερ
1228 423 1377 459 πυθόμενος
1391 424 1406 451 ὁ
1429 423 1555 461 βασιλεὺς
1580 425 1736 462 γράμμασι
1763 424 1891 462 παρῄνει

1040 467 1122 506 κόρον
1138 465 1231 495 λαϐεῖν
1254 468 1303 502 τῆς
1326 469 1380 495 τῶν
1405 471 1575 506 Χριστιανῶν
1601 469 1717 507 χύσεως
1743 469 1888 506 αἱμάτων,

1042 511 1182 551 ἄνθρωπον
1198 512 1244 539 καὶ
1260 512 1340 540 αὐτὸν
1357 510 1421 541 ὅντα
1435 513 1480 541 καί
1500 514 1612 546 θάνατον
1642 513 1889 552 προσδεχόμενον

1041 558 1086 585 καὶ
1114 557 1215 595 κρίσιν,
1230 557 1275 585 καὶ
1304 557 1354 594 ὀψέ
1377 568 1444 586 ποτε
1468 561 1632 595 μεταμαθεῖν
1661 559 1698 587 τὸ
1726 560 1887 599 συμφέρον,

1041 602 1085 630 καὶ
1098 602 1144 630 τὸν
1161 602 1191 630 ἐκ
1205 604 1272 630 Θιοῦ
1299 601 1444 639 δεδομένον
1474 604 1596 641 ἄρχοντα
1620 603 1797 641 ἐπιγνῶναι.
1817 605 1890 633 Τού-

1041 656 1099 678 τοις
1129 645 1158 674 δὶ
1183 649 1243 677 τοῖς
1271 646 1414 684 γράμμασι
1446 647 1601 685 μαλαχθεὶς
1615 647 1741 682 ἐκεῖνος,
1760 647 1810 676 καὶ
1842 648 1889 676 πί-

1043 701 1114 722 στεις
1130 688 1222 718 λαϐὼν
1237 691 1274 722 ὡς
1304 689 1380 718 οὗδὶν
1410 691 1589 727 ὑποστήσεται
1615 691 1760 732 φλαῦρον,
1776 693 1889 721 κατατίο

1043 737 1116 764 θεται
1129 735 1163 763 τὰ
1177 734 1250 763 ὅπλα
1275 736 1318 763 καὶ
1345 737 1386 772 τῷ
1414 734 1520 773 βασιλεῖ
1549 735 1708 771 σπένδεται,
1740 747 1888 775 κουροπα-

1043 781 1130 815 λάτης
1145 779 1281 816 τιμηθείς.
1295 780 1334 809 Οὐ
1351 780 1444 817 μέντοι
1458 791 1489 818 γε
1502 780 1547 808 καὶ
1564 781 1728 818 ὀφθαλμοῖς
1753 781 1804 810 τὸν
1837 783 1887 820 βα-

1044 824 1121 853 σιλέα
1150 826 1292 857 θεάσασθαι
1318 824 1434 860 ἠξιώθη·
1450 825 1519 853 κατὰ
1543 827 1595 864 γὰρ
1620 827 1676 861 τὴν
1707 825 1775 854 ὁδὸν
1803 826 1887 865 ἀορα-

1045 869 1089 906 σίᾳ
1117 869 1235 907 πληγεὶς
1257 870 1306 904 τὴν
1336 870 1464 907 ὁρατικὴν
1497 868 1631 898 ἀπέϐαλεν
1673 869 1807 907 α’ίσθησιν
1838 871 1885 899 καὶ

1042 914 1145 954 τυφλὸς
1160 914 1277 952 εἰσήχθη
1297 915 1365 951 πρὸς
1394 913 1517 952 βασιλέα.
1533 915 1580 944 Ὃν
1610 915 1883 953 χειραγωγούμενον

1044 959 1147 991 ἐκεῖνος
1186 958 1347 995 θεασάμενός
1385 969 1450 998 φησι
1493 960 1561 998 πρὸς
1602 960 1670 991 τοὺς
1716 960 1882 998 παρόντας·

1045 1016 1060 1031 α
1074 1005 1123 1032 ‘Ov
1141 1001 1298 1042 ἐφοϐούμην
1327 1004 1372 1030 καὶ
1397 1002 1522 1041 ἔτρεμον,
1537 1005 1812 1043 χειραγωγούμενος
1843 1005 1884 1044 ἴρ-

1044 1058 1133 1087 χεται.
1151 1059 1165 1073 ))

1080 1091 1241 1125 Ἀπολυθιὶς
1257 1091 1286 1120 δὲ
1303 1094 1356 1120 τῶν
1388 1092 1528 1132 ἐμφυλίων
1558 1094 1694 1131 πολέμων
1720 1094 1768 1122 καὶ
1798 1105 1884 1134 φρον-

1044 1137 1126 1166 τίδων
1155 1138 1169 1165 ὁ
1198 1137 1336 1176 βασιλεὺς,
1365 1140 1424 1169 πῶς
1451 1137 1480 1166 ἂν
1512 1137 1640 1174 διάθηται
1670 1140 1708 1166 τὰ
1737 1139 1810 1167 κατά
1836 1139 1883 1167 τὸν

1047 1182 1182 1219 Σαμουὴλ
1198 1181 1305 1209 ἐσκόπει
1321 1181 1366 1209 καὶ
1380 1181 1443 1214 τοὺς
1464 1182 1580 1214 λοιποὺς
1603 1184 1766 1221 τοπάρχας,
1786 1183 1884 1214 οἵτινες

1045 1230 1104 1258 ταῖς
1132 1226 1307 1258 ἀποστασίαις
1330 1226 1571 1265 ἐνασχολουμένου
1591 1229 1650 1265 (50)
1680 1227 1777 1256 ἄδειαν
1808 1227 1883 1263 εἴλη-

1047 1272 1125 1310 φότες
1163 1271 1193 1299 οὐ
1232 1272 1315 1308 μικρὰ
1350 1272 1398 1303 τὰς
1433 1274 1487 1299 τῶν
1516 1272 1663 1309 Ῥωμαίων
1705 1272 1881 1311 ἐπικρατείας

1046 1315 1325 1351 ἦλύπησαν.Ἔξεισιν
1351 1315 1396 1343 οὖν
1424 1316 1464 1347 εἷς
1482 1316 1548 1344 τάπὶ
1576 1317 1688 1354 Θρᾴκης
1718 1317 1765 1345 καὶ
1796 1320 1882 1345 Μακε-

1047 1361 1138 1392 δονίας
1163 1361 1264 1398 χωρία,
1285 1361 1330 1388 καὶ
1360 1360 1477 1388 κάτεισιν
1505 1361 1543 1392 εἰς
1566 1361 1789 1397 Θεσσαλονίκην,
1815 1362 1880 1389 ἀπο-

1048 1405 1142 1434 δώσων
1171 1406 1205 1432 τὰ
1229 1404 1425 1443 εὐχαριστήρια
1452 1407 1491 1442 τῷ
1522 1405 1752 1444 μεγαλομάρτυρι
1783 1410 1878 1443 Δημη-

1046 1450 1124 1489 τρίῳ·
1151 1449 1236 1477 ἱκεῖσὲ
1263 1460 1292 1477 τε
1317 1449 1468 1488 Γρηγόριον
1500 1451 1649 1488 μάγιστρον
1679 1451 1727 1478 τὸν
1759 1449 1877 1488 Ταρωνί-

1046 1505 1095 1530 την
1125 1493 1219 1532 ἄρχειν
1247 1495 1347 1530 λιπὼν,
1365 1493 1428 1525 δοὺς
1452 1493 1527 1530 αὐτῷ
1549 1495 1595 1522 καὶ
1619 1495 1738 1533 στρατὸν
1768 1493 1877 1531 ἀξιόμα-

1048 1549 1100 1577 χον
1112 1539 1153 1576 ἰφ²
1168 1539 1191 1575 ᾧ
1207 1538 1305 1576 εἵργειν
1318 1539 1364 1566 καὶ
1385 1538 1544 1567 ἀνακόπτειν
1573 1539 1621 1571 τὰς
1651 1538 1807 1577 ἐπιδρομὰς
1829 1542 1876 1567 τοῦ

1051 1582 1194 1620 Σαμουὴλ,
1211 1582 1291 1615 αὐτὸς
1317 1582 1486 1620 ὑποστρέψας
1512 1583 1560 1610 κάν
1584 1585 1618 1620 τῇ
1647 1582 1774 1622 βασιλίδι
1801 1583 1876 1622 γενό-

1049 1638 1129 1665 μενος
1154 1629 1251 1655 ἄνεισιν
1281 1626 1319 1659 εἷς
1345 1624 1477 1664 Ἰϐηρίαν·
1494 1626 1548 1662 ἤδη
1577 1628 1627 1665 γὰρ
1648 1629 1724 1656 καὶὸ
1740 1638 1875 1666 κουροπα-

1047 1673 1133 1707 λάτης
1148 1672 1283 1707 ἐτεθνήκει
1301 1669 1394 1707 Δαϐὶδ,
1407 1671 1585 1709 κληρονόμον
1608 1675 1665 1701 τῶν
1691 1673 1766 1709 αὐτῷ
1793 1683 1875 1709 προσ·
1911 1677 1912 1683 ‘

1047 1717 1169 1752 ηκόντων
1185 1716 1290 1754 γράψας
1314 1716 1360 1744 τὸν
1390 1715 1512 1753 βασιλέα.
1529 1717 1632 1744 Ἑκιῖσε
1665 1716 1696 1744 δὲ
1719 1717 1873 1754 γενόμενος,

1045 1762 1088 1789 καὶ
1105 1761 1155 1795 τὴν
1172 1760 1293 1788 δοθεῖσαν
1313 1760 1385 1796 αὐτῷ
1408 1760 1597 1799 κληρονομίαν
1622 1761 1871 1798 καταστησάμενος,

1045 1805 1149 1834 καὶτὸν
1172 1807 1220 1833 τοῦ
1244 1804 1452 1843 κουροπαλάτου
1475 1802 1558 1833 Δαϐὶδ
1580 1806 1635 1842 (51)
1663 1806 1800 1843 Γιώργιον
1827 1805 1871 1832 τὸν

1045 1854 1094 1885 τῆς
1116 1848 1248 1887 ἐνδοτέρω
1263 1847 1383 1886 Ἰϐηρίας
1408 1850 1528 1887 ἄρχοντα
1551 1852 1610 1881 τοῖς
1636 1849 1752 1882 οἰκείοις
1780 1850 1870 1886 dapsi-

1047 1901 1106 1926 σθαι
1122 1894 1214 1925 πείσας
1230 1894 1275 1922 καὶ
1293 1895 1331 1930 μὴ
1348 1891 1494 1921 ἐπιϐαίνειν
1523 1897 1582 1925 τοῖς
1606 1893 1782 1932 ἀλλοτρίοις,
1798 1903 1870 1921 σπει-

1047 1938 1160 1975 σάμινός
1191 1949 1220 1966 τι
1247 1938 1321 1974 αὖτῷ
1349 1938 1394 1966 καὶ
1420 1938 1526 1976 ὅμηρον
1557 1937 1682 1977 ιῖληφὼς
1710 1938 1757 1967 τὸν
1776 1937 1869 1966 τούτου

1046 1983 1116 2018 υἱὸν,
1139 1981 1243 2010 ἄπεισιν
1273 1982 1311 2014 τίς
1340 1983 1484 2018 Φοινίκην,
1515 1981 1587 2020 ἔχων
1620 1983 1682 2020 μεθ’
1708 1983 1803 2010 ἑαυτοῦ
1828 1981 1869 2009 καὶ

1044 2027 1108 2058 τοὺς
1132 2027 1159 2055 ἐν
1187 2029 1221 2065 τῇ
1246 2028 1303 2055 κατ’
1319 2026 1398 2055 αὐτὸν
1415 2024 1522 2064 Ἰϐηρίᾳ
1535 2026 1603 2055 κατὰ
1615 2027 1694 2064 γένος
1722 2026 1870 2065 πρωτεύον-

1045 2083 1104 2106 τας,
1121 2073 1157 2100 ὢν
1187 2073 1253 2107 ἦσαν
1283 2074 1428 2110 κορυφαῖοι
1458 2072 1472 2099 ὁ
1502 2071 1690 2109 ΙΙακουριάνος
1705 2072 1749 2099 καὶ
1766 2068 1869 2098 Φεὸδά-

1045 2128 1091 2148 τος
1107 2118 1151 2144 καὶ
1168 2117 1275 2155 Φὲρσης
1292 2117 1318 2143 οἱ
1342 2115 1518 2155 αὐτάδελφοι,
1534 2116 1582 2147 οὓς
1605 2116 1649 2144 καὶ
1681 2117 1720 2148 εἷς
1747 2115 1791 2143 τὸν
1819 2116 1870 2142 τῶν

1046 2161 1194 2199 πατρικίων
1218 2158 1359 2189 ἀνεϐίϐασε
1388 2163 1486 2194 θῶκον.
1506 2182 1512 2190 .
1531 2162 1574 2190 Ἐν
1601 2160 1715 2198 Φοινίκῃ
1740 2159 1768 2188 δὶ
1795 2159 1868 2197 γενό-

1048 2217 1137 2243 μενος,
1152 2208 1197 2234 καί
1212 2206 1257 2234 τὸν
1274 2205 1435 2242 Τριπόλεως
1449 2205 1558 2243 ἀμηρᾶν
1582 2206 1626 2233 καὶ
1652 2206 1700 2233 τὸν
1729 2204 1867 2241 Δαμασκοῦ

163 2250 257 2286 coegit
270 2250 410 2277 Romanis
427 2251 575 2285 parere.Et
591 2254 734 2286 quantum
750 2252 815 2287 ejus
832 2252 893 2280 ﬁeri
909 2256 990 2288 pote-

1085 2252 1091 2278 ὶ
1115 2251 1203 2287 Τύρου
1229 2250 1273 2278 καὶ
1303 2250 1428 2286 Βηρύτου
1454 2250 1541 2286 (οὗτοι
1555 2249 1605 2287 γὰρ
1621 2250 1675 2287 πρὸ
1691 2249 1786 2287 ὀλίγου
1802 2248 1867 2284 ὁμο·

163 2297 209 2323 ret
224 2295 312 2323 rebus
325 2294 390 2322 istis
406 2294 434 2322 in
462 2297 558 2322 tutum
584 2295 721 2330 redactis,
749 2297 877 2333 acceptis
904 2298 992 2327 etiam

164 2339 328 2374 obsidibus,
346 2339 420 2367 redit
435 2339 617 2375 Byzantium.

1048 2297 1195 2332 νοήσαντες
1226 2295 1270 2323 καὶ
1300 2293 1373 2322 ὅπλα
1399 2295 1467 2322 κατὰ
1486 2294 1718 2332 τῆςἋντιοχείας
1745 2293 1866 2328 ιιινήσαν⁸

1045 2352 1100 2376 τες,
1116 2342 1164 2367 τοῦ
1180 2340 1314 2377 βασιλέως
1328 2341 1368 2375 τῷ
1390 2339 1459 2376 πρὸς
1477 2338 1523 2366 τὸν
1550 2341 1647 2366 Φωκᾶν
1671 2337 1786 2374 πολέμῳ
1805 2345 1868 2373 σχο-

166 2382 310 2416 λάζοντος.
326 2383 459 2418 Δαμιανόν
489 2393 518 2410 τι
544 2384 590 2411 τὸν
621 2385 762 2421 πατρίκιον
780 2385 809 2416 ’ὀς
823 2386 909 2423 ἦρχεν
924 2387 1094 2425 Ἀντιοχείας
1108 2385 1224 2422 πολέμῳ
1240 2381 1415 2421 συμϐαλόντα
1433 2383 1541 2415 τούτοις
1566 2383 1674 2412 ἀνεῖλον
1690 2383 1734 2411 καὶ
1749 2380 1864 2425 κίνδυνον

166 2426 198 2470 οὐ
215 2427 311 2463 μικρὸν
327 2428 361 2463 τῇ
377 2426 457 2454 πόλει
474 2426 605 2464 ἐπίστιον)
618 2429 659 2465 [Ρ.
675 2430 739 2464 70;[
753 2429 790 2460 ὡς
810 2429 872 2464 ἰνῆν
889 2423 1109 2470 ἀσφαλισάμενος
1126 2429 1214 2467 μὲνιιν
1227 2431 1262 2466 τῇ
1283 2427 1415 2457 δουλώσει
1431 2428 1586 2466 Ῥωμαίων,
1601 2428 1646 2456 καὶ
1669 2427 1759 2466 ὅμηρα
1778 2423 1865 2454 λαϐὼν

167 2469 373 2507 ἐπαναζευγνύει
388 2471 456 2508 πρὸς
471 2471 502 2498 τὸ
519 2472 674 2506 Βυζάντιον.

205 2515 238 2543 In
254 2515 350 2544 reditu
365 2524 433 2544 eum
446 2525 498 2553 per
519 2517 734 2553 Cappadociam
759 2519 814 2548 iter
839 2520 993 2549 facientem

1085 2520 1192 2547 Διιόντα
1208 2518 1237 2546 δὶ
1256 2520 1352 2546 τοῦτον
1373 2516 1403 2546 ὶκ
1427 2515 1623 2549 Καππαδοκίας
1649 2514 1792 2546 Εὗστάθιός
1815 2510 1864 2549 μά-

735 2593 938 2624 XYLANDRI
961 2594 1011 2624 ET
1034 2594 1154 2625 GOARI
1176 2593 1306 2623 NOTjE.

204 2650 258 2691 (βο)
275 2650 341 2691 Haec
355 2659 409 2691 vox
423 2652 637 2691 quantumlibet
653 2654 830 2691 reclamante
845 2655 993 2691 Xylandro

168 2686 333 2726 retinenda,
349 2689 377 2715 et
390 2686 484 2726 versio
499 2688 552 2716 hoc
568 2691 652 2726 pacto
668 2690 839 2726 corrigenda
857 2686 930 2726 :‘qui
950 2699 992 2718 re-

168 2721 338 2786 aegiignibm
353 2724 459 2752 assueti
473 2727 499 2752 et
513 2721 668 2760 exercitati,
684 2721 912 2760 datavoccasion-e,
936 2729 991 2754 etc.

205 2792 262 2828 (51)
278 2791 410 2833 ’Λδελφόν
432 2796 536 2824 deest:
553 2796 603 2824 sed
627 2798 656 2825 et
676 2804 782 2826 sensus
807 2797 861 2826 hoc
885 2805 993 2834 sugge-

1050 2655 1132 2683 rebat
1144 2656 1172 2682 et
1187 2654 1275 2682 habet
1289 2654 1426 2682 Zonaras.
1443 2653 1502 2681 Hoc
1517 2661 1551 2681 ex
1565 2652 1628 2681 loco
1643 2652 1761 2689 apparet
1781 2654 1861 2689 reg!!-

1049 2691 1092 2719 los
1108 2691 1192 2724 istos,
1207 2698 1258 2718 seu
1272 2690 1424 2726 regionum
1441 2689 1580 2717 Romanis
1595 2685 1752 2726 vicinarum
1771 2685 1860 2726 domi;

1048 2718 1112 2760 nos,
1126 2718 1225 2755 vocari
1241 2718 1436 2761 ouroupalatas,
1449 2727 1477 2753 et
1491 2733 1581 2761 supra
1597 2731 1711 2761 quoque
1726 2722 1797 2750 facta
1817 2718 1858 2746 est

1049 2762 1156 2791 alicubi
1173 2762 1272 2790 Iberia
1292 2761 1466 2798 europaiatsa
1482 2760 1684 2790 mentim'XYL.
