1933 3048
59 144 128 177 εει

644 142 920 177 HISTORIABUM
941 144 1215 178 GOMPENDIUM.

1726 143 1785 176 181

59 221 187 250 γιστρος
201 211 216 239 ὁ
231 209 368 242 Μαλιῖνος
383 209 408 239 ἰν
437 212 496 242 τοῖς
523 209 635 242 οἰκείοις
663 209 808 248 ὑπεδέξατο
831 220 897 238 παν-

991 212 1099 249 agister
1109 212 1279 241 Eustathius
1291 212 1434 242 Maleinus
1450 212 1578 249 hospitio
1592 212 1704 248 excepit
1714 220 1781 241 cum

61 256 182 293 στρατὶ,
198 259 282 284 πᾶσαν
309 255 383 292 αὐτῷ
402 266 432 284 τι
455 255 499 283 καὶ
520 258 561 292 τῷ
583 255 763 294 στρατιύματι
779 256 904 294 ἀφθόνως

61 300 261 339 παρεσχηκὼς
292 300 428 338 χορηγίαν
445 309 451 316 ·
477 299 506 327 ὅν
536 300 573 332 ὡς
601 301 672 338 τάχα
704 299 904 336 ἀποδεξάμενος

60 346 112 374 καὶ
132 345 275 376 ἐπαινέσας
299 345 344 372 καὶ
362 345 419 381 μετ’
441 344 523 372 αὐτοῦ
545 342 770 382 προσλαϐόμενος
797 344 835 376 είς
854 345 904 379 τήν

63 389 205 422 Βασιλίδα
234 389 326 418 ἔκτοτε
357 389 522 426 ὑποστρέψαι
552 389 582 417 οὐ
611 389 814 427 συνεχώρησεν,
831 388 904 417 ἀλλὰ

62 437 204 472 χορηγῶν
230 433 304 470 αὐτῷ
329 432 452 470 δαψιλῶς
465 433 500 460 τὰ
513 433 581 469 πρὸς
595 433 645 467 τὴν
661 433 756 470 χρείαν
779 432 824 460 καὶ
848 431 903 460 ὤσ-

61 489 120 516 πιρ
143 489 172 506 τι
187 478 282 516 θηρίον
298 478 403 516 τρέφων
419 476 445 505 ἰν
458 488 511 505 τινι
531 480 607 513 σηκῷ
621 480 757 516 κατεῖχεν,
777 476 830 509 ἓως
855 477 902 504 αὐ-

61 523 114 550 τὸν
127 522 176 550 καὶ
199 523 231 550 τὸ
246 522 329 560 πέρας
342 523 391 550 τοῦ
408 522 469 560 βίου
483 519 626 550 κατέλαϐε.
652 521 759 550 Τούτου
785 520 814 549 δὲ
837 521 903 549 ἀπο-

62 568 200 598 Θανόντος
213 568 232 603 ἡ
254 570 350 603 κτῆσις
365 567 448 595 αὐτοῦ
462 569 534 594 πᾶσα
549 565 757 604 δεδημοσίευτο.
781 567 902 604 Ἔγραψε

63 611 97 640 δὶ
113 611 163 640 καὶ
191 613 276 649 νόμον
304 612 318 639 ὁ
349 611 476 650 βασιλεὺς
493 610 619 649 εἴργοντα
644 611 708 643 τοὺς
723 609 852 642 δυνατοὺς
874 610 901 639 ἐν

62 655 157 693 ὁμάδι
184 656 296 694 χωρίων
326 656 484 692 αὐξάνεσθαί
615 657 704 684 Τοῦτο
734 654 762 683 δὲ
790 655 834 682 καὶ
847 655 901 692 πρὸ

959 256 1093 285 universo
1109 258 1246 290 exercitu,
1263 258 1422 294 omniaque
1438 258 1554 286 abunde
1573 257 1780 294 wppeditavit.

958 302 1037 334 Quod
1048 302 1175 330 ofﬁcium
1186 309 1217 330 se
1226 303 1348 338 probare
1358 303 1502 330 simulans
1511 303 1673 338 imperator
1681 309 1781 330 secum

957 353 1024 373 eum
1040 346 1140 382 Cpolin
1154 347 1285 381 abduxit,
1303 356 1397 383 neque
1411 348 1478 375 inde
1501 347 1622 375 domum
1647 354 1781 383 unquam

956 391 1067 425 reverti.
1088 399 1193 427 passus
1217 394 1271 426 est,
1288 392 1317 419 in
1349 393 1420 420 urbe
1448 392 1548 420 omnia
1576 390 1782 428 copiosissime

957 436 1162 471 suppeditans,
1178 436 1266 463 veluti
1283 437 1373 464 feram
1391 437 1419 464 in
1435 445 1522 464 cavea
1537 438 1629 470 alens,
1645 436 1682 464 ad
1698 443 1782 464 mor-

957 482 1014 507 tem
1031 481 1095 515 ejus
1107 488 1201 516 usque
1218 480 1464 509 detinuit.Mortui
1479 481 1578 508 omnia
1593 481 1670 508 bona
1685 479 1783 516 publi-

956 526 1020 551 cata
1035 527 1115 552 sunt.
1133 525 1207 561 Lege
1222 525 1309 552 etiam
1326 526 1424 553 sanxit
1440 534 1475 553 ne
1491 525 1669 561 potentiores
1682 524 1783 552 multi-

956 568 1101 604 plicandis
1122 569 1240 605 praediis
1261 572 1461 606 augescerent,
1486 577 1657 606 quanquam
1680 569 1784 597 eadem

955 613 1044 641 etiam
1069 614 1105 642 ab
1131 622 1183 642 avo
1212 614 1276 649 ejus
1299 614 1489 643 Constantino
1514 614 1661 650 hujusque
1684 621 1784 642 socero

958 657 1089 685 Romano
1105 658 1163 686 lata
1179 658 1243 685 fuit.

66 702 159 729 αὑτοῦ
187 703 387 732 Κωναταντῖνος
416 701 431 729 ὁ
460 701 728 740 πορφυρογέννητος,
756 701 770 728 ὁ
798 701 982 739 πατροπάτωρ
1009 704 1057 729 τοῦ
1074 702 1218 741 βασιλέως,
1247 704 1292 732 καὶ
1318 703 1458 740 Ῥωμανὸς
1483 703 1498 730 ὁ
1522 702 1626 730 έκείνου
1654 702 1783 741 πενθερὸς

67 746 122 774 Em
127 744 252 781 ιήσαντο.

104 790 246 818 Νικολάου
262 789 291 818 δὶ
318 793 366 818 τοῦ
395 787 570 828 Χρυσοϐέργη
599 790 642 818 ἐπὶ
654 789 773 828 χρόνους
793 790 829 828 ιβ’
853 789 897 817 καὶ

991 792 1106 821 Nicolao
1134 794 1345 830 Chrysohergio
1377 796 1442 830 post
1466 792 1706 821 administratum
1730 800 1783 829 per

69 839 164 872 μῆνας
179 836 205 870 η’
219 836 267 870 τὴν
285 834 448 870 Ἐκκλησίαν
471 835 611 866 locum;
633 835 678 862 καὶ
702 833 904 865 καταλύσαντος

66 880 121 915 τὴν
151 880 244 915 ζωὴν,
274 882 473 918 χειροτονεῖται
505 879 622 909 Σισίνιος
653 878 810 917 μᾶγιστρος,
834 879 902 917 ἀνὴρ

68 924 226 962 ἐλλόγιμος
250 935 295 952 και
325 923 452 962 ἰατρικῆς
478 924 580 962 τέχνης
602 922 677 958 ἥκων
705 923 743 956 εἰς
768 923 799 951 τὸ
822 923 903 962 ἀκρό-

68 980 167 1004 τατον,
183 969 210 997 ἂν
232 966 284 997 ἔτει
301 970 379 1007 ¹ςφγ’,
406 967 575 999 Ινδικτιῶνος
601 969 636 1003 η“·
666 967 739 999 ὅστις
768 967 812 995 καὶ
840 969 904 1000 τοὺς

71 1013 301 1050 διακρινομένους
329 1013 419 1048 ἥνωσι
463 1012 508 1041 διὰ
534 1014 585 1048 τήν
612 1013 794 1051 τετραγαμίαν
812 1033 818 1040 .
851 1013 903 1041 Καὶ

69 1058 154 1090 οὗτος
183 1058 227 1086 ἰπὶ
258 1061 333 1096 τρεῖς
365 1058 465 1095 μόνους
492 1057 631 1087 ἐνιαυτοὺς
658 1058 709 1091 τὴν
740 1057 903 1092 Ἐκκλησίαν

69 1102 212 1139 ποιμένας
227 1102 319 1138 ἐξέστη
347 1105 397 1138 τῆς
426 1104 509 1137 ζωῆς,
537 1101 584 1129 xui
611 1099 772 1138 προεϐλήθη
791 1102 902 1140 Σέργιος

70 1147 228 1185 ἡγούμενος
253 1147 290 1175 ὣν
316 1150 366 1182 τῆς
389 1150 476 1184 μονῆς
489 1149 538 1174 τοῦ
553 1146 683 1181 Μανουὴλ
695 1145 740 1174 καί
768 1147 799 1174 τὸ
825 1147 904 1184 γένος

70 1192 213 1231 ἀναφέρων
229 1192 298 1229 πρὸς
317 1192 424 1220 Φώτιον
439 1192 484 1218 τὸν
500 1192 687 1229 πατριάρχην.

107 1239 161 1264 Τοῦ
177 1236 206 1265 δὶ
222 1237 356 1274 Σαμουὴλ
385 1237 626 1275 ἐκστρατεύσαντος
651 1237 719 1264 κατὰ
743 1235 904 1264 Θεσσαλονίο

71 1292 137 1317 κης,
161 1282 206 1309 καὶ
234 1282 266 1309 τὸ
283 1281 331 1318 μὶν
346 1280 417 1309 ἄλλο
433 1280 542 1316 πλῆθος
559 1280 596 1312 εἰς
613 1280 717 1318 λόχους
732 1281 777 1308 καὶ
795 1281 901 1317 ἐνέδρας

73 1325 418 1363 διαμερίσαντος,ἆλίγους
447 1324 475 1353 δέ
501 1336 574 1357 τινας
603 1325 640 1356 ιῐς
668 1323 806 1362 έκδρομήν
835 1324 901 1363 ἄχρι

73 1370 275 1405 Θεσσαλονίκης
305 1370 389 1405 αὐτῆς
415 1369 607 1408 πεπομφότος,
632 1369 758 1407 ἐπιγνοὺς
773 1371 823 1404 τήν
854 1369 900 1407 ἔφ-

73 1414 137 1443 οδον
158 1415 172 1442 ὁ
201 1414 262 1452 δοὺξ
292 1413 445 1453 Γρηγόριος
459 1415 506 1442 τὸν
525 1415 572 1447 μὶν
588 1414 690 1442 οῗκιῖον
703 1414 760 1442 υἱὸν
778 1414 899 1449 Ἀσώτην

73 1459 193 1496 ἔπεμψεν
219 1458 287 1487 ἰδεῖν
309 1460 354 1487 καὶ
373 1462 577 1494 κατασκοπῆσαι
592 1459 623 1486 τὸ
636 1458 743 1493 πλῆθος
756 1458 801 1486 καὶ
828 1458 900 1495 αὐτῷ
916 1476 936 1509 c

73 1504 176 1542 γνῶσιν
192 1502 295 1538 δοῦναι,
312 1503 392 1535 αὐτὸς
408 1502 437 1531 δὶ
451 1501 561 1535 ὄπισθεν
577 1502 677 1531 εἵπετο.
693 1504 724 1532 Ὁ
740 1502 768 1531 δὲ
783 1502 899 1539 ἐξελθὼν

73 1549 117 1576 καὶ
146 1551 205 1580 τοῖς
221 1547 389 1586 προδρόμοις
403 1547 572 1584 συμπλακεὶς
592 1548 637 1575 καὶ
651 1548 820 1585 τρεψάμενος
836 1547 899 1575 ἐλα-

75 1599 118 1625 θεν
133 1593 174 1624 ιῖς
188 1594 285 1630 μέσους
305 1592 369 1624 τοὺς
399 1592 501 1630 λόχους
528 1591 718 1631 περιληφθείς.
747 1594 832 1620 Τοῦτο
861 1593 899 1625 ὡς

75 1637 253 1676 ὸΓρηγόριος
282 1634 392 1674 ἔμαθεν,
421 1635 531 1672 ἐϐοήθει
552 1636 596 1664 διὰ
623 1637 729 1675 ταχέων
744 1638 790 1664 τὸν
815 1637 900 1665 παῖδα

75 1683 126 1714 τῆς
159 1681 353 1719 αἷχμαλωσίας
373 1681 541 1719 γλιχόμενος
571 1680 800 1719 ἐκλυτρώσασθαι’
826 1681 899 1710 ἀλλᾶ

75 1726 119 1754 καὶ
145 1726 224 1757 αὐτὸς
243 1724 394 1757 κυκλωθεὶς
420 1727 472 1754 ὑπό
499 1728 554 1754 τῶν
578 1726 746 1764 Βουλγάρων
771 1727 815 1754 καὶ
839 1737 898 1764 γενο

75 1769 157 1802 ναίως
186 1771 230 1798 καὶ
259 1771 390 1808 ὴρωϊκῶς
419 1770 618 1809 ἀγωνισάμενος
650 1768 753 1798 ἔπεσεν.
782 1771 898 1808 Ἀγγελ-

76 1814 166 1850 Θείσης
195 1813 225 1843 δὲ
249 1817 289 1852 τῷ
321 1814 430 1852 βασιλεῖ
458 1818 508 1849 τῆς
533 1817 582 1842 τοῦ
612 1813 708 1845 δουκὸς
737 1815 898 1852 ἀναιρέσεως

76 1860 211 1896 πέμπεται
239 1859 327 1895 πάσης
355 1859 461 1890 Δύσεως
487 1858 580 1897 ἅρχων
597 1859 611 1886 ὁ
638 1858 784 1896 μάγιστρος
809 1861 897 1894 Num-

77 1903 159 1943 φόρος
186 1904 200 1931 ὁ
228 1903 350 1942 Οὐρανός
366 1912 374 1921 ·
415 1902 511 1942 ἔφθασε
533 1903 584 1941 γὰρ
611 1902 655 1930 καὶ
685 1903 763 1933 οὗτος
790 1903 839 1937 τὴν
868 1903 898 1931 ιχ

76 1945 238 1979 Βαϐυλῶνος
267 1948 354 1987 φυγὴν
374 1947 548 1983 ὠνησάμενος
561 1947 605 1975 καὶ
627 1948 676 1982 τήν
702 1946 829 1985 βασιλίδα
849 1958 897 1975 κα-

75 1989 212 2020 ταλαϐών.
248 1995 340 2023 Ὀστις
377 1991 403 2020 ἐν
438 1991 619 2029 Θεσσαλονίκῃ
653 1992 808 2029 γενόμενος,
839 1992 896 2020 έπεὶ

77 2036 143 2075 ἔγνω
170 2037 215 2064 τὸν
231 2036 364 2074 Σαμουὴλ
376 2037 412 2072 τῇ
429 2038 477 2064 τοῦ
493 2035 590 2067 δουκὸς
616 2036 768 2074 Γρηγορίου
782 2039 830 2064 τοῦ
846 2038 897 2066 Τα-

77 2081 188 2119 ρωνίτου
203 2083 290 2121 σφαγῇ
313 2082 357 2109 καὶ
384 2083 418 2118 τῇ
441 2081 542 2109 ἁλώσει
557 2083 604 2108 τοῦ
619 2082 679 2108 υἱοῦ
692 2081 774 2109 αὐτοῦ
786 2081 897 2119 ἐπαιρό-

79 2136 166 2163 μενον,
191 2126 236 2154 καὶ
269 2125 314 2154 διὰ
346 2128 430 2153 τοῦτο
465 2125 498 2153 τά
533 2136 564 2153 τε
592 2125 741 2153 Θετταλικά
768 2124 896 2154 διαϐάντα

77 2171 171 2207 Τέμπη
200 2170 245 2198 καὶ
271 2171 316 2198 τὸν
346 2171 462 2206 Πηνειὸν
495 2170 717 2208 περαιωσάμενον
761 2171 897 2207 ποταμὸν,

78 2215 219 2243 Θετταλίαν
247 2225 276 2244 τι
299 2215 344 2242 καὶ
364 2214 494 2244 Βοιωτίαν
516 2215 562 2242 καὶ
586 2215 712 2249 Ἀττικὴν
736 2213 898 2244 ιίσϐαλόντα

76 2270 105 2288 τε
128 2260 172 2288 καὶ
199 2259 224 2288 ἐν
241 2258 441 2296 Πελοποννήσῳ
465 2259 509 2287 διὰ
533 2261 582 2287 τοῦ
597 2259 623 2287 έν
652 2260 774 2297 Κ-ορίνθῳ
788 2260 897 2297 ἰσθμοῦ,

77 2305 121 2333 καὶ
147 2305 232 2332 πάντα
257 2303 341 2332 ταῦτα
370 2303 489 2342 δῃοῦντα
520 2304 565 2332 καὶ
595 2303 759 2341 λη’ῐζόμενον
777 2307 816 2342 [Ρ.
833 2306 898 2342 703]

958 845 1052 864 annos
1081 837 1233 866 duodecim
1259 847 1324 866 cum
1354 839 1439 866 besse
1474 837 1700 874 patriarchatum
1724 837 1783 864 vita

959 881 1059 909 functo
1075 883 1268 910 substituitur
1282 883 1431 911 Sisinnius
1446 881 1644 918 magister,vir
1658 881 1784 917 insignis

958 927 1034 954 449
1049 931 1079 954 et
1104 928 1221 955 medica:
1247 928 1317 956 ortis
1345 927 1554 964 peritissimus,
1579 934 1656 954 anno
1680 926 1783 954 mundi

957 978 1047 1005 supra
1060 972 1153 999 sexies
1168 971 1359 1000 millesimum
1374 972 1436 1004 503,
1453 971 1614 999 indictione
1628 973 1740 999 octava.
1757 971 1784 998 Is

957 1015 1114 1043 discidium
1131 1018 1249 1052 propter
1264 1019 1383 1052 quartas
1408 1016 1526 1052 nuptias
1549 1015 1662 1042 dudum
1685 1017 1783 1043 ortum

957 1059 1247 1095 sustulit,concordia
1260 1061 1480 1096 facta.Cumque
1491 1063 1550 1087 tres
1559 1062 1676 1088 tantum
1689 1068 1744 1087 ann
1751 1068 1784 1088 os

957 1103 1088 1132 Ecclesiae
1104 1105 1372 1140 praefuisselnitam
1386 1113 1454 1133 cum
1471 1106 1564 1133 morte
1579 1105 1780 1133 commutavit.

956 1147 991 1176 Et
1003 1149 1144 1176 suffectus
1159 1151 1205 1177 est
1219 1149 1338 1186 Sergius
1353 1149 1507 1177 Manuelici
1522 1148 1692 1177 monasterii
1708 1156 1782 1185 pm-

956 1192 1013 1225 sul,
1029 1201 1122 1228 genus
1138 1202 1154 1221 a
1171 1194 1270 1222 Photio
1287 1194 1453 1230 patriarcha
1467 1195 1588 1221 ducens.

991 1237 1050 1264 Hoc
1065 1238 1188 1266 maxime
1203 1241 1333 1274 tempore
1348 1238 1504 1266 Somuclus
1520 1239 1597 1265 moto
1613 1237 1642 1265 in
1654 1237 1779 1266 Thessa-

957 1281 1082 1310 lonicam
1107 1282 1192 1318 bello,
1218 1283 1313 1319 cupiis
1340 1283 1402 1311 suis
1416 1283 1444 1310 in
1461 1282 1585 1310 insidias
1600 1281 1779 1317 distributis,

956 1334 1065 1362 paucos
1077 1327 1219 1362 quosdam
1232 1327 1433 1355 excursionem
1448 1334 1541 1362 usque
1552 1326 1588 1354 ad
1600 1334 1664 1354 eam
1676 1326 1778 1354 urbem

956 1372 1050 1398 facere
1061 1371 1156 1407 jubet.
1173 1372 1253 1405 Quod
1272 1374 1303 1399 ut
1318 1371 1410 1399 sensit
1436 1373 1589 1406 praefectus
1611 1371 1780 1407 Gregorius,

955 1418 1065 1444 Asoten
1083 1416 1175 1443 ﬁlium
1192 1424 1278 1444 suum
1297 1417 1398 1450 mittit,
1411 1416 1460 1451 qui
1477 1415 1641 1450 exploraret
1653 1415 1781 1443 hostium

956 1460 1177 1489 multitudinem
1192 1463 1218 1489 et
1236 1461 1292 1489 sibi
1309 1461 1492 1489 indicaret.ls
1509 1460 1538 1488 in
1550 1459 1722 1488 emissarios
1733 1468 1782 1488 eos

955 1505 1099 1539 incidens,
1126 1506 1208 1533 fusos
1234 1506 1396 1540 insecutus,
1421 1505 1592 1541 imprudens
1617 1504 1647 1532 in
1672 1504 1783 1532 medias

955 1550 1059 1578 incidit
1083 1550 1217 1577 insidias.
1241 1550 1399 1585 Gregorius
1423 1558 1453 1577 re
1467 1549 1584 1584 cognita
1600 1547 1677 1576 illico
1692 1549 1727 1576 ad
1743 1549 1781 1577 fe-

954 1595 1077 1622 rendum
1094 1594 1234 1622 auxilium
1253 1595 1418 1628 festinat,ut
1433 1594 1523 1621 ﬁlium
1540 1593 1669 1621 hostium
1684 1594 1780 1622 mani-

955 1639 1010 1667 bus
1025 1639 1158 1675 eriperet.
1171 1639 1225 1666 Sed
1243 1642 1270 1667 et
1285 1639 1347 1675 ipse
1363 1647 1379 1666 a
1402 1638 1535 1674 Bulgaria
1559 1637 1778 1666 circumventus

955 1684 1067 1712 fortiter
1082 1692 1214 1720 pugnans
1231 1683 1480 1711 interﬁcitur.Hau
1495 1683 1579 1711 ducis
1594 1682 1676 1710 clade
1691 1683 1777 1711 intel-

954 1728 1028 1756 lecta
1043 1729 1170 1756 mittitur
1183 1728 1274 1756 totius
1286 1728 1451 1756 Occidentis
1467 1727 1621 1763 praefectus
1636 1728 1776 1763 magister

954 1773 1134 1808 Nicephorus
1151 1775 1265 1800 Uranus
1279 1782 1286 1800 :
1301 1781 1367 1800 nam
1385 1775 1413 1800 et
1428 1772 1475 1800 bio
1492 1772 1585 1808 pretio
1600 1772 1669 1799 dato
1684 1772 1778 1808 Baby-

954 1817 1019 1844 lone
1035 1816 1135 1853 Cpolin
1152 1817 1362 1853 profugerath
1379 1819 1411 1844 ut
1425 1815 1665 1845 Thessalonicam
1682 1825 1781 1852 pervec

953 1862 1115 1894 nit,certior
1126 1861 1158 1889 ﬁt
1169 1861 1338 1889 Samuelum
1348 1861 1446 1889 animo
1458 1860 1662 1896 elatum,quod
1673 1861 1778 1889 ducem

952 1906 1123 1942 Gregorium
1139 1906 1306 1933 Turonitam
1324 1905 1519 1933 interfecisset
1537 1905 1692 1940 liliumque
1714 1906 1779 1941 ejus

951 1951 1087 1986 cepisset,
1112 1950 1280 1978 Thessalica
1301 1951 1362 1984 jam
1387 1949 1494 1986 Tempe
1514 1951 1734 1984 transgressum
1751 1951 1780 1978 et

952 1995 1077 2022 Peneum
1095 2002 1213 2022 amnem
1238 1993 1450 2027 transmisisse,
1475 1995 1503 2022 et
1528 1993 1558 2021 in
1581 1993 1778 2030 Thessaliam,

951 2040 1089 2067 Boeotiam
1106 2042 1153 2075 atq
1161 2048 1194 2067 uc
1211 2039 1346 2073 Atticam,
1363 2039 1440 2067 450
1456 2040 1483 2066 et
1500 2046 1551 2074 per
1567 2038 1711 2066 Isthmum
1728 2038 1779 2066 Co-

952 2085 1129 2112 rinthiacum
1142 2085 1230 2111 etiam
1242 2084 1271 2111 in
1284 2084 1515 2119 Peloponnesum
1527 2083 1667 2119 grassari.
1676 2084 1778 2119 Itaque

951 2131 979 2157 et
995 2128 1049 2164 ipsi
1067 2129 1128 2156 suis
1153 2136 1219 2156 cum
1245 2128 1337 2164 copiis
1362 2128 1397 2155 ad
1422 2129 1536 2155 radices
1560 2127 1676 2163 Olympi
1701 2127 1777 2155 facto

952 2173 1055 2201 itinere
1072 2173 1219 2200 Larissam
1234 2172 1329 2206 venit;
1346 2172 1445 2208 itaque
1469 2171 1690 2208 impedimentis
1709 2171 1777 2200 reli-

953 2217 1007 2245 ctis
1022 2217 1202 2245 Thessaliam
1220 2217 1333 2253 magnis
1350 2216 1503 2244 itineribus
1528 2219 1672 2252 peragrat,
1697 2223 1777 2244 cam-

954 2262 1058 2297 pisque
1073 2261 1228 2289 Pharsaliae
1241 2264 1270 2288 et
1284 2261 1416 2296 Apidano
1432 2268 1518 2288 amne
1538 2259 1721 2287 transmissis
1746 2260 1776 2288 in

953 2306 1018 2342 ripa
1032 2306 1181 2342 Spercheii
1196 2305 1293 2334 amnis
1308 2308 1404 2333 castra
1419 2305 1543 2341 ponit,in
1560 2304 1695 2340 opposita
1711 2305 1776 2341 ripa

638 2363 840 2393 XYLANDRI
863 2363 912 2394 ET
935 2363 1052 2394 GOARI
1076 2363 1203 2394 NOT/E.

111 2410 165 2446 (52)
180 2412 262 2438 Hunc
278 2413 348 2446 puto
365 2411 461 2447 potius
480 2419 576 2447 quam
601 2411 661 2438 scio
683 2419 801 2439 sensum
829 2419 895 2440 esse

77 2446 218 2482 legis,qua
233 2447 441 2482 reprimeretur
456 2446 548 2474 nimia
562 2448 740 2482 privatorum
755 2448 893 2482 potentia,

98 2482 188 2510 ublica
205 2490 323 2518 quoque
337 2483 419 2518 bona
436 2482 476 2518 in_
490 2490 580 2518 suam
599 2491 660 2510 rem
685 2483 894 2518 redigentium.

98 2490 188 2510 unnca
205 2490 323 2518 quoque
337 2490 415 2510 nona
436 2491 465 2509 In
490 2490 573 2510 suam
599 2491 660 2510 rem
685 2490 894 2518 remgenuum.

77 2490 155 2550 δυοεὶ
171 2521 247 2554 ριηᾳ
258 2519 351 2546 fuisse
367 2517 392 2544 έν
410 2516 492 2552 ὁμάδι
508 2517 620 2554 χωρίων
647 2517 813 2554 αὐξάνεσθαι,
837 2519 894 2547 alia

77 2554 197 2582 subinde
212 2553 277 2582 aliis
293 2555 402 2589 prsidia
417 2553 638 2588 adjicere.Ouod
654 2557 683 2582 et
698 2555 776 2582 hunc
794 2554 892 2582 Malui-

77 2597 143 2617 num
158 2589 261 2618 fecisse
277 2590 420 2623 videmus,
434 2592 463 2616 et
477 2590 506 2616 in
522 2589 629 2617 Basilio
650 2590 772 2625 prmside
787 2590 893 2617 Tzimi-

77 2633 139 2654 scas
149 2625 225 2653 malo
234 2633 287 2654 suo
297 2627 457 2657 notaverat,
473 2624 500 2651 Si
510 2626 576 2660 quis
585 2624 655 2660 quid
665 2627 773 2653 rectius
782 2626 893 2659 atteret,

78 2669 132 2689 non
147 2661 265 2689 herbam
282 2661 307 2689 ei
326 2661 377 2689 sed
393 2668 529 2687 coronam
547 2661 754 2696 praebebimus,
779 2670 836 2689 non
863 2664 894 2689 ut

78 2696 173 2725 victori
186 2697 237 2725 sed
253 2699 285 2725 ut
298 2697 372 2725 bene
387 2696 501 2724 merito.
515 2696 581 2724 XYL.
595 2712 628 2717 --
643 2698 718 2724 Bene
734 2697 893 2725 meriturus

78 2733 111 2760 de
125 2732 412 2768 Xylandro,gratiam
428 2732 575 2767 siquidem
589 2731 743 2768 pollicetur
757 2734 787 2760 in
803 2734 891 2761 adno-

77 2768 300 2805 tationibus,hac
311 2769 374 2805 lege
385 2768 448 2796 dico
459 2768 592 2796 sanxisse
603 2768 641 2796 im
647 2771 892 2805 peratorem,non,

80 2806 109 2834 ut
121 2804 222 2834 scribit
235 2805 310 2842 ipso,
322 2804 497 2842 privatorum
508 2805 635 2841 polentia
652 2805 766 2841 publica
779 2813 893 2842 quaque

951 2412 1020 2439 bona
1036 2413 1064 2439 in
1078 2420 1158 2439 suam
1172 2419 1229 2438 rem
1245 2411 1388 2444 redigeret,
1404 2410 1469 2438 dum
1483 2411 1543 2438 alia
1565 2409 1683 2438 subinde
1704 2411 1773 2438 alii:

948 2447 1053 2482 praedia
1067 2448 1227 2481 αιίφίοιέενετ
1242 2455 1251 2475 :
1269 2455 1365 2474 verum
1383 2455 1419 2474 ne
1435 2446 1544 2482 publici
1567 2446 1770 2482 magistratus,

950 2484 1019 2510 dum
1031 2486 1163 2518 gererent
1177 2483 1498 2518 ol'iicium,privstorum
1515 2483 1590 2510 bona
1600 2482 1687 2518 etiam
1704 2482 1771 2518 dato

950 2519 1041 2554 pretio
1075 2519 1129 2546 sibi
1164 2517 1366 2554 compararent
1396 2521 1484 2554 atque
1511 2518 1614 2546 exinde
1630 2517 1696 2545 aliis
1707 2517 1772 2554 alia

950 2553 1057 2590 praedia
1074 2555 1156 2582 facile
1180 2553 1382 2582 coacervarent
1405 2553 1441 2581 et'
1456 2555 1679 2590 conjungerent.
1696 2553 1771 2590 _Bla-

949 2588 1043 2618 stares
1058 2599 1081 2617 c.
1091 2591 1171 2626 4,-ιοῦ
1186 2595 1214 2617 Α.
1225 2589 1363 2626 στοιχείου
1375 2598 1407 2626 ex
1425 2589 1551 2626 politicis
1567 2588 1683 2626 legibus
1693 2588 1772 2626 hanc

949 2627 1037 2662 refert
1065 2625 1125 2662 περὶ
1151 2623 1326 2662 αγορᾷς-κᾶἱ
1355 2623 1489 2662 πράσεως
1506 2625 1537 2662 'Q
1555 2623 1661 2662 κρατῶν
1689 2623 1769 2662 ὸφφί-

949 2634 1037 2654 relert
1065 2635 1124 2662 περι
1151 2635 1252 2662 αγορας
1282 2635 1326 2652 και
1355 2634 1489 2661 πρασεως*
1514 2634 1537 2652 υ
1555 2634 1661 2661 κρατων
1689 2634 1752 2686 οὲφι

947 2672 1006 2704 κιρν
1022 2659 1048 2687 ἐν
1065 2660 1191 2706 ἐπαρχίᾳ.
1205 2661 1236 2688 οὐ
1260 2659 1373 2706 ξύναταᾶ
1392 2660 1502 2706 ιμνηιτὸν
1518 2661 1543 2704 ἢ*
1552 2660 1679 2706 ἀξίνη-εον
1696 2695 1702 2706 ι
1720 2669 1752 2696 γο

948 2697 1037 2734 psit;va
1068 2697 1093 2725 ἐν
1118 2695 1203 2734 ἀὐτῇ
1220 2699 1332 2734 πρᾶγμα
1356 2697 1373 2731 ἢ
1398 2695 1434 2734 δι’
1451 2696 1548 2734 ξαντοῇ
1569 2697 1586 2732 ἢ
1615 2695 1651 2724 δι’
1663 2695 1768 2734 ἑτέρου,

948 2730 970 2760 εί
1041 2733 1113 2770 παρὰ
1126 2730 1340 2770 τοῦᾜημοσίου.
1354 2732 1417 2770 Καὶ.
1429 2732 1481 2770 γὰρ
1507 2732 1554 2770 καί
1567 2730 1617 2770 seu
1639 2730 1767 2770 πράγμα-

946 2765 993 2801 τος
1011 2765 1134 2797 ἐκπίπτει
1157 2769 1201 2797 καὶ
1221 2765 1260 2797 ’τὸ
1287 2768 1364 2797 δοθὲν
1392 2765 1502 2806 τίμημα
1528 2768 1578 2797 οὐκ
1606 2765 1766 2804 ἀναλαμϐά-

945 2816 996 2834 νει.
1011 2809 1100 2835 GOAR.
