1919 3048
81 92 150 125 189

662 90 939 123 HISTORIARUM
959 89 1233 123 COMPENDIUM.

1741 91 1800 128 illo

79 167 180 192 νικον,
197 157 231 185 οὗ
247 155 334 196 φύλαξ
349 156 382 192 ἦν
404 157 418 184 ὁ
433 158 567 195 Κρακρᾶς,
582 156 650 195 ἀνὴρ
675 157 784 195 ἄριστος
804 157 839 184 τὰ
866 166 906 184 ποη

1007 165 1106 191 'acras,
1120 157 1165 185 vir
1175 156 1252 186 bello
1274 156 1410 193 sptimus.
1435 156 1478 185 Ibi
1501 164 1567 186 cum
1586 155 1666 186 haud
1691 165 1796 193 parum

81 201 205 239 λεμικά.
224 202 267 230 Ἐν
284 202 307 238 ᾦ
320 201 422 239 χρόνον
437 201 487 229 οὐκ
499 201 595 240 ὀλίγον
617 200 759 238 διατρίψας
782 201 826 228 καὶ
852 200 918 228 λαὸν

83 246 114 275 ἐν
146 249 182 284 τῇ
209 246 358 285 πολιορκίᾳ
387 246 437 274 οὐκ
466 245 563 283 ὀλίγον
593 244 751 281 ἀποϐαλὼν,
782 246 819 277 ὡς
848 245 919 283 ἔγνω

83 294 216 329 κρεῖττον
249 292 372 329 ὑπάρχον
395 291 558 328 πολιορκίας
585 290 617 318 τὸ
645 290 742 328 ἔρυμα,
758 290 804 318 καὶ
832 289 888 318 οὐδ’
904 291 918 319 ὁ

85 338 222 374 Κρακρᾶς
252 336 380 368 θωπείαις
409 335 426 370 ἢ
454 335 552 367 ἄλΛαις
584 336 761 373 ὑποσχέσεσιν
798 334 919 372 ἐμαλάσ-

84 390 154 407 σετο
183 380 229 408 καὶ
253 377 553 418 ίπαγγελίαις,μιτὲϐη
584 380 652 417 πρὸς
681 378 917 408 Φιλιππούπολιν.

84 424 213 452 Ἐκιῖθίν
229 435 258 452 τι
273 424 378 460 ἀπάρας
392 423 497 452 ἄπεισιν
513 424 551 455 είς
566 423 863 452 Κωνσταντινούπολιν.

124 469 178 497 Καὶ
207 469 242 506 τῇ
271 469 341 506 αὐτῇ
370 468 529 506 ἐπινεμήσιι
559 467 649 506 δόγμα
663 468 777 504 ἐξέθετο,
792 469 838 500 τὰς
863 470 916 496 τῶν

84 513 283 542 ἀπολωλότων
300 516 434 541 ταπεινῶν
451 513 605 545 συντελείας
619 513 756 542 τελεῖσθαι
770 515 843 552 παρὰ
863 516 917 542 τῶν

81 557 226 586 δυνατῶν.
242 557 446 595 Κατωνομάσθη
473 557 501 585 δὲ
528 559 546 592 ἠ
575 559 687 593 τοιαύτη
717 557 839 593 σύνταξις
868 557 918 587 ἄλ-

83 601 246 640 ληλὲγγυον
264 604 329 639 (59).
344 604 397 630 Τοῖ’)
411 603 583 640 πατριάρχου
600 601 628 630 δὶ
645 601 760 640 Σεργίου
779 603 824 631 καὶ
847 602 918 631 πολ-

83 646 150 675 λῶν
181 647 332 685 ἀρχιερέων
367 647 413 675 καὶ
451 648 576 683 ἀσκητῶν
604 645 706 685 ἀνδρῶν
737 647 786 675 ούκ
814 646 916 685 ὀλίγων

85 691 244 727 δεηΘὲντων
270 691 418 725 ὶκκοπῆναι
445 692 477 719 τὸ
505 691 660 730 παράλογον
688 690 772 730 ἄχθος
800 691 887 729 τουτὶ,
903 692 917 720 ὁ

89 735 224 773 βασιλεὺς
242 735 295 774 οὐχ
308 736 460 772 ὑπήκουσεν
466 757 472 764 .

125 780 227 820 Ὀγδόῃ
244 779 272 809 δὶ
290 779 448 816 ἶνδικτιῶνι,
464 780 490 808 ἐν
507 780 559 809 ἔτει
577 789 669 819 γςφιη]
686 782 700 809 ὁ
714 783 763 815 τῆς
779 782 916 821 Αἰγύπτου

975 203 1114 238 temporis
1129 203 1259 230 trivisset
1272 205 1301 230 et
1315 203 1345 230 in
1359 203 1576 239 oppugnatione
1598 201 1708 230 multos
1723 203 1797 230 ami-

974 246 1072 280 sisset,
1088 254 1155 274 cum
1172 249 1199 274 et
1212 246 1365 274 castellum
1381 245 1607 282 inexpugnabile
1621 245 1754 278 sentiret,
1771 248 1801 274 et

974 290 1107 319 Cracram
1124 292 1200 320 456
1216 299 1311 326 neque
1323 291 1500 318 blandiendo
1510 298 1604 326 neque
1615 289 1799 326 pollicitatio-

973 335 1060 364 nibus
1075 336 1211 372 subigere
1226 337 1334 372 posset,
1350 336 1385 363 ad
1401 334 1616 372 Philippopolin
1631 334 1797 368 transit,in-

973 380 1068 416 deque
1084 381 1113 408 in
1131 381 1232 408 urbem
1248 380 1412 408 revertitur.

1009 471 1116 499 Eadem
1127 470 1285 498 indictione
1299 469 1393 506 legem
1408 469 1516 498 tulitut
1527 469 1798 506 pensionemquam

973 523 1116 552 pauperes
1132 515 1236 551 perditi
1247 515 1402 550 debebant,
1418 514 1522 542 divites
1537 513 1745 551 persolverent.
1762 514 1794 542 Id

971 560 1130 588 vocabatur
1144 559 1355 596 Allelengyum.
1370 559 1406 586 Et
1421 559 1592 595 patriarchae
1606 558 1705 595 Sergio
1720 558 1797 587 mul-

972 605 1070 640 tisque
1085 603 1150 632 aliis
1166 604 1354 640 pontiﬁcibus
1364 611 1398 631 ac
1407 603 1559 631 monachis
1569 603 1797 639 deprecantibus

973 650 1005 676 ut
1020 649 1181 677 absurdum
1197 647 1252 676 hoc
1266 656 1341 676 onus
1357 647 1484 676 subditis
1506 648 1645 682 demeret,
1670 655 1729 675 non
1744 647 1797 675 ob-

973 693 1154 730 temperavit.

1007 785 1039 812 In
1054 783 1180 812 dictione
1209 785 1321 817 octava,
1350 790 1426 810 anno
1452 781 1555 809 mundi
1579 781 1660 815 6518,
1686 782 1792 818 {Egypt

85 827 241 874 ⁴κατάρχων
267 825 383 861 Ἀζίζιος
412 824 456 853 διὰ
486 825 584 864 μικρὰς
611 827 698 858 αἰτίας
725 827 769 854 καὶ
800 826 906 864 μηδενὸη

1007 830 1109 865 πὶιιοθρε
1122 828 1234 856 Azizius
1249 828 1285 856 ob
1305 827 1398 855 levem
1421 835 1541 855 causam
1566 829 1595 855 et
1619 826 1747 855 oifensas
1763 835 1798 855 ne

87 869 180 908 λόγου
208 870 421 908 προσκρούματα
444 869 504 906 ἄξια
531 870 579 902 τὰς
600 871 669 908 πρὸς
687 870 839 908 Ῥωμαίους
869 872 918 900 λύ-

87 926 139 946 σας
173 914 302 948 σπονδᾶς,
317 915 363 943 τόν
389 925 420 942 τι
445 914 472 942 ἐν
493 915 697 952 Ἱεροσολύμοις
727 915 753 943 ἐν
781 918 822 952 τῷ
843 917 921 956 τάφῳ

87 961 140 987 τοῦ
158 962 291 997 Σωτῆρος
306 960 425 997 Χριστοῦ
439 960 656 997 ἀνεγηγερμένον
671 959 832 992 πολυτελῶς
848 961 919 989 θεῖον

87 1003 156 1031 ναὸν
169 1002 379 1041 κατεστρέψατο,
395 1002 440 1030 καὶ
455 1002 488 1030 τὰ
500 1003 582 1040 εὐαγῆ
610 1003 765 1041 ἐλυμήνατο
783 1006 920 1042 μυναστή-

90 1058 149 1086 ρια¹
166 1047 213 1075 καὶ
227 1047 291 1079 τοὺς
306 1047 332 1076 ἐν
348 1048 457 1079 τούτοις
482 1047 666 1085 ἀσκουμένους
689 1049 846 1087 ἁπανταχοῦ
867 1053 919 1088 γῆς

89 1091 267 1130 ἰφυγάδευσε.

126 1139 176 1174 Τῷ
205 1136 229 1165 δ’
248 1136 353 1164 ἇπιόντι
380 1134 432 1164 ἔτει
462 1136 555 1175 γέγονε
583 1137 690 1176 χειμὼν
707 1138 918 1176 ἐπαχθέστατος,

90 1183 128 1214 ὡς
153 1181 454 1218 ἄποκρυσταλλωθῆναι
478 1181 564 1210 πάντα
591 1183 714 1218 ποταμὸν
743 1183 789 1211 καὶ
817 1182 917 1220 λίμνην

88 1227 137 1255 καὶ
167 1227 251 1262 αὐτὴν
281 1226 331 1261 τὴν
358 1226 503 1255 Θάλασσαν.
520 1226 569 1254 Καὶ
589 1226 746 1265 Ἰανουαρίῳ
776 1227 840 1264 μηνὶ
867 1231 917 1263 τῆς

90 1272 178 1304 αὐτῆς
209 1271 395 1307 ἰπινεμήσεως
425 1271 519 1309 γέγονε
552 1271 663 1308 σεισμὸς
690 1271 917 1311 φρικωδέστατος,

88 1317 135 1344 καὶ
168 1315 328 1354 διικράτησε
349 1315 521 1352 κλονουμὲνη
546 1317 564 1350 ἡ
589 1317 623 1354 γῆ
653 1315 734 1354 μέχρι
758 1320 809 1351 τῆς
834 1317 856 1348 θ’
869 1319 918 1344 τοῦ

89 1360 217 1399 Μαρτίου
235 1361 330 1397 μηνός·
353 1359 379 1388 ἂν
395 1359 478 1397 ταύτῃ
493 1359 521 1388 δὲ
545 1360 607 1397 περὶ
632 1361 747 1396 δεκάτην
777 1360 849 1398 ὥραν
868 1364 917 1396 τῆς

88 1406 198 1444 ἡμέρας
213 1405 304 1443 γέγονε
319 1404 440 1443 βρασμὸς
453 1404 497 1432 καὶ
526 1404 625 1436 κλόνος
655 1405 765 1444 φρικτὸς
793 1405 861 1433 κατά
887 1415 918 1434 τε

91 1450 143 1484 τὴν
161 1448 291 1487 βασιλίδα
305 1449 350 1476 ααὶ
366 1448 392 1476 ἐν
412 1452 471 1480 τοῖς
497 1449 605 1485 οὲμασι,
618 1449 664 1476 καὶ
688 1449 859 1477 πεπτώκασιν
889 1451 916 1478 αἱ

89 1497 205 1534 σφαῖραι
215 1496 263 1521 τοῦ
279 1496 343 1521 ναοῦ
367 1495 419 1520 τῶν
435 1493 534 1531 Ἀγίων
557 1494 760 1531 Τεσσαράκοντα
788 1494 834 1522 καὶ
861 1497 914 1522 τῶν

89 1539 192 1577 Ἀγίων
220 1537 342 1567 Πάντων·
373 1537 403 1569 ἃς
434 1538 447 1565 ὁ
478 1537 606 1575 βασιλεὺς
635 1538 713 1571 εὐθὺς
738 1538 913 1574 ἀνεκτήσατο.

87 1586 176 1612 Ταῦτα
206 1581 235 1610 δὲ
261 1583 418 1620 προεμήνυε
441 1582 491 1616 τὴν
522 1583 589 1619 μετὰ
611 1584 694 1610 ταῦτα
709 1583 857 1620 γενομένην
888 1583 915 1612 ἐν

89 1627 195 1663 Ἰταλίᾳ
223 1627 325 1656 στάσιν.
348 1626 484 1663 Δυνάστης
512 1626 564 1665 γάρ
593 1637 634 1658 τις
660 1629 714 1654 τῶν
737 1627 852 1655 ἰποίκων
866 1631 916 1663 τῆς

88 1673 210 1710 Βάρεως,
234 1670 359 1708 τοῦνομα
383 1670 488 1707 Μέλης,
513 1672 670 1709 παραθήξας
694 1671 740 1699 τὸν
765 1671 790 1699 ἐν
815 1676 916 1711 Λογγι-

89 1717 190 1756 εαρδίᾳ
212 1717 278 1746 λαὸν
303 1716 377 1745 ὅπλα
399 1717 466 1745 κατὰ
482 1716 625 1754 Ῥωμαίων
642 1715 722 1754 α’ίριι.
739 1717 791 1746 Καὶ
806 1718 821 1745 ὁ
837 1718 917 1756 βασι-

90 1763 154 1794 λεὺς
187 1761 328 1791 Βασίλειον
362 1761 495 1798 ἐκπέμπει
530 1761 577 1790 τὸν
603 1762 732 1800 Ἀργυρὸν
766 1762 916 1801 στρατηγὸν

88 1807 156 1836 ὅντα
169 1810 222 1842 τῆς
238 1807 343 1844 Σάμου,
359 1806 404 1834 καὶ
418 1807 465 1834 τὸν
491 1804 637 1844 λεγόμινον
655 1806 841 1835 Κοντολὲοντα
867 1811 917 1842 τῆς

90 1851 262 1891 Κεφαληνίας
289 1852 500 1888 στρατηγοῦντα,
525 1850 568 1878 ἐπὶ
597 1852 637 1886 τῷ
660 1854 825 1885 καταστῆσαι
854 1851 918 1879 Ῥω-

975 874 1058 903 relati
1073 873 1191 909 quidem
1206 873 1311 909 dignas
1326 871 1433 900 foedere
1448 872 1526 908 quod
1535 871 1561 900 ei
1576 879 1643 900 cum
1658 871 1799 900 Romanis

974 922 1037 947 orat
1052 920 1180 954 rupto,et
1192 917 1336 952 templum
1352 916 1561 952 Hierosolymis
1575 916 1611 944 ad
1628 915 1797 952 sepulcrum

974 963 1081 992 Christi
1097 961 1355 998 sumptuosissime
1364 961 1517 989 conditum
1528 961 1674 995 evertit,et
1686 960 1801 996 religio-

974 1016 1007 1036 sa
1023 1007 1151 1044 perdidit
1164 1005 1353 1041 monasteria,
1368 1008 1396 1033 et
1411 1005 1459 1041 qui
1475 1006 1506 1032 in
1518 1004 1556 1032 iis
1572 1004 1625 1041 piis
1638 1004 1704 1032 vitzs
1719 1013 1800 1033 exer-

974 1051 1163 1081 citationibus
1173 1053 1257 1079 erant
1272 1049 1372 1085 dediti,
1389 1057 1438 1078 eos
1454 1058 1505 1086 per
1521 1057 1623 1078 omnes
1644 1051 1740 1078 terras
1750 1057 1798 1078 ex-

973 1099 1068 1124 torres
1083 1096 1152 1131 egit.

1009 1142 1090 1168 Anno
1104 1139 1271 1176 insequenti
1286 1139 1381 1167 hiems
1396 1138 1452 1167 fuit
1466 1138 1722 1174 gravissima,quae
1735 1146 1798 1166 om-

973 1193 1025 1213 nes
1040 1185 1144 1213 ﬂuvios
1160 1184 1283 1220 paludes
1298 1184 1456 1220 ipsumque
1467 1191 1546 1211 mare
1556 1183 1586 1211 in
1598 1182 1722 1219 glaciem
1733 1191 1798 1211 coe-

972 1230 1025 1266 git.
1042 1230 1141 1258 Mense
1155 1228 1295 1257 Januario
1313 1228 1447 1264 ejusdem
1469 1227 1640 1256 indictionis
1663 1228 1798 1264 apprime

972 1274 1137 1302 horrendus
1153 1273 1208 1301 fuit
1222 1275 1304 1301 terrae
1322 1276 1429 1306 motus,
1445 1272 1494 1308 qui
1513 1272 1628 1300 duravit
1643 1280 1737 1307 usque
1760 1272 1796 1300 ad

972 1327 1082 1346 nonum
1100 1318 1195 1346 Martii
1210 1317 1300 1345 diem.
1317 1317 1385 1351 Ejus
1408 1317 1487 1344 enim
1509 1315 1566 1344 diei
1591 1316 1663 1344 hora
1681 1316 1796 1344 decima

971 1363 1070 1399 fragor
1083 1363 1138 1390 fuit
1152 1364 1180 1390 et
1195 1360 1349 1390 concussio
1363 1360 1504 1389 terribilis
1528 1363 1557 1388 et
1572 1361 1602 1388 in
1627 1361 1699 1388 urbe
1721 1362 1749 1388 et
1764 1360 1794 1388 in

970 1407 1146 1444 provinciis;
1164 1415 1197 1435 ac
1212 1407 1385 1434 corruerunt
1407 1405 1527 1442 sphaera;
1550 1405 1652 1441 templi
1675 1405 1794 1433 Sancto-

970 1461 1035 1480 rum
1048 1453 1082 1480 40
1097 1454 1126 1480 et
1135 1451 1237 1488 templi
1249 1451 1385 1479 Omnium
1397 1451 1661 1483 Sanctorum.0uas
1671 1450 1795 1486 impera-

969 1499 1016 1525 tor
1031 1497 1129 1525 statim
1150 1495 1335 1524 inslauravit.
1353 1496 1415 1522 Hac
1439 1495 1559 1522 fuerunt
1574 1494 1666 1522 Italici
1695 1497 1794 1522 motus

970 1540 1204 1578 prasviaindicia.
1218 1540 1341 1572 Quidam
1365 1538 1443 1566 enim
1468 1538 1509 1566 vir
1532 1540 1647 1574 potens,
1670 1546 1746 1565 unus
1759 1537 1795 1566 de

971 1586 1044 1614 457
1064 1584 1100 1613 iis
1115 1585 1164 1621 qui
1179 1584 1264 1612 Burin
1280 1582 1457 1616 incolebant,
1474 1582 1591 1610 nomine
1607 1582 1708 1616 Meles,
1724 1590 1795 1610 con-

971 1630 1068 1658 citatis
1083 1628 1275 1665 Longibardis
1294 1636 1376 1656 arma
1400 1630 1502 1656 contra
1530 1627 1678 1656 Romanos
1694 1626 1793 1655 movit.

971 1674 1103 1709 Cumque
1118 1673 1278 1709 imperator
1300 1672 1439 1700 adversus
1455 1672 1534 1699 hunc
1558 1671 1689 1699 misisset
1712 1671 1794 1699 Basi—

971 1717 1042 1746 lium
1060 1721 1203 1754 Argyrum
1219 1717 1299 1745 Sami
1319 1719 1347 1744 et
1371 1716 1576 1745 Contoleonem
1603 1715 1795 1751 Cephalleniae

971 1763 1134 1799 praefectos,
1155 1761 1244 1789 Meles
1260 1760 1368 1789 illustri
1394 1769 1443 1789 eos
1466 1760 1564 1796 praelia
1588 1760 1668 1794 vicit,
1694 1759 1796 1788 multis

971 1807 1065 1842 cassis,
1081 1806 1159 1835 haud
1171 1806 1273 1843 paucis
1286 1805 1519 1842 captis,rsliquis
1533 1805 1613 1840 turpi
1628 1804 1698 1841 fuga
1707 1804 1795 1832 vitam

971 1852 1085 1880 tutetis.

93 1897 185 1933 μαίοις
215 1895 249 1923 τὸ.
273 1895 427 1934 πράγματα·
446 1896 486 1932 [Ρ.
502 1896 567 1931 707]
593 1895 632 1926 οἶς
661 1895 941 1933 ἀντιπαραταξάμενος
957 1897 971 1924 ὁ
986 1894 1080 1931 Μὶλης
1107 1894 1199 1933 τρέπει
1229 1893 1376 1932 λαμπρῶς,
1391 1892 1505 1922 πολλῶν
1534 1893 1729 1929 πεπτωκότων,
1746 1892 1796 1920 οὐκ

91 1941 194 1978 ὀλίγων
211 1939 240 1968 δὲ
254 1939 299 1968 καὶ
312 1939 520 1977 ζωγρηθέντων,
535 1941 588 1967 τῶν
606 1938 634 1967 δὲ
649 1938 754 1968 λοιπῶν
767 1940 818 1975 τήν
835 1939 879 1968 διὰ
893 1944 982 1980 φυγῆς
997 1940 1145 1978 ἀσχήμονα
1159 1938 1361 1978 προκρινάντων
1378 1939 1461 1974 ζωήν.

123 1986 155 2014 Ὁ
179 1984 209 2013 δὲ
235 1984 361 2022 βασιλεὺς
386 1984 417 2011 οὗ
442 1983 549 2012 διέλιπε
573 1984 633 2011 καθ’
656 1982 767 2012 ἕκαστον
796 1983 915 2013 ἐνιαυτὸν

90 2028 182 2057 sintth
208 2028 234 2056 ἐν
260 2027 414 2065 Βουλγαρίᾳ
442 2027 488 2055 καὶ
515 2030 549 2055 τὰ
575 2027 600 2055 ιν
614 2028 679 2055 ποσὶ
694 2027 791 2066 κείρων
814 2039 844 2056 τε
870 2029 915 2056 καὶ

89 2073 174 2111 δῃῶν.
191 2073 219 2100 ’0
249 2071 385 2109 Σαμουὴλ
415 2070 444 2099 δὲ
476 2072 514 2109 μὴ
544 2071 692 2109 δυνάμενος
705 2075 760 2100 τῶν
777 2073 913 2111 ὑπαίθρων

89 2119 288 2149 ἀντιποιεῖσθαι
318 2114 388 2153 μηδὲ
417 2116 485 2153 πρὸς
508 2115 615 2155 ἐμφανῆ
646 2117 739 2155 μάχην
759 2117 914 2153 ἀντιστῆναι

89 2162 128 2198 τῷ
147 2159 267 2199 βασιλεῖ,
284 2158 357 2188 ἀλλὰ
378 2160 506 2192 πάντοθεν
533 2160 701 2197 θραυόμενος
722 2160 765 2188 καὶ
793 2162 843 2197 τὴν
873 2162 914 2190 οἱ-

1006 1986 1096 2014 Porro
1110 1985 1238 2013 Basilius
1246 1985 1406 2020 imperator
1416 1983 1575 2020 quotannis
1586 1983 1616 2011 in
1628 1983 1794 2019 Bulgariam

969 2030 1183 2066 expeditionem
1201 2029 1361 2056 faciebatet
1372 2029 1456 2056 obvia
1465 2036 1588 2064 quasque
1600 2027 1796 2064 populabatur

970 2083 1003 2103 ac
1017 2074 1160 2102 vastabat.
1177 2074 1243 2102 Ideo
1259 2073 1416 2101 Samuelus
1435 2075 1532 2101 castra
1555 2073 1611 2101 sub
1636 2073 1684 2100 dio
1699 2072 1794 2100 locare

969 2120 1020 2147 aut
1034 2121 1134 2153 aperto
1148 2117 1247 2154 praelia
1262 2124 1435 2145 concurrere
1450 2125 1507 2145 non
1525 2117 1646 2152 audens,
1662 2116 1794 2152 undique

969 2163 1078 2191 attritis
1092 2162 1204 2190 viribus
1220 2161 1388 2198 amissoque
1402 2161 1500 2198 vigore
1514 2169 1579 2195 suo,
1592 2160 1696 2189 statuit
1706 2160 1792 2190 fossis

90 2206 163 2234 κείαν
180 2206 271 2242 ἀκμήν
298 2202 478 2237 ἀποϐάλλων,
495 2202 563 2241 ἔγνω
587 2204 699 2243 τάφροις
721 2206 764 2233 καὶ
794 2209 906 2245 θριγγοῖ‹

1018 2208 1109 2242 septis
1124 2207 1209 2235 factis
1224 2215 1291 2234 eum
1320 2206 1454 2242 ingressu
1472 2206 1613 2241 Bulgaria
1626 2205 1790 2233 excludere.

91 2249 253 2289 ἐπιτειχίσαι
278 2248 367 2285 τούτῳ
388 2249 440 2284 τήν
463 2248 500 2280 ιὶς
524 2249 574 2284 τὴν
599 2248 769 2287 Βουλγαρίαν
797 2250 912 2280 εἴσοδον.

90 2295 178 2326 Βῗδὼς
194 2293 240 2322 οὖν
256 2294 293 2325 ὡς
311 2292 370 2326 ἔθος
386 2291 426 2320 ἀεὶ
442 2295 482 2329 τῷ
500 2292 608 2331 βασιλεῖ
629 2292 674 2321 διὰ
693 2296 741 2321 τοῦ
766 2293 913 2332 λεγομένου

91 2336 180 2376 Κίμϐα
203 2338 309 2376 Λόγγου
331 2336 377 2365 καὶ
400 2339 449 2364 τοῦ
473 2336 599 2365 Κλειόίου
627 2339 763 2366 ποιεῖσθαι
792 2340 841 2371 τὰς
872 2338 914 2367 δι-

91 2383 220 2416 ελιύσεις,
234 2383 336 2417 ταύτην
352 2380 421 2418 ἔγνω
435 2381 485 2416 τήν
501 2380 657 2419 δυσχωρίαν
682 2382 845 2422 ἐπιτειχίσαι
868 2385 913 2411 καὶ

88 2430 126 2465 τῷ
139 2426 247 2466 βασιλιῖ
275 2426 438 2454 ἀποκλεῖσα.
466 2425 516 2460 τὴν
550 2425 666 2456 εἴσοδον.
701 2428 830 2466 Φραγμὸν
868 2428 914 2456 οὖν

92 2471 283 2510 δομησάμινος
299 2470 337 2502 εἷς
365 2470 443 2509 εὖρος
470 2469 553 2505 πολὺ,
568 2471 614 2498 καὶ
642 2469 763 2510 φύλακας
788 2471 813 2500 ἓν
843 2472 916 2509 αύτῷ

968 2253 1003 2280 Et
1019 2252 1088 2288 quia
1102 2253 1187 2279 norat
1203 2251 1296 2279 solere
1311 2259 1377 2278 eum
1395 2259 1446 2287 per
1460 2250 1594 2278 Cimbam
1617 2250 1749 2285 Longum
1764 2252 1794 2277 et

968 2296 1107 2324 Cleidium
1125 2295 1400 2332 intrare,angustias
1410 2295 1477 2323 illas
1487 2297 1570 2331 septo
1585 2294 1644 2322 late
1653 2294 1793 2330 producto

970 2341 1066 2369 munit
1080 2342 1169 2377 atque
1185 2340 1488 2376 intercipit,justoque
1504 2340 1602 2367 firmat
1617 2339 1794 2376 praesidio,et

969 2386 1011 2413 sic
1027 2386 1232 2420 imperatorem
1244 2385 1546 2420 operitur.Postquam
1556 2392 1590 2412 eo
1605 2383 1684 2412 venit
1697 2384 1794 2420 impe-

969 2432 1049 2457 rator
1063 2432 1092 2457 et
1106 2429 1215 2456 intrare
1230 2431 1274 2457 est
1289 2431 1423 2464 conatus,
1449 2429 1562 2456 fortiter
1584 2437 1652 2457 eum
1674 2436 1794 2456 arcuere

970 2474 1120 2506 custodes,
1127 2481 1177 2501 eos
1183 2473 1234 2509 qui
1241 2473 1266 2501 vi
1274 2475 1426 2510 penetrare
1432 2473 1792 2510 nitarenturdesuperiore

666 2535 854 2564 XYLANDRI
872 2538 918 2566 ET
937 2537 1048 2566 GOARI
1066 2536 1184 2565 NOTAE.

134 2587 181 2622 59)
197 2587 228 2614 In
244 2586 377 2623 margine
401 2585 538 2623 librarius
559 2583 582 2612 ὣ
606 2587 656 2619 τῆς
673 2585 832 2623 θαυμαστῆς
854 2583 913 2612 ἄπι-

91 2621 179 2653 νοίαςι
197 2623 265 2655 Quas
281 2621 408 2650 si'recte
431 2622 541 2650 habent
564 2622 640 2658 quod
666 2622 702 2658 ad
725 2621 913 2658 scripturam,

91 2659 189 2687 mirari
205 2658 322 2686 videtur
334 2657 494 2686 exactionis
512 2656 581 2685 tam'
595 2657 734 2685 subtilem
759 2656 912 2685 rationem.

92 2703 146 2730 qua
159 2694 249 2723 etiam
259 2702 311 2730 pro
322 2694 359 2730 iis
368 2694 524 2730 satisfieret
535 2693 584 2728 qui
600 2694 770 2730 paupertate
785 2695 914 2730 extrema

92 2728 118 2759 at
131 2731 221 2759 rebus
231 2728 355 2767 perditis
369 2729 583 2767 impedirentur
592 2728 739 2767 autetiam
751 2728 793 2767 ita
805 2729 913 2767 mortui

92 2767 198 2796 solvere
213 2764 440 2802 nequirentsed
452 2764 594 2794 Basilium
610 2764 666 2793 hoc
681 2772 739 2793 non
754 2764 910 2802 invenisse,

969 2594 1004 2614 ex
1017 2585 1178 2614 Justiniani
1194 2585 1315 2614 historia
1329 2586 1432 2622 liquet.
1450 2586 1491 2614 Ne
1514 2594 1548 2614 so
1568 2585 1687 2622 quidem
1703 2585 1792 2614 lecto-

969 2630 1031 2649 rem
1046 2621 1237 2654 defraudabo.
1252 2622 1329 2657 quod
1351 2621 1493 2651 adscribit
1516 2621 1593 2656 mox,
1615 2622 1665 2650 ubi
1688 2622 1791 2657 depre-

968 2660 1083 2700 catorens
1098 2657 1245 2700 pontiﬁcis
1258 2656 1406 2700 repulsam
1418 2658 1497 2700 passi
1508 2658 1669 2700 dicuntpr‘:
1684 2656 1761 2685 Ἀλλ’
1776 2657 1792 2685 ὁ

969 2693 1034 2730 ἒμρς
1061 2691 1348 2730 βασιλεὺς-ξῐσαάῖιιος
1376 2694 1390 2720 ὁ
1416 2691 1543 2730 ἆγγελοςῗ
1564 2691 1680 2729 μηδενὸς
1706 2703 1791 2730 παρα-

967 2726 1147 2768 καλέσαντος.
1153 2726 1250 2768 πολλᾶι
1264 2731 1328 2768 τῶν⁸
1342 2726 1505 2768 παραλόγων
1532 2726 1622 2767 βαρῶν
1650 2732 1699 2764 τῆς
1724 2726 1791 2756 Ῥω-

968 2764 1055 2800 μαίων
1072 2767 1125 2802 γῆς
1138 2763 1294 2802 ἰξετίναξεν.
1309 2766 1375 2794 ΧΠ..
