1933 3048
116 110 171 143 191

120 225 324 260 desperantem
336 226 399 260 jam
413 226 618 261 imperatorem
633 227 810 262 Nicephorus
819 226 944 263 Xiphias

121 269 332 305 Philippopolis
347 273 409 297 tum
426 271 579 306 praefectus
596 274 696 299 monet
710 273 741 299 ut
759 272 819 299 loco
836 280 869 299 eo
885 280 946 299 ma-

121 315 199 346 neat,
215 316 392 350 septemque
408 315 480 342 illud
497 323 666 352 oppugnare
685 316 869 344 continenter
881 324 944 351 per-

121 360 171 392 gat
188 367 195 386 :
211 366 243 386 se
259 358 314 387 alio
330 359 490 394 abiturum,
508 369 686 396 operamque
708 361 786 389 458
807 361 943 388 daturum

122 403 288 430 utsalutare
297 403 407 438 aliquid
420 404 627 432 conﬁciat.Hoc
638 405 724 432 modo
735 413 765 432 re
774 405 946 440 composita,

123 454 188 474 cum
205 448 267 475 suis
283 450 410 475 montem
428 449 463 476 ad
480 449 630 477 meridiem
654 449 791 476 claustris
817 449 852 476 iis
869 449 949 484 obje~

122 492 202 518 ctum
218 491 425 527 celsissimum,
442 493 488 520 cui
510 493 677 521 Balathistm
701 502 817 529 nomen,
833 493 949 530 magnis

122 535 278 564 itineribus
294 536 419 571 circuit;
435 540 464 565 et
477 538 511 564 29
527 538 574 566 die
587 538 670 573 Julii,
688 538 846 566 indictione
862 540 903 572 12,
915 539 950 566 de

122 580 272 615 superiore
286 581 349 609 loco
364 582 463 609 subito
474 582 584 616 ingenti
596 591 663 610 cum
674 584 796 619 strepitu
810 584 950 617 Bulgaros

123 633 140 652 a
154 629 233 661 tergo
249 626 450 659 adorttur.Qui
465 635 532 655 cum
545 635 574 655 re
586 627 734 663 insperata
749 627 894 663 perterriti
910 628 952 654 l'u-

123 671 234 705 gerent,
260 669 421 705 imperator
451 671 655 700 defensoribus
679 680 803 700 vacuum
836 673 952 707 septum

123 713 215 741 diruit
229 722 263 742 ac
279 714 425 750 fugientes
440 715 616 752 insequitur.
641 715 724 744 Multi
751 718 816 744 tum
833 715 953 752 Bulgari

125 758 224 792 occisi,
251 759 344 786 multo
369 759 468 795 plures
491 760 578 796 capti.
605 762 668 796 Ipse
695 761 854 789 Samuelus
878 769 954 797 egre

126 802 220 830 evasit
233 803 285 830 filii
301 811 399 838 opera,
421 803 567 833 irruentes
590 805 706 833 fortiter
730 805 889 840 repellente
905 813 955 840 pa-

791 114 951 146 GEORGII
973 113 1145 146 CEDRENI

129 187 181 208 oco
197 179 334 209 ferientes
354 181 442 217 atque
464 179 660 217 vqlnerantes.
686 181 727 210 lbi
755 181 790 211 de
816 182 942 210 transitu
957 196 965 216 λ

1054 183 1174 218 ιπρεπεῖς

1766 115 1832 146 192

1217 179 1364 216 ζπιστήσας
1382 202 1390 215 ,
1417 180 1566 219 προσέμενε
1601 181 1647 209 τὸν
1689 179 1830 219 βασιλία.

1000 225 1180 264 Ἀφικομένου
1209 225 1238 253 δὲ
1265 225 1310 253 καὶ
1342 225 1442 253 τούτου
1480 225 1525 253 καὶ
1569 225 1831 264 ἀποπειρασαμένου

998 272 1049 304 τῆς
1076 268 1194 303 εῗσόδου,
1220 270 1328 307 ἐπείπερ
1357 269 1484 308 ἀντεῖχον
1506 271 1636 308 γενναίως
1665 270 1690 297 oi.
1719 269 1830 309 φυλάσ-

1001 324 1093 345 σοντες
1121 314 1165 342 καὶ
1192 314 1256 345 τοὺς
1289 314 1466 352 βιαζομένους
1481 314 1506 352 ἐξ
1523 313 1685 351 ὑπερδεξίων
1708 314 1829 353 ἀνῃρουν

1003 358 1151 397 βάλλοντες
1166 358 1210 386 καὶ
1224 359 1430 396 τιτρώσκοντες,
1447 361 1491 387 καὶ
1519 357 1574 394 ἤδη
1604 358 1759 397 ἀπέγνωστο
1788 362 1832 396 τῷ

1004 403 1112 441 βασιλεῖ
1127 404 1145 438 ἡ
1161 401 1294 437 διάϐασις,
1313 404 1473 442 Νικηφόρος
1487 404 1501 431 ὁ
1516 403 1617 443 Ξιφίας
1644 407 1695 438 τῆς
1721 403 1832 432 Φιλιπ-

1002 447 1164 478 πουπόλεως
1179 447 1240 475 τότε
1255 451 1415 486 στρατηγῶν
1430 451 1469 484 τῷ
1483 447 1591 486 βασιλεῖ
1620 449 1833 485 συνταξάμενος,

1003 492 1048 520 καὶ
1075 492 1155 520 αὐτὸν
1183 493 1231 529 μὲν
1258 493 1419 530 προσμένειν
1453 493 1497 520 καὶ
1528 495 1652 531 συνεχεῖς
1674 490 1838 530 προσϐολὰς

1003 539 1043 573 τῷ
1059 535 1156 573 δὲματι
1171 538 1305 565 ποιεῖσθαι
1334 538 1534 575 παρεγγυήσας,
1551 537 1632 569 αὐτὸς
1661 536 1690 565 δὲ
1722 538 1837 565 ἀπιέναι

1006 582 1104 618 φήσας,
1122 579 1148 608 εἷ’
1168 591 1226 612 πως
1255 579 1383 616 δυνηθείη
1414 580 1556 612 λυσιτελές
1579 591 1605 608 τι
1635 580 1838 617 διαπράξασθαι

1006 626 1051 653 καὶ
1067 626 1214 664 σωτήριον,
1229 625 1274 653 τὸν
1289 626 1351 664 περὶ
1367 625 1446 653 αὑτὸν
1464 625 1587 663 εἰληφὼς
1608 625 1674 654 λαὸν
1702 626 1839 664 ὑποστρὲ-

1008 681 1062 708 φει,
1078 669 1123 697 καὶ
1152 668 1327 708 περιοδεύσας
1352 670 1383 698 τὸ
1410 670 1479 707 πρὸς
1511 667 1684 708 μεσημϐρίαν
1710 670 1841 707 κείμενον

1007 717 1055 742 τοῦ
1084 713 1210 742 Κλειδίου
1243 714 1414 751 ὑψηλότατον
1448 712 1554 752 ὅρος,’ὀ
1579 714 1746 747 Βαλαθίσταν
1768 725 1839 742 κατ-

1009 759 1184 795 ονομάζουσι,
1200 759 1245 786 καὶ
1264 759 1462 797 τραχυπορίαις
1482 758 1528 786 καὶ
1549 757 1671 791 ἀνοδίαις
1693 758 1840 797 χρησάμε-

1009 814 1064 837 νος,
1080 804 1183 831 κθ¹τοῢ
1211 803 1329 832 Ἰουλίου
1360 804 1456 840 μηνὸς,
1472 803 1630 840 ἱπινεμήσει
1662 803 1706 841 ιβ’.
1730 802 1837 835 ἄνωθεν

125 847 260 882 trcmque
271 855 345 884 equo
355 848 527 884 impositum
537 849 567 877 in
581 849 733 877 castellum
748 849 895 886 Prilapum
908 849 955 877 nb-

1058 847 1137 885 ίφνης
1167 848 1224 884 μετ’
1253 847 1420 885 ἀλαλαγμοῦ
1448 847 1493 875 καὶ
1522 846 1624 875 δούπου
1655 847 1724 875 κατᾶ
1745 847 1840 875 νώτου

1167 895 1180 900 -
1239 895 1256 900 ν.
1294 890 1303 900 ἢ
1341 893 1346 900 1
1475 893 1482 900 1
1516 891 1537 900 ἰι
1589 894 1602 900 η
1641 892 1648 900 ἱ
1729 891 1741 900 ᾗ
1787 893 1794 900 Ι

124 891 260 919 ducente.
277 892 403 928 Captivis
418 893 566 930 Bulgaria,
583 894 632 930 qui
649 894 741 922 fuisse
762 894 798 921 ad
815 894 848 921 15
864 893 956 922 millia

123 935 376 969 feruntur,oculos
392 937 551 972 imperator
566 938 843 974 eruit,singulisque
854 941 956 966 centu-

123 980 177 1007 riis
193 981 354 1009 unoculum
371 983 593 1018 prteficitatque
609 983 656 1010 his
673 983 846 1010 ductoribus
859 991 909 1010 eos
920 983 955 1010 ad

127 1024 297 1053 Samuelum
310 1026 493 1060 mittit.Quos
503 1027 660 1055 Samuelus
671 1027 727 1055 isto
739 1035 862 1055 numero
871 1029 957 1062 atque

129 1069 232 1097 ordine
248 1070 346 1098 venire
367 1071 470 1100 videns
494 1072 585 1100 animi
611 1072 645 1100 ad
671 1071 865 1100 calamitatem
892 1079 957 1100 eam

130 1114 243 1142 fortiter
259 1115 405 1143 ferendam
422 1124 479 1143 non
495 1116 598 1144 habuit
612 1116 695 1150 satis,
712 1117 761 1144 sed
779 1116 882 1144 oborta
897 1125 958 1144 ver-

129 1158 224 1194 tigine
238 1159 422 1187 exanimatus
438 1160 467 1187 in
484 1161 593 1187 terram
618 1160 737 1188 corruit.
760 1162 843 1195 Aqua
858 1162 957 1188 autem

129 1205 158 1230 et
168 1203 327 1239 unguentis
336 1211 352 1230 a
361 1204 554 1239 praesentibus
564 1207 714 1240 utcunque
727 1206 957 1237 recreatus,cum

130 1255 194 1275 sese
210 1247 428 1283 aliquantulum
445 1248 620 1285 collegisset,
637 1249 746 1285 frigidas
758 1249 896 1277 haustum
909 1257 957 1285 pe-

131 1291 198 1326 tiit;
215 1301 343 1328 cumque
358 1293 490 1328 bibisset,
507 1294 675 1329 cardiagmo
697 1296 847 1329 correptus
869 1294 958 1321 biduo

132 1339 199 1372 post
224 1337 306 1365 obiit.
333 1337 483 1365 Sueccssit
506 1338 532 1366 ei
560 1338 638 1366 filius
665 1338 830 1371 Gabrielus,
856 1337 906 1373 qui
932 1340 960 1365 et

131 1382 281 1409 Romanus
297 1382 459 1416 dicebatur,
476 1384 558 1418 patre
573 1382 722 1410 robustior
736 1381 795 1416 ille,
823 1382 872 1410 sed
889 1390 958 1418 pru-

133 1425 233 1453 dentia
246 1425 330 1462 longe
345 1426 475 1460 inferior,
492 1430 579 1455 natus
595 1427 707 1463 captiva
729 1427 805 1455 459
830 1427 958 1462 quadam

134 1469 283 1498 Larissam.
293 1470 482 1498 Iniitdeoima
494 1471 597 1506 quinta
605 1471 958 1506 Septembrie,indictione

133 1514 247 1542 decima
261 1515 490 1549 tertia.Cumque
505 1516 635 1543 nondum
653 1516 800 1551 integrum
816 1516 958 1551 imperas-

1009 893 1109 930 γίνεται
1146 895 1200 920 τῶν
1239 890 1404 930 Βουλγάρων
1422 902 1429 909 ⁸
1459 893 1485 920 οἱ
1514 891 1543 920 δὲ
1570 894 1609 928 τῷ
1636 891 1842 929 ἀπροσδοκήτῳ

1009 936 1227 974 καταπλαγέντες
1256 938 1402 974 τρέπονται
1431 937 1500 974 πρὸς
1523 938 1623 975 φυγήν.
1640 938 1690 965 Καὶ
1717 937 1731 964 ὸ
1758 938 1840 975 βασι-

1011 981 1077 1012 λεὺς
1093 982 1215 1017 μονωθὶν
1236 980 1381 1019 διαρρήξας
1407 982 1437 1009 τὸ
1461 984 1555 1020 τεῖχος
1579 980 1701 1009 ἐδίωκεν.
1722 982 1843 1010 Ἔπεσον

1011 1026 1056 1054 οὗν
1073 1025 1244 1060 πολλοὶ,καὶ
1266 1024 1365 1062 πολλῷ
1388 1026 1501 1057 πλείους
1526 1026 1659 1061 ἑάλωσαν,
1682 1024 1765 1063 μόλις
1790 1029 1844 1054 τοῦ

1012 1070 1146 1107 Σαμουὴλ
1172 1069 1314 1108 διαφυγεῖν
1340 1069 1502 1106 δυνηθέντος
1528 1071 1574 1099 τὸν
1593 1070 1716 1099 κίνδυνον
1747 1081 1844 1109 συνερ-

1010 1115 1056 1153 γίᾳ
1069 1117 1117 1142 τοῦ
1133 1113 1204 1142 ἰδίου
1225 1115 1285 1142 υἱοῦ
1312 1115 1444 1152 γενναίως
1469 1115 1533 1147 τοὺς
1560 1115 1686 1147 ἐπιόντας
1712 1114 1842 1151 ὑποδεξας

1013 1161 1107 1196 μένου,
1132 1159 1176 1187 καί
1203 1158 1281 1196 ’ίππῳ
1305 1161 1402 1187 τοῦτον
1432 1157 1640 1192 ἔπιϐιὸάσαντος
1668 1160 1714 1188 καὶ
1739 1159 1778 1191 εῗς
1807 1161 1841 1188 τὸ

1012 1204 1160 1242 λεγόμενον
1187 1203 1327 1242 Πρίλαπον
1357 1204 1389 1232 τὸ
1423 1204 1554 1243 φρούριον
1585 1205 1783 1243 ἀπαγαγόντος.
1808 1206 1841 1234 Ὁ

1013 1247 1042 1276 δὶ
1069 1248 1196 1286 βασιλεὺς
1219 1248 1282 1280 τοὺς
1307 1247 1463 1280 ἑαλωκότας
1487 1252 1541 1276 τῶν
1572 1249 1734 1287 Βουλγάρων
1767 1249 1840 1288 ἀμφὶ

1012 1293 1059 1324 τὰς
1092 1293 1130 1329 ιε’,
1147 1292 1184 1324 ὥς
1212 1304 1302 1332 φασιν,
1319 1291 1398 1324 ὄντας
1423 1293 1552 1331 χιλιάδας
1585 1294 1773 1333 ἀπετύφλωσε,
1793 1294 1840 1321 καὶ

1013 1337 1126 1372 ἑκάστην
1164 1336 1326 1364 ἓκατοντάδα
1358 1339 1566 1374 πεπηρωμὲνων
1604 1338 1647 1376 ὑφ’
1680 1338 1738 1369 ἑνὸς
1772 1349 1838 1374 μον-

1013 1381 1158 1421 οφθάλμου
1174 1379 1329 1419 ὁδηγεῖσθαι
1342 1381 1472 1413 κελεύσας
1489 1381 1526 1413 εἰς
1541 1382 1587 1409 τὸν
1614 1381 1747 1419 Σαμουὴλ
1772 1382 1839 1409 ἄπο-

1013 1427 1125 1463 πὲμπει.
1143 1425 1196 1457 Οὓς
1213 1425 1314 1457 ἐκεῖνος
1339 1426 1552 1465 ἀφικνουμένους
1576 1427 1635 1454 κατ’
1659 1427 1774 1465 ἀριθμὸν
1796 1427 1839 1454 καὶ

1013 1471 1086 1506 τάξιν
1104 1471 1249 1507 θεώμενος,
1264 1470 1355 1498 καὶτὸ
1375 1471 1462 1503 πάθος
1488 1471 1541 1498 οὐκ
1565 1470 1683 1509 ἒνιγλὼν
1713 1473 1840 1503 νεανικῶς

1013 1516 1057 1543 καὶ
1085 1514 1222 1552 εὐψύχως,
1248 1514 1415 1552 λειποουμίᾳ
1441 1514 1487 1542 καὶ
1515 1515 1604 1552 σκότῳ
1639 1514 1768 1553 βάλλεται
1793 1515 1837 1542 καὶ

133 1561 178 1586 set
193 1566 315 1592 annum,
331 1561 469 1587 venatum
486 1559 584 1587 exiens
604 1560 779 1588 interficitur
794 1568 810 1587 α
832 1560 956 1595 Joanne,

1066 1549 1235 1598 γῆν-πίπτει·
1252 1558 1329 1586 ὕδατι
1346 1549 1373 1586 δέ
1388 1549 1433 1587 χάι
1455 1559 1553 1598 μύροις
1578 1549 1605 1587 οἱ
1628 1549 1761 1596 παρόντας
1789 1559 1838 1594 τὴν

133 1603 183 1639 qui
199 1605 228 1631 et
245 1603 473 1639 Bladisthlabus,
488 1603 547 1632 ﬁlio
564 1604 695 1638 Aaronis,
714 1612 801 1640 quem
816 1603 878 1640 ipse
895 1604 958 1632 neci

133 1647 294 1683 aliquando
309 1648 503 1676 subtraxerat.

1013 1605 1099 1639 πνοὴν
1143 1603 1224 1631 αὐτοῦ
1263 1602 1492 1640 ἀνακαλεσάμενοι
1538 1604 1686 1641 ἀνενεγκεῖν
1742 1604 1836 1641 μικρὸν

1013 1649 1207 1683 πεποιήκασιν.
1234 1648 1398 1686 Ἀνενεγκὼν
1428 1647 1456 1676 δὶ
1485 1646 1558 1686 ὕδωρ
1587 1651 1658 1676 πιεῖν
1688 1647 1838 1683 ἒπεζήτησε

133 1692 252 1729 ψυχρόν.
268 1689 365 1719 Λαϐὼν
383 1690 412 1719 δί
423 1693 468 1719 καὶ
487 1692 559 1720 πιὼν
574 1691 681 1730 ἐλήφθη
696 1690 919 1730 καρδιαγμῷ,καὶ
935 1693 1002 1729 μετὰ
1015 1691 1063 1720 δύο
1076 1692 1182 1729 ἡμέρας
1198 1693 1317 1727 θνήσκει.
1334 1690 1547 1729 Παραλαμόάνει
1563 1691 1592 1720 Si
1605 1693 1655 1727 τὴν
1672 1691 1836 1730 Βουλγάρων

132 1735 222 1773 ἀρχὴν
238 1736 252 1763 ὁ
268 1736 326 1767 υίὸς
353 1737 434 1764 αὐτοῦ
453 1734 576 1774 Γαϐριὴλ
604 1737 618 1763 ὁ
644 1736 688 1763 καὶ
704 1737 853 1772 Ῥωμανὸς,
871 1736 951 1775 ῥώμῃ
981 1738 1027 1774 μὲν
1050 1737 1096 1764 καὶ
1118 1737 1196 1774 ἰσχύϊ
1223 1739 1271 1764 τοῦ
1298 1737 1400 1774 πατρὸς
1429 1736 1581 1775 ὑπερέχων,
1599 1738 1728 1776 φρονήσει
1745 1736 1774 1764 δὲ
1793 1737 1835 1765 καὶ

134 1777 239 1814 διανοίᾳ
254 1778 353 1815 πολλῷ
369 1778 543 1816 λειπόμενος,
560 1779 665 1818 τεχθεὶς
678 1781 717 1815 τῷ
735 1778 868 1816 Σαμουὴλ
882 1780 934 1807 ἀπό
949 1791 1020 1812 τινος
1035 1778 1246 1817 αῗχμαλώτιδος
1266 1780 1441 1818 Λαρισσαίας.
1458 1781 1500 1817 [Ρ·
1524 1781 1588 1817 708]
1610 1781 1689 1816 Ἦρξε
1719 1779 1748 1807 ὃὶ
1771 1780 1838 1808 κατᾶ

133 1823 182 1858 τὴν
214 1824 243 1850 ιε’
269 1825 317 1851 τοῦ
346 1821 535 1862 Σεπτεμϐρίου
565 1824 659 1860 μηνὸς,
689 1823 848 1860 ἐπινεμήσει
878 1827 919 1862 ιγ.
950 1824 1001 1854 Καὶ
1032 1823 1098 1861 μηδ’
1125 1824 1190 1852 ὅλον
1219 1824 1425 1862 ἀποπληρώσας
1461 1823 1581 1852 ινιαυτὸν
1618 1825 1772 1863 σφάττεται,
1799 1823 1837 1852 εἴς

134 1868 293 1905 κυνηγέσιον
311 1868 437 1903 ἰξελθὼν,
451 1869 524 1907 παρὰ
535 1869 660 1898 Ἰωάννου
675 1871 722 1896 τοῦ
737 1868 781 1896 καὶ
794 1867 1004 1902 Βλαδισθλάϐου
1018 1871 1067 1897 τοῦ
1090 1869 1150 1896 υἱοῦ
1177 1869 1297 1906 Ἀαρὼν,
1322 1869 1350 1896 ὃν
1376 1868 1455 1900 αὐτὸς
1479 1869 1604 1904 θνήσκειν
1633 1868 1770 1905 μέλλοντα
1792 1870 1839 1896 τοῦ

135 1913 248 1940 Θανάτου
263 1912 486 1950 ἀπελυτρώσατο.

172 1959 334 1994 Antequam
358 1959 410 1986 hoc
441 1959 532 1993 fieret,
556 1958 770 1995 Theophylacto
795 1959 965 1987 Botaneiata

136 2002 352 2031 Thessalonicae
363 2005 430 2038 post
441 2003 580 2031 Davidum
590 2003 750 2031 Arianitam
763 2004 897 2039 praefecto
911 2004 963 2031 Sa-

139 2047 255 2075 muelus
269 2047 569 2082 Nestoritzam,unum
586 2048 621 2075 de
632 2047 846 2082 potentissimis
861 2048 964 2083 Bulga-

140 2091 191 2126 ris,
215 2099 322 2127 magno
346 2099 411 2119 cum
433 2091 560 2120 exercitu
595 2092 630 2120 ad
664 2099 728 2119 eam
757 2091 860 2119 urbem
873 2092 964 2120 misit.

139 2137 230 2169 Quem
245 2135 554 2172 Theophylactusﬁlio
570 2144 624 2164 suo
637 2135 780 2164 Michaelo
796 2136 964 2172 comitatus,

1054 1958 1111 1996 Πρὸ
1142 1960 1190 1986 τοῦ
1229 1957 1257 1985 δὲ
1294 1959 1377 1986 ταῦτα
1411 1957 1542 1996 γενέσθαι,
1570 1957 1759 1997 Θεοφυλάκτου
1793 1960 1839 1986 τοῦ

1018 2004 1195 2031 Βοτανειάτου
1217 2003 1311 2041 ἄρχειν
1334 2001 1533 2037 Θεσσαλονίκης
1567 2002 1633 2039 μετᾶ
1655 2002 1700 2030 τὸν
1722 2003 1839 2040 Ἀριανί-

1017 2058 1068 2082 την
1082 2049 1251 2085 πεμφθὲν-τος
1270 2045 1353 2074 Δαϐὶδ
1380 2048 1393 2074 ὁ
1418 2047 1609 2084 Νεστορίτζης,
1628 2048 1667 2078 εἷς
1690 2049 1745 2075 τῶν
1770 2047 1840 2085 παρὰ

1020 2091 1192 2129 Βουλγάροις
1220 2091 1288 2129 μέγα
1316 2090 1471 2128 δυναμένων
1503 2092 1644 2129 ὑπάρχων,
1668 2090 1735 2128 μετὰ
1763 2090 1840 2119 δυνά-

1023 2146 1095 2173 μεως
1129 2134 1211 2173 ἁδρᾶς
1246 2135 1313 2164 κατὰ
1351 2134 1551 2171 Θεσσαλονίκης
1583 2135 1748 2172 ἰκπὲμπεται
1772 2135 1842 2173 παρὰ

140 2189 240 2217 pugna
254 2189 430 2217 congressus
445 2180 522 2209 fudit
536 2188 701 2217 magnaque
727 2181 824 2217 prada
839 2183 923 2217 parta
937 2183 965 2210 et

1054 2183 1068 2208 ὖ
1083 2180 1228 2216 Σαμουήλ’
1246 2182 1288 2212 οἷς
1304 2182 1472 2216 συναντήσας
1489 2181 1503 2208 ὁ
1519 2179 1709 2217 Θεοφύλαιιτος
1732 2180 1778 2208 σὺν
1803 2183 1841 2216 τῷ

142 2225 244 2254 multis
258 2226 433 2261 csptis,cum
445 2225 490 2253 bis
501 2227 537 2253 ad
547 2225 754 2261 imperatorem
771 2228 840 2253 tunc
850 2228 965 2262 septum

139 2270 168 2298 in
186 2270 332 2307 angustiis
341 2271 417 2306 apud
429 2270 575 2297 Cblidium
585 2272 804 2305 oppugnantem
816 2269 965 2297 venitJm-

141 2318 257 2353 peretor
271 2315 416 2352 angustiis
433 2323 490 2351 quo
507 2314 636 2342 diximus
651 2314 738 2342 modo
754 2314 914 2350 superatis,
929 2315 965 2342 ad

140 2360 348 2396 Strumpitzam
374 2359 509 2393 accedit;
530 2360 558 2387 et
579 2358 698 2386 castello
722 2359 768 2386 cui
794 2359 966 2387 Matzucium

141 2413 248 2433 nomen
284 2404 406 2440 potitus,
440 2403 623 2439 Strumpitza:
653 2403 716 2437 jam
755 2403 966 2439 propinquans,

141 2449 391 2485 Theophylsctum
407 2447 608 2476 Botoneiatam
632 2447 845 2475 Thessalonicae
861 2449 966 2477 ducem

142 2494 230 2524 colles
245 2494 281 2522 ad
298 2493 509 2530 Strumpitzam
522 2492 593 2520 sitos
604 2500 743 2528 superare
751 2492 836 2528 jubet
847 2495 874 2521 et
884 2495 967 2530 septa

141 2539 226 2568 obvia
241 2538 406 2574 incendere,
423 2537 538 2573 sibique
552 2536 606 2565 hoc
623 2537 773 2565 modoiter
781 2537 967 2566 Thessaloni-

141 2592 206 2613 cam
225 2584 337 2612 ducens
362 2582 508 2619 expedire.
532 2581 770 2610 Proﬁciscentem
793 2582 967 2618 praesidiarii

1021 2226 1072 2262 υἱῷ
1087 2225 1201 2262 Μιχαὴλ
1217 2225 1262 2253 καὶ
1278 2225 1448 2262 συμπλακεὶς
1467 2225 1559 2263 τρέπει
1582 2235 1612 2252 τε
1639 2225 1706 2252 κατὰ
1733 2225 1840 2262 κράτος,

1020 2270 1065 2297 καὶ
1081 2269 1154 2297 λείαν
1170 2269 1279 2304 πολλὴν
1294 2270 1337 2298 καὶ
1359 2268 1560 2307 αἰχμαλώτους
1583 2269 1701 2307 συχνοὺς
1721 2268 1841 2307 προσλα-

1022 2312 1138 2351 ϐόμενος
1164 2313 1315 2351 διακομίζει
1341 2316 1380 2350 τῷ
1404 2314 1512 2351 βασιλεῖ
1538 2311 1733 2349 πολιορκοῦντι
1761 2314 1792 2341 τὸ
1815 2313 1840 2340 ἐν

1020 2361 1054 2396 τῇ
1077 2358 1225 2396 κλεισο·5ρᾳ
1247 2361 1295 2387 τοῦ
1316 2357 1446 2387 Κλειδίου
1474 2357 1542 2395 δίμα
1648 2358 1683 2385 Τὸ
1710 2355 1778 2394 δέμκ
1803 2356 1840 2394 δὶ,

1022 2404 1058 2434 ὡς
1082 2403 1199 2440 εἴρηται,
1225 2401 1320 2434 διαϐὰς
1347 2403 1361 2429 ὁ
1389 2401 1516 2440 βασιλεὺς
1543 2403 1610 2429 κατὰ
1640 2401 1841 2440 Στρούμπιτζαν

1021 2449 1133 2486 γίνεται.
1159 2448 1211 2475 Καὶ
1240 2448 1429 2486 παρεστήσατο
1455 2446 1502 2483 μὶν
1536 2447 1665 2485 φρούριον
1689 2447 1720 2474 τὸ
1741 2445 1840 2474 καλού-

1023 2502 1101 2530 μενον
1126 2491 1358 2528 Ματζοῶιιον,τῇ
1384 2490 1576 2529 Στρουμπίτζῃ
1603 2489 1631 2518 δὲ
1655 2490 1840 2529 προσεγγίζον,

1023 2536 1090 2574 μετὰ
1114 2536 1254 2574 δυνάμεως
1278 2535 1301 2563 δ’
1326 2535 1458 2573 ἐκπέμπει
1491 2535 1537 2563 τὸν
1570 2534 1751 2570 Βατανειάτην
1780 2538 1840 2562 Θεο-

1022 2581 1158 2620 φύλακτον
1173 2581 1220 2609 τὸν
1236 2579 1320 2608 δοῦκα
1341 2579 1553 2616 Θεσσαλονίκης,
1574 2577 1724 2617 ὑπερϐῆναι
1752 2578 1841 2607 κελεύ-

737 2662 920 2690 XYLANDRI
939 2663 984 2691 ET
1003 2662 1114 2691 GOARI
1133 2662 1250 2691 NOTE.

155 2764 160 2768 _
177 2736 234 2778 (ὀρ)
250 2735 428 2778 AtpaHtui-ri‘s
439 2732 637 2778 tx’xhigoépq,
651 2734 681 2762 in
697 2735 777 2763 clusa
791 2735 851 2763 sive
866 2742 944 2762 muro
958 2734 965 2762 i

1054 2734 1125 2762 duos
1140 2736 1255 2762 montes
1271 2741 1391 2770 asperos
1406 2734 1512 2766 erecto,
1528 2732 1563 2761 ad
1579 2739 1668 2767 quam
1685 2732 1783 2760 aditus
1797 2731 1840 2760 hic

142 2769 252 2810 passim
268 2769 377 2800 dicitur
389 2769 520 2798 κλειδίον.
537 2769 627 2799 Gods.
