  <div class='ocr_page' id='page_1' title='image "/cluster/home/n/w/nwhite01/storage/ocr_20150623/122/njp.32101077773016/108.png"; bbox 0 0 1933 3048; ppageno 0'>
   <div class='ocr_carea' id='block_1_1' title="bbox 73 88 135 119">
    <p class='ocr_par' dir='ltr' id='par_1_1' title="bbox 73 88 135 119">
     <span class='ocr_line' id='line_1_1' title="bbox 73 88 135 119; baseline 0.032 -2"><span class='ocrx_word' id='word_1_1' title='bbox 73 88 135 119; x_wconf 78' lang='grc'><strong>193</strong></span> 
     </span>
    </p>
   </div>
   <div class='ocr_carea' id='block_1_2' title="bbox 648 87 1217 118">
    <p class='ocr_par' dir='ltr' id='par_1_2' title="bbox 648 87 1217 118">
     <span class='ocr_line' id='line_1_2' title="bbox 648 87 1217 118; baseline -0.002 0"><span class='ocrx_word' id='word_1_2' title='bbox 648 87 920 118; x_wconf 76' lang='lat' dir='ltr'>HISTORIARUM</span> <span class='ocrx_word' id='word_1_3' title='bbox 943 87 1217 118; x_wconf 83' lang='lat' dir='ltr'>COMPENDIUM.</span> 
     </span>
    </p>
   </div>
   <div class='ocr_carea' id='block_1_3' title="bbox 1723 89 1781 121">
    <p class='ocr_par' dir='ltr' id='par_1_3' title="bbox 1723 89 1781 121">
     <span class='ocr_line' id='line_1_3' title="bbox 1723 89 1781 121; baseline -0.034 0"><span class='ocrx_word' id='word_1_4' title='bbox 1723 89 1781 121; x_wconf 66' lang='grc'>194</span> 
     </span>
    </p>
   </div>
   <div class='ocr_carea' id='block_1_4' title="bbox 69 138 832 190">
    <p class='ocr_par' dir='ltr' id='par_1_4' title="bbox 69 151 816 190">
     <span class='ocr_line' id='line_1_4' title="bbox 69 151 816 190; baseline 0 -10"><span class='ocrx_word' id='word_1_5' title='bbox 69 163 121 184; x_wconf 82' lang='grc' dir='ltr'>σοις</span> <span class='ocrx_word' id='word_1_6' title='bbox 151 151 216 183; x_wconf 74' lang='grc' dir='ltr'>τοὺς</span> <span class='ocrx_word' id='word_1_7' title='bbox 237 152 264 180; x_wconf 66' lang='grc' dir='ltr'>ἐν</span> <span class='ocrx_word' id='word_1_8' title='bbox 287 151 480 190; x_wconf 80' lang='grc' dir='ltr'>Στρουμπίτζῃ</span> <span class='ocrx_word' id='word_1_9' title='bbox 511 152 635 190; x_wconf 77' lang='grc' dir='ltr'>βουνοὺς,</span> <span class='ocrx_word' id='word_1_10' title='bbox 663 153 708 180; x_wconf 87' lang='grc' dir='ltr'>καὶ</span> <span class='ocrx_word' id='word_1_11' title='bbox 731 153 764 180; x_wconf 75' lang='grc' dir='ltr'>τὰ</span> <span class='ocrx_word' id='word_1_12' title='bbox 790 152 816 180; x_wconf 80' lang='grc' dir='ltr'>ἐν</span> 
     </span>
    </p>
   </div>
   <div class='ocr_carea' id='block_1_5' title="bbox 1018 138 1781 190">
    <p class='ocr_par' dir='ltr' id='par_1_5' title="bbox 1023 138 1781 188">
     <span class='ocr_line' id='line_1_5' title="bbox 1023 138 1781 188; baseline 0.003 -8"><span class='ocrx_word' id='word_1_13' title='bbox 1023 153 1030 180; x_wconf 96' lang='lat' dir='ltr'><strong>l</strong></span> <span class='ocrx_word' id='word_1_14' title='bbox 1046 153 1196 181; x_wconf 76' lang='lat' dir='ltr'>obstantes</span> <span class='ocrx_word' id='word_1_15' title='bbox 1213 153 1255 180; x_wconf 87' lang='lat' dir='ltr'>ire</span> <span class='ocrx_word' id='word_1_16' title='bbox 1266 138 1323 188; x_wconf 50' lang='lat' dir='ltr'><strong>qu&#39;o</strong></span> <span class='ocrx_word' id='word_1_17' title='bbox 1333 152 1449 180; x_wconf 86' lang='lat' dir='ltr'><strong>volebat</strong></span> <span class='ocrx_word' id='word_1_18' title='bbox 1459 153 1538 188; x_wconf 83' lang='lat' dir='ltr'><strong>passi</strong></span> <span class='ocrx_word' id='word_1_19' title='bbox 1550 156 1631 181; x_wconf 88' lang='lat' dir='ltr'><strong>sunt.</strong></span> <span class='ocrx_word' id='word_1_20' title='bbox 1647 154 1701 181; x_wconf 88' lang='lat' dir='ltr'>Sed</span> <span class='ocrx_word' id='word_1_21' title='bbox 1713 162 1781 182; x_wconf 87' lang='lat' dir='ltr'>cum</span> 
     </span>
    </p>
   </div>
   <div class='ocr_carea' id='block_1_6' title="bbox 69 195 904 234">
    <p class='ocr_par' dir='ltr' id='par_1_6' title="bbox 69 195 904 234">
     <span class='ocr_line' id='line_1_6' title="bbox 69 195 904 234; baseline -0.001 -10"><span class='ocrx_word' id='word_1_22' title='bbox 69 197 134 224; x_wconf 83' lang='grc' dir='ltr'>κατ’</span> <span class='ocrx_word' id='word_1_23' title='bbox 151 196 248 228; x_wconf 68' lang='grc' dir='ltr'>αὐτοὺς</span> <span class='ocrx_word' id='word_1_24' title='bbox 265 195 339 228; x_wconf 78' lang='grc' dir='ltr'>ὁδοῖς</span> <span class='ocrx_word' id='word_1_25' title='bbox 356 196 530 232; x_wconf 71' lang='grc' dir='ltr'>πυρπολῆσαι</span> <span class='ocrx_word' id='word_1_26' title='bbox 560 195 673 233; x_wconf 76' lang='grc' dir='ltr'>δέματα,</span> <span class='ocrx_word' id='word_1_27' title='bbox 701 197 746 224; x_wconf 81' lang='grc' dir='ltr'>καὶ</span> <span class='ocrx_word' id='word_1_28' title='bbox 777 196 904 234; x_wconf 77' lang='grc' dir='ltr'>εύπόρευ-</span> 
     </span>
    </p>
   </div>
   <div class='ocr_carea' id='block_1_7' title="bbox 69 240 904 280">
    <p class='ocr_par' dir='ltr' id='par_1_7' title="bbox 69 240 904 280">
     <span class='ocr_line' id='line_1_7' title="bbox 69 240 904 280; baseline -0.001 -11"><span class='ocrx_word' id='word_1_29' title='bbox 69 252 120 269; x_wconf 84' lang='grc' dir='ltr'>τον</span> <span class='ocrx_word' id='word_1_30' title='bbox 153 241 225 277; x_wconf 81' lang='grc' dir='ltr'>αύτῷ</span> <span class='ocrx_word' id='word_1_31' title='bbox 252 244 336 274; x_wconf 79' lang='grc' dir='ltr'>θεῖναι</span> <span class='ocrx_word' id='word_1_32' title='bbox 374 242 423 276; x_wconf 80' lang='grc' dir='ltr'>τὴν</span> <span class='ocrx_word' id='word_1_33' title='bbox 461 241 529 280; x_wconf 86' lang='grc' dir='ltr'>πρὸς</span> <span class='ocrx_word' id='word_1_34' title='bbox 563 241 763 277; x_wconf 75' lang='grc' dir='ltr'>Θεσσαλονίκην</span> <span class='ocrx_word' id='word_1_35' title='bbox 789 240 904 279; x_wconf 77' lang='grc' dir='ltr'>ἄγουσαν</span> 
     </span>
    </p>
   </div>
   <div class='ocr_carea' id='block_1_8' title="bbox 73 284 905 324">
    <p class='ocr_par' dir='ltr' id='par_1_8' title="bbox 73 284 905 324">
     <span class='ocr_line' id='line_1_8' title="bbox 73 284 905 324; baseline -0.002 -10"><span class='ocrx_word' id='word_1_36' title='bbox 73 285 153 314; x_wconf 82' lang='grc' dir='ltr'>ὁδόν.</span> <span class='ocrx_word' id='word_1_37' title='bbox 169 286 201 314; x_wconf 93' lang='grc' dir='ltr'>Ὁ</span> <span class='ocrx_word' id='word_1_38' title='bbox 226 284 254 313; x_wconf 71' lang='grc' dir='ltr'>δὲ</span> <span class='ocrx_word' id='word_1_39' title='bbox 276 285 401 313; x_wconf 82' lang='grc' dir='ltr'>ἀπελθὼν</span> <span class='ocrx_word' id='word_1_40' title='bbox 428 287 608 324; x_wconf 77' lang='grc' dir='ltr'>συνεχωρήθη</span> <span class='ocrx_word' id='word_1_41' title='bbox 635 286 682 322; x_wconf 79' lang='grc' dir='ltr'>μὶν</span> <span class='ocrx_word' id='word_1_42' title='bbox 699 286 726 314; x_wconf 68' lang='grc' dir='ltr'>ἂν</span> <span class='ocrx_word' id='word_1_43' title='bbox 741 288 780 322; x_wconf 82' lang='grc' dir='ltr'>τῷ</span> <span class='ocrx_word' id='word_1_44' title='bbox 795 285 905 313; x_wconf 76' lang='grc' dir='ltr'>εἶσιιναι</span> 
     </span>
    </p>
   </div>
   <div class='ocr_carea' id='block_1_9' title="bbox 74 329 905 369">
    <p class='ocr_par' dir='ltr' id='par_1_9' title="bbox 74 329 905 369">
     <span class='ocr_line' id='line_1_9' title="bbox 74 329 905 369; baseline -0.001 -11"><span class='ocrx_word' id='word_1_45' title='bbox 74 330 154 369; x_wconf 80' lang='grc' dir='ltr'>παρὰ</span> <span class='ocrx_word' id='word_1_46' title='bbox 180 332 234 357; x_wconf 81' lang='grc' dir='ltr'>τῶν</span> <span class='ocrx_word' id='word_1_47' title='bbox 272 329 539 368; x_wconf 83' lang='grc' dir='ltr'>τοποφυλακούντων</span> <span class='ocrx_word' id='word_1_48' title='bbox 580 330 746 368; x_wconf 74' lang='grc' dir='ltr'>Βουλγάρων</span> <span class='ocrx_word' id='word_1_49' title='bbox 783 330 905 366; x_wconf 77' lang='grc' dir='ltr'>ἀνεμπο-</span> 
     </span>
    </p>
   </div>
   <div class='ocr_carea' id='block_1_10' title="bbox 77 373 905 413">
    <p class='ocr_par' dir='ltr' id='par_1_10' title="bbox 77 373 905 413">
     <span class='ocr_line' id='line_1_10' title="bbox 77 373 905 413; baseline 0 -11"><span class='ocrx_word' id='word_1_50' title='bbox 77 374 179 406; x_wconf 82' lang='grc' dir='ltr'>δίστως</span> <span class='ocrx_word' id='word_1_51' title='bbox 195 373 324 409; x_wconf 81' lang='grc' dir='ltr'>διελθεῖν,</span> <span class='ocrx_word' id='word_1_52' title='bbox 355 373 466 412; x_wconf 81' lang='grc' dir='ltr'>μὲλλων</span> <span class='ocrx_word' id='word_1_53' title='bbox 489 373 518 402; x_wconf 73' lang='grc' dir='ltr'>δὲ</span> <span class='ocrx_word' id='word_1_54' title='bbox 533 375 600 412; x_wconf 82' lang='grc' dir='ltr'>πρὸς</span> <span class='ocrx_word' id='word_1_55' title='bbox 615 375 660 402; x_wconf 85' lang='grc' dir='ltr'>τὸν</span> <span class='ocrx_word' id='word_1_56' title='bbox 693 374 807 413; x_wconf 74' lang='grc' dir='ltr'>βασιλέα</span> <span class='ocrx_word' id='word_1_57' title='bbox 822 374 905 402; x_wconf 79' lang='grc' dir='ltr'>πάλιν</span> 
     </span>
    </p>
   </div>
   <div class='ocr_carea' id='block_1_11' title="bbox 79 418 905 458">
    <p class='ocr_par' dir='ltr' id='par_1_11' title="bbox 79 418 905 458">
     <span class='ocr_line' id='line_1_11' title="bbox 79 418 905 458; baseline -0.001 -11"><span class='ocrx_word' id='word_1_58' title='bbox 79 420 261 458; x_wconf 65' lang='grc' dir='ltr'>ὑποστρέφειν</span> <span class='ocrx_word' id='word_1_59' title='bbox 295 420 363 456; x_wconf 84' lang='grc' dir='ltr'>μετὰ</span> <span class='ocrx_word' id='word_1_60' title='bbox 394 420 426 447; x_wconf 85' lang='grc' dir='ltr'>τὸ</span> <span class='ocrx_word' id='word_1_61' title='bbox 451 419 484 447; x_wconf 74' lang='grc' dir='ltr'>τὰ</span> <span class='ocrx_word' id='word_1_62' title='bbox 509 418 732 457; x_wconf 71' lang='grc' dir='ltr'>προστεταγμένα</span> <span class='ocrx_word' id='word_1_63' title='bbox 759 419 905 456; x_wconf 83' lang='grc' dir='ltr'>πληρῶσαι</span> 
     </span>
    </p>
   </div>
   <div class='ocr_carea' id='block_1_12' title="bbox 76 463 906 502">
    <p class='ocr_par' dir='ltr' id='par_1_12' title="bbox 76 463 906 502">
     <span class='ocr_line' id='line_1_12' title="bbox 76 463 906 502; baseline 0 -11"><span class='ocrx_word' id='word_1_64' title='bbox 76 463 238 501; x_wconf 78' lang='grc' dir='ltr'>περιπίπτει</span> <span class='ocrx_word' id='word_1_65' title='bbox 269 463 368 502; x_wconf 81' lang='grc' dir='ltr'>λόχοις</span> <span class='ocrx_word' id='word_1_66' title='bbox 397 463 439 492; x_wconf 63' lang='grc' dir='ltr'>ἔπ’</span> <span class='ocrx_word' id='word_1_67' title='bbox 468 464 542 500; x_wconf 80' lang='grc' dir='ltr'>αὖτῷ</span> <span class='ocrx_word' id='word_1_68' title='bbox 566 464 654 500; x_wconf 83' lang='grc' dir='ltr'>τούτῳ</span> <span class='ocrx_word' id='word_1_69' title='bbox 669 464 906 502; x_wconf 63' lang='grc' dir='ltr'>προσκαθήμενοι(</span> 
     </span>
    </p>
   </div>
   <div class='ocr_carea' id='block_1_13' title="bbox 76 506 905 546">
    <p class='ocr_par' dir='ltr' id='par_1_13' title="bbox 76 506 905 546">
     <span class='ocr_line' id='line_1_13' title="bbox 76 506 905 546; baseline -0.001 -11"><span class='ocrx_word' id='word_1_70' title='bbox 76 509 123 536; x_wconf 82' lang='grc' dir='ltr'>καὶ</span> <span class='ocrx_word' id='word_1_71' title='bbox 155 506 337 546; x_wconf 71' lang='grc' dir='ltr'>ἑνεδρεύουςιν</span> <span class='ocrx_word' id='word_1_72' title='bbox 375 507 401 536; x_wconf 69' lang='grc' dir='ltr'>ἔν</span> <span class='ocrx_word' id='word_1_73' title='bbox 427 519 481 536; x_wconf 78' lang='grc' dir='ltr'>τινι</span> <span class='ocrx_word' id='word_1_74' title='bbox 510 508 640 544; x_wconf 83' lang='grc' dir='ltr'>ἐπιμήκει</span> <span class='ocrx_word' id='word_1_75' title='bbox 669 510 848 546; x_wconf 74' lang='grc' dir='ltr'>στενοχωρίᾳ·</span> <span class='ocrx_word' id='word_1_76' title='bbox 879 507 905 535; x_wconf 63' lang='grc' dir='ltr'>ἐν</span> 
     </span>
    </p>
   </div>
   <div class='ocr_carea' id='block_1_14' title="bbox 74 551 908 590">
    <p class='ocr_par' dir='ltr' id='par_1_14' title="bbox 74 551 908 590">
     <span class='ocr_line' id='line_1_14' title="bbox 74 551 908 590; baseline 0 -10"><span class='ocrx_word' id='word_1_77' title='bbox 74 553 94 590; x_wconf 72' lang='grc' dir='ltr'>ᾖ</span> <span class='ocrx_word' id='word_1_78' title='bbox 124 552 254 585; x_wconf 69' lang='grc' dir='ltr'>εἰσελθὼν</span> <span class='ocrx_word' id='word_1_79' title='bbox 270 552 316 579; x_wconf 83' lang='grc' dir='ltr'>καὶ</span> <span class='ocrx_word' id='word_1_80' title='bbox 331 552 462 580; x_wconf 82' lang='grc' dir='ltr'>πάντοθεν</span> <span class='ocrx_word' id='word_1_81' title='bbox 490 553 726 590; x_wconf 80' lang='grc' dir='ltr'>περιστοιχισθεὶς</span> <span class='ocrx_word' id='word_1_82' title='bbox 741 553 786 580; x_wconf 85' lang='grc' dir='ltr'>καὶ</span> <span class='ocrx_word' id='word_1_83' title='bbox 808 551 908 580; x_wconf 74' lang='grc' dir='ltr'>ἄνωθεν</span> 
     </span>
    </p>
   </div>
   <div class='ocr_carea' id='block_1_15' title="bbox 76 596 907 634">
    <p class='ocr_par' dir='ltr' id='par_1_15' title="bbox 76 596 907 634">
     <span class='ocr_line' id='line_1_15' title="bbox 76 596 907 634; baseline -0.001 -9"><span class='ocrx_word' id='word_1_84' title='bbox 76 597 132 625; x_wconf 76' lang='grc' dir='ltr'>ὑπὸ</span> <span class='ocrx_word' id='word_1_85' title='bbox 150 597 233 624; x_wconf 86' lang='grc' dir='ltr'>Λίθων</span> <span class='ocrx_word' id='word_1_86' title='bbox 250 596 295 624; x_wconf 88' lang='grc' dir='ltr'>καὶ</span> <span class='ocrx_word' id='word_1_87' title='bbox 310 597 395 632; x_wconf 81' lang='grc' dir='ltr'>τόξων</span> <span class='ocrx_word' id='word_1_88' title='bbox 412 596 597 634; x_wconf 72' lang='grc' dir='ltr'>βαλλόμενος,</span> <span class='ocrx_word' id='word_1_89' title='bbox 616 596 733 633; x_wconf 83' lang='grc' dir='ltr'>μηδενὸς</span> <span class='ocrx_word' id='word_1_90' title='bbox 757 597 907 633; x_wconf 79' lang='grc' dir='ltr'>ἀμύνασθαι</span> 
     </span>
    </p>
   </div>
   <div class='ocr_carea' id='block_1_16' title="bbox 77 640 908 679">
    <p class='ocr_par' dir='ltr' id='par_1_16' title="bbox 77 640 908 679">
     <span class='ocr_line' id='line_1_16' title="bbox 77 640 908 679; baseline -0.001 -9"><span class='ocrx_word' id='word_1_91' title='bbox 77 641 234 678; x_wconf 66' lang='grc' dir='ltr'>δυναμένου</span> <span class='ocrx_word' id='word_1_92' title='bbox 250 640 294 669; x_wconf 81' lang='grc' dir='ltr'>διὰ</span> <span class='ocrx_word' id='word_1_93' title='bbox 307 642 357 676; x_wconf 83' lang='grc' dir='ltr'>τὴν</span> <span class='ocrx_word' id='word_1_94' title='bbox 372 641 508 669; x_wconf 81' lang='grc' dir='ltr'>πύκνωσιν</span> <span class='ocrx_word' id='word_1_95' title='bbox 531 641 576 669; x_wconf 83' lang='grc' dir='ltr'><strong>χαί</strong></span> <span class='ocrx_word' id='word_1_96' title='bbox 595 643 627 669; x_wconf 86' lang='grc' dir='ltr'>τὸ</span> <span class='ocrx_word' id='word_1_97' title='bbox 650 645 700 677; x_wconf 82' lang='grc' dir='ltr'>τῆς</span> <span class='ocrx_word' id='word_1_98' title='bbox 724 641 908 679; x_wconf 74' lang='grc' dir='ltr'>στενοχωρίας</span> 
     </span>
    </p>
   </div>
   <div class='ocr_carea' id='block_1_17' title="bbox 77 685 907 722">
    <p class='ocr_par' dir='ltr' id='par_1_17' title="bbox 77 685 907 722">
     <span class='ocr_line' id='line_1_17' title="bbox 77 685 907 722; baseline -0.001 -8"><span class='ocrx_word' id='word_1_99' title='bbox 77 685 277 722; x_wconf 76' lang='grc' dir='ltr'>ἀδιεξόδευτον,</span> <span class='ocrx_word' id='word_1_100' title='bbox 307 685 387 717; x_wconf 83' lang='grc' dir='ltr'>αὐτός</span> <span class='ocrx_word' id='word_1_101' title='bbox 409 697 438 714; x_wconf 83' lang='grc' dir='ltr'>τε</span> <span class='ocrx_word' id='word_1_102' title='bbox 461 686 573 722; x_wconf 75' lang='grc' dir='ltr'>πίπτει,</span> <span class='ocrx_word' id='word_1_103' title='bbox 610 685 681 722; x_wconf 71' lang='grc' dir='ltr'>μηδὲ</span> <span class='ocrx_word' id='word_1_104' title='bbox 706 689 766 717; x_wconf 86' lang='grc' dir='ltr'>ταῖς</span> <span class='ocrx_word' id='word_1_105' title='bbox 795 686 907 717; x_wconf 75' lang='grc' dir='ltr'>οἰκείαις</span> 
     </span>
    </p>
   </div>
   <div class='ocr_carea' id='block_1_18' title="bbox 78 729 908 769">
    <p class='ocr_par' dir='ltr' id='par_1_18' title="bbox 78 729 908 769">
     <span class='ocr_line' id='line_1_18' title="bbox 78 729 908 769; baseline 0 -11"><span class='ocrx_word' id='word_1_106' title='bbox 78 731 163 769; x_wconf 83' lang='grc' dir='ltr'>χερσὶ</span> <span class='ocrx_word' id='word_1_107' title='bbox 192 729 318 766; x_wconf 63' lang='grc' dir='ltr'>δυνηθεὶς</span> <span class='ocrx_word' id='word_1_108' title='bbox 347 731 512 768; x_wconf 83' lang='grc' dir='ltr'>χρήσασθαι,</span> <span class='ocrx_word' id='word_1_109' title='bbox 525 731 569 758; x_wconf 84' lang='grc' dir='ltr'>καὶ</span> <span class='ocrx_word' id='word_1_110' title='bbox 585 730 658 758; x_wconf 80' lang='grc' dir='ltr'>πολὺ</span> <span class='ocrx_word' id='word_1_111' title='bbox 676 731 758 768; x_wconf 71' lang='grc' dir='ltr'>μέρος</span> <span class='ocrx_word' id='word_1_112' title='bbox 773 730 820 758; x_wconf 86' lang='grc' dir='ltr'>σὺν</span> <span class='ocrx_word' id='word_1_113' title='bbox 835 730 908 767; x_wconf 81' lang='grc' dir='ltr'>αὖτῷ</span> 
     </span>
    </p>
   </div>
   <div class='ocr_carea' id='block_1_19' title="bbox 79 774 908 813">
    <p class='ocr_par' dir='ltr' id='par_1_19' title="bbox 79 774 908 813">
     <span class='ocr_line' id='line_1_19' title="bbox 79 774 908 813; baseline -0.001 -10"><span class='ocrx_word' id='word_1_114' title='bbox 79 774 210 803; x_wconf 76' lang='grc' dir='ltr'>ἀπώλετο</span> <span class='ocrx_word' id='word_1_115' title='bbox 224 777 273 802; x_wconf 81' lang='grc' dir='ltr'>τοῦ</span> <span class='ocrx_word' id='word_1_116' title='bbox 288 775 414 812; x_wconf 72' lang='grc' dir='ltr'>στρατοῦ.</span> <span class='ocrx_word' id='word_1_117' title='bbox 443 776 529 813; x_wconf 69' lang='lat' dir='ltr'><strong>&quot;Amp</strong></span> <span class='ocrx_word' id='word_1_118' title='bbox 560 775 710 812; x_wconf 68' lang='grc' dir='ltr'>μηνυθὶντα</span> <span class='ocrx_word' id='word_1_119' title='bbox 737 777 778 811; x_wconf 76' lang='grc' dir='ltr'>τῷ</span> <span class='ocrx_word' id='word_1_120' title='bbox 801 774 908 812; x_wconf 80' lang='grc' dir='ltr'>βασιλεῖ</span> 
     </span>
    </p>
   </div>
   <div class='ocr_carea' id='block_1_20' title="bbox 79 818 946 871">
    <p class='ocr_par' dir='ltr' id='par_1_20' title="bbox 79 818 946 871">
     <span class='ocr_line' id='line_1_20' title="bbox 79 818 946 871; baseline -0.001 -24"><span class='ocrx_word' id='word_1_121' title='bbox 79 818 192 855; x_wconf 80' lang='grc' dir='ltr'>πολλῆς</span> <span class='ocrx_word' id='word_1_122' title='bbox 207 819 287 847; x_wconf 80' lang='grc' dir='ltr'>αὐτὸν</span> <span class='ocrx_word' id='word_1_123' title='bbox 300 818 447 871; x_wconf 44' lang='grc' dir='ltr'>ἐνεπληισεν</span> <span class='ocrx_word' id='word_1_124' title='bbox 476 819 601 871; x_wconf 61' lang='grc' dir='ltr'>ἀθυμίας.</span> <span class='ocrx_word' id='word_1_125' title='bbox 630 820 709 848; x_wconf 81' lang='grc' dir='ltr'>’Όυεν</span> <span class='ocrx_word' id='word_1_126' title='bbox 730 819 774 846; x_wconf 87' lang='grc' dir='ltr'>καὶ</span> <span class='ocrx_word' id='word_1_127' title='bbox 798 829 907 856; x_wconf 84' lang='grc' dir='ltr'>προσω-</span> <span class='ocrx_word' id='word_1_128' title='bbox 923 838 946 871; x_wconf 79' lang='grc' dir='ltr'>Β</span> 
     </span>
    </p>
   </div>
   <div class='ocr_carea' id='block_1_21' title="bbox 79 862 906 902">
    <p class='ocr_par' dir='ltr' id='par_1_21' title="bbox 79 862 906 902">
     <span class='ocr_line' id='line_1_21' title="bbox 79 862 906 902; baseline 0 -11"><span class='ocrx_word' id='word_1_129' title='bbox 79 864 154 902; x_wconf 72' lang='grc' dir='ltr'>τέρω</span> <span class='ocrx_word' id='word_1_130' title='bbox 182 867 285 902; x_wconf 85' lang='grc' dir='ltr'>χωρεῖν</span> <span class='ocrx_word' id='word_1_131' title='bbox 317 863 366 891; x_wconf 76' lang='grc' dir='ltr'>οὐκ</span> <span class='ocrx_word' id='word_1_132' title='bbox 391 862 512 898; x_wconf 75' lang='grc' dir='ltr'>ἔκρινεν,</span> <span class='ocrx_word' id='word_1_133' title='bbox 539 863 603 891; x_wconf 80' lang='grc' dir='ltr'>ἀλλ’</span> <span class='ocrx_word' id='word_1_134' title='bbox 630 864 800 902; x_wconf 72' lang='grc' dir='ltr'>ὑποστρέψας</span> <span class='ocrx_word' id='word_1_135' title='bbox 823 863 906 898; x_wconf 78' lang='grc' dir='ltr'>ἦλθεν</span> 
     </span>
    </p>
   </div>
   <div class='ocr_carea' id='block_1_22' title="bbox 81 907 907 946">
    <p class='ocr_par' dir='ltr' id='par_1_22' title="bbox 81 907 907 946">
     <span class='ocr_line' id='line_1_22' title="bbox 81 907 907 946; baseline -0.004 -9"><span class='ocrx_word' id='word_1_136' title='bbox 81 909 122 941; x_wconf 82' lang='grc' dir='ltr'>εἰς</span> <span class='ocrx_word' id='word_1_137' title='bbox 146 909 180 936; x_wconf 75' lang='grc' dir='ltr'>τὰ</span> <span class='ocrx_word' id='word_1_138' title='bbox 208 909 335 946; x_wconf 73' lang='grc' dir='ltr'>ΖαγόριαΙ</span> <span class='ocrx_word' id='word_1_139' title='bbox 370 907 432 936; x_wconf 70' lang='grc' dir='ltr'>ἔνθα</span> <span class='ocrx_word' id='word_1_140' title='bbox 459 909 492 936; x_wconf 86' lang='grc' dir='ltr'>τὸ</span> <span class='ocrx_word' id='word_1_141' title='bbox 522 907 583 935; x_wconf 83' lang='grc' dir='ltr'>λίαν</span> <span class='ocrx_word' id='word_1_142' title='bbox 611 909 786 946; x_wconf 74' lang='grc' dir='ltr'>ὀχυριῦτανον</span> <span class='ocrx_word' id='word_1_143' title='bbox 803 907 907 945; x_wconf 72' lang='grc' dir='ltr'>ἵδρυται</span> 
     </span>
    </p>
   </div>
   <div class='ocr_carea' id='block_1_23' title="bbox 82 951 909 993">
    <p class='ocr_par' dir='ltr' id='par_1_23' title="bbox 82 951 909 993">
     <span class='ocr_line' id='line_1_23' title="bbox 82 951 909 993; baseline 0 -13"><span class='ocrx_word' id='word_1_144' title='bbox 82 953 215 993; x_wconf 79' lang='grc' dir='ltr'>φρούριον</span> <span class='ocrx_word' id='word_1_145' title='bbox 242 953 256 979; x_wconf 85' lang='grc' dir='ltr'><strong>ὁ</strong></span> <span class='ocrx_word' id='word_1_146' title='bbox 285 952 444 986; x_wconf 75' lang='grc' dir='ltr'>Μελὲνικος,</span> <span class='ocrx_word' id='word_1_147' title='bbox 473 952 516 979; x_wconf 79' lang='grc' dir='ltr'>ἐπί</span> <span class='ocrx_word' id='word_1_148' title='bbox 541 963 614 984; x_wconf 88' lang='grc' dir='ltr'>τινος</span> <span class='ocrx_word' id='word_1_149' title='bbox 640 952 739 990; x_wconf 63' lang='grc' dir='ltr'>πέτρας</span> <span class='ocrx_word' id='word_1_150' title='bbox 764 951 909 989; x_wconf 73' lang='grc' dir='ltr'>ἴδρυμὲνον</span> 
     </span>
    </p>
   </div>
   <div class='ocr_carea' id='block_1_24' title="bbox 80 996 909 1037">
    <p class='ocr_par' dir='ltr' id='par_1_24' title="bbox 80 996 909 1037">
     <span class='ocr_line' id='line_1_24' title="bbox 80 996 909 1037; baseline -0.001 -12"><span class='ocrx_word' id='word_1_151' title='bbox 80 1000 220 1035; x_wconf 75' lang='grc' dir='ltr'>κρημνοῖς</span> <span class='ocrx_word' id='word_1_152' title='bbox 246 997 292 1025; x_wconf 80' lang='grc' dir='ltr'>καὶ</span> <span class='ocrx_word' id='word_1_153' title='bbox 313 996 429 1037; x_wconf 78' lang='grc' dir='ltr'>φάραγξι</span> <span class='ocrx_word' id='word_1_154' title='bbox 455 996 618 1035; x_wconf 79' lang='grc' dir='ltr'>βάθυτάταις</span> <span class='ocrx_word' id='word_1_155' title='bbox 646 996 773 1024; x_wconf 80' lang='grc' dir='ltr'>πάντοθεν</span> <span class='ocrx_word' id='word_1_156' title='bbox 799 996 909 1035; x_wconf 77' lang='grc' dir='ltr'>ἰστεφα-</span> 
     </span>
    </p>
   </div>
   <div class='ocr_carea' id='block_1_25' title="bbox 81 1041 910 1080">
    <p class='ocr_par' dir='ltr' id='par_1_25' title="bbox 81 1041 910 1080">
     <span class='ocr_line' id='line_1_25' title="bbox 81 1041 910 1080; baseline -0.002 -10"><span class='ocrx_word' id='word_1_157' title='bbox 81 1042 220 1079; x_wconf 76' lang='grc' dir='ltr'>νωμὲνης·</span> <span class='ocrx_word' id='word_1_158' title='bbox 250 1041 277 1070; x_wconf 66' lang='grc' dir='ltr'>ἐν</span> <span class='ocrx_word' id='word_1_159' title='bbox 292 1043 315 1078; x_wconf 83' lang='grc' dir='ltr'>ᾧ</span> <span class='ocrx_word' id='word_1_160' title='bbox 344 1042 370 1068; x_wconf 80' lang='lat' dir='ltr'>nl.</span> <span class='ocrx_word' id='word_1_161' title='bbox 385 1045 436 1076; x_wconf 83' lang='grc' dir='ltr'>τῆς</span> <span class='ocrx_word' id='word_1_162' title='bbox 451 1042 610 1080; x_wconf 77' lang='grc' dir='ltr'>περιχώρου</span> <span class='ocrx_word' id='word_1_163' title='bbox 640 1041 768 1073; x_wconf 74' lang='grc' dir='ltr'>πάντοθεν</span> <span class='ocrx_word' id='word_1_164' title='bbox 789 1051 910 1080; x_wconf 85' lang='grc' dir='ltr'>καταφυ-</span> 
     </span>
    </p>
   </div>
   <div class='ocr_carea' id='block_1_26' title="bbox 80 1085 909 1125">
    <p class='ocr_par' dir='ltr' id='par_1_26' title="bbox 80 1085 909 1125">
     <span class='ocr_line' id='line_1_26' title="bbox 80 1085 909 1125; baseline 0 -11"><span class='ocrx_word' id='word_1_165' title='bbox 80 1086 176 1125; x_wconf 81' lang='grc' dir='ltr'>γόντες</span> <span class='ocrx_word' id='word_1_166' title='bbox 204 1085 358 1125; x_wconf 76' lang='grc' dir='ltr'>Βούλγαροι</span> <span class='ocrx_word' id='word_1_167' title='bbox 383 1085 465 1124; x_wconf 79' lang='grc' dir='ltr'>ὀλιγα</span> <span class='ocrx_word' id='word_1_168' title='bbox 486 1088 542 1113; x_wconf 84' lang='grc' dir='ltr'>τῶν</span> <span class='ocrx_word' id='word_1_169' title='bbox 566 1086 710 1122; x_wconf 80' lang='grc' dir='ltr'>Ῥωμαίων</span> <span class='ocrx_word' id='word_1_170' title='bbox 741 1085 909 1125; x_wconf 78' lang='grc' dir='ltr'>ἰφρόντιζον.</span> 
     </span>
    </p>
   </div>
   <div class='ocr_carea' id='block_1_27' title="bbox 80 1129 908 1170">
    <p class='ocr_par' dir='ltr' id='par_1_27' title="bbox 80 1129 908 1170">
     <span class='ocr_line' id='line_1_27' title="bbox 80 1129 908 1170; baseline -0.002 -11"><span class='ocrx_word' id='word_1_171' title='bbox 80 1132 160 1170; x_wconf 73' lang='grc' dir='ltr'>Ἠρὸς</span> <span class='ocrx_word' id='word_1_172' title='bbox 184 1131 231 1162; x_wconf 73' lang='grc' dir='ltr'>οὕς</span> <span class='ocrx_word' id='word_1_173' title='bbox 260 1132 274 1158; x_wconf 85' lang='grc' dir='ltr'><strong>ὁ</strong></span> <span class='ocrx_word' id='word_1_174' title='bbox 290 1130 416 1168; x_wconf 80' lang='grc' dir='ltr'>βασιλεὺς</span> <span class='ocrx_word' id='word_1_175' title='bbox 433 1131 547 1169; x_wconf 74' lang='grc' dir='ltr'>Σὲργιόν</span> <span class='ocrx_word' id='word_1_176' title='bbox 563 1141 623 1158; x_wconf 88' lang='grc' dir='ltr'>τινα</span> <span class='ocrx_word' id='word_1_177' title='bbox 639 1130 779 1167; x_wconf 77' lang='grc' dir='ltr'>ἐκτομίαν,</span> <span class='ocrx_word' id='word_1_178' title='bbox 795 1129 842 1158; x_wconf 70' lang='grc' dir='ltr'>ἕνα</span> <span class='ocrx_word' id='word_1_179' title='bbox 856 1133 908 1158; x_wconf 81' lang='grc' dir='ltr'>τῶν</span> 
     </span>
    </p>
   </div>
   <div class='ocr_carea' id='block_1_28' title="bbox 84 1173 912 1212">
    <p class='ocr_par' dir='ltr' id='par_1_28' title="bbox 84 1173 912 1212">
     <span class='ocr_line' id='line_1_28' title="bbox 84 1173 912 1212; baseline -0.001 -9"><span class='ocrx_word' id='word_1_180' title='bbox 84 1175 260 1204; x_wconf 69' lang='grc' dir='ltr'>οἰκειοτάτων</span> <span class='ocrx_word' id='word_1_181' title='bbox 289 1175 363 1211; x_wconf 82' lang='grc' dir='ltr'>αὐτῷ</span> <span class='ocrx_word' id='word_1_182' title='bbox 392 1174 622 1212; x_wconf 82' lang='grc' dir='ltr'>θαλαμηπόλων,</span> <span class='ocrx_word' id='word_1_183' title='bbox 655 1174 800 1212; x_wconf 67' lang='grc' dir='ltr'>ἐκπέμπει,</span> <span class='ocrx_word' id='word_1_184' title='bbox 830 1173 912 1210; x_wconf 79' lang='grc' dir='ltr'>ἄνδρα</span> 
     </span>
    </p>
   </div>
   <div class='ocr_carea' id='block_1_29' title="bbox 85 1218 911 1259">
    <p class='ocr_par' dir='ltr' id='par_1_29' title="bbox 85 1218 911 1259">
     <span class='ocr_line' id='line_1_29' title="bbox 85 1218 911 1259; baseline -0.001 -12"><span class='ocrx_word' id='word_1_185' title='bbox 85 1221 207 1259; x_wconf 85' lang='grc' dir='ltr'>φρενήρη</span> <span class='ocrx_word' id='word_1_186' title='bbox 236 1230 266 1247; x_wconf 86' lang='grc' dir='ltr'>τε</span> <span class='ocrx_word' id='word_1_187' title='bbox 293 1220 339 1247; x_wconf 79' lang='grc' dir='ltr'>καὶ</span> <span class='ocrx_word' id='word_1_188' title='bbox 368 1218 454 1246; x_wconf 83' lang='grc' dir='ltr'>δεινὸν</span> <span class='ocrx_word' id='word_1_189' title='bbox 480 1219 579 1253; x_wconf 74' lang='grc' dir='ltr'>εἰπεῖν,</span> <span class='ocrx_word' id='word_1_190' title='bbox 609 1219 833 1256; x_wconf 82' lang='grc' dir='ltr'>ἀποπειρώμενος</span> <span class='ocrx_word' id='word_1_191' title='bbox 859 1222 911 1254; x_wconf 82' lang='grc' dir='ltr'>τῆς</span> 
     </span>
    </p>
   </div>
   <div class='ocr_carea' id='block_1_30' title="bbox 84 1262 911 1302">
    <p class='ocr_par' dir='ltr' id='par_1_30' title="bbox 84 1262 911 1302">
     <span class='ocr_line' id='line_1_30' title="bbox 84 1262 911 1302; baseline -0.002 -10"><span class='ocrx_word' id='word_1_192' title='bbox 84 1265 200 1302; x_wconf 80' lang='grc' dir='ltr'>γνώμης</span> <span class='ocrx_word' id='word_1_193' title='bbox 228 1263 326 1292; x_wconf 77' lang='grc' dir='ltr'>αὐτῶν.</span> <span class='ocrx_word' id='word_1_194' title='bbox 355 1264 441 1294; x_wconf 80' lang='grc' dir='ltr'>Οὗτος</span> <span class='ocrx_word' id='word_1_195' title='bbox 469 1262 492 1291; x_wconf 82' lang='grc' dir='ltr'>δ’</span> <span class='ocrx_word' id='word_1_196' title='bbox 520 1263 605 1290; x_wconf 77' lang='grc' dir='ltr'>ὶκεῖσε</span> <span class='ocrx_word' id='word_1_197' title='bbox 619 1264 767 1301; x_wconf 83' lang='grc' dir='ltr'>γενόμενος</span> <span class='ocrx_word' id='word_1_198' title='bbox 783 1264 826 1290; x_wconf 81' lang='grc' dir='ltr'>καὶ</span> <span class='ocrx_word' id='word_1_199' title='bbox 841 1263 911 1291; x_wconf 88' lang='grc' dir='ltr'>πολ-</span> 
     </span>
    </p>
   </div>
   <div class='ocr_carea' id='block_1_31' title="bbox 86 1306 913 1346">
    <p class='ocr_par' dir='ltr' id='par_1_31' title="bbox 86 1306 913 1346">
     <span class='ocr_line' id='line_1_31' title="bbox 86 1306 913 1346; baseline 0 -11"><span class='ocrx_word' id='word_1_200' title='bbox 86 1308 150 1339; x_wconf 83' lang='grc' dir='ltr'>λαὶς</span> <span class='ocrx_word' id='word_1_201' title='bbox 177 1309 353 1346; x_wconf 78' lang='grc' dir='ltr'>χρησάμενος</span> <span class='ocrx_word' id='word_1_202' title='bbox 381 1306 589 1346; x_wconf 84' lang='grc' dir='ltr'>πιθανολογίαις</span> <span class='ocrx_word' id='word_1_203' title='bbox 619 1306 791 1344; x_wconf 78' lang='grc' dir='ltr'>μεταδιδάξαι</span> <span class='ocrx_word' id='word_1_204' title='bbox 818 1306 913 1345; x_wconf 56' lang='grc' dir='ltr'>ἴσχυσε</span> 
     </span>
    </p>
   </div>
   <div class='ocr_carea' id='block_1_32' title="bbox 85 1350 913 1390">
    <p class='ocr_par' dir='ltr' id='par_1_32' title="bbox 85 1350 913 1390">
     <span class='ocr_line' id='line_1_32' title="bbox 85 1350 913 1390; baseline -0.001 -10"><span class='ocrx_word' id='word_1_205' title='bbox 85 1353 150 1384; x_wconf 78' lang='grc' dir='ltr'>τοὺς</span> <span class='ocrx_word' id='word_1_206' title='bbox 175 1353 334 1390; x_wconf 81' lang='grc' dir='ltr'>ἀνθρώπους</span> <span class='ocrx_word' id='word_1_207' title='bbox 361 1351 392 1380; x_wconf 74' lang='grc' dir='ltr'>τό</span> <span class='ocrx_word' id='word_1_208' title='bbox 421 1350 492 1388; x_wconf 74' lang='grc' dir='ltr'>δεον,</span> <span class='ocrx_word' id='word_1_209' title='bbox 507 1352 600 1380; x_wconf 78' lang='grc' dir='ltr'>καὶτὰ</span> <span class='ocrx_word' id='word_1_210' title='bbox 615 1351 688 1380; x_wconf 71' lang='grc' dir='ltr'>ὅπλα</span> <span class='ocrx_word' id='word_1_211' title='bbox 713 1352 913 1388; x_wconf 66' lang='grc' dir='ltr'>καταθεμένους</span> 
     </span>
    </p>
   </div>
   <div class='ocr_carea' id='block_1_33' title="bbox 85 1395 913 1436">
    <p class='ocr_par' dir='ltr' id='par_1_33' title="bbox 85 1395 913 1436">
     <span class='ocr_line' id='line_1_33' title="bbox 85 1395 913 1436; baseline -0.004 -11"><span class='ocrx_word' id='word_1_212' title='bbox 85 1396 253 1435; x_wconf 77' lang='grc' dir='ltr'>παραδοῦναι</span> <span class='ocrx_word' id='word_1_213' title='bbox 268 1399 308 1433; x_wconf 88' lang='grc' dir='ltr'>τῷ</span> <span class='ocrx_word' id='word_1_214' title='bbox 326 1395 433 1434; x_wconf 83' lang='grc' dir='ltr'>βασιλεῖ</span> <span class='ocrx_word' id='word_1_215' title='bbox 448 1396 559 1427; x_wconf 65' lang='grc' dir='ltr'>ἑαυτοὺς</span> <span class='ocrx_word' id='word_1_216' title='bbox 582 1397 626 1424; x_wconf 82' lang='grc' dir='ltr'>καὶ</span> <span class='ocrx_word' id='word_1_217' title='bbox 651 1397 683 1424; x_wconf 84' lang='grc' dir='ltr'>τὸ</span> <span class='ocrx_word' id='word_1_218' title='bbox 703 1396 842 1436; x_wconf 84' lang='grc' dir='ltr'>φρούριον.</span> <span class='ocrx_word' id='word_1_219' title='bbox 860 1395 913 1426; x_wconf 82' lang='grc' dir='ltr'>Οὕς</span> 
     </span>
    </p>
   </div>
   <div class='ocr_carea' id='block_1_34' title="bbox 86 1440 914 1479">
    <p class='ocr_par' dir='ltr' id='par_1_34' title="bbox 86 1440 914 1479">
     <span class='ocr_line' id='line_1_34' title="bbox 86 1440 914 1479; baseline -0.001 -10"><span class='ocrx_word' id='word_1_220' title='bbox 86 1440 287 1478; x_wconf 76' lang='grc' dir='ltr'>ἀποδεξάμενος</span> <span class='ocrx_word' id='word_1_221' title='bbox 303 1441 317 1468; x_wconf 79' lang='grc' dir='ltr'>ὁ</span> <span class='ocrx_word' id='word_1_222' title='bbox 334 1440 462 1479; x_wconf 80' lang='grc' dir='ltr'>βασιλεὺς</span> <span class='ocrx_word' id='word_1_223' title='bbox 476 1440 522 1468; x_wconf 87' lang='grc' dir='ltr'>καὶ</span> <span class='ocrx_word' id='word_1_224' title='bbox 543 1440 818 1479; x_wconf 78' lang='grc' dir='ltr'>φιλοφρονησάμενος</span> <span class='ocrx_word' id='word_1_225' title='bbox 843 1440 914 1475; x_wconf 80' lang='grc' dir='ltr'>ἀξιο-</span> 
     </span>
    </p>
   </div>
   <div class='ocr_carea' id='block_1_35' title="bbox 86 1485 911 1524">
    <p class='ocr_par' dir='ltr' id='par_1_35' title="bbox 86 1485 911 1524">
     <span class='ocr_line' id='line_1_35' title="bbox 86 1485 911 1524; baseline -0.002 -11"><span class='ocrx_word' id='word_1_226' title='bbox 86 1488 208 1524; x_wconf 80' lang='grc' dir='ltr'>πρεπῶς,</span> <span class='ocrx_word' id='word_1_227' title='bbox 247 1485 292 1513; x_wconf 80' lang='grc' dir='ltr'>καί</span> <span class='ocrx_word' id='word_1_228' title='bbox 331 1486 450 1523; x_wconf 78' lang='grc' dir='ltr'>φρουρὰν</span> <span class='ocrx_word' id='word_1_229' title='bbox 482 1487 523 1521; x_wconf 82' lang='grc' dir='ltr'>τῷ</span> <span class='ocrx_word' id='word_1_230' title='bbox 549 1485 672 1523; x_wconf 79' lang='grc' dir='ltr'>φρουρίῳ</span> <span class='ocrx_word' id='word_1_231' title='bbox 697 1486 748 1520; x_wconf 79' lang='grc' dir='ltr'>τήν</span> <span class='ocrx_word' id='word_1_232' title='bbox 778 1485 911 1523; x_wconf 80' lang='grc' dir='ltr'>ἀρκοῦσαν</span> 
     </span>
    </p>
   </div>
   <div class='ocr_carea' id='block_1_36' title="bbox 959 197 1782 233">
    <p class='ocr_par' dir='ltr' id='par_1_36' title="bbox 959 197 1782 233">
     <span class='ocr_line' id='line_1_36' title="bbox 959 197 1782 233; baseline 0.004 -9"><span class='ocrx_word' id='word_1_233' title='bbox 959 197 1106 225; x_wconf 76' lang='lat' dir='ltr'>mandatis</span> <span class='ocrx_word' id='word_1_234' title='bbox 1122 197 1246 233; x_wconf 82' lang='lat' dir='ltr'>peractis</span> <span class='ocrx_word' id='word_1_235' title='bbox 1261 197 1296 224; x_wconf 87' lang='lat' dir='ltr'>ad</span> <span class='ocrx_word' id='word_1_236' title='bbox 1312 197 1516 233; x_wconf 78' lang='lat' dir='ltr'>imperatorem</span> <span class='ocrx_word' id='word_1_237' title='bbox 1534 197 1627 226; x_wconf 86' lang='lat' dir='ltr'><strong>redire</strong></span> <span class='ocrx_word' id='word_1_238' title='bbox 1642 197 1740 233; x_wconf 80' lang='lat' dir='ltr'>vellet,</span> <span class='ocrx_word' id='word_1_239' title='bbox 1751 198 1782 227; x_wconf 86' lang='lat' dir='ltr'>in</span> 
     </span>
    </p>
   </div>
   <div class='ocr_carea' id='block_1_37' title="bbox 958 241 1782 278">
    <p class='ocr_par' dir='ltr' id='par_1_37' title="bbox 958 241 1782 278">
     <span class='ocr_line' id='line_1_37' title="bbox 958 241 1782 278; baseline 0.001 -9"><span class='ocrx_word' id='word_1_240' title='bbox 958 241 1082 270; x_wconf 81' lang='lat' dir='ltr'><strong>insidias</strong></span> <span class='ocrx_word' id='word_1_241' title='bbox 1092 242 1128 270; x_wconf 86' lang='lat' dir='ltr'>ad</span> <span class='ocrx_word' id='word_1_242' title='bbox 1140 242 1193 269; x_wconf 87' lang='lat' dir='ltr'><strong>hoc</strong></span> <span class='ocrx_word' id='word_1_243' title='bbox 1204 242 1302 277; x_wconf 87' lang='lat' dir='ltr'><strong>ipsum</strong></span> <span class='ocrx_word' id='word_1_244' title='bbox 1314 241 1468 269; x_wconf 86' lang='lat' dir='ltr'><strong>collocatas</strong></span> <span class='ocrx_word' id='word_1_245' title='bbox 1480 241 1509 269; x_wconf 89' lang='lat' dir='ltr'>in</span> <span class='ocrx_word' id='word_1_246' title='bbox 1523 242 1664 278; x_wconf 73' lang='lat' dir='ltr'>porrectis</span> <span class='ocrx_word' id='word_1_247' title='bbox 1675 242 1705 270; x_wconf 89' lang='lat' dir='ltr'>in</span> <span class='ocrx_word' id='word_1_248' title='bbox 1716 243 1782 271; x_wconf 86' lang='lat' dir='ltr'><strong>lon-</strong></span> 
     </span>
    </p>
   </div>
   <div class='ocr_carea' id='block_1_38' title="bbox 959 286 1783 322">
    <p class='ocr_par' dir='ltr' id='par_1_38' title="bbox 959 286 1783 322">
     <span class='ocr_line' id='line_1_38' title="bbox 959 286 1783 322; baseline 0 -8"><span class='ocrx_word' id='word_1_249' title='bbox 959 295 1028 321; x_wconf 70' lang='lat' dir='ltr'>gum</span> <span class='ocrx_word' id='word_1_250' title='bbox 1043 286 1179 322; x_wconf 84' lang='lat' dir='ltr'><strong>angustis</strong></span> <span class='ocrx_word' id='word_1_251' title='bbox 1192 286 1308 320; x_wconf 78' lang='lat' dir='ltr'><strong>incidit,</strong></span> <span class='ocrx_word' id='word_1_252' title='bbox 1324 286 1677 322; x_wconf 75' lang='lat' dir='ltr'><strong>460circuniventusque</strong></span> <span class='ocrx_word' id='word_1_253' title='bbox 1692 290 1720 315; x_wconf 89' lang='lat' dir='ltr'>et</span> <span class='ocrx_word' id='word_1_254' title='bbox 1736 288 1783 314; x_wconf 88' lang='lat' dir='ltr'><strong>de-</strong></span> 
     </span>
    </p>
   </div>
   <div class='ocr_carea' id='block_1_39' title="bbox 960 331 1784 367">
    <p class='ocr_par' dir='ltr' id='par_1_39' title="bbox 960 331 1784 367">
     <span class='ocr_line' id='line_1_39' title="bbox 960 331 1784 367; baseline 0.001 -9"><span class='ocrx_word' id='word_1_255' title='bbox 960 339 1049 367; x_wconf 92' lang='lat' dir='ltr'><strong>super</strong></span> <span class='ocrx_word' id='word_1_256' title='bbox 1063 332 1142 358; x_wconf 89' lang='lat' dir='ltr'><strong>saxis</strong></span> <span class='ocrx_word' id='word_1_257' title='bbox 1160 331 1286 366; x_wconf 77' lang='lat' dir='ltr'>telisque</span> <span class='ocrx_word' id='word_1_258' title='bbox 1310 331 1429 366; x_wconf 86' lang='lat' dir='ltr'><strong>petitus,</strong></span> <span class='ocrx_word' id='word_1_259' title='bbox 1456 331 1535 358; x_wconf 91' lang='lat' dir='ltr'><strong>omni</strong></span> <span class='ocrx_word' id='word_1_260' title='bbox 1561 338 1591 358; x_wconf 86' lang='lat' dir='ltr'>se</span> <span class='ocrx_word' id='word_1_261' title='bbox 1607 331 1784 359; x_wconf 74' lang='lat' dir='ltr'><strong>defendendi</strong></span> 
     </span>
    </p>
   </div>
   <div class='ocr_carea' id='block_1_40' title="bbox 960 374 1782 412">
    <p class='ocr_par' dir='ltr' id='par_1_40' title="bbox 960 374 1782 412">
     <span class='ocr_line' id='line_1_40' title="bbox 960 374 1782 412; baseline 0.002 -10"><span class='ocrx_word' id='word_1_262' title='bbox 960 377 1103 412; x_wconf 67' lang='lat' dir='ltr'><strong>praerepta</strong></span> <span class='ocrx_word' id='word_1_263' title='bbox 1119 375 1256 403; x_wconf 83' lang='lat' dir='ltr'><strong>facultate</strong></span> <span class='ocrx_word' id='word_1_264' title='bbox 1267 375 1303 402; x_wconf 90' lang='lat' dir='ltr'>ob</span> <span class='ocrx_word' id='word_1_265' title='bbox 1314 383 1498 410; x_wconf 81' lang='lat' dir='ltr'>compressos</span> <span class='ocrx_word' id='word_1_266' title='bbox 1513 374 1542 402; x_wconf 90' lang='lat' dir='ltr'>in</span> <span class='ocrx_word' id='word_1_267' title='bbox 1554 378 1650 403; x_wconf 84' lang='lat' dir='ltr'><strong>artum</strong></span> <span class='ocrx_word' id='word_1_268' title='bbox 1663 375 1782 404; x_wconf 93' lang='lat' dir='ltr'><strong>ordines</strong></span> 
     </span>
    </p>
   </div>
   <div class='ocr_carea' id='block_1_41' title="bbox 960 419 1783 456">
    <p class='ocr_par' dir='ltr' id='par_1_41' title="bbox 960 419 1783 456">
     <span class='ocr_line' id='line_1_41' title="bbox 960 419 1783 456; baseline 0.001 -8"><span class='ocrx_word' id='word_1_269' title='bbox 960 423 989 448; x_wconf 86' lang='lat' dir='ltr'>et</span> <span class='ocrx_word' id='word_1_270' title='bbox 1003 419 1059 448; x_wconf 90' lang='lat' dir='ltr'><strong>loci</strong></span> <span class='ocrx_word' id='word_1_271' title='bbox 1075 420 1243 456; x_wconf 74' lang='lat' dir='ltr'>angustiam</span> <span class='ocrx_word' id='word_1_272' title='bbox 1260 419 1339 447; x_wconf 90' lang='lat' dir='ltr'><strong>omni</strong></span> <span class='ocrx_word' id='word_1_273' title='bbox 1350 419 1426 447; x_wconf 81' lang='lat' dir='ltr'><strong>exitu</strong></span> <span class='ocrx_word' id='word_1_274' title='bbox 1439 420 1576 454; x_wconf 81' lang='lat' dir='ltr'><strong>carentis,</strong></span> <span class='ocrx_word' id='word_1_275' title='bbox 1592 428 1660 447; x_wconf 90' lang='lat' dir='ltr'>cum</span> <span class='ocrx_word' id='word_1_276' title='bbox 1675 428 1783 456; x_wconf 78' lang='lat' dir='ltr'><strong>magna</strong></span> 
     </span>
    </p>
   </div>
   <div class='ocr_carea' id='block_1_42' title="bbox 960 463 1795 499">
    <p class='ocr_par' dir='ltr' id='par_1_42' title="bbox 960 463 1795 499">
     <span class='ocr_line' id='line_1_42' title="bbox 960 463 1795 499; baseline 0 -7"><span class='ocrx_word' id='word_1_277' title='bbox 960 465 1006 492; x_wconf 89' lang='lat' dir='ltr'>sui</span> <span class='ocrx_word' id='word_1_278' title='bbox 1021 464 1164 492; x_wconf 85' lang='lat' dir='ltr'><strong>exercitus</strong></span> <span class='ocrx_word' id='word_1_279' title='bbox 1181 467 1262 499; x_wconf 89' lang='lat' dir='ltr'><strong>parte</strong></span> <span class='ocrx_word' id='word_1_280' title='bbox 1278 464 1363 499; x_wconf 86' lang='lat' dir='ltr'><strong>perit.</strong></span> <span class='ocrx_word' id='word_1_281' title='bbox 1382 463 1541 499; x_wconf 79' lang='lat' dir='ltr'>Imperator</span> <span class='ocrx_word' id='word_1_282' title='bbox 1555 472 1589 492; x_wconf 86' lang='lat' dir='ltr'>ea</span> <span class='ocrx_word' id='word_1_283' title='bbox 1608 464 1690 492; x_wconf 84' lang='lat' dir='ltr'><strong>clade</strong></span> <span class='ocrx_word' id='word_1_284' title='bbox 1706 473 1795 492; x_wconf 91' lang='lat' dir='ltr'><strong>nun--</strong></span> 
     </span>
    </p>
   </div>
   <div class='ocr_carea' id='block_1_43' title="bbox 960 508 1784 544">
    <p class='ocr_par' dir='ltr' id='par_1_43' title="bbox 960 508 1784 544">
     <span class='ocr_line' id='line_1_43' title="bbox 960 508 1784 544; baseline 0.001 -8"><span class='ocrx_word' id='word_1_285' title='bbox 960 510 1033 536; x_wconf 86' lang='lat' dir='ltr'><strong>tiata</strong></span> <span class='ocrx_word' id='word_1_286' title='bbox 1046 509 1206 536; x_wconf 85' lang='lat' dir='ltr'><strong>maximum</strong></span> <span class='ocrx_word' id='word_1_287' title='bbox 1224 508 1353 544; x_wconf 80' lang='lat' dir='ltr'>percepit</span> <span class='ocrx_word' id='word_1_288' title='bbox 1366 508 1508 542; x_wconf 82' lang='lat' dir='ltr'>dolorem,</span> <span class='ocrx_word' id='word_1_289' title='bbox 1520 511 1549 535; x_wconf 90' lang='lat' dir='ltr'>et</span> <span class='ocrx_word' id='word_1_290' title='bbox 1563 509 1698 544; x_wconf 84' lang='lat' dir='ltr'>progredi</span> <span class='ocrx_word' id='word_1_291' title='bbox 1709 509 1784 537; x_wconf 88' lang='lat' dir='ltr'><strong>ulte-</strong></span> 
     </span>
    </p>
   </div>
   <div class='ocr_carea' id='block_1_44' title="bbox 961 552 1785 588">
    <p class='ocr_par' dir='ltr' id='par_1_44' title="bbox 961 552 1785 588">
     <span class='ocr_line' id='line_1_44' title="bbox 961 552 1785 588; baseline 0.001 -8"><span class='ocrx_word' id='word_1_292' title='bbox 961 553 1023 580; x_wconf 95' lang='lat' dir='ltr'><strong>rius</strong></span> <span class='ocrx_word' id='word_1_293' title='bbox 1039 561 1096 580; x_wconf 87' lang='lat' dir='ltr'>non</span> <span class='ocrx_word' id='word_1_294' title='bbox 1106 561 1196 580; x_wconf 81' lang='lat' dir='ltr'><strong>ausus</strong></span> <span class='ocrx_word' id='word_1_295' title='bbox 1205 555 1282 580; x_wconf 89' lang='lat' dir='ltr'><strong>retro</strong></span> <span class='ocrx_word' id='word_1_296' title='bbox 1295 552 1366 579; x_wconf 88' lang='lat' dir='ltr'><strong>abiit</strong></span> <span class='ocrx_word' id='word_1_297' title='bbox 1381 553 1415 579; x_wconf 85' lang='lat' dir='ltr'>ad</span> <span class='ocrx_word' id='word_1_298' title='bbox 1426 552 1557 588; x_wconf 88' lang='lat' dir='ltr'><strong>Zagoria,</strong></span> <span class='ocrx_word' id='word_1_299' title='bbox 1569 552 1618 580; x_wconf 90' lang='lat' dir='ltr'>ubi</span> <span class='ocrx_word' id='word_1_300' title='bbox 1629 553 1785 581; x_wconf 74' lang='lat' dir='ltr'>castellum</span> 
     </span>
    </p>
   </div>
   <div class='ocr_carea' id='block_1_45' title="bbox 961 596 1784 633">
    <p class='ocr_par' dir='ltr' id='par_1_45' title="bbox 961 596 1784 633">
     <span class='ocr_line' id='line_1_45' title="bbox 961 596 1784 633; baseline 0.001 -8"><span class='ocrx_word' id='word_1_301' title='bbox 961 599 1023 625; x_wconf 87' lang='lat' dir='ltr'><strong>erat</strong></span> <span class='ocrx_word' id='word_1_302' title='bbox 1029 596 1278 632; x_wconf 79' lang='lat' dir='ltr'><strong>Melenicuslonge</strong></span> <span class='ocrx_word' id='word_1_303' title='bbox 1285 596 1603 632; x_wconf 83' lang='lat' dir='ltr'><strong>munitissimum,saxo</strong></span> <span class='ocrx_word' id='word_1_304' title='bbox 1614 597 1784 633; x_wconf 83' lang='lat' dir='ltr'><strong>impositum</strong></span> 
     </span>
    </p>
   </div>
   <div class='ocr_carea' id='block_1_46' title="bbox 961 641 1785 678">
    <p class='ocr_par' dir='ltr' id='par_1_46' title="bbox 961 641 1785 678">
     <span class='ocr_line' id='line_1_46' title="bbox 961 641 1785 678; baseline 0.001 -9"><span class='ocrx_word' id='word_1_305' title='bbox 961 647 988 670; x_wconf 87' lang='lat' dir='ltr'>et</span> <span class='ocrx_word' id='word_1_306' title='bbox 1004 641 1172 678; x_wconf 65' lang='lat' dir='ltr'><strong>pracipitiis</strong></span> <span class='ocrx_word' id='word_1_307' title='bbox 1185 641 1367 676; x_wconf 79' lang='lat' dir='ltr'>vallibusque</span> <span class='ocrx_word' id='word_1_308' title='bbox 1387 642 1627 677; x_wconf 82' lang='lat' dir='ltr'><strong>profundissimis</strong></span> <span class='ocrx_word' id='word_1_309' title='bbox 1641 642 1785 670; x_wconf 84' lang='lat' dir='ltr'><strong>cinctum.</strong></span> 
     </span>
    </p>
   </div>
   <div class='ocr_carea' id='block_1_47' title="bbox 962 685 1787 721">
    <p class='ocr_par' dir='ltr' id='par_1_47' title="bbox 962 685 1787 721">
     <span class='ocr_line' id='line_1_47' title="bbox 962 685 1787 721; baseline 0 -7"><span class='ocrx_word' id='word_1_310' title='bbox 962 687 999 714; x_wconf 86' lang='lat' dir='ltr'>Eo</span> <span class='ocrx_word' id='word_1_311' title='bbox 1014 694 1048 714; x_wconf 85' lang='lat' dir='ltr'>ex</span> <span class='ocrx_word' id='word_1_312' title='bbox 1064 686 1172 713; x_wconf 77' lang='lat' dir='ltr'><strong>vicinia</strong></span> <span class='ocrx_word' id='word_1_313' title='bbox 1180 685 1291 721; x_wconf 80' lang='lat' dir='ltr'><strong>passim</strong></span> <span class='ocrx_word' id='word_1_314' title='bbox 1301 686 1493 720; x_wconf 72' lang='lat' dir='ltr'>confugerant</span> <span class='ocrx_word' id='word_1_315' title='bbox 1502 686 1630 721; x_wconf 85' lang='lat' dir='ltr'><strong>Bulgari,</strong></span> <span class='ocrx_word' id='word_1_316' title='bbox 1642 686 1787 714; x_wconf 77' lang='lat' dir='ltr'><strong>Romano-</strong></span> 
     </span>
    </p>
   </div>
   <div class='ocr_carea' id='block_1_48' title="bbox 962 730 1787 766">
    <p class='ocr_par' dir='ltr' id='par_1_48' title="bbox 962 730 1787 766">
     <span class='ocr_line' id='line_1_48' title="bbox 962 730 1787 766; baseline 0.001 -8"><span class='ocrx_word' id='word_1_317' title='bbox 962 739 1026 758; x_wconf 89' lang='lat' dir='ltr'>rum</span> <span class='ocrx_word' id='word_1_318' title='bbox 1042 730 1202 758; x_wconf 77' lang='lat' dir='ltr'><strong>admodum</strong></span> <span class='ocrx_word' id='word_1_319' title='bbox 1218 730 1323 758; x_wconf 84' lang='lat' dir='ltr'><strong>securi.</strong></span> <span class='ocrx_word' id='word_1_320' title='bbox 1333 730 1373 757; x_wconf 86' lang='lat' dir='ltr'><strong>Ad</strong></span> <span class='ocrx_word' id='word_1_321' title='bbox 1384 737 1433 757; x_wconf 86' lang='lat' dir='ltr'>eos</span> <span class='ocrx_word' id='word_1_322' title='bbox 1450 730 1608 766; x_wconf 87' lang='lat' dir='ltr'><strong>imperator</strong></span> <span class='ocrx_word' id='word_1_323' title='bbox 1623 730 1713 758; x_wconf 87' lang='lat' dir='ltr'><strong>mittit</strong></span> <span class='ocrx_word' id='word_1_324' title='bbox 1723 730 1787 759; x_wconf 81' lang='lat' dir='ltr'><strong>Ser-</strong></span> 
     </span>
    </p>
   </div>
   <div class='ocr_carea' id='block_1_49' title="bbox 961 774 1786 811">
    <p class='ocr_par' dir='ltr' id='par_1_49' title="bbox 961 774 1786 811">
     <span class='ocr_line' id='line_1_49' title="bbox 961 774 1786 811; baseline 0 -8"><span class='ocrx_word' id='word_1_325' title='bbox 961 775 1042 811; x_wconf 85' lang='lat' dir='ltr'><strong>gium</strong></span> <span class='ocrx_word' id='word_1_326' title='bbox 1059 775 1331 811; x_wconf 81' lang='lat' dir='ltr'><strong>spadonem,unum</strong></span> <span class='ocrx_word' id='word_1_327' title='bbox 1341 782 1375 802; x_wconf 86' lang='lat' dir='ltr'><strong>ex</strong></span> <span class='ocrx_word' id='word_1_328' title='bbox 1390 774 1503 802; x_wconf 88' lang='lat' dir='ltr'><strong>intimis</strong></span> <span class='ocrx_word' id='word_1_329' title='bbox 1512 774 1574 802; x_wconf 87' lang='lat' dir='ltr'><strong>suis</strong></span> <span class='ocrx_word' id='word_1_330' title='bbox 1589 774 1717 803; x_wconf 79' lang='lat' dir='ltr'><strong>cubiculi</strong></span> <span class='ocrx_word' id='word_1_331' title='bbox 1729 775 1786 803; x_wconf 83' lang='lat' dir='ltr'>mi-</span> 
     </span>
    </p>
   </div>
   <div class='ocr_carea' id='block_1_50' title="bbox 962 818 1785 855">
    <p class='ocr_par' dir='ltr' id='par_1_50' title="bbox 962 818 1785 855">
     <span class='ocr_line' id='line_1_50' title="bbox 962 818 1785 855; baseline -0.002 -7"><span class='ocrx_word' id='word_1_332' title='bbox 962 820 1073 853; x_wconf 89' lang='lat' dir='ltr'><strong>nistris,</strong></span> <span class='ocrx_word' id='word_1_333' title='bbox 1089 819 1239 847; x_wconf 84' lang='lat' dir='ltr'><strong>hominem</strong></span> <span class='ocrx_word' id='word_1_334' title='bbox 1259 819 1413 847; x_wconf 88' lang='lat' dir='ltr'><strong>cordatum</strong></span> <span class='ocrx_word' id='word_1_335' title='bbox 1437 827 1469 846; x_wconf 86' lang='lat' dir='ltr'>ac</span> <span class='ocrx_word' id='word_1_336' title='bbox 1485 818 1656 852; x_wconf 81' lang='lat' dir='ltr'><strong>facundum,</strong></span> <span class='ocrx_word' id='word_1_337' title='bbox 1672 819 1723 855; x_wconf 91' lang='lat' dir='ltr'><strong>qui</strong></span> <span class='ocrx_word' id='word_1_338' title='bbox 1738 820 1785 855; x_wconf 86' lang='lat' dir='ltr'>ip-</span> 
     </span>
    </p>
   </div>
   <div class='ocr_carea' id='block_1_51' title="bbox 963 863 1785 899">
    <p class='ocr_par' dir='ltr' id='par_1_51' title="bbox 963 863 1785 899">
     <span class='ocr_line' id='line_1_51' title="bbox 963 863 1785 899; baseline 0.001 -8"><span class='ocrx_word' id='word_1_339' title='bbox 963 872 1063 892; x_wconf 91' lang='lat' dir='ltr'><strong>sorum</strong></span> <span class='ocrx_word' id='word_1_340' title='bbox 1085 864 1200 891; x_wconf 85' lang='lat' dir='ltr'><strong>animos</strong></span> <span class='ocrx_word' id='word_1_341' title='bbox 1224 863 1447 899; x_wconf 83' lang='lat' dir='ltr'><strong>periclitaretur.</strong></span> <span class='ocrx_word' id='word_1_342' title='bbox 1473 863 1500 890; x_wconf 90' lang='lat' dir='ltr'>ls</span> <span class='ocrx_word' id='word_1_343' title='bbox 1525 863 1619 890; x_wconf 86' lang='lat' dir='ltr'><strong>multa</strong></span> <span class='ocrx_word' id='word_1_344' title='bbox 1634 864 1785 892; x_wconf 85' lang='lat' dir='ltr'><strong>suadendo</strong></span> 
     </span>
    </p>
   </div>
   <div class='ocr_carea' id='block_1_52' title="bbox 963 907 1788 944">
    <p class='ocr_par' dir='ltr' id='par_1_52' title="bbox 963 907 1788 944">
     <span class='ocr_line' id='line_1_52' title="bbox 963 907 1788 944; baseline 0 -8"><span class='ocrx_word' id='word_1_345' title='bbox 963 911 1051 944; x_wconf 86' lang='lat' dir='ltr'><strong>atque</strong></span> <span class='ocrx_word' id='word_1_346' title='bbox 1062 907 1256 944; x_wconf 81' lang='lat' dir='ltr'><strong>probabiliter</strong></span> <span class='ocrx_word' id='word_1_347' title='bbox 1265 907 1435 935; x_wconf 87' lang='lat' dir='ltr'><strong>disserendo</strong></span> <span class='ocrx_word' id='word_1_348' title='bbox 1445 915 1494 935; x_wconf 90' lang='lat' dir='ltr'>eos</span> <span class='ocrx_word' id='word_1_349' title='bbox 1506 915 1540 935; x_wconf 89' lang='lat' dir='ltr'><strong>eo</strong></span> <span class='ocrx_word' id='word_1_350' title='bbox 1551 908 1718 944; x_wconf 79' lang='lat' dir='ltr'><strong>adduxit,ut</strong></span> <span class='ocrx_word' id='word_1_351' title='bbox 1726 915 1788 936; x_wconf 89' lang='lat' dir='ltr'>rem</span> 
     </span>
    </p>
   </div>
   <div class='ocr_carea' id='block_1_53' title="bbox 964 952 1787 988">
    <p class='ocr_par' dir='ltr' id='par_1_53' title="bbox 964 952 1787 988">
     <span class='ocr_line' id='line_1_53' title="bbox 964 952 1787 988; baseline 0.001 -8"><span class='ocrx_word' id='word_1_352' title='bbox 964 955 1041 981; x_wconf 89' lang='lat' dir='ltr'><strong>recta</strong></span> <span class='ocrx_word' id='word_1_353' title='bbox 1057 953 1104 981; x_wconf 86' lang='lat' dir='ltr'>via</span> <span class='ocrx_word' id='word_1_354' title='bbox 1121 955 1292 988; x_wconf 81' lang='lat' dir='ltr'><strong>reputantes</strong></span> <span class='ocrx_word' id='word_1_355' title='bbox 1307 952 1410 987; x_wconf 81' lang='lat' dir='ltr'><strong>positis</strong></span> <span class='ocrx_word' id='word_1_356' title='bbox 1425 952 1516 980; x_wconf 86' lang='lat' dir='ltr'><strong>armis</strong></span> <span class='ocrx_word' id='word_1_357' title='bbox 1540 960 1570 980; x_wconf 87' lang='lat' dir='ltr'>se</span> <span class='ocrx_word' id='word_1_358' title='bbox 1586 957 1612 980; x_wconf 73' lang='lat' dir='ltr'>et</span> <span class='ocrx_word' id='word_1_359' title='bbox 1632 952 1787 981; x_wconf 85' lang='lat' dir='ltr'><strong>castellum</strong></span> 
     </span>
    </p>
   </div>
   <div class='ocr_carea' id='block_1_54' title="bbox 964 996 1789 1034">
    <p class='ocr_par' dir='ltr' id='par_1_54' title="bbox 964 996 1789 1034">
     <span class='ocr_line' id='line_1_54' title="bbox 964 996 1789 1034; baseline 0 -9"><span class='ocrx_word' id='word_1_360' title='bbox 964 997 1135 1034; x_wconf 84' lang='lat' dir='ltr'><strong>imperatori</strong></span> <span class='ocrx_word' id='word_1_361' title='bbox 1151 997 1300 1025; x_wconf 88' lang='lat' dir='ltr'><strong>dederent.</strong></span> <span class='ocrx_word' id='word_1_362' title='bbox 1312 998 1390 1030; x_wconf 86' lang='lat' dir='ltr'><strong>Quos</strong></span> <span class='ocrx_word' id='word_1_363' title='bbox 1400 996 1560 1033; x_wconf 84' lang='lat' dir='ltr'><strong>imperator</strong></span> <span class='ocrx_word' id='word_1_364' title='bbox 1573 997 1789 1025; x_wconf 75' lang='lat' dir='ltr'><strong>humanissime</strong></span> 
     </span>
    </p>
   </div>
   <div class='ocr_carea' id='block_1_55' title="bbox 964 1041 1789 1078">
    <p class='ocr_par' dir='ltr' id='par_1_55' title="bbox 964 1041 1789 1078">
     <span class='ocr_line' id='line_1_55' title="bbox 964 1041 1789 1078; baseline -0.001 -8"><span class='ocrx_word' id='word_1_365' title='bbox 964 1042 1095 1078; x_wconf 82' lang='lat' dir='ltr'><strong>excepit;</strong></span> <span class='ocrx_word' id='word_1_366' title='bbox 1116 1044 1145 1069; x_wconf 83' lang='lat' dir='ltr'>et</span> <span class='ocrx_word' id='word_1_367' title='bbox 1167 1041 1288 1069; x_wconf 86' lang='lat' dir='ltr'><strong>castello</strong></span> <span class='ocrx_word' id='word_1_368' title='bbox 1313 1041 1446 1077; x_wconf 70' lang='lat' dir='ltr'><strong>presidio</strong></span> <span class='ocrx_word' id='word_1_369' title='bbox 1470 1042 1626 1069; x_wconf 80' lang='lat' dir='ltr'><strong>sufﬁcienti</strong></span> <span class='ocrx_word' id='word_1_370' title='bbox 1651 1041 1789 1077; x_wconf 88' lang='lat' dir='ltr'><strong>imposito</strong></span> 
     </span>
    </p>
   </div>
   <div class='ocr_carea' id='block_1_56' title="bbox 965 1085 1788 1123">
    <p class='ocr_par' dir='ltr' id='par_1_56' title="bbox 965 1085 1788 1123">
     <span class='ocr_line' id='line_1_56' title="bbox 965 1085 1788 1123; baseline 0 -9"><span class='ocrx_word' id='word_1_371' title='bbox 965 1086 1166 1123; x_wconf 77' lang='lat' dir='ltr'><strong>Mosynopolin</strong></span> <span class='ocrx_word' id='word_1_372' title='bbox 1180 1086 1275 1114; x_wconf 88' lang='lat' dir='ltr'><strong>rediit.</strong></span> <span class='ocrx_word' id='word_1_373' title='bbox 1290 1086 1332 1113; x_wconf 85' lang='lat' dir='ltr'><strong>Ibi</strong></span> <span class='ocrx_word' id='word_1_374' title='bbox 1343 1087 1368 1113; x_wconf 90' lang='lat' dir='ltr'>ei</span> <span class='ocrx_word' id='word_1_375' title='bbox 1382 1086 1505 1113; x_wconf 88' lang='lat' dir='ltr'><strong>moranti</strong></span> <span class='ocrx_word' id='word_1_376' title='bbox 1517 1085 1639 1113; x_wconf 88' lang='lat' dir='ltr'><strong>nuntius</strong></span> <span class='ocrx_word' id='word_1_377' title='bbox 1655 1086 1691 1113; x_wconf 89' lang='lat' dir='ltr'>de</span> <span class='ocrx_word' id='word_1_378' title='bbox 1707 1086 1788 1114; x_wconf 89' lang='lat' dir='ltr'><strong>obitu</strong></span> 
     </span>
    </p>
   </div>
   <div class='ocr_carea' id='block_1_57' title="bbox 965 1130 1788 1166">
    <p class='ocr_par' dir='ltr' id='par_1_57' title="bbox 965 1130 1788 1166">
     <span class='ocr_line' id='line_1_57' title="bbox 965 1130 1788 1166; baseline 0 -8"><span class='ocrx_word' id='word_1_379' title='bbox 965 1130 1095 1159; x_wconf 80' lang='lat' dir='ltr'><strong>Samueli</strong></span> <span class='ocrx_word' id='word_1_380' title='bbox 1119 1131 1250 1164; x_wconf 81' lang='lat' dir='ltr'><strong>aiTertur,</strong></span> <span class='ocrx_word' id='word_1_381' title='bbox 1275 1130 1418 1166; x_wconf 83' lang='lat' dir='ltr'><strong>vigesima</strong></span> <span class='ocrx_word' id='word_1_382' title='bbox 1442 1133 1546 1166; x_wconf 83' lang='lat' dir='ltr'><strong>quarta</strong></span> <span class='ocrx_word' id='word_1_383' title='bbox 1570 1130 1704 1158; x_wconf 86' lang='lat' dir='ltr'><strong>Octobris</strong></span> <span class='ocrx_word' id='word_1_384' title='bbox 1731 1130 1788 1158; x_wconf 89' lang='lat' dir='ltr'><strong>die.</strong></span> 
     </span>
    </p>
   </div>
   <div class='ocr_carea' id='block_1_58' title="bbox 965 1175 1790 1211">
    <p class='ocr_par' dir='ltr' id='par_1_58' title="bbox 965 1175 1790 1211">
     <span class='ocr_line' id='line_1_58' title="bbox 965 1175 1790 1211; baseline -0.001 -8"><span class='ocrx_word' id='word_1_385' title='bbox 965 1175 1073 1203; x_wconf 85' lang='lat' dir='ltr'><strong>Exinde</strong></span> <span class='ocrx_word' id='word_1_386' title='bbox 1106 1175 1206 1203; x_wconf 84' lang='lat' dir='ltr'><strong>statim</strong></span> <span class='ocrx_word' id='word_1_387' title='bbox 1236 1175 1414 1211; x_wconf 78' lang='lat' dir='ltr'><strong>Mosynopoli</strong></span> <span class='ocrx_word' id='word_1_388' title='bbox 1442 1175 1685 1203; x_wconf 82' lang='lat' dir='ltr'><strong>Thessalonicam</strong></span> <span class='ocrx_word' id='word_1_389' title='bbox 1718 1175 1790 1210; x_wconf 85' lang='lat' dir='ltr'><strong>abit,</strong></span> 
     </span>
    </p>
   </div>
   <div class='ocr_carea' id='block_1_59' title="bbox 965 1219 1791 1256">
    <p class='ocr_par' dir='ltr' id='par_1_59' title="bbox 965 1219 1791 1256">
     <span class='ocr_line' id='line_1_59' title="bbox 965 1219 1791 1256; baseline 0 -9"><span class='ocrx_word' id='word_1_390' title='bbox 965 1224 1052 1256; x_wconf 86' lang='lat' dir='ltr'><strong>atque</strong></span> <span class='ocrx_word' id='word_1_391' title='bbox 1067 1220 1136 1247; x_wconf 87' lang='lat' dir='ltr'><strong>hinc</strong></span> <span class='ocrx_word' id='word_1_392' title='bbox 1146 1221 1182 1247; x_wconf 86' lang='lat' dir='ltr'>ad</span> <span class='ocrx_word' id='word_1_393' title='bbox 1194 1219 1382 1256; x_wconf 75' lang='lat' dir='ltr'><strong>Pelagoniam</strong></span> <span class='ocrx_word' id='word_1_394' title='bbox 1397 1227 1491 1255; x_wconf 80' lang='lat' dir='ltr'><strong>usque</strong></span> <span class='ocrx_word' id='word_1_395' title='bbox 1503 1219 1699 1255; x_wconf 76' lang='lat' dir='ltr'><strong>proﬁciscitur</strong></span> <span class='ocrx_word' id='word_1_396' title='bbox 1709 1219 1791 1248; x_wconf 92' lang='lat' dir='ltr'><strong>nullo</strong></span> 
     </span>
    </p>
   </div>
   <div class='ocr_carea' id='block_1_60' title="bbox 966 1263 1790 1299">
    <p class='ocr_par' dir='ltr' id='par_1_60' title="bbox 966 1263 1790 1299">
     <span class='ocr_line' id='line_1_60' title="bbox 966 1263 1790 1299; baseline -0.001 -7"><span class='ocrx_word' id='word_1_397' title='bbox 966 1273 1033 1292; x_wconf 88' lang='lat' dir='ltr'>cum</span> <span class='ocrx_word' id='word_1_398' title='bbox 1051 1264 1204 1298; x_wconf 77' lang='lat' dir='ltr'><strong>maleﬁcio,</strong></span> <span class='ocrx_word' id='word_1_399' title='bbox 1222 1264 1276 1291; x_wconf 85' lang='lat' dir='ltr'><strong>nisi</strong></span> <span class='ocrx_word' id='word_1_400' title='bbox 1293 1264 1370 1299; x_wconf 89' lang='lat' dir='ltr'><strong>quod</strong></span> <span class='ocrx_word' id='word_1_401' title='bbox 1388 1265 1497 1299; x_wconf 73' lang='lat' dir='ltr'><strong>regiam</strong></span> <span class='ocrx_word' id='word_1_402' title='bbox 1514 1263 1640 1292; x_wconf 82' lang='lat' dir='ltr'><strong>Gabrieli</strong></span> <span class='ocrx_word' id='word_1_403' title='bbox 1661 1263 1790 1291; x_wconf 81' lang='lat' dir='ltr'><strong>Bulelia-</strong></span> 
     </span>
    </p>
   </div>
   <div class='ocr_carea' id='block_1_61' title="bbox 966 1307 1791 1336">
    <p class='ocr_par' dir='ltr' id='par_1_61' title="bbox 966 1307 1791 1336">
     <span class='ocr_line' id='line_1_61' title="bbox 966 1307 1791 1336; baseline 0 0"><span class='ocrx_word' id='word_1_404' title='bbox 966 1317 1033 1336; x_wconf 84' lang='lat' dir='ltr'>nam</span> <span class='ocrx_word' id='word_1_405' title='bbox 1050 1309 1122 1336; x_wconf 74' lang='lat'>48]</span> <span class='ocrx_word' id='word_1_406' title='bbox 1141 1308 1280 1336; x_wconf 89' lang='lat' dir='ltr'><strong>incendit.</strong></span> <span class='ocrx_word' id='word_1_407' title='bbox 1295 1307 1393 1336; x_wconf 86' lang='lat' dir='ltr'><strong>Missis</strong></span> <span class='ocrx_word' id='word_1_408' title='bbox 1406 1307 1493 1336; x_wconf 88' lang='lat' dir='ltr'><strong>etiam</strong></span> <span class='ocrx_word' id='word_1_409' title='bbox 1509 1307 1653 1336; x_wconf 85' lang='lat' dir='ltr'><strong>militibus</strong></span> <span class='ocrx_word' id='word_1_410' title='bbox 1669 1308 1791 1336; x_wconf 83' lang='lat' dir='ltr'><strong>castella</strong></span> 
     </span>
    </p>
   </div>
   <div class='ocr_carea' id='block_1_62' title="bbox 966 1351 1791 1388">
    <p class='ocr_par' dir='ltr' id='par_1_62' title="bbox 966 1351 1791 1388">
     <span class='ocr_line' id='line_1_62' title="bbox 966 1351 1791 1388; baseline 0 -8"><span class='ocrx_word' id='word_1_411' title='bbox 966 1352 1117 1388; x_wconf 81' lang='lat' dir='ltr'><strong>Priiapum</strong></span> <span class='ocrx_word' id='word_1_412' title='bbox 1133 1354 1160 1379; x_wconf 90' lang='lat' dir='ltr'>et</span> <span class='ocrx_word' id='word_1_413' title='bbox 1175 1351 1325 1388; x_wconf 83' lang='lat' dir='ltr'><strong>Stypeium</strong></span> <span class='ocrx_word' id='word_1_414' title='bbox 1337 1351 1424 1387; x_wconf 84' lang='lat' dir='ltr'><strong>capit.</strong></span> <span class='ocrx_word' id='word_1_415' title='bbox 1436 1352 1506 1379; x_wconf 87' lang='lat' dir='ltr'><strong>Inde</strong></span> <span class='ocrx_word' id='word_1_416' title='bbox 1520 1352 1556 1379; x_wconf 90' lang='lat' dir='ltr'>ad</span> <span class='ocrx_word' id='word_1_417' title='bbox 1573 1352 1694 1379; x_wconf 88' lang='lat' dir='ltr'><strong>ﬂuvium</strong></span> <span class='ocrx_word' id='word_1_418' title='bbox 1705 1352 1791 1380; x_wconf 87' lang='lat' dir='ltr'><strong>Tzer-</strong></span> 
     </span>
    </p>
   </div>
   <div class='ocr_carea' id='block_1_63' title="bbox 966 1396 1790 1431">
    <p class='ocr_par' dir='ltr' id='par_1_63' title="bbox 966 1396 1790 1431">
     <span class='ocr_line' id='line_1_63' title="bbox 966 1396 1790 1431; baseline 0 -7"><span class='ocrx_word' id='word_1_419' title='bbox 966 1405 1034 1424; x_wconf 87' lang='lat' dir='ltr'>nam</span> <span class='ocrx_word' id='word_1_420' title='bbox 1052 1397 1139 1431; x_wconf 78' lang='lat' dir='ltr'><strong>venit,</strong></span> <span class='ocrx_word' id='word_1_421' title='bbox 1156 1404 1285 1431; x_wconf 88' lang='lat' dir='ltr'><strong>eumque</strong></span> <span class='ocrx_word' id='word_1_422' title='bbox 1300 1396 1412 1423; x_wconf 85' lang='lat' dir='ltr'><strong>ratibus</strong></span> <span class='ocrx_word' id='word_1_423' title='bbox 1427 1398 1456 1423; x_wconf 91' lang='lat' dir='ltr'>et</span> <span class='ocrx_word' id='word_1_424' title='bbox 1471 1396 1588 1424; x_wconf 88' lang='lat' dir='ltr'><strong>utribus</strong></span> <span class='ocrx_word' id='word_1_425' title='bbox 1603 1396 1714 1424; x_wconf 83' lang='lat' dir='ltr'><strong>inﬂatis</strong></span> <span class='ocrx_word' id='word_1_426' title='bbox 1729 1400 1790 1424; x_wconf 86' lang='lat' dir='ltr'><strong>tra-</strong></span> 
     </span>
    </p>
   </div>
   <div class='ocr_carea' id='block_1_64' title="bbox 964 1440 1792 1476">
    <p class='ocr_par' dir='ltr' id='par_1_64' title="bbox 964 1440 1792 1476">
     <span class='ocr_line' id='line_1_64' title="bbox 964 1440 1792 1476; baseline 0 -8"><span class='ocrx_word' id='word_1_427' title='bbox 964 1441 1040 1476; x_wconf 78' lang='lat' dir='ltr'><strong>jicit,</strong></span> <span class='ocrx_word' id='word_1_428' title='bbox 1057 1449 1089 1468; x_wconf 86' lang='lat' dir='ltr'>ac</span> <span class='ocrx_word' id='word_1_429' title='bbox 1114 1441 1234 1468; x_wconf 88' lang='lat' dir='ltr'><strong>Budena</strong></span> <span class='ocrx_word' id='word_1_430' title='bbox 1257 1441 1349 1474; x_wconf 81' lang='lat' dir='ltr'><strong>redit;</strong></span> <span class='ocrx_word' id='word_1_431' title='bbox 1374 1443 1402 1467; x_wconf 90' lang='lat' dir='ltr'>et</span> <span class='ocrx_word' id='word_1_432' title='bbox 1417 1440 1485 1468; x_wconf 83' lang='lat' dir='ltr'><strong>inde</strong></span> <span class='ocrx_word' id='word_1_433' title='bbox 1499 1448 1575 1468; x_wconf 88' lang='lat' dir='ltr'><strong>nona</strong></span> <span class='ocrx_word' id='word_1_434' title='bbox 1595 1440 1729 1468; x_wconf 86' lang='lat' dir='ltr'><strong>Januarii</strong></span> <span class='ocrx_word' id='word_1_435' title='bbox 1745 1440 1792 1469; x_wconf 85' lang='lat' dir='ltr'>die</span> 
     </span>
    </p>
   </div>
   <div class='ocr_carea' id='block_1_65' title="bbox 966 1484 1312 1514">
    <p class='ocr_par' dir='ltr' id='par_1_65' title="bbox 966 1484 1312 1514">
     <span class='ocr_line' id='line_1_65' title="bbox 966 1484 1312 1514; baseline -0.009 0"><span class='ocrx_word' id='word_1_436' title='bbox 966 1485 1206 1514; x_wconf 84' lang='lat' dir='ltr'><strong>Thessalonicam</strong></span> <span class='ocrx_word' id='word_1_437' title='bbox 1221 1484 1312 1512; x_wconf 88' lang='lat' dir='ltr'><strong>venit.</strong></span> 
     </span>
    </p>
   </div>
   <div class='ocr_carea' id='block_1_66' title="bbox 87 1527 1792 1568">
    <p class='ocr_par' dir='ltr' id='par_1_66' title="bbox 87 1527 1792 1568">
     <span class='ocr_line' id='line_1_66' title="bbox 87 1527 1792 1568; baseline -0.001 -10"><span class='ocrx_word' id='word_1_438' title='bbox 87 1530 277 1568; x_wconf 74' lang='grc' dir='ltr'>ἰγκατατάξας,</span> <span class='ocrx_word' id='word_1_439' title='bbox 314 1527 411 1566; x_wconf 75' lang='grc' dir='ltr'>μιτὲὄη</span> <span class='ocrx_word' id='word_1_440' title='bbox 444 1530 513 1568; x_wconf 75' lang='grc' dir='ltr'>πρὸς</span> <span class='ocrx_word' id='word_1_441' title='bbox 541 1529 765 1558; x_wconf 83' lang='grc' dir='ltr'>Μοσυνούπολιν·</span> <span class='ocrx_word' id='word_1_442' title='bbox 792 1529 818 1557; x_wconf 74' lang='grc' dir='ltr'>ἐν</span> <span class='ocrx_word' id='word_1_443' title='bbox 847 1529 865 1566; x_wconf 77' lang='grc' dir='ltr'>ᾖ</span> <span class='ocrx_word' id='word_1_444' title='bbox 890 1528 1009 1568; x_wconf 79' lang='grc' dir='ltr'>διάγοντι</span> <span class='ocrx_word' id='word_1_445' title='bbox 1034 1529 1124 1565; x_wconf 86' lang='grc' dir='ltr'>τούτῳ</span> <span class='ocrx_word' id='word_1_446' title='bbox 1148 1528 1193 1556; x_wconf 78' lang='grc' dir='ltr'>καὶ</span> <span class='ocrx_word' id='word_1_447' title='bbox 1219 1529 1233 1556; x_wconf 82' lang='grc' dir='ltr'>ὁ</span> <span class='ocrx_word' id='word_1_448' title='bbox 1261 1530 1309 1555; x_wconf 84' lang='grc' dir='ltr'>τοῦ</span> <span class='ocrx_word' id='word_1_449' title='bbox 1338 1527 1472 1565; x_wconf 71' lang='grc' dir='ltr'>Σαμουὴλ</span> <span class='ocrx_word' id='word_1_450' title='bbox 1499 1527 1663 1566; x_wconf 64' lang='grc' dir='ltr'>ἀγγέλλεται</span> <span class='ocrx_word' id='word_1_451' title='bbox 1679 1529 1792 1561; x_wconf 70' lang='grc' dir='ltr'>θάνατος</span> 
     </span>
    </p>
   </div>
   <div class='ocr_carea' id='block_1_67' title="bbox 87 1571 1795 1611">
    <p class='ocr_par' dir='ltr' id='par_1_67' title="bbox 87 1571 1795 1611">
     <span class='ocr_line' id='line_1_67' title="bbox 87 1571 1795 1611; baseline -0.001 -9"><span class='ocrx_word' id='word_1_452' title='bbox 87 1575 156 1602; x_wconf 80' lang='grc' dir='ltr'>κατὰ</span> <span class='ocrx_word' id='word_1_453' title='bbox 182 1575 233 1610; x_wconf 79' lang='grc' dir='ltr'>τὴν</span> <span class='ocrx_word' id='word_1_454' title='bbox 262 1573 302 1602; x_wconf 77' lang='grc' dir='ltr'>κδ’</span> <span class='ocrx_word' id='word_1_455' title='bbox 330 1576 380 1602; x_wconf 74' lang='grc' dir='ltr'>τοῦ</span> <span class='ocrx_word' id='word_1_456' title='bbox 409 1571 576 1611; x_wconf 79' lang='grc' dir='ltr'>Ὀκτωϐρίου</span> <span class='ocrx_word' id='word_1_457' title='bbox 608 1574 704 1611; x_wconf 84' lang='grc' dir='ltr'>μηνός.</span> <span class='ocrx_word' id='word_1_458' title='bbox 732 1575 853 1611; x_wconf 82' lang='grc' dir='ltr'>[Ρ.709]</span> <span class='ocrx_word' id='word_1_459' title='bbox 881 1574 930 1601; x_wconf 82' lang='grc' dir='ltr'>Καὶ</span> <span class='ocrx_word' id='word_1_460' title='bbox 959 1573 1036 1606; x_wconf 69' lang='grc' dir='ltr'>εὐθὺς</span> <span class='ocrx_word' id='word_1_461' title='bbox 1066 1575 1079 1601; x_wconf 80' lang='grc' dir='ltr'>ὁ</span> <span class='ocrx_word' id='word_1_462' title='bbox 1109 1573 1236 1611; x_wconf 83' lang='grc' dir='ltr'>βασιλεὺς</span> <span class='ocrx_word' id='word_1_463' title='bbox 1264 1572 1369 1609; x_wconf 78' lang='grc' dir='ltr'>ἀπάρας</span> <span class='ocrx_word' id='word_1_464' title='bbox 1397 1573 1427 1601; x_wconf 74' lang='grc' dir='ltr'>ἐκ</span> <span class='ocrx_word' id='word_1_465' title='bbox 1441 1573 1678 1604; x_wconf 83' lang='grc' dir='ltr'>Μοσυνυυπόλεως</span> <span class='ocrx_word' id='word_1_466' title='bbox 1700 1573 1795 1601; x_wconf 78' lang='grc' dir='ltr'>κάτει-</span> 
     </span>
    </p>
   </div>
   <div class='ocr_carea' id='block_1_68' title="bbox 88 1617 1792 1656">
    <p class='ocr_par' dir='ltr' id='par_1_68' title="bbox 88 1617 1792 1656">
     <span class='ocr_line' id='line_1_68' title="bbox 88 1617 1792 1656; baseline -0.001 -10"><span class='ocrx_word' id='word_1_467' title='bbox 88 1629 131 1647; x_wconf 86' lang='grc' dir='ltr'>σιν</span> <span class='ocrx_word' id='word_1_468' title='bbox 161 1618 199 1650; x_wconf 79' lang='grc' dir='ltr'>εΐς</span> <span class='ocrx_word' id='word_1_469' title='bbox 228 1617 440 1654; x_wconf 81' lang='grc' dir='ltr'>Θεσσαλονίκην,</span> <span class='ocrx_word' id='word_1_470' title='bbox 469 1618 590 1646; x_wconf 79' lang='grc' dir='ltr'>κάκεῖθεν</span> <span class='ocrx_word' id='word_1_471' title='bbox 620 1617 725 1646; x_wconf 72' lang='grc' dir='ltr'>ἄπεισιν</span> <span class='ocrx_word' id='word_1_472' title='bbox 762 1618 800 1651; x_wconf 75' lang='grc' dir='ltr'>εἲς</span> <span class='ocrx_word' id='word_1_473' title='bbox 836 1617 1016 1656; x_wconf 81' lang='grc' dir='ltr'>Πελαγονίαν,</span> <span class='ocrx_word' id='word_1_474' title='bbox 1055 1617 1139 1655; x_wconf 78' lang='grc' dir='ltr'>μηδὲν</span> <span class='ocrx_word' id='word_1_475' title='bbox 1176 1617 1376 1654; x_wconf 76' lang='grc' dir='ltr'>λυμαινόμενος</span> <span class='ocrx_word' id='word_1_476' title='bbox 1412 1620 1466 1645; x_wconf 84' lang='grc' dir='ltr'>τῶν</span> <span class='ocrx_word' id='word_1_477' title='bbox 1505 1618 1531 1645; x_wconf 71' lang='grc' dir='ltr'>ἐν</span> <span class='ocrx_word' id='word_1_478' title='bbox 1561 1617 1650 1653; x_wconf 78' lang='grc' dir='ltr'>ποσὶν,</span> <span class='ocrx_word' id='word_1_479' title='bbox 1681 1617 1745 1645; x_wconf 81' lang='grc' dir='ltr'>ἀλλ’</span> <span class='ocrx_word' id='word_1_480' title='bbox 1773 1619 1792 1654; x_wconf 73' lang='grc' dir='ltr'><strong>ἢ</strong></span> 
     </span>
    </p>
   </div>
   <div class='ocr_carea' id='block_1_69' title="bbox 92 1661 1792 1702">
    <p class='ocr_par' dir='ltr' id='par_1_69' title="bbox 92 1661 1792 1702">
     <span class='ocr_line' id='line_1_69' title="bbox 92 1661 1792 1702; baseline -0.001 -11"><span class='ocrx_word' id='word_1_481' title='bbox 92 1663 162 1700; x_wconf 88' lang='grc' dir='ltr'>μόνα</span> <span class='ocrx_word' id='word_1_482' title='bbox 187 1663 368 1702; x_wconf 84' lang='grc' dir='ltr'>πυρπολήσας</span> <span class='ocrx_word' id='word_1_483' title='bbox 396 1664 429 1691; x_wconf 81' lang='grc' dir='ltr'>τὰ</span> <span class='ocrx_word' id='word_1_484' title='bbox 457 1663 484 1690; x_wconf 80' lang='grc' dir='ltr'>ἐν</span> <span class='ocrx_word' id='word_1_485' title='bbox 514 1662 651 1700; x_wconf 78' lang='grc' dir='ltr'>Βουτελίῳ</span> <span class='ocrx_word' id='word_1_486' title='bbox 668 1662 792 1701; x_wconf 79' lang='grc' dir='ltr'>βασίλεια</span> <span class='ocrx_word' id='word_1_487' title='bbox 816 1664 865 1690; x_wconf 77' lang='grc' dir='ltr'>τοῦ</span> <span class='ocrx_word' id='word_1_488' title='bbox 894 1661 1028 1701; x_wconf 79' lang='grc' dir='ltr'>Υαϐριήλ,</span> <span class='ocrx_word' id='word_1_489' title='bbox 1057 1663 1170 1700; x_wconf 78' lang='grc' dir='ltr'>Πέμψας</span> <span class='ocrx_word' id='word_1_490' title='bbox 1199 1661 1229 1689; x_wconf 76' lang='grc' dir='ltr'>δὲ</span> <span class='ocrx_word' id='word_1_491' title='bbox 1255 1662 1299 1689; x_wconf 83' lang='grc' dir='ltr'>καὶ</span> <span class='ocrx_word' id='word_1_492' title='bbox 1329 1662 1453 1700; x_wconf 72' lang='grc' dir='ltr'>στρατιὰν</span> <span class='ocrx_word' id='word_1_493' title='bbox 1478 1664 1618 1700; x_wconf 75' lang='grc' dir='ltr'>χειροῦται</span> <span class='ocrx_word' id='word_1_494' title='bbox 1646 1663 1677 1690; x_wconf 85' lang='grc' dir='ltr'>τὸ</span> <span class='ocrx_word' id='word_1_495' title='bbox 1705 1662 1792 1701; x_wconf 87' lang='grc' dir='ltr'>φρού-</span> 
     </span>
    </p>
   </div>
   <div class='ocr_carea' id='block_1_70' title="bbox 91 1705 1794 1747">
    <p class='ocr_par' dir='ltr' id='par_1_70' title="bbox 91 1705 1794 1747">
     <span class='ocr_line' id='line_1_70' title="bbox 91 1705 1794 1747; baseline -0.001 -12"><span class='ocrx_word' id='word_1_496' title='bbox 91 1718 149 1746; x_wconf 88' lang='grc' dir='ltr'>ριον</span> <span class='ocrx_word' id='word_1_497' title='bbox 179 1707 322 1747; x_wconf 79' lang='grc' dir='ltr'>Πριλάπου</span> <span class='ocrx_word' id='word_1_498' title='bbox 349 1707 395 1736; x_wconf 82' lang='grc' dir='ltr'>καὶ</span> <span class='ocrx_word' id='word_1_499' title='bbox 419 1710 468 1736; x_wconf 76' lang='grc' dir='ltr'>τοῦ</span> <span class='ocrx_word' id='word_1_500' title='bbox 498 1707 641 1736; x_wconf 80' lang='grc' dir='ltr'>Στυπείου.</span> <span class='ocrx_word' id='word_1_501' title='bbox 672 1708 790 1740; x_wconf 78' lang='grc' dir='ltr'>Ἐκεῖθεν</span> <span class='ocrx_word' id='word_1_502' title='bbox 819 1705 1024 1744; x_wconf 72' lang='grc' dir='ltr'>καταλαμϐάνει</span> <span class='ocrx_word' id='word_1_503' title='bbox 1047 1707 1093 1735; x_wconf 81' lang='grc' dir='ltr'>τὸν</span> <span class='ocrx_word' id='word_1_504' title='bbox 1119 1709 1233 1745; x_wconf 83' lang='grc' dir='ltr'>Τζερνᾶν</span> <span class='ocrx_word' id='word_1_505' title='bbox 1250 1706 1396 1743; x_wconf 84' lang='grc' dir='ltr'>λεγόμενον</span> <span class='ocrx_word' id='word_1_506' title='bbox 1411 1707 1548 1743; x_wconf 77' lang='grc' dir='ltr'>ποταμὸν,</span> <span class='ocrx_word' id='word_1_507' title='bbox 1564 1707 1593 1734; x_wconf 77' lang='grc' dir='ltr'>ὅν</span> <span class='ocrx_word' id='word_1_508' title='bbox 1609 1706 1732 1745; x_wconf 78' lang='grc' dir='ltr'>σχεδίαις</span> <span class='ocrx_word' id='word_1_509' title='bbox 1746 1707 1794 1734; x_wconf 78' lang='grc' dir='ltr'>καὶ</span> 
     </span>
    </p>
   </div>
   <div class='ocr_carea' id='block_1_71' title="bbox 92 1751 1794 1792">
    <p class='ocr_par' dir='ltr' id='par_1_71' title="bbox 92 1751 1794 1792">
     <span class='ocr_line' id='line_1_71' title="bbox 92 1751 1794 1792; baseline 0 -12"><span class='ocrx_word' id='word_1_510' title='bbox 92 1752 222 1785; x_wconf 79' lang='grc' dir='ltr'>θυλάκοις</span> <span class='ocrx_word' id='word_1_511' title='bbox 247 1753 450 1792; x_wconf 71' lang='grc' dir='ltr'>πεφυσημάνοις</span> <span class='ocrx_word' id='word_1_512' title='bbox 477 1751 638 1790; x_wconf 72' lang='grc' dir='ltr'>διαπεράσας</span> <span class='ocrx_word' id='word_1_513' title='bbox 662 1752 796 1780; x_wconf 75' lang='grc' dir='ltr'>ἐπάνεισιν</span> <span class='ocrx_word' id='word_1_514' title='bbox 821 1752 859 1784; x_wconf 75' lang='grc' dir='ltr'>εἷς</span> <span class='ocrx_word' id='word_1_515' title='bbox 882 1752 916 1780; x_wconf 75' lang='grc' dir='ltr'>τὰ</span> <span class='ocrx_word' id='word_1_516' title='bbox 940 1751 1058 1787; x_wconf 59' lang='lat' dir='ltr'><strong>noema,</strong></span> <span class='ocrx_word' id='word_1_517' title='bbox 1082 1752 1203 1784; x_wconf 77' lang='grc' dir='ltr'>κάκεῖθεν</span> <span class='ocrx_word' id='word_1_518' title='bbox 1217 1753 1252 1788; x_wconf 79' lang='grc' dir='ltr'>τῇ</span> <span class='ocrx_word' id='word_1_519' title='bbox 1268 1752 1289 1783; x_wconf 83' lang='grc' dir='ltr'>θ’</span> <span class='ocrx_word' id='word_1_520' title='bbox 1302 1754 1350 1779; x_wconf 80' lang='grc' dir='ltr'>τοῦ</span> <span class='ocrx_word' id='word_1_521' title='bbox 1366 1751 1529 1790; x_wconf 90' lang='grc' dir='ltr'>Ἰανουσιρίου</span> <span class='ocrx_word' id='word_1_522' title='bbox 1542 1752 1627 1788; x_wconf 82' lang='grc' dir='ltr'>μηνὸς</span> <span class='ocrx_word' id='word_1_523' title='bbox 1641 1752 1726 1786; x_wconf 74' lang='grc' dir='ltr'>ἦλθεν</span> <span class='ocrx_word' id='word_1_524' title='bbox 1755 1752 1794 1784; x_wconf 71' lang='grc' dir='ltr'>εἰς</span> 
     </span>
    </p>
   </div>
   <div class='ocr_carea' id='block_1_72' title="bbox 89 1797 302 1833">
    <p class='ocr_par' dir='ltr' id='par_1_72' title="bbox 89 1797 302 1833">
     <span class='ocr_line' id='line_1_72' title="bbox 89 1797 302 1833; baseline 0.005 -8"><span class='ocrx_word' id='word_1_525' title='bbox 89 1797 290 1833; x_wconf 83' lang='grc' dir='ltr'>Θεσσαλονίκην</span> <span class='ocrx_word' id='word_1_526' title='bbox 296 1819 302 1827; x_wconf 95' lang='grc'><strong><em>.</em></strong></span> 
     </span>
    </p>
   </div>
   <div class='ocr_carea' id='block_1_73' title="bbox 124 1858 887 1899">
    <p class='ocr_par' dir='ltr' id='par_1_73' title="bbox 124 1859 887 1899">
     <span class='ocr_line' id='line_1_73' title="bbox 124 1859 887 1899; baseline -0.003 -11"><span class='ocrx_word' id='word_1_527' title='bbox 124 1860 224 1897; x_wconf 83' lang='grc' dir='ltr'>Ἕαρος</span> <span class='ocrx_word' id='word_1_528' title='bbox 248 1859 270 1888; x_wconf 79' lang='grc' dir='ltr'>δ’</span> <span class='ocrx_word' id='word_1_529' title='bbox 301 1860 460 1892; x_wconf 76' lang='grc' dir='ltr'>ἐπιστάντος</span> <span class='ocrx_word' id='word_1_530' title='bbox 484 1860 633 1899; x_wconf 69' lang='grc' dir='ltr'>ὑπέστρεψε</span> <span class='ocrx_word' id='word_1_531' title='bbox 661 1859 745 1888; x_wconf 85' lang='grc' dir='ltr'>πάλιν</span> <span class='ocrx_word' id='word_1_532' title='bbox 762 1859 799 1890; x_wconf 81' lang='grc' dir='ltr'>εἷς</span> <span class='ocrx_word' id='word_1_533' title='bbox 826 1859 887 1888; x_wconf 70' lang='grc' dir='ltr'>Βουῖ</span> 
     </span>
    </p>
   </div>
   <div class='ocr_carea' id='block_1_74' title="bbox 1031 1858 1794 1899">
    <p class='ocr_par' dir='ltr' id='par_1_74' title="bbox 1031 1858 1794 1895">
     <span class='ocr_line' id='line_1_74' title="bbox 1031 1858 1794 1895; baseline 0.001 -8"><span class='ocrx_word' id='word_1_534' title='bbox 1031 1860 1093 1887; x_wconf 86' lang='lat' dir='ltr'><strong>iitio</strong></span> <span class='ocrx_word' id='word_1_535' title='bbox 1108 1859 1184 1887; x_wconf 88' lang='lat' dir='ltr'><strong>veris</strong></span> <span class='ocrx_word' id='word_1_536' title='bbox 1199 1867 1315 1887; x_wconf 87' lang='lat' dir='ltr'><strong>rursum</strong></span> <span class='ocrx_word' id='word_1_537' title='bbox 1332 1860 1362 1886; x_wconf 89' lang='lat' dir='ltr'>in</span> <span class='ocrx_word' id='word_1_538' title='bbox 1388 1858 1554 1895; x_wconf 84' lang='lat' dir='ltr'><strong>Bulgariam</strong></span> <span class='ocrx_word' id='word_1_539' title='bbox 1571 1858 1604 1892; x_wconf 89' lang='lat' dir='ltr'><strong>it,</strong></span> <span class='ocrx_word' id='word_1_540' title='bbox 1621 1868 1655 1887; x_wconf 87' lang='lat' dir='ltr'>ac</span> <span class='ocrx_word' id='word_1_541' title='bbox 1671 1859 1794 1888; x_wconf 71' lang='lat' dir='ltr'><strong>Budena:</strong></span> 
     </span>
    </p>
   </div>
   <div class='ocr_carea' id='block_1_75' title="bbox 85 1903 912 1942">
    <p class='ocr_par' dir='ltr' id='par_1_75' title="bbox 85 1903 912 1942">
     <span class='ocr_line' id='line_1_75' title="bbox 85 1903 912 1942; baseline -0.001 -11"><span class='ocrx_word' id='word_1_542' title='bbox 85 1903 193 1941; x_wconf 83' lang='grc' dir='ltr'>γαρίαν,</span> <span class='ocrx_word' id='word_1_543' title='bbox 222 1904 268 1932; x_wconf 75' lang='grc' dir='ltr'>καὶ</span> <span class='ocrx_word' id='word_1_544' title='bbox 293 1907 334 1940; x_wconf 81' lang='grc' dir='ltr'>τῷ</span> <span class='ocrx_word' id='word_1_545' title='bbox 361 1903 484 1942; x_wconf 86' lang='grc' dir='ltr'>φρουρίῳ</span> <span class='ocrx_word' id='word_1_546' title='bbox 516 1907 570 1932; x_wconf 85' lang='grc' dir='ltr'>τῶν</span> <span class='ocrx_word' id='word_1_547' title='bbox 600 1903 729 1939; x_wconf 83' lang='grc' dir='ltr'>Βοδηνῶν</span> <span class='ocrx_word' id='word_1_548' title='bbox 757 1904 912 1941; x_wconf 82' lang='grc' dir='ltr'>προσίσχει·</span> 
     </span>
    </p>
   </div>
   <div class='ocr_carea' id='block_1_76' title="bbox 90 1945 915 1987">
    <p class='ocr_par' dir='ltr' id='par_1_76' title="bbox 90 1945 915 1987">
     <span class='ocr_line' id='line_1_76' title="bbox 90 1945 915 1987; baseline 0 -12"><span class='ocrx_word' id='word_1_549' title='bbox 90 1945 204 1987; x_wconf 78' lang='grc' dir='ltr'>ἔφθασαν</span> <span class='ocrx_word' id='word_1_550' title='bbox 229 1949 279 1987; x_wconf 79' lang='grc' dir='ltr'>γὰρ</span> <span class='ocrx_word' id='word_1_551' title='bbox 307 1947 394 1982; x_wconf 72' lang='grc' dir='ltr'>οὗτοι,</span> <span class='ocrx_word' id='word_1_552' title='bbox 422 1949 471 1983; x_wconf 79' lang='grc' dir='ltr'>τήν</span> <span class='ocrx_word' id='word_1_553' title='bbox 499 1948 567 1986; x_wconf 90' lang='grc' dir='ltr'>πρός</span> <span class='ocrx_word' id='word_1_554' title='bbox 599 1947 712 1986; x_wconf 73' lang='grc' dir='ltr'>βασιλέα</span> <span class='ocrx_word' id='word_1_555' title='bbox 723 1948 813 1975; x_wconf 75' lang='grc' dir='ltr'>πίστιν</span> <span class='ocrx_word' id='word_1_556' title='bbox 829 1948 915 1986; x_wconf 78' lang='grc' dir='ltr'>ἂπαρ·</span> 
     </span>
    </p>
   </div>
   <div class='ocr_carea' id='block_1_77' title="bbox 89 1992 916 2031">
    <p class='ocr_par' dir='ltr' id='par_1_77' title="bbox 89 1992 916 2031">
     <span class='ocr_line' id='line_1_77' title="bbox 89 1992 916 2031; baseline -0.002 -9"><span class='ocrx_word' id='word_1_557' title='bbox 89 1994 260 2031; x_wconf 83' lang='grc' dir='ltr'>νησάμενοι,</span> <span class='ocrx_word' id='word_1_558' title='bbox 290 1994 350 2031; x_wconf 71' lang='grc' dir='ltr'>ἆραι</span> <span class='ocrx_word' id='word_1_559' title='bbox 389 1994 457 2021; x_wconf 76' lang='grc' dir='ltr'>κατὰ</span> <span class='ocrx_word' id='word_1_560' title='bbox 493 1993 637 2030; x_wconf 82' lang='grc' dir='ltr'>Ῥωμαίων</span> <span class='ocrx_word' id='word_1_561' title='bbox 665 1992 749 2021; x_wconf 76' lang='grc' dir='ltr'>ὅπλα.</span> <span class='ocrx_word' id='word_1_562' title='bbox 779 1993 916 2030; x_wconf 81' lang='grc' dir='ltr'>Καρτερὰν</span> 
     </span>
    </p>
   </div>
   <div class='ocr_carea' id='block_1_78' title="bbox 90 2036 915 2076">
    <p class='ocr_par' dir='ltr' id='par_1_78' title="bbox 90 2036 915 2076">
     <span class='ocr_line' id='line_1_78' title="bbox 90 2036 915 2076; baseline -0.002 -10"><span class='ocrx_word' id='word_1_563' title='bbox 90 2038 135 2066; x_wconf 64' lang='grc' dir='ltr'>οὖν</span> <span class='ocrx_word' id='word_1_564' title='bbox 163 2038 362 2075; x_wconf 71' lang='grc' dir='ltr'>ἐνστησάμενος</span> <span class='ocrx_word' id='word_1_565' title='bbox 392 2037 555 2076; x_wconf 88' lang='grc' dir='ltr'>πολιορκίαν</span> <span class='ocrx_word' id='word_1_566' title='bbox 581 2038 715 2075; x_wconf 80' lang='grc' dir='ltr'>ἠνάγκασε</span> <span class='ocrx_word' id='word_1_567' title='bbox 737 2040 842 2068; x_wconf 79' lang='grc' dir='ltr'>πίστεις</span> <span class='ocrx_word' id='word_1_568' title='bbox 865 2036 915 2065; x_wconf 88' lang='grc' dir='ltr'>λα-</span> 
     </span>
    </p>
   </div>
   <div class='ocr_carea' id='block_1_79' title="bbox 90 2079 914 2121">
    <p class='ocr_par' dir='ltr' id='par_1_79' title="bbox 90 2079 914 2121">
     <span class='ocr_line' id='line_1_79' title="bbox 90 2079 914 2121; baseline -0.002 -11"><span class='ocrx_word' id='word_1_569' title='bbox 90 2081 186 2114; x_wconf 71' lang='grc' dir='ltr'>ϐόντας</span> <span class='ocrx_word' id='word_1_570' title='bbox 203 2082 314 2113; x_wconf 69' lang='grc' dir='ltr'>ἑαυτοὺς</span> <span class='ocrx_word' id='word_1_571' title='bbox 345 2083 496 2121; x_wconf 78' lang='grc' dir='ltr'>ἐγχειρίσαι</span> <span class='ocrx_word' id='word_1_572' title='bbox 525 2082 588 2113; x_wconf 82' lang='grc' dir='ltr'>τοὺς</span> <span class='ocrx_word' id='word_1_573' title='bbox 615 2079 698 2110; x_wconf 72' lang='grc' dir='ltr'>ἔνδον·</span> <span class='ocrx_word' id='word_1_574' title='bbox 729 2082 775 2113; x_wconf 76' lang='grc' dir='ltr'>οὕς</span> <span class='ocrx_word' id='word_1_575' title='bbox 790 2081 872 2110; x_wconf 84' lang='grc' dir='ltr'>πάλιν</span> <span class='ocrx_word' id='word_1_576' title='bbox 888 2081 914 2108; x_wconf 69' lang='grc' dir='ltr'>ἐν</span> 
     </span>
    </p>
   </div>
   <div class='ocr_carea' id='block_1_80' title="bbox 88 2126 915 2166">
    <p class='ocr_par' dir='ltr' id='par_1_80' title="bbox 88 2126 915 2166">
     <span class='ocr_line' id='line_1_80' title="bbox 88 2126 915 2166; baseline -0.002 -10"><span class='ocrx_word' id='word_1_577' title='bbox 88 2130 129 2164; x_wconf 81' lang='grc' dir='ltr'>τῷ</span> <span class='ocrx_word' id='word_1_578' title='bbox 156 2127 270 2165; x_wconf 87' lang='grc' dir='ltr'>Βολερῷ</span> <span class='ocrx_word' id='word_1_579' title='bbox 301 2127 467 2164; x_wconf 76' lang='grc' dir='ltr'>μετοικίσας,</span> <span class='ocrx_word' id='word_1_580' title='bbox 497 2128 540 2154; x_wconf 80' lang='grc' dir='ltr'>καὶ</span> <span class='ocrx_word' id='word_1_581' title='bbox 570 2126 648 2164; x_wconf 74' lang='grc' dir='ltr'>ἕτερα</span> <span class='ocrx_word' id='word_1_582' title='bbox 675 2126 791 2166; x_wconf 86' lang='grc' dir='ltr'>φρούρια</span> <span class='ocrx_word' id='word_1_583' title='bbox 814 2126 915 2164; x_wconf 79' lang='grc' dir='ltr'>ἀνεγεί-</span> 
     </span>
    </p>
   </div>
   <div class='ocr_carea' id='block_1_81' title="bbox 90 2170 916 2211">
    <p class='ocr_par' dir='ltr' id='par_1_81' title="bbox 90 2170 916 2211">
     <span class='ocr_line' id='line_1_81' title="bbox 90 2170 916 2211; baseline -0.002 -11"><span class='ocrx_word' id='word_1_584' title='bbox 90 2183 137 2211; x_wconf 88' lang='grc' dir='ltr'>ρας</span> <span class='ocrx_word' id='word_1_585' title='bbox 163 2171 211 2200; x_wconf 87' lang='grc' dir='ltr'>δύο</span> <span class='ocrx_word' id='word_1_586' title='bbox 239 2171 265 2199; x_wconf 71' lang='grc' dir='ltr'>ἰν</span> <span class='ocrx_word' id='word_1_587' title='bbox 295 2174 335 2208; x_wconf 81' lang='grc' dir='ltr'>τῷ</span> <span class='ocrx_word' id='word_1_588' title='bbox 366 2171 440 2209; x_wconf 76' lang='grc' dir='ltr'>μὲσῳ</span> <span class='ocrx_word' id='word_1_589' title='bbox 467 2175 517 2207; x_wconf 84' lang='grc' dir='ltr'>τῆς</span> <span class='ocrx_word' id='word_1_590' title='bbox 546 2170 721 2210; x_wconf 81' lang='grc' dir='ltr'>δυσχωρίας,</span> <span class='ocrx_word' id='word_1_591' title='bbox 751 2172 788 2198; x_wconf 82' lang='grc' dir='ltr'>ὧν</span> <span class='ocrx_word' id='word_1_592' title='bbox 812 2172 843 2199; x_wconf 81' lang='grc' dir='ltr'>τὸ</span> <span class='ocrx_word' id='word_1_593' title='bbox 869 2171 916 2208; x_wconf 74' lang='grc' dir='ltr'>μὶν</span> 
     </span>
    </p>
   </div>
   <div class='ocr_carea' id='block_1_82' title="bbox 91 2214 917 2255">
    <p class='ocr_par' dir='ltr' id='par_1_82' title="bbox 91 2214 917 2255">
     <span class='ocr_line' id='line_1_82' title="bbox 91 2214 917 2255; baseline -0.002 -10"><span class='ocrx_word' id='word_1_594' title='bbox 91 2215 204 2255; x_wconf 81' lang='grc' dir='ltr'>Καρδίαν</span> <span class='ocrx_word' id='word_1_595' title='bbox 236 2216 362 2253; x_wconf 82' lang='grc' dir='ltr'>ὠνόμασε</span> <span class='ocrx_word' id='word_1_596' title='bbox 384 2216 415 2244; x_wconf 84' lang='grc' dir='ltr'>τὸ</span> <span class='ocrx_word' id='word_1_597' title='bbox 445 2214 468 2243; x_wconf 82' lang='grc' dir='ltr'>δ’</span> <span class='ocrx_word' id='word_1_598' title='bbox 497 2215 588 2254; x_wconf 69' lang='grc' dir='ltr'>ἔτερον</span> <span class='ocrx_word' id='word_1_599' title='bbox 617 2217 692 2254; x_wconf 80' lang='grc' dir='ltr'>ἅγιον</span> <span class='ocrx_word' id='word_1_600' title='bbox 724 2215 833 2250; x_wconf 81' lang='grc' dir='ltr'>Ἠλίαν,</span> <span class='ocrx_word' id='word_1_601' title='bbox 863 2216 917 2243; x_wconf 82' lang='grc' dir='ltr'>ὑπ-</span> 
     </span>
    </p>
   </div>
   <div class='ocr_carea' id='block_1_83' title="bbox 91 2259 916 2299">
    <p class='ocr_par' dir='ltr' id='par_1_83' title="bbox 91 2259 916 2299">
     <span class='ocr_line' id='line_1_83' title="bbox 91 2259 916 2299; baseline -0.001 -11"><span class='ocrx_word' id='word_1_602' title='bbox 91 2261 214 2299; x_wconf 72' lang='grc' dir='ltr'>έστρεψεν</span> <span class='ocrx_word' id='word_1_603' title='bbox 240 2260 279 2292; x_wconf 80' lang='grc' dir='ltr'>είς</span> <span class='ocrx_word' id='word_1_604' title='bbox 308 2259 516 2296; x_wconf 84' lang='grc' dir='ltr'>Θεσσαλονίκην.</span> <span class='ocrx_word' id='word_1_605' title='bbox 547 2261 590 2289; x_wconf 78' lang='grc' dir='ltr'>Ἐν</span> <span class='ocrx_word' id='word_1_606' title='bbox 618 2260 637 2298; x_wconf 74' lang='grc' dir='ltr'><strong><em>ᾖ</em></strong></span> <span class='ocrx_word' id='word_1_607' title='bbox 665 2261 803 2298; x_wconf 82' lang='grc' dir='ltr'>Ῥωμανὸς</span> <span class='ocrx_word' id='word_1_608' title='bbox 831 2261 845 2287; x_wconf 84' lang='grc' dir='ltr'>ὁ</span> <span class='ocrx_word' id='word_1_609' title='bbox 871 2259 916 2287; x_wconf 89' lang='grc' dir='ltr'>καὶ</span> 
     </span>
    </p>
   </div>
   <div class='ocr_carea' id='block_1_84' title="bbox 93 2303 916 2343">
    <p class='ocr_par' dir='ltr' id='par_1_84' title="bbox 93 2303 916 2343">
     <span class='ocr_line' id='line_1_84' title="bbox 93 2303 916 2343; baseline -0.001 -11"><span class='ocrx_word' id='word_1_610' title='bbox 93 2303 215 2342; x_wconf 74' lang='grc' dir='ltr'>Γαϐριὴλ</span> <span class='ocrx_word' id='word_1_611' title='bbox 232 2303 277 2332; x_wconf 84' lang='grc' dir='ltr'>δια</span> <span class='ocrx_word' id='word_1_612' title='bbox 300 2315 370 2336; x_wconf 88' lang='grc' dir='ltr'>τινος</span> <span class='ocrx_word' id='word_1_613' title='bbox 395 2304 532 2340; x_wconf 81' lang='grc' dir='ltr'>Ῥωμαίου</span> <span class='ocrx_word' id='word_1_614' title='bbox 561 2305 754 2343; x_wconf 84' lang='grc' dir='ltr'>Χειροτμήτου</span> <span class='ocrx_word' id='word_1_615' title='bbox 780 2303 916 2332; x_wconf 79' lang='grc' dir='ltr'>δούλωσιν</span> 
     </span>
    </p>
   </div>
   <div class='ocr_carea' id='block_1_85' title="bbox 93 2348 919 2388">
    <p class='ocr_par' dir='ltr' id='par_1_85' title="bbox 93 2348 919 2388">
     <span class='ocr_line' id='line_1_85' title="bbox 93 2348 919 2388; baseline 0.001 -12"><span class='ocrx_word' id='word_1_616' title='bbox 93 2350 136 2377; x_wconf 80' lang='grc' dir='ltr'>καὶ</span> <span class='ocrx_word' id='word_1_617' title='bbox 165 2349 305 2388; x_wconf 72' lang='grc' dir='ltr'>ὑποταγὴν</span> <span class='ocrx_word' id='word_1_618' title='bbox 330 2349 499 2387; x_wconf 75' lang='grc' dir='ltr'>ὑπισχνεῖται</span> <span class='ocrx_word' id='word_1_619' title='bbox 518 2371 524 2377; x_wconf 92' lang='grc'><em>.</em></span> <span class='ocrx_word' id='word_1_620' title='bbox 563 2350 593 2378; x_wconf 79' lang='grc' dir='ltr'>Ὀ</span> <span class='ocrx_word' id='word_1_621' title='bbox 631 2348 660 2377; x_wconf 69' lang='grc' dir='ltr'>δὲ</span> <span class='ocrx_word' id='word_1_622' title='bbox 688 2348 858 2380; x_wconf 81' lang='grc' dir='ltr'>ὑποπτεύσας</span> <span class='ocrx_word' id='word_1_623' title='bbox 885 2349 919 2377; x_wconf 69' lang='grc' dir='ltr'>τὰ</span> 
     </span>
    </p>
   </div>
   <div class='ocr_carea' id='block_1_86' title="bbox 93 2392 918 2433">
    <p class='ocr_par' dir='ltr' id='par_1_86' title="bbox 93 2392 918 2433">
     <span class='ocr_line' id='line_1_86' title="bbox 93 2392 918 2433; baseline -0.001 -12"><span class='ocrx_word' id='word_1_624' title='bbox 93 2393 251 2432; x_wconf 83' lang='grc' dir='ltr'>γράμματα,</span> <span class='ocrx_word' id='word_1_625' title='bbox 266 2394 312 2421; x_wconf 87' lang='grc' dir='ltr'>τὸν</span> <span class='ocrx_word' id='word_1_626' title='bbox 328 2393 471 2432; x_wconf 86' lang='grc' dir='ltr'>πατρίκιον</span> <span class='ocrx_word' id='word_1_627' title='bbox 494 2393 650 2433; x_wconf 81' lang='grc' dir='ltr'>Νικηφόρον</span> <span class='ocrx_word' id='word_1_628' title='bbox 675 2394 722 2421; x_wconf 89' lang='grc' dir='ltr'>τὸν</span> <span class='ocrx_word' id='word_1_629' title='bbox 747 2392 846 2432; x_wconf 85' lang='grc' dir='ltr'>Ξιφίαν</span> <span class='ocrx_word' id='word_1_630' title='bbox 873 2393 918 2420; x_wconf 78' lang='grc' dir='ltr'>καὶ</span> 
     </span>
    </p>
   </div>
   <div class='ocr_carea' id='block_1_87' title="bbox 93 2437 916 2476">
    <p class='ocr_par' dir='ltr' id='par_1_87' title="bbox 93 2437 916 2476">
     <span class='ocr_line' id='line_1_87' title="bbox 93 2437 916 2476; baseline -0.002 -10"><span class='ocrx_word' id='word_1_631' title='bbox 93 2441 295 2467; x_wconf 82' lang='grc' dir='ltr'>Κωνσταντῖνον</span> <span class='ocrx_word' id='word_1_632' title='bbox 315 2439 361 2466; x_wconf 82' lang='grc' dir='ltr'>τὸν</span> <span class='ocrx_word' id='word_1_633' title='bbox 387 2437 529 2476; x_wconf 66' lang='grc' dir='ltr'>Διογένην⁷</span> <span class='ocrx_word' id='word_1_634' title='bbox 563 2438 629 2475; x_wconf 65' lang='grc' dir='ltr'>μετὰ</span> <span class='ocrx_word' id='word_1_635' title='bbox 658 2438 705 2465; x_wconf 85' lang='grc' dir='ltr'>τὸν</span> <span class='ocrx_word' id='word_1_636' title='bbox 736 2438 916 2472; x_wconf 86' lang='grc' dir='ltr'>Βοτανειάτην</span> 
     </span>
    </p>
   </div>
   <div class='ocr_carea' id='block_1_88' title="bbox 93 2480 918 2521">
    <p class='ocr_par' dir='ltr' id='par_1_88' title="bbox 93 2480 918 2521">
     <span class='ocr_line' id='line_1_88' title="bbox 93 2480 918 2521; baseline -0.002 -11"><span class='ocrx_word' id='word_1_637' title='bbox 93 2483 242 2521; x_wconf 80' lang='grc' dir='ltr'>στρατηγὸν</span> <span class='ocrx_word' id='word_1_638' title='bbox 277 2483 405 2520; x_wconf 79' lang='grc' dir='ltr'>γεγονότα</span> <span class='ocrx_word' id='word_1_639' title='bbox 432 2482 653 2517; x_wconf 82' lang='grc' dir='ltr'>Θεσσαλονίκης,</span> <span class='ocrx_word' id='word_1_640' title='bbox 684 2482 752 2519; x_wconf 72' lang='grc' dir='ltr'>μετὰ</span> <span class='ocrx_word' id='word_1_641' title='bbox 778 2480 918 2518; x_wconf 78' lang='grc' dir='ltr'>δυνάμεως</span> 
     </span>
    </p>
   </div>
   <div class='ocr_carea' id='block_1_89' title="bbox 95 2526 919 2566">
    <p class='ocr_par' dir='ltr' id='par_1_89' title="bbox 95 2526 919 2566">
     <span class='ocr_line' id='line_1_89' title="bbox 95 2526 919 2566; baseline -0.005 -10"><span class='ocrx_word' id='word_1_642' title='bbox 95 2527 225 2566; x_wconf 67' lang='grc' dir='ltr'>ἐκπέμπει</span> <span class='ocrx_word' id='word_1_643' title='bbox 255 2527 280 2555; x_wconf 75' lang='grc' dir='ltr'>ἰν</span> <span class='ocrx_word' id='word_1_644' title='bbox 308 2529 341 2564; x_wconf 79' lang='grc' dir='ltr'>τῇ</span> <span class='ocrx_word' id='word_1_645' title='bbox 371 2527 452 2565; x_wconf 75' lang='grc' dir='ltr'>χώρᾳ</span> <span class='ocrx_word' id='word_1_646' title='bbox 475 2529 530 2555; x_wconf 81' lang='grc' dir='ltr'>τῶν</span> <span class='ocrx_word' id='word_1_647' title='bbox 560 2526 722 2564; x_wconf 79' lang='grc' dir='ltr'>Μογλένων.</span> <span class='ocrx_word' id='word_1_648' title='bbox 743 2528 788 2553; x_wconf 84' lang='grc' dir='ltr'>Ὠν</span> <span class='ocrx_word' id='word_1_649' title='bbox 804 2526 854 2560; x_wconf 80' lang='grc' dir='ltr'>τὴν</span> <span class='ocrx_word' id='word_1_650' title='bbox 870 2527 919 2552; x_wconf 80' lang='grc' dir='ltr'>πᾶ-</span> 
     </span>
    </p>
   </div>
   <div class='ocr_carea' id='block_1_90' title="bbox 95 2569 921 2610">
    <p class='ocr_par' dir='ltr' id='par_1_90' title="bbox 95 2569 921 2610">
     <span class='ocr_line' id='line_1_90' title="bbox 95 2569 921 2610; baseline -0.004 -10"><span class='ocrx_word' id='word_1_651' title='bbox 95 2584 141 2600; x_wconf 82' lang='grc' dir='ltr'>σαν</span> <span class='ocrx_word' id='word_1_652' title='bbox 156 2571 331 2609; x_wconf 75' lang='grc' dir='ltr'>ληΐσαμὲνων</span> <span class='ocrx_word' id='word_1_653' title='bbox 357 2571 462 2607; x_wconf 79' lang='grc' dir='ltr'>ἐκείνην</span> <span class='ocrx_word' id='word_1_654' title='bbox 485 2575 536 2610; x_wconf 83' lang='grc' dir='ltr'>γῆν</span> <span class='ocrx_word' id='word_1_655' title='bbox 552 2571 597 2599; x_wconf 79' lang='grc' dir='ltr'>καὶ</span> <span class='ocrx_word' id='word_1_656' title='bbox 612 2572 662 2606; x_wconf 85' lang='grc' dir='ltr'>τήν</span> <span class='ocrx_word' id='word_1_657' title='bbox 691 2569 774 2599; x_wconf 83' lang='grc' dir='ltr'>πόλιν</span> <span class='ocrx_word' id='word_1_658' title='bbox 804 2569 921 2608; x_wconf 89' lang='grc' dir='ltr'>πολιορ-</span> 
     </span>
    </p>
   </div>
   <div class='ocr_carea' id='block_1_91' title="bbox 93 2614 921 2656">
    <p class='ocr_par' dir='ltr' id='par_1_91' title="bbox 93 2614 921 2656">
     <span class='ocr_line' id='line_1_91' title="bbox 93 2614 921 2656; baseline -0.004 -11"><span class='ocrx_word' id='word_1_659' title='bbox 93 2617 216 2646; x_wconf 84' lang='grc' dir='ltr'>κούντων</span> <span class='ocrx_word' id='word_1_660' title='bbox 237 2615 334 2656; x_wconf 73' lang='grc' dir='ltr'>ἔφθασε</span> <span class='ocrx_word' id='word_1_661' title='bbox 347 2616 392 2644; x_wconf 85' lang='grc' dir='ltr'>καὶ</span> <span class='ocrx_word' id='word_1_662' title='bbox 408 2617 422 2643; x_wconf 81' lang='grc' dir='ltr'>ὁ</span> <span class='ocrx_word' id='word_1_663' title='bbox 440 2615 579 2654; x_wconf 79' lang='grc' dir='ltr'>βασιλεὺς,</span> <span class='ocrx_word' id='word_1_664' title='bbox 592 2616 637 2643; x_wconf 85' lang='grc' dir='ltr'>καὶ</span> <span class='ocrx_word' id='word_1_665' title='bbox 664 2615 709 2643; x_wconf 87' lang='grc' dir='ltr'>τὸν</span> <span class='ocrx_word' id='word_1_666' title='bbox 734 2614 921 2653; x_wconf 73' lang='grc' dir='ltr'>παραρρέοντα</span> 
     </span>
    </p>
   </div>
   <div class='ocr_carea' id='block_1_92' title="bbox 92 2659 920 2700">
    <p class='ocr_par' dir='ltr' id='par_1_92' title="bbox 92 2659 920 2700">
     <span class='ocr_line' id='line_1_92' title="bbox 92 2659 920 2700; baseline -0.004 -11"><span class='ocrx_word' id='word_1_667' title='bbox 92 2664 126 2700; x_wconf 74' lang='grc' dir='ltr'>τῇ</span> <span class='ocrx_word' id='word_1_668' title='bbox 144 2660 225 2689; x_wconf 85' lang='grc' dir='ltr'>πόλει</span> <span class='ocrx_word' id='word_1_669' title='bbox 249 2660 445 2699; x_wconf 79' lang='grc' dir='ltr'>μετοχετεύσας</span> <span class='ocrx_word' id='word_1_670' title='bbox 471 2660 606 2700; x_wconf 81' lang='grc' dir='ltr'>ποταμὸν,</span> <span class='ocrx_word' id='word_1_671' title='bbox 621 2660 666 2687; x_wconf 80' lang='grc' dir='ltr'>καὶ</span> <span class='ocrx_word' id='word_1_672' title='bbox 689 2659 724 2687; x_wconf 75' lang='grc' dir='ltr'>τὰ</span> <span class='ocrx_word' id='word_1_673' title='bbox 739 2660 853 2696; x_wconf 75' lang='grc' dir='ltr'>θεμέλια</span> <span class='ocrx_word' id='word_1_674' title='bbox 867 2661 920 2686; x_wconf 80' lang='grc' dir='ltr'>τῶν</span> 
     </span>
    </p>
   </div>
   <div class='ocr_carea' id='block_1_93' title="bbox 92 2702 920 2745">
    <p class='ocr_par' dir='ltr' id='par_1_93' title="bbox 92 2702 920 2745">
     <span class='ocr_line' id='line_1_93' title="bbox 92 2702 920 2745; baseline -0.005 -10"><span class='ocrx_word' id='word_1_675' title='bbox 92 2708 193 2745; x_wconf 77' lang='grc' dir='ltr'>τειχῶν</span> <span class='ocrx_word' id='word_1_676' title='bbox 212 2704 345 2743; x_wconf 80' lang='grc' dir='ltr'>ὑπορύξας</span> <span class='ocrx_word' id='word_1_677' title='bbox 362 2704 407 2732; x_wconf 86' lang='grc' dir='ltr'>καὶ</span> <span class='ocrx_word' id='word_1_678' title='bbox 423 2704 490 2740; x_wconf 80' lang='grc' dir='ltr'>ξύλα</span> <span class='ocrx_word' id='word_1_679' title='bbox 509 2704 553 2732; x_wconf 79' lang='grc' dir='ltr'>καὶ</span> <span class='ocrx_word' id='word_1_680' title='bbox 570 2703 722 2743; x_wconf 70' lang='grc' dir='ltr'>εὔπρηστον</span> <span class='ocrx_word' id='word_1_681' title='bbox 738 2703 827 2739; x_wconf 83' lang='grc' dir='ltr'>ἄλΛην</span> <span class='ocrx_word' id='word_1_682' title='bbox 851 2702 920 2739; x_wconf 78' lang='grc' dir='ltr'>ὕλην</span> 
     </span>
    </p>
   </div>
   <div class='ocr_carea' id='block_1_94' title="bbox 98 2745 921 2789">
    <p class='ocr_par' dir='ltr' id='par_1_94' title="bbox 98 2745 921 2789">
     <span class='ocr_line' id='line_1_94' title="bbox 98 2745 921 2789; baseline -0.002 -9"><span class='ocrx_word' id='word_1_683' title='bbox 98 2748 245 2782; x_wconf 69' lang='grc' dir='ltr'>ὑποϐαλὼν</span> <span class='ocrx_word' id='word_1_684' title='bbox 259 2752 318 2784; x_wconf 83' lang='grc' dir='ltr'>τοῖς</span> <span class='ocrx_word' id='word_1_685' title='bbox 343 2748 480 2789; x_wconf 81' lang='grc' dir='ltr'>ὀρύγμασι</span> <span class='ocrx_word' id='word_1_686' title='bbox 499 2749 545 2778; x_wconf 73' lang='grc' dir='ltr'>καὶ</span> <span class='ocrx_word' id='word_1_687' title='bbox 560 2751 613 2789; x_wconf 79' lang='grc' dir='ltr'>πῦρ</span> <span class='ocrx_word' id='word_1_688' title='bbox 629 2745 771 2788; x_wconf 73' lang='grc' dir='ltr'>ἐμϐαλὼν,</span> <span class='ocrx_word' id='word_1_689' title='bbox 785 2751 835 2785; x_wconf 84' lang='grc' dir='ltr'>τῆς</span> <span class='ocrx_word' id='word_1_690' title='bbox 851 2748 921 2786; x_wconf 80' lang='grc' dir='ltr'>ὕλης</span> 
     </span>
    </p>
   </div>
   <div class='ocr_carea' id='block_1_95' title="bbox 969 1902 1797 1940">
    <p class='ocr_par' dir='ltr' id='par_1_95' title="bbox 969 1902 1797 1940">
     <span class='ocr_line' id='line_1_95' title="bbox 969 1902 1797 1940; baseline 0.001 -9"><span class='ocrx_word' id='word_1_691' title='bbox 969 1904 1120 1933; x_wconf 82' lang='lat' dir='ltr'><strong>castellum</strong></span> <span class='ocrx_word' id='word_1_692' title='bbox 1137 1905 1215 1935; x_wconf 80' lang='lat' dir='ltr'><strong>(nam</strong></span> <span class='ocrx_word' id='word_1_693' title='bbox 1230 1903 1399 1940; x_wconf 68' lang='lat' dir='ltr'><strong>praesidium</strong></span> <span class='ocrx_word' id='word_1_694' title='bbox 1411 1903 1468 1931; x_wconf 84' lang='lat' dir='ltr'><strong>fide</strong></span> <span class='ocrx_word' id='word_1_695' title='bbox 1483 1902 1590 1931; x_wconf 85' lang='lat' dir='ltr'><strong>violata</strong></span> <span class='ocrx_word' id='word_1_696' title='bbox 1604 1912 1686 1932; x_wconf 87' lang='lat' dir='ltr'><strong>arma</strong></span> <span class='ocrx_word' id='word_1_697' title='bbox 1697 1908 1797 1933; x_wconf 84' lang='lat' dir='ltr'><strong>contra</strong></span> 
     </span>
    </p>
   </div>
   <div class='ocr_carea' id='block_1_96' title="bbox 970 1947 1798 1985">
    <p class='ocr_par' dir='ltr' id='par_1_96' title="bbox 970 1947 1798 1985">
     <span class='ocr_line' id='line_1_96' title="bbox 970 1947 1798 1985; baseline 0.001 -9"><span class='ocrx_word' id='word_1_698' title='bbox 970 1949 1114 1976; x_wconf 77' lang='lat' dir='ltr'><strong>Romanos</strong></span> <span class='ocrx_word' id='word_1_699' title='bbox 1131 1947 1257 1984; x_wconf 80' lang='lat' dir='ltr'><strong>ceperat)</strong></span> <span class='ocrx_word' id='word_1_700' title='bbox 1274 1956 1381 1984; x_wconf 82' lang='lat' dir='ltr'><strong>magna</strong></span> <span class='ocrx_word' id='word_1_701' title='bbox 1396 1947 1421 1976; x_wconf 92' lang='lat' dir='ltr'>vi</span> <span class='ocrx_word' id='word_1_702' title='bbox 1438 1947 1587 1982; x_wconf 89' lang='lat' dir='ltr'><strong>obsidens,</strong></span> <span class='ocrx_word' id='word_1_703' title='bbox 1604 1948 1662 1976; x_wconf 74' lang='lat' dir='ltr'><strong>fide</strong></span> <span class='ocrx_word' id='word_1_704' title='bbox 1677 1949 1798 1985; x_wconf 88' lang='lat' dir='ltr'><strong>publica</strong></span> 
     </span>
    </p>
   </div>
   <div class='ocr_carea' id='block_1_97' title="bbox 970 1991 1796 2029">
    <p class='ocr_par' dir='ltr' id='par_1_97' title="bbox 970 1991 1796 2029">
     <span class='ocr_line' id='line_1_97' title="bbox 970 1991 1796 2029; baseline -0.001 -7"><span class='ocrx_word' id='word_1_705' title='bbox 970 1996 1089 2029; x_wconf 87' lang='lat' dir='ltr'><strong>accepta</strong></span> <span class='ocrx_word' id='word_1_706' title='bbox 1104 2001 1135 2020; x_wconf 88' lang='lat' dir='ltr'>se</span> <span class='ocrx_word' id='word_1_707' title='bbox 1150 1992 1256 2020; x_wconf 87' lang='lat' dir='ltr'><strong>dedere</strong></span> <span class='ocrx_word' id='word_1_708' title='bbox 1272 1991 1472 2029; x_wconf 65' lang='lat' dir='ltr'><strong>praesidiarios</strong></span> <span class='ocrx_word' id='word_1_709' title='bbox 1483 1992 1571 2028; x_wconf 85' lang='lat' dir='ltr'><strong>cogit,</strong></span> <span class='ocrx_word' id='word_1_710' title='bbox 1587 2000 1696 2028; x_wconf 87' lang='lat' dir='ltr'><strong>eosque</strong></span> <span class='ocrx_word' id='word_1_711' title='bbox 1711 1993 1796 2022; x_wconf 87' lang='lat' dir='ltr'><strong>Bole-</strong></span> 
     </span>
    </p>
   </div>
   <div class='ocr_carea' id='block_1_98' title="bbox 970 2037 1797 2074">
    <p class='ocr_par' dir='ltr' id='par_1_98' title="bbox 970 2037 1797 2074">
     <span class='ocr_line' id='line_1_98' title="bbox 970 2037 1797 2074; baseline 0.001 -9"><span class='ocrx_word' id='word_1_712' title='bbox 970 2046 1036 2065; x_wconf 91' lang='lat' dir='ltr'>rum</span> <span class='ocrx_word' id='word_1_713' title='bbox 1051 2039 1195 2074; x_wconf 87' lang='lat' dir='ltr'><strong>deportat.</strong></span> <span class='ocrx_word' id='word_1_714' title='bbox 1212 2037 1286 2065; x_wconf 91' lang='lat' dir='ltr'>Tum</span> <span class='ocrx_word' id='word_1_715' title='bbox 1303 2037 1332 2064; x_wconf 91' lang='lat' dir='ltr'>in</span> <span class='ocrx_word' id='word_1_716' title='bbox 1349 2037 1554 2073; x_wconf 87' lang='lat' dir='ltr'><strong>angustiarum</strong></span> <span class='ocrx_word' id='word_1_717' title='bbox 1572 2037 1666 2065; x_wconf 87' lang='lat' dir='ltr'><strong>medio</strong></span> <span class='ocrx_word' id='word_1_718' title='bbox 1677 2038 1735 2066; x_wconf 88' lang='lat' dir='ltr'>duo</span> <span class='ocrx_word' id='word_1_719' title='bbox 1747 2047 1797 2066; x_wconf 80' lang='lat' dir='ltr'>ca-</span> 
     </span>
    </p>
   </div>
   <div class='ocr_carea' id='block_1_99' title="bbox 971 2081 1797 2116">
    <p class='ocr_par' dir='ltr' id='par_1_99' title="bbox 971 2081 1797 2116">
     <span class='ocr_line' id='line_1_99' title="bbox 971 2081 1797 2116; baseline 0 -6"><span class='ocrx_word' id='word_1_720' title='bbox 971 2082 1055 2110; x_wconf 86' lang='lat' dir='ltr'><strong>stella</strong></span> <span class='ocrx_word' id='word_1_721' title='bbox 1070 2082 1206 2116; x_wconf 58' lang='lat' dir='ltr'><strong>aediﬁcat,</strong></span> <span class='ocrx_word' id='word_1_722' title='bbox 1223 2090 1315 2109; x_wconf 90' lang='lat' dir='ltr'><strong>unum</strong></span> <span class='ocrx_word' id='word_1_723' title='bbox 1331 2082 1453 2115; x_wconf 76' lang='lat' dir='ltr'><strong>Cardiis,</strong></span> <span class='ocrx_word' id='word_1_724' title='bbox 1469 2081 1593 2109; x_wconf 87' lang='lat' dir='ltr'><strong>alterum</strong></span> <span class='ocrx_word' id='word_1_725' title='bbox 1610 2082 1704 2110; x_wconf 84' lang='lat' dir='ltr'><strong>sancti</strong></span> <span class='ocrx_word' id='word_1_726' title='bbox 1729 2082 1797 2110; x_wconf 74' lang='lat' dir='ltr'><strong>Elias</strong></span> 
     </span>
    </p>
   </div>
   <div class='ocr_carea' id='block_1_100' title="bbox 971 2126 1796 2163">
    <p class='ocr_par' dir='ltr' id='par_1_100' title="bbox 971 2126 1796 2163">
     <span class='ocr_line' id='line_1_100' title="bbox 971 2126 1796 2163; baseline 0.001 -9"><span class='ocrx_word' id='word_1_727' title='bbox 971 2127 1100 2161; x_wconf 85' lang='lat' dir='ltr'><strong>nomine,</strong></span> <span class='ocrx_word' id='word_1_728' title='bbox 1115 2129 1144 2154; x_wconf 84' lang='lat' dir='ltr'>et</span> <span class='ocrx_word' id='word_1_729' title='bbox 1164 2126 1403 2154; x_wconf 74' lang='lat' dir='ltr'><strong>Thessalonicam</strong></span> <span class='ocrx_word' id='word_1_730' title='bbox 1420 2126 1505 2154; x_wconf 82' lang='lat' dir='ltr'><strong>redit.</strong></span> <span class='ocrx_word' id='word_1_731' title='bbox 1531 2126 1582 2154; x_wconf 88' lang='lat' dir='ltr'>Hic</span> <span class='ocrx_word' id='word_1_732' title='bbox 1607 2127 1724 2163; x_wconf 78' lang='lat' dir='ltr'><strong>degenti</strong></span> <span class='ocrx_word' id='word_1_733' title='bbox 1739 2127 1796 2155; x_wconf 82' lang='lat' dir='ltr'>Ga-</span> 
     </span>
    </p>
   </div>
   <div class='ocr_carea' id='block_1_101' title="bbox 970 2170 1798 2207">
    <p class='ocr_par' dir='ltr' id='par_1_101' title="bbox 970 2170 1798 2207">
     <span class='ocr_line' id='line_1_101' title="bbox 970 2170 1798 2207; baseline 0.004 -9"><span class='ocrx_word' id='word_1_734' title='bbox 970 2171 1147 2207; x_wconf 85' lang='lat' dir='ltr'><strong>brielus,qni</strong></span> <span class='ocrx_word' id='word_1_735' title='bbox 1159 2173 1187 2199; x_wconf 87' lang='lat' dir='ltr'>et</span> <span class='ocrx_word' id='word_1_736' title='bbox 1198 2172 1348 2199; x_wconf 83' lang='lat' dir='ltr'><strong>Romanus</strong></span> <span class='ocrx_word' id='word_1_737' title='bbox 1361 2170 1629 2207; x_wconf 76' lang='lat' dir='ltr'><strong>appellabatur,per</strong></span> <span class='ocrx_word' id='word_1_738' title='bbox 1638 2171 1798 2207; x_wconf 84' lang='lat' dir='ltr'><strong>quemdam</strong></span> 
     </span>
    </p>
   </div>
   <div class='ocr_carea' id='block_1_102' title="bbox 972 2215 1799 2250">
    <p class='ocr_par' dir='ltr' id='par_1_102' title="bbox 972 2215 1799 2250">
     <span class='ocr_line' id='line_1_102' title="bbox 972 2215 1799 2250; baseline 0.002 -7"><span class='ocrx_word' id='word_1_739' title='bbox 972 2216 1138 2244; x_wconf 80' lang='lat' dir='ltr'><strong>Romanum</strong></span> <span class='ocrx_word' id='word_1_740' title='bbox 1167 2215 1398 2244; x_wconf 75' lang='lat' dir='ltr'><strong>C-heirotmetum</strong></span> <span class='ocrx_word' id='word_1_741' title='bbox 1424 2215 1464 2250; x_wconf 88' lang='lat' dir='ltr'><strong>(id</strong></span> <span class='ocrx_word' id='word_1_742' title='bbox 1490 2215 1619 2244; x_wconf 86' lang='lat' dir='ltr'><strong>nominis</strong></span> <span class='ocrx_word' id='word_1_743' title='bbox 1644 2216 1680 2244; x_wconf 90' lang='lat' dir='ltr'>ab</span> <span class='ocrx_word' id='word_1_744' title='bbox 1705 2216 1799 2245; x_wconf 79' lang='lat' dir='ltr'><strong>incisa</strong></span> 
     </span>
    </p>
   </div>
   <div class='ocr_carea' id='block_1_103' title="bbox 972 2259 1798 2296">
    <p class='ocr_par' dir='ltr' id='par_1_103' title="bbox 972 2259 1798 2296">
     <span class='ocr_line' id='line_1_103' title="bbox 972 2259 1798 2296; baseline 0 -8"><span class='ocrx_word' id='word_1_745' title='bbox 972 2269 1060 2288; x_wconf 85' lang='lat' dir='ltr'><strong>manu</strong></span> <span class='ocrx_word' id='word_1_746' title='bbox 1071 2260 1125 2296; x_wconf 86' lang='lat' dir='ltr'><strong>est)</strong></span> <span class='ocrx_word' id='word_1_747' title='bbox 1134 2260 1279 2296; x_wconf 86' lang='lat' dir='ltr'><strong>promittit</strong></span> <span class='ocrx_word' id='word_1_748' title='bbox 1290 2268 1321 2287; x_wconf 89' lang='lat' dir='ltr'>se</span> <span class='ocrx_word' id='word_1_749' title='bbox 1335 2259 1391 2295; x_wconf 83' lang='lat' dir='ltr'><strong>ipsi</strong></span> <span class='ocrx_word' id='word_1_750' title='bbox 1404 2268 1520 2287; x_wconf 89' lang='lat' dir='ltr'><strong>servum</strong></span> <span class='ocrx_word' id='word_1_751' title='bbox 1533 2262 1619 2296; x_wconf 83' lang='lat' dir='ltr'><strong>atque</strong></span> <span class='ocrx_word' id='word_1_752' title='bbox 1630 2260 1798 2295; x_wconf 88' lang='lat' dir='ltr'><strong>subjectum</strong></span> 
     </span>
    </p>
   </div>
   <div class='ocr_carea' id='block_1_104' title="bbox 972 2303 1798 2341">
    <p class='ocr_par' dir='ltr' id='par_1_104' title="bbox 972 2303 1798 2341">
     <span class='ocr_line' id='line_1_104' title="bbox 972 2303 1798 2341; baseline 0 -9"><span class='ocrx_word' id='word_1_753' title='bbox 972 2305 1042 2333; x_wconf 79' lang='lat' dir='ltr'><strong>fore.</strong></span> <span class='ocrx_word' id='word_1_754' title='bbox 1060 2305 1114 2332; x_wconf 89' lang='lat' dir='ltr'><strong>Sed</strong></span> <span class='ocrx_word' id='word_1_755' title='bbox 1131 2305 1290 2341; x_wconf 85' lang='lat' dir='ltr'><strong>imperator</strong></span> <span class='ocrx_word' id='word_1_756' title='bbox 1304 2303 1422 2331; x_wconf 84' lang='lat' dir='ltr'><strong>fallaces</strong></span> <span class='ocrx_word' id='word_1_757' title='bbox 1433 2304 1544 2332; x_wconf 84' lang='lat' dir='ltr'><strong>litteras</strong></span> <span class='ocrx_word' id='word_1_758' title='bbox 1555 2312 1619 2332; x_wconf 86' lang='lat' dir='ltr'><strong>esse</strong></span> <span class='ocrx_word' id='word_1_759' title='bbox 1632 2304 1798 2339; x_wconf 84' lang='lat' dir='ltr'><strong>suspicans,</strong></span> 
     </span>
    </p>
   </div>
   <div class='ocr_carea' id='block_1_105' title="bbox 973 2348 1799 2385">
    <p class='ocr_par' dir='ltr' id='par_1_105' title="bbox 973 2348 1799 2385">
     <span class='ocr_line' id='line_1_105' title="bbox 973 2348 1799 2385; baseline 0 -8"><span class='ocrx_word' id='word_1_760' title='bbox 973 2349 1110 2385; x_wconf 88' lang='lat' dir='ltr'><strong>Xiphiam</strong></span> <span class='ocrx_word' id='word_1_761' title='bbox 1120 2351 1148 2377; x_wconf 89' lang='lat' dir='ltr'>et</span> <span class='ocrx_word' id='word_1_762' title='bbox 1156 2348 1382 2377; x_wconf 87' lang='lat' dir='ltr'><strong>Constantinum</strong></span> <span class='ocrx_word' id='word_1_763' title='bbox 1391 2348 1614 2384; x_wconf 83' lang='lat' dir='ltr'><strong>Diogenem,qui</strong></span> <span class='ocrx_word' id='word_1_764' title='bbox 1622 2348 1799 2377; x_wconf 65' lang='lat' dir='ltr'><strong>Botaneiata</strong></span> 
     </span>
    </p>
   </div>
   <div class='ocr_carea' id='block_1_106' title="bbox 972 2392 1799 2430">
    <p class='ocr_par' dir='ltr' id='par_1_106' title="bbox 972 2392 1799 2430">
     <span class='ocr_line' id='line_1_106' title="bbox 972 2392 1799 2430; baseline 0 -9"><span class='ocrx_word' id='word_1_765' title='bbox 972 2394 1001 2421; x_wconf 93' lang='lat' dir='ltr'>in</span> <span class='ocrx_word' id='word_1_766' title='bbox 1015 2396 1141 2430; x_wconf 69' lang='lat' dir='ltr'><strong>praetura</strong></span> <span class='ocrx_word' id='word_1_767' title='bbox 1151 2392 1406 2421; x_wconf 84' lang='lat' dir='ltr'><strong>Thessalonicensi</strong></span> <span class='ocrx_word' id='word_1_768' title='bbox 1422 2393 1576 2427; x_wconf 88' lang='lat' dir='ltr'><strong>successit,</strong></span> <span class='ocrx_word' id='word_1_769' title='bbox 1588 2401 1654 2420; x_wconf 87' lang='lat' dir='ltr'>cum</span> <span class='ocrx_word' id='word_1_770' title='bbox 1671 2394 1799 2422; x_wconf 87' lang='lat' dir='ltr'><strong>exercitu</strong></span> 
     </span>
    </p>
   </div>
   <div class='ocr_carea' id='block_1_107' title="bbox 972 2437 1800 2474">
    <p class='ocr_par' dir='ltr' id='par_1_107' title="bbox 972 2437 1800 2474">
     <span class='ocr_line' id='line_1_107' title="bbox 972 2437 1800 2474; baseline 0 -8"><span class='ocrx_word' id='word_1_771' title='bbox 972 2438 1002 2466; x_wconf 89' lang='lat' dir='ltr'>in</span> <span class='ocrx_word' id='word_1_772' title='bbox 1018 2438 1167 2474; x_wconf 87' lang='lat' dir='ltr'><strong>regionem</strong></span> <span class='ocrx_word' id='word_1_773' title='bbox 1182 2437 1382 2473; x_wconf 85' lang='lat' dir='ltr'><strong>Moglenorum</strong></span> <span class='ocrx_word' id='word_1_774' title='bbox 1394 2437 1504 2471; x_wconf 86' lang='lat' dir='ltr'><strong>mittit;</strong></span> <span class='ocrx_word' id='word_1_775' title='bbox 1522 2437 1573 2473; x_wconf 89' lang='lat' dir='ltr'>qui</span> <span class='ocrx_word' id='word_1_776' title='bbox 1588 2445 1656 2465; x_wconf 88' lang='lat' dir='ltr'>cum</span> <span class='ocrx_word' id='word_1_777' title='bbox 1672 2445 1736 2465; x_wconf 85' lang='lat' dir='ltr'>eam</span> <span class='ocrx_word' id='word_1_778' title='bbox 1749 2438 1800 2466; x_wconf 80' lang='lat' dir='ltr'>de-</span> 
     </span>
    </p>
   </div>
   <div class='ocr_carea' id='block_1_108' title="bbox 973 2482 1798 2519">
    <p class='ocr_par' dir='ltr' id='par_1_108' title="bbox 973 2482 1798 2519">
     <span class='ocr_line' id='line_1_108' title="bbox 973 2482 1798 2519; baseline 0 -10"><span class='ocrx_word' id='word_1_779' title='bbox 973 2482 1104 2519; x_wconf 80' lang='lat' dir='ltr'><strong>populati</strong></span> <span class='ocrx_word' id='word_1_780' title='bbox 1112 2482 1212 2510; x_wconf 88' lang='lat' dir='ltr'><strong>urbem</strong></span> <span class='ocrx_word' id='word_1_781' title='bbox 1221 2482 1682 2518; x_wconf 80' lang='lat' dir='ltr'><strong>obsiderent,supervenitipse,et</strong></span> <span class='ocrx_word' id='word_1_782' title='bbox 1691 2482 1798 2518; x_wconf 87' lang='lat' dir='ltr'><strong>amnis,</strong></span> 
     </span>
    </p>
   </div>
   <div class='ocr_carea' id='block_1_109' title="bbox 974 2523 1801 2564">
    <p class='ocr_par' dir='ltr' id='par_1_109' title="bbox 974 2523 1801 2564">
     <span class='ocr_line' id='line_1_109' title="bbox 974 2523 1801 2564; baseline -0.001 -9"><span class='ocrx_word' id='word_1_783' title='bbox 974 2523 1024 2564; x_wconf 84' lang='lat' dir='ltr'>qui</span> <span class='ocrx_word' id='word_1_784' title='bbox 1033 2527 1134 2555; x_wconf 86' lang='lat' dir='ltr'><strong>urbem</strong></span> <span class='ocrx_word' id='word_1_785' title='bbox 1142 2526 1363 2559; x_wconf 79' lang='lat' dir='ltr'><strong>alluebat.aiveo</strong></span> <span class='ocrx_word' id='word_1_786' title='bbox 1371 2526 1641 2560; x_wconf 79' lang='lat' dir='ltr'><strong>adverso,sul1&#39;os|is</strong></span> <span class='ocrx_word' id='word_1_787' title='bbox 1649 2535 1801 2555; x_wconf 89' lang='lat' dir='ltr'><strong>murorum</strong></span> 
     </span>
    </p>
   </div>
   <div class='ocr_carea' id='block_1_110' title="bbox 975 2571 1801 2608">
    <p class='ocr_par' dir='ltr' id='par_1_110' title="bbox 975 2571 1801 2608">
     <span class='ocr_line' id='line_1_110' title="bbox 975 2571 1801 2608; baseline -0.001 -8"><span class='ocrx_word' id='word_1_788' title='bbox 975 2571 1186 2604; x_wconf 81' lang='lat' dir='ltr'><strong>fundamentis,</strong></span> <span class='ocrx_word' id='word_1_789' title='bbox 1203 2573 1232 2598; x_wconf 89' lang='lat' dir='ltr'>et</span> <span class='ocrx_word' id='word_1_790' title='bbox 1256 2571 1409 2606; x_wconf 83' lang='lat' dir='ltr'><strong>interjecto</strong></span> <span class='ocrx_word' id='word_1_791' title='bbox 1433 2571 1564 2600; x_wconf 88' lang='lat' dir='ltr'><strong>cavernis</strong></span> <span class='ocrx_word' id='word_1_792' title='bbox 1588 2571 1668 2608; x_wconf 82' lang='lat' dir='ltr'><strong>ligno</strong></span> <span class='ocrx_word' id='word_1_793' title='bbox 1684 2572 1801 2607; x_wconf 86' lang='lat' dir='ltr'><strong>aliaque</strong></span> 
     </span>
    </p>
   </div>
   <div class='ocr_carea' id='block_1_111' title="bbox 976 2615 1802 2652">
    <p class='ocr_par' dir='ltr' id='par_1_111' title="bbox 976 2615 1802 2652">
     <span class='ocr_line' id='line_1_111' title="bbox 976 2615 1802 2652; baseline 0.001 -8"><span class='ocrx_word' id='word_1_794' title='bbox 976 2616 1052 2652; x_wconf 78' lang='lat' dir='ltr'><strong>ignis</strong></span> <span class='ocrx_word' id='word_1_795' title='bbox 1068 2624 1173 2652; x_wconf 82' lang='lat' dir='ltr'><strong>capace</strong></span> <span class='ocrx_word' id='word_1_796' title='bbox 1189 2615 1322 2650; x_wconf 86' lang='lat' dir='ltr'><strong>materia,</strong></span> <span class='ocrx_word' id='word_1_797' title='bbox 1340 2615 1476 2644; x_wconf 87' lang='lat' dir='ltr'><strong>incendio</strong></span> <span class='ocrx_word' id='word_1_798' title='bbox 1492 2624 1593 2644; x_wconf 87' lang='lat' dir='ltr'><strong>muros</strong></span> <span class='ocrx_word' id='word_1_799' title='bbox 1608 2616 1723 2644; x_wconf 86' lang='lat' dir='ltr'><strong>evertit.</strong></span> <span class='ocrx_word' id='word_1_800' title='bbox 1740 2616 1802 2648; x_wconf 90' lang='lat' dir='ltr'><strong>Quo</strong></span> 
     </span>
    </p>
   </div>
   <div class='ocr_carea' id='block_1_112' title="bbox 975 2658 1802 2696">
    <p class='ocr_par' dir='ltr' id='par_1_112' title="bbox 975 2658 1802 2696">
     <span class='ocr_line' id='line_1_112' title="bbox 975 2658 1802 2696; baseline 0 -8"><span class='ocrx_word' id='word_1_801' title='bbox 975 2661 1037 2688; x_wconf 85' lang='lat' dir='ltr'><strong>viso</strong></span> <span class='ocrx_word' id='word_1_802' title='bbox 1051 2659 1187 2696; x_wconf 86' lang='lat' dir='ltr'><strong>oppidani</strong></span> <span class='ocrx_word' id='word_1_803' title='bbox 1201 2658 1409 2687; x_wconf 80' lang='lat' dir='ltr'><strong>miserabiliter</strong></span> <span class='ocrx_word' id='word_1_804' title='bbox 1416 2659 1566 2696; x_wconf 85' lang='lat' dir='ltr'><strong>supplices</strong></span> <span class='ocrx_word' id='word_1_805' title='bbox 1577 2659 1646 2687; x_wconf 80' lang='lat' dir='ltr'><strong>facti</strong></span> <span class='ocrx_word' id='word_1_806' title='bbox 1656 2667 1687 2688; x_wconf 83' lang='lat' dir='ltr'>se</span> <span class='ocrx_word' id='word_1_807' title='bbox 1698 2661 1727 2687; x_wconf 85' lang='lat' dir='ltr'>et</span> <span class='ocrx_word' id='word_1_808' title='bbox 1737 2668 1802 2688; x_wconf 88' lang='lat' dir='ltr'><strong>mu-</strong></span> 
     </span>
    </p>
   </div>
   <div class='ocr_carea' id='block_1_113' title="bbox 977 2703 1803 2740">
    <p class='ocr_par' dir='ltr' id='par_1_113' title="bbox 977 2703 1803 2740">
     <span class='ocr_line' id='line_1_113' title="bbox 977 2703 1803 2740; baseline -0.001 -7"><span class='ocrx_word' id='word_1_809' title='bbox 977 2705 1118 2733; x_wconf 85' lang='lat' dir='ltr'><strong>nitionem</strong></span> <span class='ocrx_word' id='word_1_810' title='bbox 1143 2703 1221 2732; x_wconf 71' lang='lat'>462</span> <span class='ocrx_word' id='word_1_811' title='bbox 1246 2703 1432 2732; x_wconf 85' lang='lat' dir='ltr'><strong>dediderunt.</strong></span> <span class='ocrx_word' id='word_1_812' title='bbox 1455 2705 1566 2740; x_wconf 85' lang='lat' dir='ltr'><strong>Captus</strong></span> <span class='ocrx_word' id='word_1_813' title='bbox 1591 2706 1636 2732; x_wconf 84' lang='lat' dir='ltr'>est</span> <span class='ocrx_word' id='word_1_814' title='bbox 1649 2703 1690 2732; x_wconf 87' lang='lat' dir='ltr'>ibi</span> <span class='ocrx_word' id='word_1_815' title='bbox 1706 2703 1803 2733; x_wconf 87' lang='lat' dir='ltr'><strong>Domi-</strong></span> 
     </span>
    </p>
   </div>
   <div class='ocr_carea' id='block_1_114' title="bbox 976 2747 1802 2786">
    <p class='ocr_par' dir='ltr' id='par_1_114' title="bbox 976 2747 1802 2786">
     <span class='ocr_line' id='line_1_114' title="bbox 976 2747 1802 2786; baseline 0 -7"><span class='ocrx_word' id='word_1_816' title='bbox 976 2750 1076 2780; x_wconf 82' lang='lat' dir='ltr'><strong>tianus</strong></span> <span class='ocrx_word' id='word_1_817' title='bbox 1098 2748 1265 2784; x_wconf 75' lang='lat' dir='ltr'><strong>Caucanus,</strong></span> <span class='ocrx_word' id='word_1_818' title='bbox 1280 2748 1368 2778; x_wconf 83' lang='lat' dir='ltr'><strong>homo</strong></span> <span class='ocrx_word' id='word_1_819' title='bbox 1383 2750 1487 2786; x_wconf 80' lang='lat' dir='ltr'><strong>potens</strong></span> <span class='ocrx_word' id='word_1_820' title='bbox 1511 2751 1541 2778; x_wconf 84' lang='lat' dir='ltr'>et</span> <span class='ocrx_word' id='word_1_821' title='bbox 1563 2747 1691 2783; x_wconf 82' lang='lat' dir='ltr'><strong>Gabrieli</strong></span> <span class='ocrx_word' id='word_1_822' title='bbox 1707 2748 1802 2779; x_wconf 82' lang='lat' dir='ltr'><strong>oonsi-</strong></span> 
     </span>
    </p>
   </div>
  </div>
