1919 3048
149 99 206 130 195
817 96 975 127 GEORGII
997 95 1168 126 CEDRENI
1795 100 1852 130 {96

146 163 258 199 liurius,
270 163 505 200 etMoglenorum
522 163 658 200 princeps
666 162 773 191 Elitzes
788 162 896 198 aliique
907 170 966 198 pro-

1057 160 1272 198 ιταπρησθείσης,
1300 160 1463 198 κατέστρεψε
1489 161 1521 188 τὸ
1544 163 1649 199 τεῖχος.
1675 163 1757 201 Ὀπερ
1784 162 1851 191 ῗδόν-

146 217 246 237 cerum
263 208 346 237 multi
363 211 394 236 et
408 217 514 237 manus
530 208 608 236 haud
620 217 706 244 parva
723 207 862 236 militum.
874 205 966 234 Armis

1057 216 1067 237 ς
1097 206 1125 232 οἱ
1155 203 1231 233 ἓνδον
1259 206 1327 243 πρὸς
1357 206 1457 233 ἱκεσίαν
1499 206 1556 243 μετ’
1583 204 1754 245 ὀλοφυρμῶν
1779 208 1850 246 ἐτρά-

146 254 274 282 ferendis
290 254 409 282 idoneos
421 253 630 289 Aspracaniam
644 253 778 288 deportat
790 252 949 287 imperator
961 259 966 279 :

1057 261 1119 285 ιντο,
1147 249 1192 278 καὶ
1230 250 1340 282 ἑαυτοὺς
1376 249 1539 289 παρεδίδουν
1574 251 1622 279 σὺν
1648 254 1690 288 τῷ
1717 252 1846 292 φρουρίῳ.

145 298 299 326 colluviem
316 298 459 334 reliquam
475 297 561 333 diripi
584 297 680 333 jubet,
696 300 724 324 et
739 297 905 330 castellum,
923 295 966 323 cui

1057 294 1148 334 λήφθη
1190 295 1237 331 μὶν
1277 294 1322 322 οὖν
1361 296 1525 331 Δομετιανὸς
1561 295 1575 323 6
1604 296 1750 331 Καυκάνος,
1779 297 1846 336 ἂνήρ

144 343 229 371 Notia
244 351 363 378 nomen,
380 342 508 375 incendi,
530 342 670 378 Mcglenis
686 342 825 369 vicinum.

1057 339 1156 375 νάπης
1184 340 1230 367 καὶ
1257 342 1298 376 τῷ
1326 338 1448 378 Γαϐριὴλ
1478 339 1680 378 συμπάρεδρος,
1710 341 1846 369 καῖἹΙλί-

143 390 209 423 τζης
236 387 249 415 6
279 386 371 425 ἄρχων
399 385 557 425 Μογλὲνων,
585 385 630 413 καὶ
658 385 745 423 ἓτεροι
774 384 901 412 δυνάσται
916 383 1032 419 πολλοὶ,
1047 384 1091 412 καὶ
1109 383 1175 416 λαὸς
1190 383 1361 421 πολεμιστὴς
1375 384 1424 412 οὐκ
1440 384 1544 423 ὀλίγος.
1561 385 1628 416 Τοὺς
1645 385 1693 422 μὶν
1707 385 1752 413 οὖν
1775 385 1847 414 ὅπλα

144 430 308 469 δυναμένους
334 434 416 459 κινεῖν
447 431 484 462 εἰς
514 431 711 468 Ἀσπρσκανίαν
739 430 870 466 ἐκπέμπει
900 429 913 456 ὁ
940 427 1079 466 βασιλεὺς,
1113 428 1159 456 τὸν
1198 427 1226 456 δὶ
1255 428 1351 457 λοιπὸν
1382 429 1541 469 συρφετωδη
1576 430 1641 458 λαὸν
1667 428 1847 469 διαρπαγῆναι

142 477 315 514 προσέταξεν,
339 475 530 514 ἐμπρησθῆναι
546 473 575 502 δὲ
597 475 642 502 καὶ
655 476 686 503 τὸ
702 474 845 514 φρούριον.
861 473 952 501 Ἑάλω
964 473 1010 501 καὶ
1026 472 1116 512 ’ἕτερον
1132 472 1264 513 φρούριον
1291 474 1407 502 Ἐνώτια
1429 474 1598 511 κεκλημένον
1623 477 1761 512 γειτονοῦν
1790 478 1847 508 τοῖς

143 520 311 559 Μογλένοις.

178 584 285 618 Quinta
295 583 342 611 die
352 583 567 611 Cheirotmetus
578 583 730 611 Romanus
739 582 827 616 venit,
841 581 966 610 famulos

142 636 241 664 secum
251 628 401 656 adducens
415 627 539 656 Joannis
550 627 754 660 Bladisthlebi,
769 627 890 654 Anronis
903 626 966 660 ﬁlii,

140 675 170 701 et
181 672 304 708 litteras,
315 672 423 708 quibus
434 672 482 700 hic
492 671 678 708 signiﬁcabat
687 680 719 700 se
727 671 863 700 Gabrielo
874 671 966 699 vitam

139 718 295 753 eripuisse,
307 725 444 752 nuncque
452 717 487 745 ad
501 725 533 746 se
544 717 666 745 rediisse
674 716 859 752 Bulgaricum
871 716 966 751 impe‘

140 763 215 791 rium
228 771 235 797 ;
252 762 501 799 promittebatque
516 770 547 790 se
562 769 680 789 servum
696 764 724 789 et
739 761 891 790 subditum
906 761 965 789 im-

139 807 267 843 peratori
283 807 353 836 fore.
369 806 408 835 Iis
423 806 559 843 perlectis
573 806 732 842 imperator
746 814 831 834 suam
847 808 965 834 senten-

1057 580 1162 618 Ἠμέρᾳ
1186 579 1215 608 δὲ
1233 579 1343 618 πέμπτῃ
1367 582 1430 616 ἧκεν
1452 582 1466 609 ὁ
1482 581 1670 619 Χειρότμητος
1698 582 1846 619 Ῥωμαῖος,

1021 623 1094 662 ἔχων
1119 625 1165 653 καὶ
1194 626 1357 663 θεράποντος
1381 625 1507 654 Ἰωάννου
1530 629 1579 654 τοῦ
1607 627 1650 654 καὶ
1678 625 1846 655 Βλαδισθλά-

1022 667 1083 706 ϐου,
1114 669 1174 697 υίοῦ
1203 670 1321 707 Ἀαρὼν,
1351 670 1519 708 ἐπαγόμενος
1547 671 1591 699 καὶ
1619 670 1771 708 γράμματα
1798 670 1846 707 δη-

1023 713 1122 742 λοῦντα
1158 716 1320 753 φονευθῆναι
1349 715 1393 743 ὑπ’
1422 715 1504 743 αὐτοῦ
1531 716 1576 744 τὸν
1606 713 1732 754 Γαϐριὴλ
1761 715 1787 744 ἰν
1811 718 1849 753 τῷ

1023 761 1163 795 Πετρισκῷ
1190 759 1235 787 καὶ
1263 760 1312 794 τήν
1341 762 1429 788 πᾶσαν
1458 759 1578 797 ἐξουσίαν
1608 759 1647 793 εἲς
1660 761 1755 788 ἑαυτὸν
1785 770 1847 798 μετ-

1023 804 1176 841 ενεχθῆναι,
1207 803 1413 842 ὑπισχνούμενά
1438 814 1467 832 τι
1493 805 1543 839 τὴν
1561 804 1716 843 πρέπουσαν
1745 805 1844 833 61:011-

139 852 213 880 tiam
228 860 317 880 aurea
331 851 412 879 bulla
426 850 630 886 consignatam
651 850 758 878 Joanni
774 850 875 878 mittit.
890 850 965 878 Pau-

1057 858 1068 874 ν
1095 847 1139 875 καὶ
1169 846 1303 876 δούλωσιν
1333 847 1496 884 ινδείξασθαι
1533 850 1602 886 πρὸς
1635 850 1683 878 τὸν
1719 849 1844 888 βασιλέα.

140 897 242 932 cisque
257 898 322 931 post
337 895 441 923 diebus
453 895 604 923 Romanus
618 895 703 928 redit,
715 894 830 923 litteras
839 894 964 923 Joannis

140 943 168 968 et
176 940 340 976 principum
348 939 491 976 Bulgarim
499 938 747 975 all‘erens,quibus
757 939 777 966 ii
788 947 820 967 se
830 939 964 968 subditos

139 984 308 1021 imperatori
318 984 493 1012 fatebantur.
501 984 642 1019 Adjungit
650 991 681 1011 se
692 983 780 1011 etiam
793 983 963 1019 imperatori

139 1029 304 1063 Caucanus,
320 1029 478 1057 Domitiani
494 1029 571 1064 apud
596 1028 746 1064 Moglenos
769 1028 846 1064 capti
864 1028 962 1063 frater,

139 1077 242 1110 estque
250 1075 286 1102 ab
296 1081 330 1102 eo
341 1074 499 1102 honoriﬁce
508 1073 638 1101 habitus.
650 1075 792 1101 Caeterum
804 1073 964 1109 imperator

138 1119 245 1146 certior
259 1118 355 1146 factus
369 1118 512 1146 Joannem
530 1117 596 1145 dolo
611 1125 644 1145 ac
660 1117 801 1146 fallaciter
815 1118 872 1145 ista
888 1117 962 1145 scri-

137 1163 235 1200 psisse
249 1171 283 1191 ac
300 1163 446 1191 contraria
466 1162 529 1190 suis
554 1162 708 1198 promissis
724 1161 831 1196 moliri,
848 1161 877 1189 in
895 1161 961 1189 Bul-

137 1207 250 1244 gariam
267 1206 423 1235 revertitur
437 1215 444 1241 ;
460 1208 489 1234 et
505 1205 629 1234 Ostrobo
644 1205 792 1242 Sosccque
808 1205 960 1240 adjacente

136 1251 255 1287 regione
270 1259 304 1279 ac
316 1250 474 1286 campestri
490 1250 647 1286 Pelagonia
658 1249 855 1285 depopulatis,
871 1252 960 1284 quot-

136 1298 208 1331 quot
222 1294 363 1331 Bulgaros
377 1295 513 1330 cepisset,
524 1294 566 1322 eis
581 1293 681 1322 oculos
697 1294 806 1322 effodit.
819 1294 854 1321 Et
867 1302 961 1329 usque

136 1340 169 1367 ad
186 1340 289 1368 urbem
300 1339 466 1372 Achridem,
478 1339 588 1374 regiam
602 1338 754 1373 Bulgaria,
766 1339 886 1366 accedit.
898 1341 961 1371 Qua

134 1384 212 1413 468
229 1384 350 1420 potitus,
363 1384 449 1412 rebus
462 1383 598 1412 omnibus
609 1385 685 1411 recte
701 1383 879 1416 constitutis,
891 1390 960 1419 per-

135 1437 202 1465 gere
217 1432 246 1456 et
260 1429 296 1457 ad
311 1428 504 1465 Dyrrachium
521 1428 665 1464 proﬁcisci
683 1427 820 1461 intendit,
837 1427 914 1464 quod
931 1429 960 1455 et

131 1475 196 1509 ejus
211 1473 267 1502 loci
277 1473 426 1509 rssipsius
438 1473 621 1508 praesentiam
633 1472 831 1508 requirebant.
844 1472 957 1500 Etenim

132 1518 262 1555 quandiu
287 1517 435 1554 Trymalia
459 1520 488 1545 et
502 1517 659 1545 viciniorss
682 1517 788 1545 Serviaa
813 1519 910 1553 partes
925 1516 954 1544 in

129 1564 273 1599 potestate
287 1562 444 1591 Bladimeri
459 1562 560 1598 (gener
574 1561 599 1589 is
615 1561 669 1589 fuit
683 1561 820 1597 Samueli)
838 1570 954 1589 manse-

129 1610 210 1641 runt,
225 1607 355 1636 hominis
371 1607 447 1642 justi
471 1615 505 1635 ac
530 1607 610 1642 pacis
625 1609 654 1634 et
677 1606 793 1634 virtutis
816 1606 954 1640 studiosi,

129 1655 266 1688 pacatum
283 1653 377 1679 fuerat
391 1652 592 1688 Dyrrachium.
605 1652 641 1679 At
653 1653 812 1687 postquam
825 1651 954 1679 Joannes

128 1696 296 1725 Samuelum
313 1696 467 1731 interfecit,
484 1696 696 1731 deceptumque
708 1695 789 1723 falsis
800 1696 954 1730 juramen-

127 1741 166 1769 tis
181 1741 379 1769 Bladimsrum
395 1742 423 1768 et
437 1749 526 1776 opera
542 1740 641 1768 Davi-ii
653 1739 843 1776 Bulgarorum
856 1739 953 1768 archi-

128 1785 256 1821 episcopi
273 1794 304 1813 se
320 1784 475 1813 dedentem
501 1785 588 1821 paulo
612 1787 679 1821 post
703 1784 813 1820 perﬁde
829 1784 952 1818 necavit,

126 1838 301 1866 magnopere
322 1829 519 1866 Dyrrachiaua
546 1838 592 1858 res
617 1837 762 1857 concussa
785 1831 872 1864 atque
888 1837 952 1864 per-

125 1875 244 1902 turbata
258 1876 313 1908 est,
331 1874 410 1910 quod
431 1876 560 1902 Joannes
585 1874 686 1901 urbem
711 1881 774 1901 eam
790 1872 950 1901 identidem

124 1927 176 1955 per
191 1920 327 1947 ductores
342 1927 422 1954 suos,
439 1918 597 1955 aliquando
613 1918 701 1946 etiam
714 1925 842 1954 prasens
859 1925 950 1954 oppu-

123 1965 234 1998 gnaret.
250 1964 305 1991 Sed
321 1963 507 1999 imperatoris
523 1962 692 1990 institutum
709 1970 755 1990 res
768 1961 846 1989 haud
863 1970 951 1997 parva

123 2007 269 2043 impediit.
286 2007 398 2036 Etenim
415 2007 451 2035 ad
465 2006 621 2034 Achridem
633 2006 822 2042 proﬁciscens
838 2009 904 2042 post
919 2014 950 2034 se

124 2051 243 2087 reliquit
258 2060 325 2080 cum
342 2060 430 2079 manu
444 2051 571 2079 militum
583 2050 741 2086 Georgium
757 2050 949 2078 Conitziatem

124 2098 154 2124 et
168 2095 300 2124 Orestem
318 2095 588 2133 protospatherium
604 2095 763 2130 captivum,
775 2095 885 2130 jubens
900 2102 950 2123 eos

124 2140 154 2168 in
170 2141 348 2177 campestria
372 2140 536 2176 Pelagonia
559 2139 698 2175 grassari.
723 2139 779 2168 Eos
795 2140 950 2168 universos

123 2185 241 2221 Bulgari
256 2186 331 2213 duce
350 2186 456 2218 lbatza,
480 2185 541 2212 viro
559 2183 744 2212 nobilissimo
769 2186 797 2212 et
811 2186 949 2220 spectata:

1019 893 1102 930 Ὅπερ
1143 893 1276 930 ἀναγνοὺς
1320 893 1333 921 6
1377 893 1515 932 βασιλεὺς,
1548 895 1594 922 καὶ
1623 891 1847 933 χρυσοϐούλλοις

1017 936 1173 974 γράμμασιν
1206 938 1239 965 τὰ
1281 936 1413 965 δοκοῦντα
1448 939 1667 975 πιστωσάμενος,
1703 938 1844 967 ἀπέστειλε

1017 981 1086 1018 πρὸς
1114 982 1160 1009 τὸν
1189 982 1326 1017 Ἰωάννην.
1350 982 1402 1010 Καὶ
1430 984 1488 1019 μετ’
1517 982 1612 1021 ὀλίγας
1638 983 1724 1011 πάλιν
1739 983 1844 1022 ἡμέρας

1018 1025 1150 1060 ἐπανῆκεν
1180 1027 1193 1053 ὁ
1222 1027 1394 1064 τετμημένος
1418 1028 1468 1062 τήν
1483 1030 1563 1066 χεῖρα
1577 1029 1726 1064 Ῥωμαῖος,
1741 1028 1845 1068 γραφὰς

1017 1070 1139 1106 κομίζων
1170 1071 1296 1100 Ἰωάννου
1324 1082 1353 1099 τι
1376 1071 1488 1100 καὶτῶν
1515 1071 1657 1110 ἀρχόντων
1673 1071 1842 1111 Βουλγαρίας

1018 1114 1156 1150 ὑπηκόους
1191 1115 1402 1154 ὁμολογούντων
1429 1115 1474 1144 καὶ
1500 1115 1616 1148 δούλους
1643 1117 1767 1155 γενέσθαι
1796 1119 1844 1145 τοῦ

1018 1158 1154 1196 βασιλέως
1184 1161 1225 1197 [Ρ.
1254 1162 1318 1196 710]
1340 1160 1497 1199 Προσερῥύη
1532 1160 1561 1188 δὶ
1593 1163 1633 1198 τῷ
1667 1161 1776 1199 βασιλεῖ
1798 1162 1842 1190 καὶ

1016 1204 1154 1236 Καυκάνος
1183 1205 1197 1231 ὁ
1226 1203 1342 1243 ἀδελφὸς
1367 1207 1532 1242 Δομετιανοῦ
1559 1208 1608 1233 τοῦ
1634 1205 1662 1233 ἐν
1689 1206 1842 1244 Μογλένοις

1015 1247 1139 1280 ἁλόντος·
1163 1248 1191 1276 ὃν
1209 1248 1464 1288 φιλοτιμησάμενος
1489 1249 1534 1278 διὰ
1553 1254 1638 1287 τιμῆς
1660 1251 1738 1288 ἦγεν.
1767 1250 1841 1279 Ἐπεὶ

1015 1291 1044 1320 δὲ
1057 1292 1125 1331 ἔγνω
1150 1294 1196 1321 τὸν
1223 1294 1350 1329 Ἰωάννην
1381 1293 1455 1331 δόλῳ
1480 1295 1525 1322 καὶ
1551 1295 1679 1333 περινοίᾳ
1703 1295 1840 1334 γράψαντα

1012 1337 1046 1364 τὰ
1059 1337 1193 1376 γραφέντα
1216 1339 1259 1366 καὶ
1288 1339 1416 1367 τάναντὶα
1440 1339 1477 1366 ὧν
1495 1340 1652 1377 ὑπισχνεῖτο
1677 1339 1838 1377 διανοούμε-

1012 1392 1069 1416 νον,
1095 1381 1271 1421 ἐπανέστρεψε
1298 1383 1380 1411 πάλιν
1410 1383 1479 1421 πρὸς
1504 1383 1687 1422 Βουλγαρίαν,
1715 1385 1761 1412 καὶ
1778 1384 1840 1420 λεη-

1013 1425 1133 1462 λατήσας
1148 1428 1198 1462 τήν
1213 1427 1382 1466 περίχωρον.
1408 1426 1556 1466 Ὀστροϐοῧ
1584 1429 1696 1457 καὶτοῦ
1726 1431 1837 1457 Σωσκοῦ

1011 1471 1056 1498 καὶ
1070 1472 1120 1506 τὴν
1137 1471 1250 1500 πεδιάδα
1265 1472 1430 1510 Πελαγενίας
1449 1473 1513 1504 τοὺς
1543 1472 1744 1510 ἁλισκομένους
1772 1474 1837 1502 πάν-

1010 1526 1058 1548 τας
1072 1515 1228 1555 ἀπετύφλου
1241 1517 1425 1555 ΒουΛγάρους.
1438 1519 1562 1546 ’Ἃπεισιν
1579 1517 1625 1545 οὖν
1641 1517 1711 1557 ἄχρι
1726 1521 1776 1552 τῆς
1790 1519 1837 1546 πό-

1012 1559 1082 1591 λεως
1097 1559 1238 1599 Ἀχρίδος,
1254 1561 1280 1588 ἐν
1293 1561 1353 1599 ᾖτὰ
1370 1561 1494 1599 βασίλεια
1503 1565 1556 1589 τῶν
1575 1562 1714 1600 βασιλέων
1731 1562 1836 1601 ἵδρυντο

1009 1604 1195 1643 Βουλγαρέας·
1222 1605 1267 1634 καὶ
1290 1607 1340 1641 τήν
1364 1606 1445 1634 πόλιν
1476 1604 1643 1645 παραλαϐὼν
1677 1607 1722 1635 καὶ
1752 1609 1836 1636 πάντα

1007 1649 1100 1681 καλῶς
1130 1649 1230 1682 διαθεὶς
1253 1649 1354 1687 ἔμελλε
1375 1651 1420 1678 καὶ
1449 1652 1615 1689 προσωτέρω
1645 1651 1767 1690 βαδίζειν
1792 1652 1835 1680 καὶ

1007 1697 1057 1728 τῆς
1088 1695 1155 1732 πρὸς
1183 1694 1214 1722 τὸ
1242 1694 1394 1734 Δυρῥάχιον
1424 1697 1561 1733 ἅψασθαι·
1591 1693 1682 1725 ἔδεῖτο
1709 1698 1759 1735 γὰρ
1785 1699 1834 1730 τῆς

1008 1737 1156 1775 ἐπιδημίας
1183 1739 1266 1767 αὐτοῦ
1292 1740 1326 1767 τὰ
1354 1739 1449 1768 ὶκεῖσε.
1476 1742 1550 1772 Ἕως
1580 1740 1628 1778 μὶν
1653 1742 1706 1779 γὰρ
1721 1743 1832 1779 Τρυμα-

1008 1782 1069 1815 λιᾶς
1091 1783 1136 1810 καὶ
1151 1786 1204 1811 τῶν
1230 1783 1373 1822 ἀγχοτάτω
1403 1782 1518 1822 Σερϐίας
1536 1787 1624 1823 μερῶν
1642 1786 1715 1824 ἦρχε
1729 1785 1828 1815 Βλαδι-

1009 1828 1122 1864 μηρὸςὸ
1152 1827 1195 1855 ἐπὶ
1220 1828 1330 1866 θυγατρὶ
1358 1831 1405 1856 τοῦ
1435 1829 1569 1866 Σαμουὴλ
1590 1828 1738 1865 κηδεστὴς,
1762 1830 1829 1868 ἀνὴρ

1005 1871 1127 1907 ἐπιεικὴς
1163 1872 1207 1900 καὶ
1242 1873 1379 1910 εἰρηνικὸς
1410 1873 1454 1901 καὶ
1493 1874 1590 1911 ἀρετῆς
1626 1874 1829 1912 ἀντεχόμενος,

1005 1916 1122 1954 ἠρεμίαν
1138 1917 1195 1955 εἶχε
1218 1917 1251 1944 τὰ
1275 1917 1301 1944 ἐν
1331 1917 1483 1955 Δυῤῥαχίῳ·
1513 1917 1606 1952 ἐπειδὴ
1622 1916 1653 1946 8t
1668 1920 1682 1947 6
1708 1916 1828 1955 Γαϐριὴλ

1005 1961 1078 1999 παρὰ
1100 1963 1150 1989 τυῦ
1179 1962 1305 1990 Ἰωάννου
1330 1962 1467 1997 ἀπώλετο,
1495 1963 1540 1990 καὶ
1568 1961 1648 1994 οὗτος
1676 1973 1831 2002 παρασπον-

1005 2005 1097 2041 δηθεὶς
1113 2005 1157 2033 καὶ
1171 2008 1230 2038 τοῖς
1250 2005 1343 2043 ὅρκοις
1367 2006 1511 2038 πιστεύσας
1532 2007 1604 2045 παρὰ
1632 2009 1681 2035 τοῦ
1705 2007 1829 2037 Ἰωάννου

1005 2048 1121 2078 δοθεῖσιν
1150 2051 1223 2087 αὑτῷ
1247 2049 1291 2078 διὰ
1319 2049 1402 2079 Δαόὶδ
1425 2053 1474 2079 τοῦ
1497 2051 1717 2089 άρχιεπισκόπου
1745 2051 1829 2080 Βουλ-

1003 2094 1099 2133 γαρίας
1123 2095 1216 2122 ῑαυτδν
1246 2094 1394 2133 ἐνεχείρισε
1414 2095 1459 2123 καὶ
1489 2096 1555 2132 μετὰ
1585 2097 1684 2134 μικρὸν
1710 2097 1827 2136 ἀπεσφά-

1004 2150 1053 2178 γη,
1084 2139 1171 2168 πολὺν
1195 2139 1254 2178 εἶχε
1267 2140 1388 2178 τάραχον
1410 2140 1454 2168 καὶ
1479 2139 1578 2168 κλόνον
1593 2141 1627 2168 τὰ
1643 2141 1729 2169 ἰκεῖσε
1744 2142 1828 2180 πράγ-

1006 2195 1086 2221 ματα,
1113 2183 1269 2222 ἐγκειμένου
1292 2185 1351 2216 καθ’
1378 2183 1491 2220 ἑκάστην
1519 2185 1564 2213 καὶ
1594 2182 1639 2212 διὰ
1668 2187 1827 2223 στρατηγῶν

122 2230 252 2266 virtutis,
268 2230 297 2258 in
313 2230 436 2258 insidias
452 2222 796 2257 attractos‘trucidarunt.
806 2229 877 2264 Ejus
888 2228 949 2257 cla-
964 2251 966 2255 ι

1057 2228 1141 2260 ηλάκις
1168 2231 1217 2256 τοῦ
1243 2228 1365 2258 Ἰωάννου
1393 2228 1437 2256 καὶ
1466 2228 1501 2256 δι’
1526 2229 1622 2257 ἱαυτοῦ
1651 2229 1732 2258 πάλιν
1758 2222 1828 2258 ἔλεῖν

123 2275 168 2303 dis
183 2274 283 2303 dolore
298 2274 430 2303 concitus
445 2273 643 2309 imperatoria
660 2272 843 2309 Pelagoniam
856 2281 949 2302 rever-

122 2320 206 2353 titur,
223 2320 410 2355 Ibatzamque
421 2317 839 2354 persecutusThessaionicam
856 2318 947 2353 venit,

123 2362 563 2399 indeqneMosynopolin,misso
575 2370 640 2389 cum
652 2361 779 2390 exercitu
790 2363 826 2390 ad
837 2365 948 2390 Strum-

123 2408 205 2444 pitzao
230 2407 479 2444 oppugnationem
505 2406 611 2434 Davido
633 2406 773 2434 Arianita.
799 2409 827 2435 Is
849 2407 946 2435 subito

123 2452 239 2480 irruens
255 2452 409 2479 castellum
425 2450 595 2478 Thermitza
611 2450 696 2486 cepit.
712 2450 791 2479 Misit
811 2454 839 2479 et
855 2451 946 2480 alium

121 2496 280 2525 exercitum
295 2495 325 2524 in
341 2496 493 2524 Triadilzas
503 2496 581 2523 ΔΕΜ
597 2494 730 2530 castella,
743 2495 816 2523 d'uce
828 2495 944 2532 Xiphia.

120 2541 174 2573 Qui
190 2540 329 2568 omnibus
344 2548 408 2575 qua
431 2540 489 2567 sita
512 2542 596 2567 erant
611 2539 640 2567 in
667 2539 787 2575 planitie
802 2540 945 2575 subactis,

122 2584 275 2612 castellum
289 2584 335 2612 cui
351 2584 441 2612 Boion
457 2592 563 2612 nomen
579 2585 770 2620 expugnavit.

1002 2273 1052 2308 τήν
1081 2272 1172 2301 πόλιν.
1202 2273 1253 2301 Καὶ
1278 2271 1323 2300 διὰ
1349 2275 1430 2301 τοῦτο
1454 2271 1582 2301 ἐϐούλετο
1600 2274 1647 2311 μὶν
1669 2275 1684 2302 6
1701 2273 1827 2313 βασιλεὺς

1002 2316 1128 2345 ἀπελθεῖν
1148 2318 1193 2345 καί
1211 2318 1357 2355 βοηθῆσαι,
1386 2316 1512 2353 ἐκωλύθη
1540 2316 1569 2345 δὶ
1598 2317 1633 2346 δι’
1661 2319 1749 2346 αἷτίαν
1778 2318 1827 2346 οὔκ

1002 2360 1122 2400 ἄλογον.
1151 2362 1355 2400 Ἀπερχόμενος
1382 2362 1431 2400 γὰρ
1456 2362 1524 2401 πρὸς
1553 2361 1670 2401 Ἀγρίδα
1697 2362 1825 2391 κατέλιπε

1001 2406 1115 2434 κατόπιν
1143 2407 1209 2443 μετὰ
1235 2406 1359 2442 πλήθους
1380 2405 1552 2444 στρατιωτῶν
1581 2406 1714 2446 Γεώργιον
1730 2417 1824 2445 στρατ-

1002 2450 1068 2488 ηγὸν
1097 2451 1142 2478 τὸν
1174 2453 1347 2486 Γονιτζιάτην
1385 2451 1430 2478 καὶ
1468 2451 1597 2489 Ὀρέστην
1628 2451 1824 2490 πρωτοσπαθά-

1002 2505 1059 2534 ριον
1085 2496 1130 2523 τὸν
1156 2495 1347 2533 αἰχμάλωτον,
1372 2496 1547 2534 κατατρέχειν
1575 2496 1704 2526 κελεύσας
1731 2496 1764 2523 τὰ
1779 2505 1825 2523 πε-

1001 2539 1045 2567 δία
1073 2539 1252 2577 ΙΙελαγονίας”
1269 2538 1316 2571 οὕς
1330 2539 1532 2578 ἐλλοχήσαντες
1547 2539 1702 2579 Βούλγαροι
1716 2537 1824 2578 ἔχοντες

1000 2584 1148 2622 στρατηγὸν
1187 2585 1232 2612 τὸν
1272 2581 1406 2620 Ἰϐάτζην,
1443 2585 1632 2624 φανερώτατολ
1669 2583 1752 2623 ἄνδρα
1778 2583 1823 2612 καὶ

121 2627 365 2665 δεδοκιμασμένον,
401 2628 539 2666 ἀναιροῦσι
577 2627 686 2658 πάντας.
724 2629 771 2656 Ὧν
806 2630 841 2666 τῇ
879 2628 952 2667 λύπῃ
989 2629 1132 2668 συγχυθεὶς
1162 2629 1176 2656 6
1207 2628 1333 2667 βασιλεὺς
1358 2628 1551 2667 ἐπανίστρεψεν
1579 2629 1618 2661 είς
1646 2628 1824 2667 Πελαγονίαν,

121 2672 166 2701 καὶ
191 2672 238 2700 τὸν
271 2669 393 2707 ’Ῑϐάτζην
420 2670 599 2710 καταδραμὼν
628 2671 673 2700 καὶ
696 2671 792 2710 διώξας
822 2673 941 2708 ἀπῆλθεν
965 2673 991 2702 ἐν
1028 2673 1225 2711 Θεσσαλονίκῃ.
1259 2673 1388 2702 Κάκεῖθεν
1428 2671 1504 2710 διέϐη
1533 2673 1572 2706 ιτς
1601 2671 1822 2709 Μοσυνούπολιν,

123 2716 191 2745 κατὰ
219 2717 429 2755 Στρουμπίτζης
455 2715 521 2745 λαὸν
547 2717 702 2755 πεπομφὼς
723 2718 845 2756 ἡγεμόνα
872 2716 972 2756 ἔχοντα
1003 2718 1048 2747 τὸν
1078 2717 1220 2756 πατρίκιον
1249 2715 1333 2746 Δαδὶδ
1360 2718 1406 2746 τὸν
1436 2718 1599 2757 Ἀριανίτην⁴
1625 2717 1655 2751 ὅς
1683 2715 1823 2758 αἰφνιδίως

121 2760 257 2803 ιπιφανεὶς
281 2760 337 2790 εἷλε
363 2761 395 2791 τὸ
424 2761 553 2801 φρούριον
582 2762 598 2792 ὅ
624 2762 759 2800 Θερμίτζα
785 2761 1009 2800 κατονομάζεται.
1040 2762 1092 2792 Καὶ
1121 2761 1212 2802 ἕτερον
1241 2761 1323 2792 πάλιν
1352 2761 1418 2791 λαὸν
1446 2762 1514 2792 κατᾶ
1541 2765 1594 2791 τῶν
1621 2762 1648 2793 ιν
1675 2759 1822 2802 Τριαδίτζη
