1919 3048
30 49 91 79 197

618 43 892 75 HISTORIARUM
914 43 1189 75 GOMPENDIUM.

1690 48 1749 80 198

31 112 194 152 φρουρίων,
223 110 342 150 ἔξαρχον
373 109 474 149 ἔχοντα
513 109 560 138 τὸν
596 108 710 148 Ξιφίαν,
751 107 895 145 ἐκπέμπει.
938 108 987 136 Καὶ
1014 107 1093 140 οὗτος
1137 108 1166 136 at
1192 109 1226 137 τὰ
1253 108 1280 137 έν
1304 112 1362 141 τοῖς
1394 110 1535 149 ὑπαίθροις
1560 112 1648 140 πάντα
1669 123 1750 141 κατα,

30 157 223 196 στρεψάμενος
238 155 295 184 εἷλε
309 154 458 194 πολιορκίᾳ
472 155 502 182 τὸ
517 153 605 192 ἔρυμα
620 153 635 181 ὅ
651 154 736 182 Βοιὼν
753 152 887 182 καλεῖται.

71 203 106 232 Ὁ
137 201 166 230 δὲ
197 200 325 240 βασιλεὺς
360 199 488 233 ἀπελθὼν
512 199 538 227 ἐν
569 196 894 232 Κωνσταντινουπόλειή

969 199 1124 235 Imperator
1133 199 1234 235 Cpolin
1248 207 1380 228 reversus
1395 199 1535 229 Januario
1551 209 1661 237 mense,
1673 211 1749 231 anno

32 247 110 276 κατὰ
130 247 177 275 τὸν
196 245 361 282 Ἰανουάριον
393 248 467 282 μῆνα
485 246 534 272 τοῦ
562 242 646 282 ,ςφκδ
672 242 759 279 ἔτους,
775 242 872 271 στόλον

36 292 79 323 εἰς
112 291 248 329 Χαζαρίαν
277 292 334 327 (61)
371 289 515 326 ἐκπέμπει,
554 288 667 326 ἔξαρχον
702 287 800 326 ἔχοντα
827 287 873 316 τὸν

36 336 167 374 Μογγὸν,
198 336 257 363 υἱὸν
288 333 465 372 Ἀνδρονίκου
491 333 587 364 δουκὸς
615 335 663 360 τοῦ
689 331 799 362 Λυδοῦ·
828 339 874 367 καὶ

36 383 75 418 τῇ
102 380 232 418 συνεργίᾳ
254 379 376 418 Σφέγγου
400 381 449 406 τοῦ
471 377 589 417 ἀδελφοῦ
617 376 809 416 Βλαδιμηροῦ,
827 379 875 404 τοῦ

37 423 166 463 ἀδελφοῦ
195 425 252 461 (62)
280 425 329 451 τοῦ
367 423 514 461 βασιλέως,
542 422 653 457 ὑπέταξε
688 422 738 456 τὴν
767 421 873 460 χώραν,

36 470 90 496 τοῦ
119 466 255 506 ἄρχοντος
280 466 364 502 αὐτῆς
394 466 533 505 Γεωργίου
560 468 609 493 τοῦ
636 465 758 500 Τζούλου
786 467 812 492 ἐν
840 466 874 502 τῇ

38 512 144 549 πρώτῃ
172 509 318 550 προσϐολῇ
347 510 564 549 συλληφθέντας.
595 512 636 547 [Ρ.
661 511 725 547 711]
748 509 814 538 Τότι
830 509 874 537 καὶ

40 557 231 595 Σιναχηρεὶμ
245 557 259 584 ὁ
282 560 332 591 τῆς
357 554 412 584 ἅνω
434 555 542 591 Μηδίας
571 555 677 594 ἅρχων,
693 554 727 590 ἤν
754 556 875 591 Ἀσπρα-

39 602 141 629 κανίαν
171 601 334 639 ὀνομάζουσι
374 601 505 639 σήμερον,
533 600 573 636 τῷ
616 598 724 638 βασιλιῖ
751 597 874 636 παγγενιὶ

39 645 233 683 προσέδραμι,
275 646 325 681 τήν
366 645 528 674 ὑπείκουσαν
568 644 641 681 αὐτῷ
677 642 876 682 παραδεδωκὼς

41 690 153 719 ἅπασαν
183 690 290 728 χώραν,
319 689 462 728 πατρίκιος
497 689 622 726 τιμηθεὶς
651 688 696 716 καὶ
725 688 875 726 στρατηγὸς

41 733 258 769 Καππαδοκίας,
291 734 337 762 καὶ
379 735 488 770 κτήσεις
524 730 674 760 ἀντιλαϐὼν
711 731 792 760 τάσδε
828 732 876 763 τὰς

42 779 157 815 πόλεις,
185 780 237 814 τὴν
267 777 437 814 Σεϐάστειαν,
463 779 513 813 τήν
542 777 687 816 Λάρισσον,
713 778 762 812 τὴν
789 774 876 805 Ἀϐα-

43 833 105 861 ραν,
132 824 178 851 καὶ
206 822 294 855 ἄλλας
319 825 429 859 κτήσεις
466 821 583 853 πολλάς.
613 822 877 860 Στινοχωρούμενος

929 243 1033 272 mundi
1047 243 1129 278 6524,
1149 243 1274 272 classem
1299 247 1329 273 in
1353 245 1533 274 Chatzariam
1559 246 1660 280 mittit,
1675 247 1749 275 duce

929 288 1035 324 Mongo
1061 289 1219 316 Andronici
1247 290 1321 317 duce
1346 290 1416 326 Lydi
1442 291 1511 318 lilio.
1542 292 1569 319 ls
1593 292 1751 327 adjuvante

929 333 1066 369 Sphengo
1080 333 1168 361 fratre
1184 334 1349 368 Bladimeri,
1365 335 1429 370 eius
1442 336 1491 371 qui
1509 335 1607 363 Basilii
1624 336 1752 372 impera-

928 379 1001 406 toris
1020 385 1151 406 sororem
1175 378 1204 405 in
1230 379 1416 407 matrimonio
1440 379 1576 415 habebat,
1603 381 1752 417 regionem

929 431 994 451 eam
1010 422 1136 459 subegit,
1153 422 1284 460 principe
1296 424 1361 459 ejus
1374 425 1496 460 Georgio
1512 425 1597 453 Szulo
1612 425 1642 453 in
1658 426 1752 462 primo

927 466 1066 494 conﬂictu
1082 469 1176 502 capto.
1193 467 1274 495 Tunc
1297 468 1386 496 etiam
1410 469 1646 503 Seuacherimus,
1663 478 1754 506 supe-

929 511 1016 539 rioris
1032 511 1133 539 Mediae
1154 511 1301 548 princeps,
1318 521 1406 548 quam
1432 513 1518 541 hodie
1541 514 1752 550 Aspracauialn

930 555 1094 590 nominant,
1116 564 1183 583 cum
1209 556 1346 585 universa
1369 565 1423 585 sua
1448 558 1558 586 familia
1583 558 1754 595 imperatori

929 600 1063 633 accessit,
1080 600 1189 628 tradita
1208 601 1232 629 ei
1249 609 1304 629 sua
1329 601 1449 636 ditione,
1465 604 1542 638 quod
1558 604 1663 632 vicinis
1675 607 1754 640 Aga-

930 645 1009 673 renis
1024 645 1122 680 ipsum
1134 646 1338 681 prementibus
1353 647 1389 674 ad
1402 647 1599 676 resistendum
1613 657 1669 676 non
1682 649 1755 677 satis

930 689 1051 718 haberet
1064 689 1169 717 virium
1181 699 1188 723 ;
1201 693 1305 725 estque
1324 690 1418 718 factus
1442 691 1583 727 patricius
1596 694 1626 720 et
1640 692 1753 729 Cappa-

931 733 1020 761 docia:
1032 734 1273 770 dux,recepitque
1287 743 1347 762 suis
1363 735 1482 764 ditinnis
1498 735 1560 764 loco
1575 736 1755 774 Sebesteam,

931 777 1088 814 Larissam,
1100 778 1211 807 Maram
1227 779 1315 807 urbes
1326 779 1441 816 aliaque
1458 783 1552 809 multa
1563 781 1683 817 praedia.
1700 783 1753 810 As-

931 823 1074 859 pracaniaa
1091 826 1188 851 autem
1213 823 1371 859 imperator
1395 825 1524 860 praefecit
1546 826 1685 854 Basilium
1702 835 1755 862 pa-

42 869 97 906 γὶρ
127 867 208 900 οὗτος
239 868 290 895 ὑπὸ
317 870 370 895 τῶν
400 867 553 905 προσοίκων
580 868 739 904 Ἀγαρηνών
766 867 894 914 καίλμή-

971 867 1049 895 cium
1064 869 1227 904 Argyrum;
1251 868 1298 896 cui
1315 868 1352 895 ob
1368 877 1428 897 rem
1445 869 1521 897 male
1542 873 1653 906 gestam
1669 871 1755 899 abro-

42 913 102 944 οἶος
119 912 158 940 ὥν
183 912 306 941 ἀντέχειν
340 910 512 949 προσέδραμε
537 913 576 947 τῷ
607 911 724 948 βασιλεῖ,
739 909 878 948 παραδοὺς

970 915 1033 939 tum
1048 912 1217 948 imperium,
1234 915 1262 940 ct
1277 921 1431 941 successor
1447 914 1559 943 missus
1573 912 1755 951 Nicephorus

41 959 94 992 τήν
126 958 224 985 δαυτοῦ
251 957 357 996 χώραν.
393 957 445 988 Ἦς
475 954 569 994 ἄρχειν
604 955 767 986 ἀποσταλεὶς
796 955 876 984 Βασί-

931 956 1109 985 Commenns
1132 957 1399 994 protospatbarius,
1420 958 1469 994 qui
1494 959 1672 995 provinciam
1697 968 1756 995 qua

42 1000 122 1033 λειος
148 1001 291 1040 πατρίκιος
320 1001 334 1028 ὀ
360 1001 493 1039 Ἀργυρὸς
516 1000 561 1028 καὶ
579 1003 639 1032 τοῖς
663 1000 740 1031 ὅλοις
762 999 876 1031 πταίσας

969 1000 1028 1029 rbis
1044 1009 1103 1037 qua
1115 1001 1145 1029 vi
1161 1010 1233 1029 usus
1250 1002 1419 1038 imperatori
1435 1003 1570 1038 subjecit.

43 1046 219 1084 παραλύεται
241 1050 291 1082 τῆς
319 1046 411 1084 ἀρχῆς
430 1056 436 1062 “

477 1045 523 1073 καὶ
565 1044 698 1083 διάδοχος
741 1045 823 1073 αὐτοῦ
869 1044 1003 1081 πέμπιται
1046 1045 1201 1084 Νικηφόρος
1231 1047 1474 1082 πρωτοπαθάριος
1502 1047 1517 1073 ὁ
1546 1048 1697 1084 Κομνηνὸς,
1726 1048 1756 1080 ὃς

43 1091 116 1119 κατὰ
133 1091 229 1129 χώραν
243 1091 388 1128 γενόμενος
402 1089 447 1118 καὶ
459 1091 493 1117 τὰ
509 1091 556 1126 μὶν
572 1090 663 1117 πειθοῖ
676 1090 710 1118 τὰ
724 1089 753 1117 δὲ
771 1090 817 1127 βίᾳ
831 1089 977 1128 ⁵χρώμενος
987 1089 1108 1125 ὑπήκοον
1121 1092 1160 1126 τῷ
1175 1090 1282 1127 βασιλεῖ
1293 1091 1344 1125 τήν
1358 1091 1452 1129 χώραν
1466 1092 1587 1127 ἐποίησε.

83 1137 134 1172 Τῷ
148 1134 188 1170 δὶ,
203 1134 289 1174 ,ςφκδ’
305 1134 367 1170 ἔτει,
385 1133 554 1165 ἰνδικτιῶνος
566 1133 610 1169 ιδ’,
626 1135 730 1173 ἀπάρας
741 1138 790 1170 τῆς
802 1135 880 1173 βασι-

48 1179 132 1211 λίδος
148 1181 162 1208 ὁ
179 1179 306 1218 βασιλεὺς
322 1180 426 1208 ἄπεισιν
443 1178 481 1211 εἵς
495 1178 668 1218 Τριαδίτζαν.
685 1180 733 1208 Καὶ
748 1180 779 1208 τὸ
795 1179 864 1218 φρού

49 1235 111 1262 ριον
138 1225 268 1262 Πέρνικον
293 1224 469 1262 περικαθίσας
495 1223 663 1261 ἐπολιόρκει,
678 1226 731 1252 τῶν
754 1221 830 1252 ἔνδον
852 1234 882 1252 τι

49 1272 193 1307 καρτερῶς
219 1269 264 1297 καὶ
296 1269 422 1305 ἐκθύμως
450 1269 669 1306 ἀγωνιζομένων,
699 1269 744 1296 καὶ
769 1267 883 1296 πολλῶν

49 1314 199 1351 Ῥωμαίων
222 1313 388 1342 πιπτόντων.
418 1313 477 1351 Ἐφ’
503 1311 569 1344 ὅλας
599 1311 769 1350 ὀγδοήκοντα
792 1312 837 1340 καὶ
858 1320 884 1348 η’

54 1359 164 1396 ἡμέρας
193 1358 421 1396 προσλιπαρήσας
445 1359 479 1395 τῇ
504 1356 664 1396 πολιορκίᾳ,
681 1358 717 1389 ὡς
736 1355 804 1396 ἔγνω
819 1356 884 1385 ἀδυ-

54 1404 150 1435 νάτοις
169 1403 330 1441 έπιχιιρῶν,
355 1402 492 1439 ἄπρακτος
523 1403 687 1440 ὑπεχώρησα
715 1402 758 1430 καὶ
773 1401 810 1433 εἷς
827 1405 885 1430 Μο-

55 1447 222 1476 συνούπολιν
251 1447 382 1483 ἀπῆλθεν.
410 1449 456 1476 Ἐυ
493 1447 579 1485 ᾗτὸν
607 1446 672 1474 λαὸν
703 1446 884 1479 διαναπαύσας

55 1493 136 1530 ἔαρος
164 1491 322 1525 ἐπιστάντος
350 1490 417 1530 ἄρας
455 1491 485 1521 ιιι
514 1491 749 1524 Μοσυνουπόλιως
777 1490 886 1519 εἷ’σεισιν

56 1537 94 1568 εἲς
125 1535 307 1576 Βουλγαρίαν,
329 1537 373 1564 καὶ
397 1537 572 1575 περικαθίσας
602 1536 732 1575 φροῦριον
756 1536 788 1564 τὸ
803 1535 884 1573 λεγό-

58 1592 140 1619 μενον
164 1582 271 1620 Λογγὸν
293 1580 350 1610 εἶλι
374 1580 533 1620 πολιορκίᾳ.
562 1579 645 1609 Δαεὶδ
675 1580 704 1608 δὲ
729 1581 775 1609 τὸν
792 1581 884 1618 ’Δρια-

56 1626 134 1662 νίτην
162 1627 208 1654 καὶ
238 1629 437 1654 Κωνσναντῖνον
466 1626 513 1654 τὸν
543 1626 672 1664 Διογένην
695 1625 734 1656 εἲς
755 1625 803 1656 τὰς
818 1624 886 1652 κατὰ

58 1671 226 1708 Πελαγονίαν
248 1669 377 1702 πεδιάδας
411 1671 550 1708 ἐκπέμψας
589 1670 665 1706 ζώων
698 1669 812 1698 πολλῶν
841 1669 886 1697 καὶ

59 1715 249 1754 αἰχμαλώτων
278 1715 384 1754 ἰγένετο
404 1716 512 1754 κύριος.
531 1716 567 1743 Τὸ
595 1714 625 1742 δὲ
640 1714 741 1754 ληφθὲν
758 1714 888 1753 φρούριον

62 1761 205 1799 ἐμπρήσας
222 1761 236 1788 ὁ
259 1760 397 1798 βασιλεὺς,
420 1760 465 1788 καὶ
486 1763 571 1799 τριχῆ
604 1759 667 1791 τοὺς
683 1758 798 1790 ἁλόντας
814 1769 888 1795 μιριυ

62 1806 193 1842 σάμινος,
209 1804 254 1832 καὶ
271 1804 333 1841 μίαν
361 1805 408 1841 μὶν
437 1804 534 1842 μιρίδα
554 1807 613 1835 τοῖς
630 1806 805 1841 συμμαχοῦσι
821 1813 888 1840 παρ-

62 1849 191 1888 εσχηκὼς
234 1850 314 1884 Ῥὼς,
354 1849 444 1888 ἑτέραν
489 1848 518 1877 δὶ
541 1849 700 1885 Ῥωμαίοις,
725 1848 770 1876 καὶ
799 1847 888 1884 ἄλλην

60 1894 148 1930 ἑαυτῷ
176 1893 405 1932 παρακατασχὼν,
430 1893 531 1932 ἐχώρει
553 1894 730 1931 προσωτέρω.
761 1893 810 1920 Καὶ
840 1893 887 1929 μέ-

61 1948 108 1976 χρι
129 1938 280 1976 Kac-copia:
302 1937 389 1971 ἆλθὼν
411 1938 455 1966 καὶ
478 1941 529 1974 τῆς
556 1937 664 1969 πόλεως
685 1937 887 1975 ἀποπειραθεὶς,

62 1984 98 2015 ὡς
114 1981 214 2020 fictis-ro
244 1983 452 2020 ἆνεπιχιίρητον
481 1982 566 2018 αὐτὴν
591 1982 683 2016 οὖσαν,
701 1982 862 2020 ὑπέστρεψεν
879 1990 886 1998 ·

62 2028 170 2063 ὶδὲξατο
185 2027 237 2065 γὰρ
258 2027 304 2055 καὶ
331 2028 448 2065 γράμμα
480 2029 529 2054 τοῦ
552 2026 767 2065 στρατηγοῦντος
796 2025 823 2053 ἐν
850 2027 890 2062 τῷ

63 2071 229 2111 Δοροσ-τύλῳ
243 2072 408 2107 Τζιτζικίου,
436 2074 484 2100 τοῦ
510 2072 572 2099 υἱοῦ
595 2074 643 2100 τοῦ
667 2069 811 2108 πατρικίου
827 2074 890 2099 Θευ-

65 2117 131 2154 δάτη
161 2119 212 2145 τοῦ
242 2114 362 2154 Ἴϐηρος,
392 2117 429 2148 ὡς
455 2117 469 2144 ὁ
500 2118 623 2154 Κρακρᾶς
650 2115 715 2144 λαὸν
741 2116 782 2144 ὅτι
809 2114 890 2144 πλεῖ-

64 2174 123 2191 στον
155 2161 286 2199 ἀθροίσας
312 2161 357 2190 καὶ
380 2164 421 2198 τῷ
449 2162 561 2199 Ἰωάννῃ
591 2161 710 2195 ένωθεὶς,
735 2158 891 2199 προσλαϐό-

66 2218 140 2244 μενοι
167 2205 197 2235 δὶ
219 2207 264 2234 καὶ
287 2207 466 2242 Πατζινάκας,
492 2205 641 2243 μέλλουσιν
665 2203 793 2241 εἰσϐολὴν
823 2205 891 2234 κατᾶ

969 1135 1077 1163 Eodem
1089 1143 1177 1171 anno,
1189 1135 1346 1164 indictione
1357 1137 1400 1172 14,
1409 1137 1568 1173 imperator
1579 1138 1649 1166 urbe
1659 1146 1757 1174 egres-

935 1188 987 1208 sus
998 1180 1027 1207 in
1037 1179 1212 1209 Triaditzam
1222 1181 1297 1210 465
1311 1181 1430 1215 venit,et
1440 1182 1592 1210 castellum
1603 1182 1757 1212 Pernicum

936 1225 1089 1252 obsidione
1104 1225 1233 1253 cinctum
1246 1229 1410 1262 oppugnat.
1427 1227 1493 1254 Dies
1504 1229 1601 1254 autem
1618 1230 1681 1254 octo
1692 1235 1758 1256 cum

937 1268 977 1297 ibi
991 1272 1213 1305 perseverasset,
1226 1271 1418 1306 praesidiariis
1429 1270 1587 1299 fortissime
1600 1271 1762 1300 defendem

937 1313 1018 1342 tibus
1038 1313 1200 1350 multisque
1225 1315 1361 1343 Romanis
1383 1315 1568 1352 cadentibus,
1584 1317 1714 1346 sentiens
1729 1325 1761 1345 se

939 1358 1017 1394 quod
1032 1360 1155 1387 conatus
1170 1361 1233 1386 erat
1247 1360 1388 1395 consequi
1412 1368 1470 1388 non
1496 1369 1593 1396 posse,
1609 1369 1640 1389 re
1653 1361 1762 1390 infectu

939 1402 1064 1430 discedit
1087 1403 1300 1439 Mosynopolin.
1326 1404 1368 1432 Ibi
1397 1405 1495 1440 quiete
1519 1405 1636 1433 refectis
1659 1405 1762 1441 copiis,

940 1450 1093 1483 appetente
1108 1456 1174 1475 vere
1195 1448 1224 1475 in
1250 1448 1417 1484 Bulgariam
1443 1449 1541 1481 intrat,
1566 1452 1594 1477 et
1609 1450 1761 1478 castellum

941 1491 1071 1528 Longum
1100 1491 1328 1521 circumsessum
1354 1496 1520 1530 expugnat;
1546 1503 1579 1522 ac
1603 1494 1704 1523 missis
1732 1495 1762 1523 in

940 1537 1117 1573 campestria
1126 1537 1288 1573 Pelagonia:
1303 1537 1412 1566 Davido
1427 1538 1558 1567 Arianita
1572 1547 1606 1567 ac
1621 1539 1764 1567 Constan-

940 1582 1002 1609 tino
1019 1582 1144 1617 Diogene
1159 1582 1286 1609 multum
1297 1583 1409 1618 pecoris
1424 1585 1513 1619 atque
1526 1583 1678 1611 hominum
1695 1584 1764 1612 inde

939 1626 1042 1662 abigit.
1059 1626 1180 1654 lnceneo
1195 1626 1315 1654 castello
1331 1627 1459 1662 captivos
1473 1627 1502 1655 in
1519 1630 1579 1655 tres
1592 1630 1690 1663 partes
1705 1628 1763 1656 dis-

939 1670 1053 1703 tribuit,
1069 1678 1194 1706 quarum
1213 1679 1300 1698 unum
1326 1670 1428 1699 Rossis
1452 1671 1624 1706 auxiliariis,
1640 1671 1762 1700 alterum

940 1715 1090 1749 Romanis,
1107 1715 1222 1743 tertiam
1237 1715 1293 1743 sibi
1304 1715 1445 1752 assignat.
1457 1717 1634 1752 Progressus
1649 1717 1718 1744 inde
1727 1716 1764 1744 ad

941 1760 1102 1788 Castoriam
1120 1767 1223 1794 usque,
1239 1768 1307 1787 cum
1318 1769 1381 1788 eam
1398 1760 1500 1788 urbem
1514 1763 1655 1788 tentasset
1670 1769 1703 1788 ac
1720 1762 1764 1788 in-

941 1804 1165 1840 expugnabilem
1191 1805 1323 1837 sentiret,
1346 1807 1422 1832 retro
1446 1805 1580 1832 abduxit.
1607 1808 1766 1841 Acceperat

942 1848 1020 1877 enim
1036 1848 1149 1876 litteras
1165 1857 1181 1876 a
1195 1848 1332 1877 Tzitzicio
1343 1849 1488 1877 Dorostoli
1504 1850 1650 1886 pmfecto,
1666 1850 1766 1878 Theu-

943 1893 1015 1922 data:
1025 1893 1100 1922 lberi
1109 1893 1225 1929 patricii
1238 1893 1308 1927 lilio,
1318 1893 1427 1930 quibus
1437 1893 1622 1922 indicabatur
1629 1895 1765 1923 Crucram

943 1938 1188 1966 numerosissima
1207 1938 1335 1966 exercitu
1360 1941 1510 1966 contracto
1526 1947 1557 1967 se
1571 1947 1638 1967 cum
1653 1939 1767 1967 Joanne

943 1983 1143 2018 oonjunxiese,
1158 1991 1268 2019 eosque
1290 1983 1411 2010 adscitis
1435 1983 1466 2010 in
1491 1983 1659 2011 societatem
1676 1983 1768 2012 Patzi-

943 2027 1026 2055 nacis
1037 2027 1065 2054 in
1073 2027 1272 2055 Romanorum
1285 2027 1427 2055 ditionem
1439 2027 1616 2064 irrupturos.
1629 2028 1678 2057 His
1688 2027 1768 2057 litte-

944 2072 985 2100 ris
1001 2072 1189 2108 perturbatus
1205 2071 1282 2100 illico
1297 2072 1442 2100 convertit
1454 2072 1521 2108 iter,
1537 2073 1627 2108 inque
1640 2073 1768 2102 transitu

944 2117 1112 2153 Bosograda
1120 2116 1273 2145 castellum
1284 2117 1363 2153 capit
1373 2120 1460 2152 atque
1470 2117 1610 2150 incendit,
1623 2118 1767 2146 Berrmam

945 2162 1057 2196 reficit;
1081 2162 1248 2198 eversisque
1263 2162 1373 2190 circum
1390 2161 1546 2190 Ostrobum
1569 2164 1598 2190 et
1612 2162 1767 2191 Moliscum

945 2207 1011 2234 sitis
1026 2205 1156 2234 castellis
1180 2206 1325 2240 subsistit,
1342 2209 1461 2243 accepto
1485 2206 1588 2236 nuntio
1612 2208 1722 2235 Cracrae
1740 2209 1771 2236 st

65 2251 208 2289 Ῥωμαίων
235 2251 413 2286 ποιήσασθαι.
436 2251 529 2288 Τούτῳ
551 2253 590 2287 τῷ
613 2251 755 2289 γράμματι
775 2248 891 2289 θορυϐη-

969 2250 1067 2280 )οιιοίε
1091 2251 1327 2286 impressionem,
1352 2251 1430 2279 466
1456 2259 1545 2287 quam
1561 2251 1655 2279 moliti
1673 2253 1770 2288 erant,

67 2297 120 2329 θεὶς
135 2295 250 2333 ἐπανῄει
279 2294 324 2323 διὰ
348 2296 466 2334 ταχέων.
484 2296 527 2323 Ἐν
554 2298 595 2332 τῷ
621 2296 745 2333 παριέναι
771 2294 800 2324 δὶ
818 2296 848 2323 τό
862 2306 892 2324 τι

69 2341 197 2380 ςσρούριον
228 2340 284 2368 εἷλε
305 2341 339 2368 τὰ.
365 2339 523 2378 Βοσόγραδα
546 2341 591 2368 καὶ
615 2340 756 2379 ἐνέπρησε,
771 2341 817 2368 καὶ
841 2341 892 2375 τὴν

71 2386 199 2424 Βέρῥοιαν
229 2384 379 2419 ἐπικτίσας,
413 2384 519 2422 δῃώσας
548 2383 577 2412 Si
618 2386 663 2413 καὶ
692 2385 892 2424 κατιρειπώσας

69 2431 102 2458 τὰ
123 2429 201 2466 πέριξ
226 2427 377 2467 Ὀστροϐοὖ
405 2430 450 2458 καί
479 2428 632 2465 Μολισκοῦ,
661 2428 724 2466 ἔστη
751 2433 799 2458 τοῦ
827 2440 893 2468 προ-

71 2475 178 2513 σωτέρω
206 2473 275 2502 ἴέναι
292 2484 299 2491 ·
328 2473 470 2513 ἀπηγγέλη
499 2474 551 2513 γὰρ
581 2474 654 2511 αὖτῷ
675 2475 714 2506 ὡς
734 2476 751 2510 ἡ
770 2474 894 2512 μιλιτωο

73 2520 136 2556 μὶνη
166 2521 206 2556 τῷ
229 2520 338 2556 Κραγρᾷ
372 2518 417 2547 καὶ
451 2521 492 2556 τῷ
519 2519 629 2558 Ἰωάννῃ
657 2519 725 2548 κατὰ
748 2520 893 2557 Ῥωμαίων

946 2296 1118 2332 impeditam
1134 2304 1209 2328 esse,
1226 2295 1390 2323 Patzinacis
1413 2304 1463 2324 eos
1487 2295 1594 2324 auxilio
1610 2295 1769 2324 frustratis.

949 2341 979 2369 In
994 2341 1090 2368 reditu
1103 2339 1257 2368 castellum
1273 2342 1420 2376 expugnat
1437 2340 1593 2374 Setienam,
1608 2340 1660 2368 ubi
1674 2348 1770 2369 arcem

948 2385 1104 2414 Samuelus
1119 2384 1247 2413 habebat
1261 2393 1295 2412 ac
1305 2384 1467 2421 plurimum
1479 2385 1618 2413 frumenti
1633 2393 1771 2422 reposue-

948 2432 994 2459 rat
1019 2438 1025 2458 :
1056 2430 1236 2458 frumentum
1262 2429 1371 2457 milites
1395 2429 1522 2466 diripere
1541 2430 1637 2466 jubet,
1667 2432 1773 2460 caetera

948 2475 1048 2504 omnia
1063 2477 1184 2503 cremat.
1210 2474 1378 2503 Secundum
1400 2474 1461 2502 hec
1476 2475 1617 2503 adversus
1631 2476 1772 2504 Joannem

948 2529 1006 2549 non
1016 2519 1142 2557 procula
1151 2527 1181 2548 se
1189 2519 1328 2547 dissitum
1343 2519 1452 2547 emittit
1463 2519 1596 2548 cohortes
1606 2520 1772 2549 scholarum

668 2588 853 2617 XYLANDRI
873 2589 917 2618 ET
937 2588 1046 2618 GOABI
1065 2587 1184 2616 ΝΟΤίΕ.

105 2641 161 2713 {61)
175 2640 286 2670 Versus
301 2640 409 2670 Alanos
423 2643 453 2670 et
465 2641 577 2670 Tanain
598 2641 697 2670 sitam.
714 2642 804 2671 Goas.

114 2678 159 2713 62)
173 2677 248 2713 Vox,
264 2675 384 2713 ἀδελφοῦ
403 2677 479 2706 mire
492 2678 630 2707 obscurat
652 2677 761 2707 locum.
783 2679 804 2706 E

114 2675 248 2716 62)_Vox,
264 2675 384 2716 ἀδελφοῦ
403 2677 479 2716 mire
492 2678 631 2716 obscurat
652 2677 761 2716 locum.
783 2679 843 2716 Ego
857 2679 894 2716 ad

75 2711 225 2743 historiam
239 2711 412 2752 respiciens
435 2713 530 2744 lucem
553 2714 686 2744 adhibui.
703 2711 847 2753 Loquitur
859 2715 896 2746 de

948 2640 1252 2683 Bladimeronitmificc
1257 2639 1402 2683 principe,
1417 2639 1481 2683 qui,
1497 2641 1530 2668 ut
1553 2639 1712 2679 Cedrenus:
1724 2648 1775 2669 au-

949 2677 1157 2744 ῐέἶὲῗέρὲἳὲ,
1176 2675 1277 2707 Basilii
1301 2675 1487 2714 imperatoris
1509 2684 1640 2706 sororem
1656 2675 1774 2707 uxorem
