1933 3048
176 76 236 107 199
851 73 1010 104 GEORGII
1033 73 1204 105 CEDRENI
1822 76 1896 108 200

173 141 397 171 occidentalium
411 144 440 170 et
453 140 758 169 Thessalonicensium
772 141 846 169 duce
861 141 936 169 Cons

1129 151 1156 172 ος
1167 140 1340 177 ἐνιποδίσθη,
1355 142 1409 170 τῶν
1432 143 1605 177 Πατζινάκων
1633 143 1671 179 μή
1691 142 1792 171 δόντων
1811 154 1892 180 συμ-

172 187 234 216 tino
259 187 396 224 Diogene.
414 187 452 214 Iis
466 186 604 222 profectis
629 186 753 213 insidias
778 194 843 214 cum
869 187 935 213 tend

1129 196 1158 212 αν
1175 186 1275 218 αὐτοῖς.
1301 187 1346 214 Διὸ
1370 187 1416 213 καὶ
1442 187 1610 223 ὑποστρέψας
1637 187 1783 225 πολιορκιῖ
1798 188 1892 226 φρού-

171 232 478 267 Joannes,imperator
485 231 521 259 de
531 239 653 259 suorum
662 230 807 259 sollicitus
815 231 934 266 salute,e

1128 229 1199 269 670m
1218 231 1268 265 τὴν
1294 231 1432 268 Σέταιναν,
1453 230 1484 258 ἐῑι
1503 231 1521 268 ᾔ
1545 231 1668 269 βασίλεια
1690 231 1756 269 ᾖσαν
1766 234 1814 259 τοῦ
1829 235 1890 259 Σει-

171 280 242 305 ante
255 285 325 305 suos
343 277 490 312 profectus
513 275 604 310 idque
627 284 720 303 unum
737 276 815 303 ratus
831 283 838 302 :
859 286 872 301 ι
886 275 916 303 Si
931 285 934 301 ι

1130 274 1201 302 λκαὶ
1225 279 1300 307 σῖτος
1328 275 1453 303 ἀπέκειτο
1477 274 1575 310 πολὺς,
1605 275 1634 303 ὃν
1654 278 1692 312 τῷ
1723 275 1782 312 λαῷ
1805 275 1890 314 διαρ-

169 322 296 349 bellator
310 323 365 352 est,
382 329 429 348 me
443 324 593 356 sequatur,
606 330 620 344 υ
636 328 753 347 cursum
770 320 928 347 contendit.

1127 330 1133 346 l
1161 319 1290 351 κελεύσας
1315 319 1405 348 τᾶλλα
1428 320 1514 348 πάντα
1543 319 1713 360 κατέφλεξεν,
1739 322 1779 358 [Ρ.
1813 323 1885 357 712]

173 368 207 394 ut
213 373 381 401 comperere
389 365 512 392 Joannis
520 364 726 400 exploratores,
738 364 831 391 territi
843 365 871 391 in
885 372 935 392 sua
948 373 997 392 ca-

172 414 234 440 stra
249 410 408 444 redierunt,
426 409 499 437 nihil
516 409 595 437 aliud
611 409 803 437 vociferantes
818 417 904 444 quam
919 419 932 433 «
944 409 996 437 Be-

173 457 255 491 zeile,
270 456 393 483 Tsesar.
408 465 420 480 υ
437 454 582 482 Omnibus
594 462 661 482 cum
679 454 743 490 ipso
756 454 868 482 Joanne
884 455 997 482 incom-

174 501 267 537 posite
283 500 474 535 fugientibus,
496 499 639 534 Diogenes
654 507 721 526 cum
738 498 811 531 suis,
829 499 936 526 animis
952 507 996 526 re-

173 545 276 581 ceptis,
305 552 354 572 eos
383 543 508 571 insecuti
536 551 674 579 magnam
704 543 812 570 caedem
841 545 995 578 peragunt,

171 590 294 625 capiunt
318 589 460 617 ducentos
485 588 582 624 gravis
606 590 772 621 armaturas,
796 590 824 615 ct
847 596 938 623 equos
963 595 996 615 ac

170 634 383 670 supellectilem
398 634 521 661 Joannis
532 636 561 660 et
575 633 640 668 ejus
651 632 824 668 patruelem.
837 633 997 668 Imperator

171 679 219 707 bis
235 679 323 707 rebus
338 679 430 714 gestis
445 678 480 705 ad
496 677 611 704 Bodena
626 677 710 709 redit,
722 677 848 713 indeque
859 677 996 704 omnibus

171 723 339 751 constitutis
355 722 538 758 Byzantium,
563 721 609 749 die
625 729 702 749 nono
728 721 839 749 mensis
853 720 995 756 Januarii,

171 767 331 796 indictione
347 767 461 795 decima
476 766 590 802 quinta,
606 774 684 794 anno
700 766 802 794 mundi
817 766 898 793 6526.

1053 363 1202 401 Ἐξὲπεμψε
1218 363 1247 392 δὶ
1261 364 1305 392 καὶ
1332 366 1400 392 κατ-ἱ
1428 365 1554 392 Ἰωάννου
1579 365 1612 392 οὐ
1640 365 1743 402 μακρὰν
1758 365 1886 403 ἀπέχον-

1050 418 1096 439 τος
1109 408 1140 435 τὸ
1162 409 1253 447 τάγμα
1275 411 1329 436 τῶν
1359 408 1470 447 σχολῶν
1499 412 1549 444 τῆς
1571 409 1676 441 Δύσεως
1705 409 1750 437 καὶ
1776 410 1807 437 τὸ
1827 413 1884 444 τῆς

1051 451 1262 489 Θεσσαλονίκης,
1307 453 1427 491 ἡγεμόνα
1464 453 1564 492 ἔχοντα
1601 455 1803 482 Κωνσταντῖνον
1831 454 1886 482 τὸν

1051 495 1191 534 Διογένην.
1220 497 1335 530 Τούτοις
1372 498 1497 526 ἀπιοῦσιν
1531 497 1671 536 ἐνήδρευεν
1701 499 1715 526 6
1740 498 1885 534 Ἰωάννης.

1051 542 1148 573 Μαθὼν
1166 540 1195 568 δὲ
1215 544 1295 569 τοῦτο
1319 543 1333 569 6
1359 542 1486 579 βασιλεὺς
1502 543 1546 570 καὶ
1564 544 1601 580 μή
1618 554 1643 570 τι
1659 541 1884 581 πάθοιενκφοϐη-

1051 586 1116 620 θεῖς,
1133 586 1206 623 ποτρᾶ
1219 588 1269 614 τοῦ
1285 586 1352 614 λαοῦ
1378 586 1604 624 ἐξιππασάμενος,
1629 588 1674 614 καὶ
1702 586 1786 624 μηδὲν
1807 587 1885 615 ἄλλο

1051 629 1133 658 εἰσιὼν
1151 629 1214 658 ἄλλ’
1240 630 1258 665 ἤ
1288 629 1369 668 μόνον
1388 642 1395 648 ·
1421 632 1541 662 «⁸οστις
1565 632 1738 668 πολεμιστὴς
1760 632 1883 660 ἀκολου-

1051 675 1131 707 θείτω
1146 686 1204 711 μοι,
1222 687 1236 701 ››
1261 675 1343 712 ἀπῄει
1370 676 1437 704 κατᾶ
1465 676 1598 712 σπουδήν.
1613 678 1700 705 Τοῦτο
1726 677 1835 715 γνόντες
1851 688 1887 710 ος

1049 722 1098 747 τοῦ
1113 720 1239 747 Ἰωάννου
1255 720 1351 748 σκόποι
1382 721 1449 757 μετὰ
1474 719 1561 760 φόϐου
1588 721 1657 758 πρὸς
1679 722 1709 749 τὸ
1723 724 1772 749 τοῦ
1783 721 1880 750 Ἰωάν-

1050 775 1096 791 νου
1121 763 1301 802 στρατόπεδον
1319 764 1455 802 ἔρχονται,
1479 766 1524 792 καὶ
1548 764 1652 796 δειλίας
1675 766 1719 793 καὶ
1747 769 1880 804 ταραγῆς

170 814 252 840 τοῦτο
281 810 442 846 ἰνέπλησαν,
474 809 558 846 μηδὲν
588 809 660 837 ἄλλο
691 811 808 847 βοῶντες
851 809 876 837 εἰ⁴
919 810 969 846 μή,
997 819 1010 835 α
1036 810 1142 843 Βιζεῖτε
1165 810 1232 846 (63),
1258 810 1272 836 ὁ
1300 811 1431 847 Τζαῖσαρ.
1458 822 1473 836 »
1501 811 1613 839 Πάντων
1644 810 1690 838 οὖν
1719 811 1878 849 φευγόντων

169 856 300 893 ἀκόσμως
330 855 376 883 σὺν
405 857 444 890 τῷ
477 855 597 891 Ἰωάννῃ,
626 853 652 881 οἱ
681 854 743 892 περὶ
771 854 817 882 τὸν
848 853 978 891 Διογένην
1022 852 1255 890 ἀναθαρρήσαντες
1290 853 1402 881 κατόπιν
1431 853 1556 883 ἐδίωκον.
1585 855 1639 883 Καὶ
1663 854 1797 882 κτείνουσι
1828 856 1882 892 μὲν

168 900 302 935 πολλοὺς,
331 897 553 935 συλλαμϐάνουσι
588 898 616 926 δὲ
644 899 689 926 καὶ
717 898 868 929 διακοσίους
898 897 1068 928 πανοπλίτας
1096 897 1142 924 καὶ
1183 897 1247 929 τούς
1270 897 1373 929 ’ἱππους
1401 898 1446 925 καὶ
1473 899 1524 933 τὴν
1567 900 1720 934 ἀποσκευὴν
1749 900 1883 928 Ἰωάννου

167 946 214 972 καὶ
242 945 273 973 τὸ
287 944 386 972 τούτου
402 943 522 981 ἀνεψιόν.
552 945 639 970 Ταῦτα
667 942 766 982 δράσας
802 943 921 970 ἐπάνεισι
960 942 1028 980 πρὸς
1063 941 1096 969 τὲ
1137 941 1256 977 Βοδηνὰ,
1283 943 1328 970 καὶ
1356 943 1443 970 πάντα
1469 944 1502 970 τὰ
1526 943 1611 971 ἐκεῖσε
1636 945 1882 982 καταστησάμενος

169 988 372 1027 ἐπαναζευγνύει
388 988 455 1024 πρὸς
467 988 498 1015 τὺ
511 988 665 1023 Βυζάντιον,
681 989 750 1015 κατὰ
763 989 814 1023 τήν
829 989 850 1020 θ’
865 990 913 1015 τοῦ
930 986 1093 1025 Ὶανουαρίου
1111 987 1207 1022 μηνὸς,
1223 990 1273 1022 τῆς
1292 988 1320 1014 ιε’
1333 986 1529 1024 ἐπινεμήσεως,
1547 986 1622 1020 ἔτους
1638 992 1731 1028 ⁴ςιχνκετκ

204 1035 334 1063 Joannes
348 1035 498 1062 licentiam
515 1037 692 1062 consecutus
707 1035 743 1061 ad
761 1034 962 1070 oppugnandu

1119 1030 1190 1063 δείας
1206 1030 1234 1059 δὶ
1260 1029 1417 1068 λαϐόμενος
1435 1033 1448 1060 ὀ
1465 1034 1594 1069 Ἰωάννης
1620 1032 1709 1061 ἄπεισι
1725 1033 1882 1072 πολιορκή-

169 1079 360 1116 Dyrrachium
377 1078 528 1106 barbarico
550 1087 617 1106 cum
643 1079 719 1106 fastu
745 1078 951 1113 proficiscitur,
967 1079 996 1105 et

168 1124 242 1152 inito
257 1123 356 1160 prtelio
372 1123 522 1158 sternitur,
539 1123 683 1150 incertum
710 1131 727 1150 a
748 1130 817 1158 quo,
833 1123 908 1150 461
927 1129 994 1149 cum

167 1168 344 1204 imperasset
359 1168 490 1204 Bulgaria
506 1176 598 1195 annos
613 1168 642 1201 2,
655 1175 772 1195 menses
789 1167 814 1194 5.
832 1167 995 1202 Imperator

166 1221 183 1241 a
199 1213 334 1249 praefecto
357 1212 505 1248 Dyrrachii
529 1211 693 1247 Nicephoro
718 1211 840 1247 patricio
856 1210 995 1246 Pegonita

164 1257 272 1285 certior
287 1257 322 1284 de
338 1259 430 1284 morte
445 1256 569 1284 Joannis
595 1256 691 1283 factus
716 1255 815 1283 statim
831 1255 993 1291 expeditio-

164 1309 231 1330 nem
248 1302 328 1329 facit.
345 1301 479 1336 Cumque
495 1301 531 1329 ad
545 1299 776 1336 Andrianopolin
791 1300 929 1333 venisset,
942 1308 991 1327 oc-

165 1349 287 1375 currunt
302 1345 328 1374 ei
336 1347 426 1374 frater
434 1348 462 1373 et
470 1345 549 1373 ﬁlius
560 1344 664 1373 famosi
677 1344 757 1372 illius
768 1344 991 1378 Cracrae,laetum

164 1392 292 1419 ferentes
303 1391 452 1425 nuntium,
462 1391 566 1418 dedere
575 1398 606 1417 se
616 1389 784 1426 imperatori
796 1389 907 1417 celebre
918 1389 990 1417 illud

166 1435 319 1463 Pernicum
335 1437 364 1462 et
379 1434 438 1462 alia
456 1435 492 1461 35
507 1433 646 1467 castella;
671 1434 780 1470 quibus
802 1442 868 1461 cum
884 1434 990 1469 dignos

165 1479 320 1507 habuisset
333 1479 458 1506 honores
473 1481 502 1505 et
516 1478 650 1506 Cracram
675 1479 710 1505 ad
734 1478 889 1514 patriciam
904 1481 989 1505 extu-

166 1523 250 1552 lisset
264 1523 450 1559 dignitatem,
466 1522 668 1558 Mosynopolin
684 1522 772 1550 venit.
785 1522 893 1550 Eodem
905 1529 989 1549 vene-

166 1571 236 1595 runt
250 1570 279 1595 et
293 1567 382 1603 legati
397 1575 412 1595 e
428 1566 582 1602 Pelagonia
595 1570 624 1594 et
637 1566 801 1594 Morobisdo
816 1569 845 1594 et
858 1567 988 1602 Lipenio,

167 1613 254 1640 urbes
269 1612 437 1648 imperatori
452 1612 603 1639 dedentes.
629 1612 697 1639 inde
710 1615 813 1640 Serras
827 1611 989 1647 proficisci-

164 1659 225 1685 tur.
241 1657 409 1692 Eodemque
428 1656 507 1684 venit
529 1657 649 1684 Gracras
673 1664 740 1683 curn
766 1655 802 1683 iis
818 1655 868 1691 qui
883 1656 918 1682 35
933 1655 989 1684 ista

1050 1087 1103 1103 σων
1119 1077 1150 1103 τὸ
1166 1075 1318 1114 Δυρῥάχιον
1341 1077 1408 1113 μιτά
1429 1077 1607 1116 φρυάγματος
1633 1078 1679 1105 καὶ
1703 1076 1787 1115 ὄγκου
1809 1079 1884 1116 βαρ-

1051 1121 1175 1158 βαρικοῦ.
1201 1122 1283 1153 Ἔνθα
1309 1121 1470 1159 πολιορκίας
1496 1123 1630 1157 συστάσης
1649 1122 1693 1150 καί
1710 1121 1884 1159 συμπλοκῆς

1048 1165 1196 1202 γενομένης
1211 1164 1314 1200 πίπτει,
1340 1165 1456 1202 μηδενὸς
1483 1165 1569 1202 δήλου
1597 1167 1745 1204 γενομένου
1765 1169 1813 1195 τοῦ
1827 1178 1884 1195 κα-

1048 1207 1251 1245 ταϐεϐληκότος
1267 1210 1358 1238 αὑτὸν.
1387 1210 1468 1248 ἄρξας
1487 1210 1655 1248 Βουλγάρων
1682 1211 1724 1239 ἐπ’
1737 1211 1882 1244 ἐνιαυτοὺς

1050 1255 1073 1291 β’
1083 1255 1127 1281 καὶ
1145 1258 1230 1290 μῆνας
1256 1255 1284 1283 ε’.
1314 1256 1486 1290 Μηνυθὲντος
1515 1254 1544 1283 δὲ
1568 1258 1608 1292 τῷ
1639 1255 1747 1293 βασιλεῖ
1769 1259 1817 1284 τοῦ
1833 1262 1884 1288 θα-

1046 1298 1127 1326 νάτου
1150 1301 1199 1326 τοῦ
1227 1299 1353 1327 Ἰωάννου
1378 1298 1423 1327 διὰ
1449 1302 1497 1327 τοῦ
1525 1303 1743 1338 στρατηγοῦντος
1771 1301 1879 1339 Δυρῥα-

1044 1344 1112 1381 χίου
1135 1344 1238 1379 Νικήτα
1265 1344 1409 1382 πατρικίου
1431 1347 1480 1372 τοῦ
1505 1345 1679 1383 Ηηγωνίτου,
1703 1346 1783 1381 ἔξεισι
1805 1355 1879 1383 παρ-

1045 1388 1142 1415 αυτίκα
1171 1389 1185 1415 ὁ
1216 1388 1353 1426 βασιλεύς.
1385 1390 1526 1426 Γενομένῳ
1561 1388 1584 1417 δ’
1625 1389 1699 1426 αὖτῷ
1727 1390 1795 1418 κατὰ
1821 1390 1877 1425 τήν

1045 1432 1272 1470 Ἀδριανούπολιν
1290 1434 1442 1461 ὑπαντῶσιν
1473 1435 1487 1461 6
1512 1433 1629 1473 ἀδελφὸς
1649 1437 1698 1461 τοῦ
1713 1435 1877 1473 πιριφήμου

1045 1477 1155 1514 Κρακρᾶ
1181 1478 1225 1504 καὶ
1260 1478 1274 1504 ὁ
1310 1478 1378 1514 υἱὸς⁷
1414 1481 1590 1515 προσχωρεῖν
1631 1478 1875 1516 εὐαγγελιζόμενοι

1043 1522 1074 1548 τό
1097 1532 1127 1548 τε
1149 1521 1310 1559 περίπυςτον
1335 1522 1464 1561 φρούριον
1489 1522 1534 1549 τὸν
1560 1522 1688 1560 Πὲρνικον
1719 1522 1762 1550 καὶ
1793 1522 1874 1560 ἔτερα

1043 1565 1122 1593 πᾶντι
1146 1566 1190 1593 ἐπὶ
1222 1566 1376 1602 τριάκοντα.
1407 1566 1461 1598 Οὕς
1485 1568 1603 1603 τιμήσας
1640 1567 1722 1602 ἅξίως
1748 1567 1793 1594 καὶ
1820 1568 1872 1595 τὸν

1044 1613 1166 1647 Κρακρᾶν
1193 1609 1220 1641 ἐς
1248 1611 1295 1638 τὸν
1319 1613 1373 1638 τῶν
1399 1612 1550 1648 πατρικίων
1578 1611 1672 1647 θρόνον
1702 1609 1873 1644 ἀναϐιϐάσας

1043 1654 1126 1689 ἦλθεν
1149 1655 1187 1685 είς
1215 1655 1436 1684 Μοσυνούπολιν.
1466 1657 1597 1688 Ἐνταῦθα
1621 1655 1651 1683 δὶ
1675 1657 1720 1683 καὶ
1744 1654 1876 1693 πρέσϐεις

164 1701 264 1729 dedita
279 1701 398 1729 castella
411 1701 608 1735 obtinuerant,
621 1703 749 1736 suntque
764 1700 922 1727 honorifice

1128 1698 1157 1726 ἐκ
1185 1698 1354 1737 Ηελαγονίας
1382 1699 1427 1727 καὶ
1456 1698 1638 1738 Μωροϐἷσδου
1662 1701 1707 1728 καὶ
1732 1701 1875 1736 Λιπενίου,

161 1746 248 1782 cepti.
277 1746 410 1774 Accessit
436 1746 522 1773 etiam
550 1745 753 1781 Dragomuzus
777 1745 988 1780 Strumpitzam

162 1790 282 1825 dedens,
312 1793 413 1826 estque
441 1790 564 1826 patricio
594 1790 703 1816 honore
729 1789 862 1821 affectus,
887 1797 987 1817 secum

162 1835 313 1863 adducens
328 1835 416 1863 etiam
431 1835 575 1862 Joannem
598 1833 727 1862 Ghaldiae
751 1833 918 1870 praefectum
935 1842 987 1870 pa-

162 1880 350 1915 tricium,qui
361 1878 524 1908 aSamuelo
539 1881 643 1914 captus
659 1878 688 1906 in
706 1878 839 1906 custodia
849 1878 884 1905 22
895 1886 986 1907 annos

161 1924 298 1952 detentus
313 1925 417 1952 fuerat.
435 1923 619 1959 Simulatque
628 1923 812 1959 Strumpitza
827 1923 987 1958 imperator

162 1968 419 2004 appropinquavit,
435 1969 469 1996 ad
496 1976 563 1996 eum
588 1968 668 1995 venit
692 1968 821 1995 Davidus
844 1967 986 2003 Bulgaria

162 2012 401 2049 archiepiscopus
417 2020 484 2040 cum
509 2011 615 2040 litteris
637 2011 733 2039 Marias
756 2013 849 2039 morte
864 2011 987 2040 Joannis

160 2057 265 2093 vidua,
281 2056 477 2093 promittentis
490 2064 531 2092 se,
549 2057 635 2084 modo
651 2058 730 2084 certa
744 2056 877 2091 quaedam
888 2059 988 2091 postuo

159 2101 217 2132 lata
231 2101 386 2135 obtineret,
403 2101 542 2137 Bulgaria
565 2108 728 2129 cessuram.
751 2099 883 2128 Occurrit
898 2101 986 2128 etiam

159 2146 315 2182 Bogdauus
329 2146 504 2173 interiorum
520 2145 710 2173 castellorum
727 2145 883 2178 dominus;
899 2146 987 2180 atque

159 2192 222 2227 ipse
235 2191 323 2219 etiam
340 2189 462 2226 patricio
470 2192 592 2218 ornatur
602 2189 707 2226 gradu,
719 2189 797 2225 quod
806 2189 985 2225 jampridem

160 2236 249 2264 rebus
264 2235 450 2271 imperatoris
467 2235 587 2262 favisset
596 2242 744 2270 suumque
755 2241 889 2262 socerum
901 2234 987 2262 inter-

159 2280 288 2308 fecisset.
307 2280 378 2308 Inde
391 2279 497 2315 Scopia
507 2279 580 2312 abit,
592 2279 717 2314 urbique
732 2278 903 2314 relinquens
914 2287 987 2315 prae-

160 2326 266 2353 fectum
293 2325 437 2353 Davidum
462 2324 620 2360 patricium
642 2323 817 2358 Arianitam,
833 2323 910 2351 468
935 2332 987 2359 per

159 2369 279 2397 castella
293 2368 443 2405 Stypeium
460 2370 488 2395 et
503 2370 660 2395 Prosacum
673 2367 837 2401 revertitur,
850 2375 983 2402 compre-

159 2402 692 2448 catiouibusetgratulationibuseum
702 2411 910 2438 venerantibus
919 2412 986 2439 sub-
1001 2402 1025 2434 D

160 2458 239 2485 ditis.
257 2458 326 2485 lnde
340 2458 376 2484 ad
392 2457 523 2485 dextram
542 2459 655 2492 partem
671 2455 818 2483 inclinans
828 2456 985 2484 Achridem

161 2502 333 2537 ingreditur,
349 2501 448 2537 ibique
473 2503 568 2529 castra
592 2500 671 2534 facit,
685 2500 766 2528 omni
789 2500 896 2536 populo
918 2509 986 2529 cum

161 2546 324 2584 picanibus,
334 2545 439 2582 plausu
455 2547 484 2574 et
495 2545 598 2573 faustis
614 2544 874 2573 acclamationibus
886 2553 986 2573 occur-

1042 1742 1246 1780 παραδιδόντων
1263 1744 1301 1780 τῷ
1329 1743 1436 1781 βασιλεῖ
1461 1744 1509 1776 τὰς
1534 1744 1638 1776 πόλεις.
1664 1746 1781 1777 Ἐκεῖθεν
1804 1744 1874 1783 ἄρας

1041 1787 1125 1822 ἦλθεν
1145 1788 1172 1815 ἐν
1201 1787 1324 1826 Σέῥραις,
1352 1788 1378 1816 ἐν
1407 1790 1448 1820 αἶς
1476 1789 1586 1817 ἀφίκετο
1613 1790 1627 1816 6
1654 1793 1776 1827 Κρακρᾶς
1799 1790 1869 1826 μετᾶ

1041 1835 1095 1860 τῶν
1120 1832 1261 1870 ἀρχόντων
1286 1835 1340 1860 τῶν
1370 1833 1560 1871 προσρυέντων
1590 1832 1628 1861 λε’
1654 1834 1791 1871 κάστρων,
1822 1835 1872 1862 καὶ

1041 1877 1132 1908 καλῶς
1158 1875 1306 1915 ὑπεδέχθη.
1339 1877 1499 1916 Προσιρῥὺη
1529 1877 1559 1905 δὲ
1588 1878 1632 1905 καὶ
1661 1881 1873 1916 Δραγομοῦζος,

1040 1922 1073 1949 τὰ
1099 1922 1125 1949 ἐν
1156 1924 1191 1959 τῇ
1218 1922 1410 1960 Στρουμπίτζῃ
1444 1923 1629 1960 παρεσχηκὼς
1652 1923 1698 1950 καὶ
1723 1923 1874 1961 πατρίκιος

1039 1967 1178 2002 τιμηθεὶς,
1214 1965 1287 2003 ἄγων
1330 1967 1388 2002 μιθ¹
1426 1967 1522 1994 ἑαυτοῦ
1561 1967 1605 1994 καὶ
1640 1967 1687 1995 τὸν
1725 1967 1872 2006 πατρίκιον

1041 2011 1167 2045 Ἰωάννην
1182 2011 1228 2038 τὸν
1256 2009 1384 2043 Χαλδίας,
1412 2011 1474 2038 τότε
1498 2015 1548 2046 τῆς
1570 2011 1683 2049 χρονίας
1699 2011 1872 2044 ἀπολυθέντα

1041 2055 1200 2092 καθείρξεως
1218 2064 1224 2070 ·
1255 2052 1336 2092 ἔτυχι
1363 2055 1414 2093 γὰρ
1451 2055 1535 2086 ἁλοὺς
1569 2056 1641 2094 παρᾶ
1667 2059 1716 2084 τοῦ
1734 2055 1871 2093 Σαμουὴλ

1041 2099 1086 2126 καὶ
1112 2099 1156 2126 ἰπὶ
1186 2099 1270 2126 εἴκοσι
1296 2099 1341 2126 καὶ
1371 2098 1418 2127 δύο
1447 2100 1566 2138 χρόνους
1589 2101 1624 2128 ὥν
1650 2101 1675 2128 ἐν
1697 2103 1731 2138 τῇ
1747 2100 1872 2139 φυλακῇ.

1041 2144 1121 2181 Ἀρτι
1146 2142 1175 2171 δὲ
1200 2145 1235 2180 τῇ
1264 2144 1457 2181 Στρουμπίτζῃ
1483 2146 1666 2183 προσήγγισιν
1692 2146 1706 2173 6
1742 2145 1872 2183 βασιλεὺς

1040 2187 1085 2215 καὶ
1111 2188 1174 2222 ἧκεν
1204 2188 1219 2215 6
1242 2188 1458 2226 ἅρχιιπίσκοπος
1487 2189 1657 2227 Βουλγαρίας
1687 2188 1771 2217 Δαϐὶδ
1803 2191 1872 2226 μετά

1040 2232 1209 2270 γραμμάτων
1252 2232 1356 2270 Μαρίας
1388 2235 1438 2266 τῆς
1475 2233 1602 2262 Ἰωάννου
1640 2235 1778 2271 γυναικὸς,
1819 2235 1871 2262 ὑπ-

1043 2276 1225 2314 ισχνουμένης
1253 2276 1378 2312 ἐκστῆναι
1408 2276 1591 2316 Βουλγαρίας,
1621 2278 1644 2306 εἰ
1669 2279 1790 2314 τεύξεται
1813 2281 1870 2306 τῶν

1039 2322 1108 2349 κατὰ
1123 2321 1233 2350 σκοπόν.
1249 2322 1400 2357 Ὑπήντησε
1425 2322 1454 2350 δὲ
1477 2323 1520 2350 καὶ
1542 2321 1678 2360 Βογδάνος
1692 2324 1706 2351 6
1721 2326 1774 2351 τῶν
1792 2322 1870 2351 ἐνδο-

1039 2366 1110 2403 τέρω
1137 2366 1258 2403 κάοτρων
1300 2367 1458 2404 τοπάρχης,
1483 2367 1528 2394 καὶ
1565 2370 1676 2404 τιμᾶται
1715 2367 1760 2395 καὶ
1787 2368 1868 2399 οὗτος

1040 2411 1184 2448 πατρίκιος
1197 2412 1235 2442 ὡς
1257 2411 1301 2438 καὶ
1317 2411 1402 2439 πάλαι
1419 2412 1452 2438 τὰ
1478 2411 1611 2449 βασιλέως
1626 2415 1730 2449 φρονῶν
1759 2414 1804 2440 καὶ
1819 2414 1866 2440 τὸν

1041 2455 1136 2483 ἑαυτοῦ
1152 2456 1278 2493 πενθερὸν
1306 2454 1410 2483 ἀνελών
1436 2457 1477 2493 [Ρ.
1489 2458 1552 2493 713]
1576 2457 1691 2485 Ἐκεῖθεν
1708 2457 1812 2484 ἄπεισιν
1830 2457 1870 2489 εἷς

1039 2501 1074 2528 τὰ
1089 2499 1203 2534 Σκόπια,
1220 2500 1263 2527 καὶ
1294 2500 1443 2538 στρατηγὸν
1472 2500 1658 2538 αὐτοκράτορα
1685 2500 1774 2528 λιπὼν
1793 2500 1820 2529 ἐν
1830 2503 1865 2538 τῇ

1040 2544 1120 2572 πόλιι
1146 2542 1229 2572 Δαϐὶδ
1260 2544 1404 2582 πατρίκιον
1444 2545 1490 2572 τὸν
1528 2546 1681 2584 Ἀριανίτην
1719 2545 1869 2584 ὑπέστρεψε

757 2631 942 2659 XYLANDRI
962 2631 1008 2659 ET
1027 2631 1137 2660 GOARI
1155 2630 1269 2659 NOT/E.

163 2692 166 2694 1
180 2705 252 2744 _(63)
269 2704 303 2744 ld
319 2703 453 2744 vocabuli
469 2702 763 2744 :credo_signiiicare,
786 2703 888 2744 fugite:
905 2703 986 2735 Quod

1041 2703 1145 2732 Verbis
1160 2703 1284 2741 Latinis,
1294 2703 1355 2741 yet
1370 2703 1469 2741 potius
1491 2703 1581 2739 Italis,
1604 2705 1708 2741 Fugite,
1725 2712 1739 2732 ο
1760 2705 1864 2741 Caesar,

161 2738 392 2770 circumstantia
401 2743 529 2776 arguunt
540 2738 690 2775 aliquanto
701 2738 849 2776 superius.
863 2740 937 2767 XYL.
952 2754 988 2762 -
1042 2739 1278 2776 pronuntiatione
1294 2738 1380 2768 Italis
1388 2740 1498 2768 eisdem
1516 2738 1749 2777 propriafGoaa.
