1919 3048
176 102 236 134 203

856 104 1016 135 GEORGII
1038 104 1209 135 CEDRENI

1825 104 1882 135 $04

210 170 322 197 Mortuo
333 169 620 203 Bladisthlabo,cum
637 178 710 198 uxor
725 171 760 198 ab
776 179 809 199 ea
825 170 936 205 relicta,
949 171 967 198 ﬁ

1122 169 1167 197 ετά
1194 170 1246 208 γὰρ
1274 169 1320 196 τὸν
1347 170 1395 196 τοῦ
1411 165 1619 197 Βλαδισθλάϐου
1633 171 1681 196 τοῦ
1697 169 1742 197 καὶ
1759 169 1880 198 Ἰωάννου

174 221 336 250 omnesque
347 213 490 250 Bulgarize
501 222 634 250 proceres
642 214 810 250 imperatori
822 215 1001 243 deditionem

176 257 326 294 fecissent,
334 259 415 287 solus
430 259 477 287 hic
490 259 601 287 lbatzcs
617 260 741 296 fugiens,
754 263 893 296 occupato
905 263 1002 288 monte

180 311 317 332 accessus
329 304 453 331 habente
463 303 764 337 difﬁcillimos,arcem
778 307 873 332 autem
891 306 1001 340 regiam

182 348 399 384 perelegantem
412 348 572 384 hortosque
586 350 614 376 et
629 349 686 376 alia
699 349 913 377 oblectamenta
929 357 1000 385 prce-

174 391 252 421 clara
267 393 453 428 (Brochotum
479 393 609 429 quidam,
627 393 676 421 alii
701 393 856 422 Pronistan
874 394 999 429 vocant),

173 441 256 470 solus
271 441 322 470 Dei
337 442 479 470 voluntati
496 451 560 470 sese
571 443 747 478 opponebat,
761 443 916 478 copiasque
930 451 1001 477 pau-

173 483 256 512 latim
271 485 411 521 colligens
425 485 614 513 rebellionem
635 485 824 519 moliebatur,
841 486 999 522 imperium

172 528 361 565 Bulgaricum
386 530 548 558 somnians.
575 530 656 557 Haud
684 531 817 567 exiguam
843 531 871 558 id
890 531 998 558 factum

173 572 345 609 imperatori
369 574 468 602 attulit
493 574 657 603 molestiam
676 583 682 603 :
700 575 824 611 ideoque
848 578 926 603 recto
951 576 998 602 iti-

171 626 241 646 nere
256 619 366 647 omisso
381 620 417 647 ad
442 620 593 648 meridiem
618 619 785 653 declinavit,
806 620 999 656 Diabolinque

171 671 202 691 se
217 664 351 697 contulit,
368 667 402 692 ut
426 666 476 692 aut
492 664 633 692 desistere
660 665 695 692 ab
720 665 810 692 armis
826 665 998 692 seditiosum

170 707 263 736 istum
279 711 396 744 cogeret
411 711 461 737 aut
472 709 547 738 bello
560 709 745 745 opprimeret.
759 709 800 736 lbi
812 717 880 745 ergo
889 710 998 745 degens

170 752 343 790 aliquandiu
370 754 486 782 Ibatzen
514 762 565 790 per
590 753 702 782 litteras
730 754 864 782 hortatus
889 756 933 781 est
961 761 998 782 ne

169 797 307 834 Bulgaria
319 799 442 827 subacta
457 798 538 827 solus
549 799 612 834 ipse
621 798 761 827 rebellare
774 799 870 831 vellet,
882 806 953 827 neve
964 807 997 827 ea

169 842 225 870 sibi
241 842 462 894 pollicerivana
472 851 524 879 spe
535 851 600 879 quae
615 843 738 894 adipisci
748 843 883 879 nequiret
915 843 995 894 cogi-
1010 862 1035 894 Β

168 889 244 915 taret
259 887 337 915 hunc
362 888 418 915 sibi
444 890 576 916 conatum
604 887 681 916 male
705 896 868 916 cessurum.
889 888 931 915 Ad
948 897 995 917 eas

167 931 280 960 litteras
310 932 422 960 Ibatzes
451 932 492 960 ita
521 932 672 968 rescripsit
697 934 729 960 ut
754 933 852 960 omnis
881 933 995 968 generis

166 983 239 1004 usus
266 977 454 1012 praetextibus
484 985 545 1005 rem
574 977 748 1012 extraheret,
774 977 996 1014 imperatorque

167 1021 203 1048 ab
219 1029 252 1048 eo
268 1021 395 1049 laetatus
419 1021 634 1057 quinquaginta
658 1021 790 1057 quinque
815 1021 877 1049 dies
893 1024 996 1050 contra

167 1066 242 1094 471
261 1066 353 1094 animi
369 1066 544 1095 sententiam
568 1066 679 1093 Diaboli
696 1066 825 1094 haereret.
841 1067 877 1094 At
892 1066 994 1094 Achri-

171 1110 218 1138 dis
227 1111 382 1146 praefectus
396 1110 610 1146 Daphnomelus
622 1110 726 1138 certior
737 1111 830 1138 factus
840 1110 995 1147 imperato-

171 1162 234 1182 rem
246 1155 281 1183 de
293 1155 486 1191 opprimendo
495 1155 592 1183 Ibatza
603 1163 667 1183 esse
677 1154 846 1190 sollicitum,
862 1155 995 1184 instituto

171 1207 224 1227 suo
239 1208 306 1227 cum
328 1200 444 1228 duobus
468 1208 595 1235 quorum
619 1199 644 1227 ei
669 1202 822 1235 perspecta
844 1202 907 1227 erat
923 1200 995 1228 ﬁdes

169 1244 288 1272 famulis
298 1245 524 1279 communicato,
537 1244 785 1280 opportunitatem
797 1247 922 1272 venatus
932 1253 993 1272 rem

168 1288 210 1316 ita
218 1289 397 1325 aggreditur.
407 1289 502 1317 Solem
508 1297 543 1317 ne
551 1289 659 1317 festum
672 1289 888 1325 Assumptionis
899 1289 995 1317 Mariae

168 1333 280 1362 Ibatzes
296 1333 413 1369 publice
428 1333 605 1366 celebrabat,
621 1334 860 1369 voeabanturque
876 1334 911 1361 ad
928 1342 995 1362 con-

167 1377 277 1406 vivium
293 1378 328 1405 de
344 1386 424 1406 more
440 1386 498 1406 non
513 1378 600 1405 vicini
617 1379 716 1411 modo,
728 1378 778 1405 sed
794 1381 822 1405 et
838 1378 992 1414 peregrini.

166 1422 209 1450 Ad
226 1430 290 1450 eam
306 1422 493 1450 festivitatem
511 1422 680 1450 Eustathius
697 1422 772 1450 ultro
788 1423 992 1462 proficiscitur_

167 1471 299 1508 Cumque
320 1471 472 1500 incidisset
497 1472 526 1499 in
551 1471 688 1500 custodes
717 1471 840 1507 viarum,
858 1473 993 1500 nuntiare

166 1516 270 1545 Ibatzaa
281 1516 368 1552 jubet
387 1517 562 1544 nominatim
587 1524 617 1544 se
633 1516 736 1544 adesse
752 1519 779 1544 el
804 1524 909 1552 cupere
924 1525 991 1544 cum

1058 214 1167 247 θάνατον
1183 214 1227 241 καὶ
1243 217 1292 248 τῆς
1309 214 1434 252 γυναικὸς
1459 213 1542 241 αὐτοῦ
1556 212 1662 250 Μαρίας
1680 214 1726 241 καὶ
1750 216 1804 242 τῶν
1819 215 1881 242 ταύ-

1055 270 1106 294 της
1133 258 1237 287 παίδων
1253 259 1450 296 προσχώρησιν
1480 258 1524 286 καὶ
1543 259 1592 292 τήν
1607 260 1660 286 τῶν
1691 257 1786 287 ἄλλων
1803 258 1880 287 δυνα-

1057 307 1125 331 στῶν
1154 304 1260 339 ἀπάσης
1290 302 1460 340 Βουλγαρίας
1477 303 1597 338 ὑπακοήν
1630 303 1644 330 ὁ
1660 301 1786 339 Ἰϐάτζης
1802 304 1880 336 οὗτος

1056 349 1146 386 φυγὼν
1176 348 1220 375 καὶ
1247 345 1272 375 ἔν
1300 358 1352 374 τινι
1382 345 1506 383 δυσϐάτῳ
1537 347 1683 385 γενόμενος
1712 345 1770 385 ὄρει
1801 350 1879 385 (Βρο-

1056 393 1147 430 χωτὸς
1175 392 1275 428 κλῆσις
1306 393 1392 429 αὐτῷ)
1412 391 1535 429 βασίλειά
1560 402 1590 420 τε
1617 390 1709 429 ἴχοντι
1725 392 1877 430 περικαλλῆ

1056 437 1214 474 (Προνίσταν
1247 439 1331 464 ταῦτα
1366 436 1492 474 καλοῦσι)
1533 437 1578 464 καὶ
1616 435 1796 474 παραδείσους
1835 439 1878 466 καὶ

1055 481 1220 512 ἀπολαύσεις
1251 481 1300 508 οὐκ
1323 481 1472 519 ἀπρεπεῖς,
1506 480 1611 516 ὐπεῖξαι
1639 484 1698 512 τοῖς
1729 481 1877 518 θιλήμασιν

1055 525 1104 554 οὐκ
1132 523 1261 554 ἐϐούλετο
1289 525 1338 553 τοῦ
1368 528 1445 560 Θεοῦ,
1476 524 1549 553 ἀλλὰ
1564 524 1677 562 δύναμιν
1704 526 1735 553 ἐκ
1752 529 1800 554 τοῦ
1814 528 1879 554 κατὰ

1056 576 1151 612 μικρὸν
1199 575 1356 613 συνεγείρων
1410 574 1556 602 ἀνεστάτου
1610 574 1643 602 τὰ
1694 575 1878 613 παρακείμενα

1053 619 1097 647 καὶ
1127 619 1290 647 ἀποστασίαν
1321 618 1435 655 ἐμελέτα
1456 619 1500 646 καὶ
1521 620 1570 654 τήν
1595 618 1786 657 Βουλγαρικήν
1803 620 1877 648 ὠνει-

1054 663 1169 702 ροπόλει
1195 664 1296 701 ἀρχήν.
1323 666 1407 691 Τοῦτο
1438 663 1469 691 ού
1501 666 1606 700 μικρῶς
1633 663 1729 691 ἐλύπει
1761 665 1806 692 τὸν
1834 665 1876 702 βα-

1053 707 1140 744 σιλέα,
1165 709 1210 736 καὶ
1235 707 1279 736 διὰ
1302 710 1383 736 τοῦτο
1398 710 1446 736 τοῦ
1461 709 1519 736 κατ’
1535 707 1637 740 εόθιῖαν
1665 708 1799 746 ἀφέμενος
1826 720 1876 736 πο-

1052 753 1175 790 ρεύεσθαι
1214 752 1343 780 ἀπέκλινε
1377 753 1446 790 πρὸς
1486 750 1683 791 μεσημϐρίαν,
1726 753 1771 780 καὶ
1812 755 1877 781 κατὰ

1051 798 1099 832 τήν
1134 798 1282 836 εἰρημένην
1321 797 1425 835 ἐγένετο
1466 794 1619 833 ΔιάϐοΛιν,
1648 797 1688 828 ὡς
1720 797 1739 832 ἢ
1768 808 1876 826 κατανα-

1050 843 1155 880 γκάσων
1182 843 1290 873 πάντως
1319 843 1364 870 τὸν
1394 842 1548 877 ἀποστάτην
1577 843 1733 870 καταθεῖναι
1748 842 1782 870 τὰ
1805 843 1876 871 ὅπλα

1050 888 1067 922 ἢ
1095 886 1212 924 πολέμῳ
1226 889 1322 914 τοῦτον
1336 887 1580 925 κατεργασάμενος.
1613 886 1693 915 Καὶὸ
1722 887 1769 924 μὲν
1800 887 1876 925 βασι-

1051 931 1114 963 λεὺς
1141 931 1166 959 ἕν
1191 934 1231 968 τῷ
1274 931 1381 969 ῥηθέντι
1414 931 1491 968 τόπῳ
1518 930 1688 970 φιλοχωρῶν
1718 933 1874 970 γράμμασιν

1049 975 1179 1008 ἐνουθέτει
1197 976 1242 1004 τὸν
1273 973 1407 1011 Ἰϐάτζην⁷
1444 977 1482 1012 μή
1512 977 1561 1010 τῆς
1589 975 1761 1014 Βουλγαρίας
1790 977 1876 1013 πάσης

1051 1020 1230 1058 ὑποταγείσης
1247 1021 1326 1057 μόνον
1344 1019 1478 1058 ἀνταίρειν
1494 1023 1590 1058 χεῖρας
1608 1020 1690 1048 αὐτὸν
1717 1020 1787 1058 μηδὶ
1810 1032 1873 1061 φαν-

1048 1066 1173 1100 τάζεσθαι
1202 1065 1235 1092 τὰ
1261 1064 1401 1100 ἀτέλεστα,
1417 1065 1583 1102 γινώσκοντα
1603 1065 1640 1096 ὡς
1666 1065 1717 1092 οὐκ
1741 1065 1780 1097 εἷς
1808 1064 1871 1101 ὄνη-

1049 1120 1091 1136 σιν
1121 1109 1193 1145 αύτῷ
1208 1110 1238 1137 τὸ
1254 1109 1407 1148 ἐγχείρημα
1432 1109 1598 1145 τελευτήσει.
1615 1110 1647 1138 Ὁ
1677 1109 1707 1137 δὲ
1730 1111 1763 1138 τὰ
1784 1111 1870 1148 γράμ-

1051 1165 1122 1191 ματα
1143 1153 1292 1192 δεχόμενος
1314 1154 1359 1182 καὶ
1387 1155 1489 1192 ἑτέροις
1513 1152 1706 1191 ἀμιιϐόμενος,
1737 1154 1781 1183 καὶ
1810 1166 1872 1183 παν-

1047 1199 1124 1230 τοίας
1161 1199 1301 1236 προτιθεὶς
1336 1198 1472 1236 ἀφορμὰς,
1506 1198 1638 1237 παρεῖλκε
1662 1199 1708 1226 καὶ
1737 1198 1872 1235 ἀνεδύετο,

1049 1244 1087 1274 ὡς
1111 1243 1311 1281 ἀναγκασθῆναι
1339 1244 1386 1271 τὸν
1420 1242 1532 1281 βασιλέα
1561 1243 1603 1271 ἐπὶ
1621 1243 1702 1271 πέντε
1717 1244 1762 1271 καὶ
1779 1246 1874 1280 πεντή-

1048 1298 1130 1314 κοντα
1158 1288 1263 1325 ἡμέρας
1294 1286 1461 1325 ἐνδιατρῖψαι
1491 1290 1531 1323 τῷ
1560 1287 1649 1324 τόπῳ,
1665 1291 1726 1320 ταῖς
1758 1288 1873 1327 ὑποσχέ-

1049 1342 1105 1359 σεσι
1131 1331 1337 1369 δελεαζόμενον.
1353 1332 1492 1370 Ἐγνώσθη
1520 1332 1554 1359 τά
1581 1334 1629 1360 τοῦ
1652 1332 1812 1371 πράγματος
1836 1335 1872 1369 τῷ

1047 1380 1097 1411 τῆς
1126 1375 1254 1415 ’Λχρὶδος
1278 1376 1389 1414 ἄρχοντι
1415 1376 1553 1413 Εὐσταθίῳ
1579 1379 1619 1413 τῷ
1634 1377 1814 1416 Δαφνομήλῃ,
1833 1377 1871 1405 ὂτι

1050 1425 1125 1462 μέλει
1141 1428 1180 1462 τῷ
1198 1426 1305 1462 βασιλεῖ
1319 1427 1336 1461 ἡ
1351 1428 1399 1454 τοῦ
1428 1423 1534 1462 Ἰϐάτζη
1550 1426 1717 1464 καθαίρεσις.
1734 1426 1784 1455 Καὶ
1807 1426 1872 1462 δῆτα

1047 1471 1140 1509 καιρὸν
1183 1470 1336 1506 ἐπιτήδειον
1375 1471 1515 1508 εὑρηκὼς,
1547 1471 1592 1498 καὶ
1628 1470 1690 1499 δυσὶ
1729 1471 1869 1509 θεράπουσι

1046 1517 1101 1542 τῶν
1133 1515 1338 1543 πιστικωτάτων
1370 1514 1636 1553 κοινολογησάμενος
1674 1515 1719 1543 καὶ
1748 1516 1778 1543 τὸ
1810 1516 1869 1553 βού-

165 1561 230 1598 ipso
241 1549 373 1589 animum
383 1560 554 1588 exhilarare.
565 1560 688 1588 Miratus
699 1563 744 1588 est
756 1549 866 1588 Ibalzes
877 1560 923 1588 hor

1109 1570 1136 1587 ια
1164 1560 1330 1598 φανερώσας,
1360 1549 1541 1598 ἐγχειρεῖ-τῇ
1558 1549 1672 1597 ἰπράξει.
1712 1549 1867 1596 Δημοτέλης

166 1614 221 1634 sua
235 1607 339 1641 sponte
354 1606 451 1634 venire
467 1613 500 1633 ac
515 1614 547 1633 se
561 1604 692 1633 hostium
710 1605 846 1633 manibus
861 1606 989 1640 credere,

164 1650 263 1679 venire
287 1652 384 1680 tamen
407 1650 508 1686 jussit,
525 1650 748 1684 admissumque
771 1649 854 1678 laetus
879 1650 991 1686 excepit

165 1697 252 1731 atque
267 1695 418 1731 amplexus
427 1697 481 1722 est.
494 1694 589 1722 Finito
605 1694 713 1730 hymno
727 1694 883 1728 matutino,
895 1695 989 1722 omni-

163 1740 277 1775 busque
292 1739 359 1768 aliis
374 1739 403 1768 in
415 1748 469 1767 sua
481 1739 604 1775 dilapsis
618 1739 789 1773 diversoria,
806 1739 921 1766 Ibatzen
931 1739 988 1767 Eu-

163 1784 293 1812 stathius
309 1784 429 1819 accedit,
446 1786 474 1812 et
490 1784 567 1819 quod
579 1783 699 1811 haberet
713 1791 776 1819 quae
787 1784 911 1811 seorsim
921 1792 987 1811 cum

162 1829 225 1865 ipso
236 1829 451 1865 colloqueretur
460 1829 592 1865 apprime
602 1828 768 1856 necessaria
781 1836 813 1856 ac
825 1828 881 1864 ipsi
892 1827 986 1863 utilia,

162 1874 234 1910 petit
249 1876 282 1902 ut
304 1873 409 1910 reliqui
435 1873 553 1902 interim
579 1873 730 1900 secedant.
761 1872 872 1900 Ibatzes
887 1872 987 1901 dolum

162 1927 221 1947 non
247 1919 387 1953 sentiens,
409 1918 524 1953 sibique
548 1918 668 1945 omnino
694 1918 874 1953 persuadens
899 1920 987 1946 Eusta

162 1963 259 1991 thium
275 1971 341 1991 cum
358 1963 421 1999 ipso
436 1962 509 1990 velle
530 1962 699 1990 societatem
716 1961 883 1990 rebellionis
898 1962 985 1998 coire,

162 2013 282 2040 dimotis
297 2012 510 2047 aliquantisper
519 2011 636 2038 famulis
645 2019 733 2038 manu
745 2019 811 2038 eum
823 2011 985 2046 apprehen-

162 2065 228 2085 sum
243 2057 274 2084 in
288 2057 452 2092 pomarium
469 2056 616 2091 quoddam
631 2054 750 2082 abducit
764 2063 888 2090 opacum
900 2056 984 2083 arbo-

162 2101 303 2136 ribusque
313 2101 355 2128 ita
368 2101 458 2128 dense
474 2100 618 2127 consitum
628 2101 659 2126 ut
673 2107 708 2126 ne
718 2107 771 2126 vox
787 2099 905 2135 quidem
916 2100 985 2127 inde

161 2146 238 2174 472
253 2145 383 2174 exaudiri
410 2146 517 2181 posset.
545 2145 586 2171 Ibi
613 2143 708 2171 solum
735 2144 863 2172 Ibatzam
880 2147 983 2173 nactus

160 2190 342 2225 Eustathius,
358 2190 445 2218 homo
462 2197 548 2217 manu
565 2190 729 2224 promptus,
740 2188 768 2215 in
785 2191 891 2217 terram
903 2189 980 2218 illico

1045 1603 1127 1641 ἤγετο
1156 1605 1236 1642 ἑορτῆ
1265 1607 1304 1640 τῷ
1333 1602 1449 1641 Ἰϐάτζῃ,
1478 1605 1496 1639 ἡ
1525 1603 1659 1640 κοίμησις
1674 1606 1724 1640 τῆς
1740 1604 1867 1642 παναγίου

1044 1649 1089 1676 καὶ
1117 1650 1312 1686 Θεομήτορος.
1341 1648 1414 1676 Κατᾶ
1440 1648 1541 1684 ταύτην
1567 1649 1616 1683 τὴν
1648 1648 1753 1688 ἡμέραν
1781 1648 1866 1680 εἷ’ώθει

1045 1692 1188 1731 συγκαλεῖν
1216 1693 1254 1725 εἲς
1284 1693 1402 1731 εὐωχίαν
1424 1693 1457 1721 ού
1485 1692 1549 1724 τοὺς
1565 1693 1756 1731 ἀγρογείτονας
1785 1693 1865 1730 μόνον

1043 1739 1088 1766 καὶ
1117 1738 1331 1776 ἀγχιτέρμονας,
1370 1736 1443 1765 ἀλλὰ
1479 1737 1524 1765 καὶ
1551 1739 1605 1765 τῶν
1635 1738 1676 1769 ὡς
1703 1737 1866 1776 πορρωτάτω

1042 1782 1176 1814 πολλούς.
1192 1786 1298 1810 ’Δπεισι
1312 1784 1377 1821 γοῦν
1390 1783 1404 1810 ὁ
1420 1782 1570 1814 Eoo-tiens:
1583 1781 1755 1818 αὐτόκλητος
1769 1781 1806 1813 εἷς
1820 1782 1866 1816 τήν

1043 1828 1151 1865 ἑορτὴν,
1178 1827 1222 1855 καὶ
1251 1830 1310 1858 τοῖς
1340 1826 1519 1866 φυλάττουσιν
1548 1826 1669 1864 ἐντυχὼν
1698 1827 1746 1858 τὰς
1761 1825 1864 1858 διόδους

1043 1871 1223 1910 ἀπαγγέλλειν
1240 1871 1360 1899 ἐκέλευεν
1383 1871 1456 1903 ὅστις
1481 1870 1535 1906 εἷή,
1559 1871 1604 1899 καὶ
1629 1871 1672 1899 ὅτι
1696 1872 1805 1908 πάρεστι
1827 1872 1863 1906 τῷ

1041 1917 1155 1954 ἄρχοντι
1197 1917 1511 1954 συνευφρανθησόμενος.
1557 1915 1796 1954 Ἀπαγγιιλάντων
1837 1913 1864 1942 δὶ

1040 1961 1155 1997 τούτων,
1192 1961 1217 1989 έν
1257 1961 1373 1998 θαύματι
1409 1961 1423 1988 ὁ
1453 1958 1576 1996 Ἰϐάτζης
1607 1960 1687 1993 ἐτίθει
1718 1959 1743 1988 si
1766 1959 1862 1996 δυσμε-

1041 2006 1090 2040 νῆς
1115 2005 1256 2043 ἅνθρωπος
1285 2005 1445 2044 αὐθαίρετος
1464 2004 1525 2040 ἥκει
1554 2005 1598 2032 καὶ
1629 2005 1724 2043 χερσὶν
1753 2002 1860 2032 ἐκδίδω-

1041 2060 1081 2076 σιν
1112 2050 1204 2077 ἑαυτὸν
1229 2049 1389 2086 πολεμίαις.
1420 2050 1515 2086 Ὅμως
1531 2049 1675 2088 ἀφιλέσθαι
1689 2048 1803 2083 κελεύει,
1818 2048 1860 2075 καὶ

1040 2093 1151 2122 ἐλθόντα
1166 2093 1271 2129 έδέξατό
1298 2105 1327 2121 τι
1353 2096 1511 2131 περιχαρῶς
1534 2094 1579 2121 καὶ
1604 2094 1756 2128 ἠσπάσατο.
1785 2094 1858 2130 ’Ἄρτι

1040 2138 1069 2166 δὶ
1095 2138 1268 2171 τελεσθέντος
1300 2141 1349 2166 τοῦ
1363 2138 1477 2170 ἑωθινοῦ
1497 2138 1594 2174 ὕμνου,
1619 2139 1665 2166 καὶ
1692 2148 1793 2166 παντων
1808 2138 1858 2164 τῶν

1040 2187 1250 2226 συνειλεγμένων
1278 2187 1315 2218 εἰς
1343 2187 1390 2218 τὰς
1419 2186 1489 2218 ἰδίας
1517 2186 1713 2215 σκεδασθέντων
1743 2195 1860 2222 καταγω-

159 2237 327 2273 prosternit,
344 2243 482 2272 genuque
492 2234 601 2270 pectori
617 2234 681 2268 ejus
698 2233 815 2262 innixus
831 2243 917 2262 vocen

1124 2233 1137 2260 ὁ
1167 2232 1314 2264 Ede-caietae
1347 2231 1472 2269 πρόσεισι
1495 2234 1533 2268 τῷ
1570 2229 1692 2269 ’16άτζῃ,
1717 2230 1760 2258 καὶ
1789 2229 1857 2264 ἀξιοῖ

158 2282 251 2309 centis
268 2280 446 2314 intercludit,
463 2279 596 2314 duosque
607 2287 677 2306 suos
691 2278 818 2306 tamulos
831 2279 980 2307 celerrime

158 2326 313 2354 subvenire
324 2325 418 2360 jubet,
435 2324 496 2360 qui,
513 2325 545 2350 ut
559 2325 621 2350 erat
644 2323 852 2358 compositum,
869 2326 980 2353 stantes

158 2374 186 2398 et
201 2370 316 2398 eventui
333 2370 448 2402 intenti,
473 2367 650 2403 simulatque
665 2367 776 2395 domini
792 2376 845 2395 vox
859 2369 980 2396 auribus

158 2416 289 2450 ipsorum
301 2414 389 2441 allata
404 2416 460 2446 est,
476 2414 643 2447 accurrunt,
656 2412 758 2440 lbatzm
769 2421 802 2440 os
817 2416 895 2441 veste
907 2414 979 2448 inje-

158 2461 204 2487 cta
219 2459 369 2493 obturant,
387 2466 423 2485 ne
438 2458 473 2484 ad
490 2457 554 2492 ejus
565 2456 720 2484 clamorem
730 2458 895 2485 conﬂuente
906 2458 980 2486 mul-

157 2503 285 2531 titudine
300 2505 421 2530 conatus
437 2501 649 2535 ﬁeretirritus;
665 2503 693 2529 et
708 2501 808 2530 oculos
824 2503 850 2530 ei
865 2503 979 2531 exscul-

157 2550 231 2584 punt
247 2555 253 2575 :
271 2550 410 2575 cacatum
426 2547 456 2574 in
472 2546 569 2574 aulam
595 2546 752 2582 projiciunt
767 2548 847 2574 extra
863 2547 977 2583 paradi-

155 2599 233 2625 sum,
250 2591 307 2627 ipsi
322 2592 351 2619 in
367 2591 494 2619 sublime
510 2591 615 2618 domus
641 2590 822 2619 ccenaculum
838 2592 976 2626 evadunt,

154 2635 322 2671 strictisque
342 2635 449 2671 gladiis
471 2637 641 2671 exspectant
667 2635 797 2662 hostium
821 2636 974 2672 impetum.

152 2684 274 2720 Cognito
289 2685 416 2713 facinore
441 2685 546 2721 ingens
570 2684 710 2712 conﬂuxit
734 2684 901 2712 multitudo.
919 2685 975 2713 Alii

152 2730 268 2758 strictos
283 2729 419 2757 manibus
429 2729 541 2766 gladios
549 2731 693 2763 tenentes,
705 2728 754 2757 alii
766 2728 877 2765 hastas,
889 2737 974 2758 arcus

151 2773 211 2811 alii,
231 2773 364 2803 nonnulli
387 2774 509 2811 lapides,
526 2774 646 2810 quidam
672 2773 762 2810 ligna,
779 2773 871 2810 aliqui
895 2774 973 2803 faces

1034 2276 1098 2308 τοὺς
1114 2276 1216 2308 ἄλλους
1230 2277 1298 2314 πρὸς
1327 2277 1423 2313 μικρὸν
1454 2276 1580 2311 ἐκστῆναι
1597 2276 1636 2308 ὡς
1659 2277 1732 2313 τάχα
1749 2273 1855 2311 μέλλων

1035 2321 1114 2352 αὐτὸς
1139 2320 1306 2356 διαλέξεσθαι
1331 2322 1388 2348 κατ’
1415 2319 1484 2348 ἰδίαν
1509 2321 1660 2359 πιρίτινος
1682 2318 1855 2358 ἀναγκαιοτά-

1034 2376 1083 2393 του
1099 2366 1143 2393 καὶ
1159 2366 1366 2397 λυσιτελοῦντος
1386 2365 1470 2401 αὐτῷ.
1489 2369 1528 2400 [Ρ.
1552 2366 1615 2402 725]
1641 2366 1670 2394 Ὁ
1699 2363 1727 2392 δὶ
1741 2364 1785 2391 τὸν
1811 2361 1854 2390 δό-

1035 2410 1083 2438 λον
1109 2411 1153 2438 καὶ
1175 2412 1225 2445 τήν
1253 2410 1359 2445 ἀπάτην
1390 2410 1428 2447 μὴ
1454 2411 1632 2446 κατανοήσας,
1661 2408 1733 2437 ἀλλᾶ
1746 2410 1784 2444 τῷ
1799 2406 1852 2434 δντι

1034 2453 1182 2483 ὗπολαὸὼν
1211 2455 1248 2486 ὡς
1271 2454 1397 2493 βούλεται
1423 2455 1469 2482 καὶ
1495 2454 1574 2486 αὐτὸς
1599 2455 1637 2486 εἷς
1662 2453 1780 2491 γενέσθαι
1802 2453 1852 2478 τῶν

1034 2501 1218 2528 συνιστώντων
1243 2499 1316 2536 αὐτῷ
1339 2501 1387 2534 τήν
1414 2499 1589 2536 ἀποστασίαν,
1608 2498 1673 2530 τοὺς
1693 2497 1852 2535 θεράποντας

1035 2549 1130 2587 μικρὸν
1144 2549 1294 2582 ἀποστῆναι
1319 2548 1458 2583 κελεύσας,
1487 2551 1537 2583 τῆς
1558 2548 1652 2586 χειρὸς
1679 2546 1782 2575 ἐκείνου
1803 2543 1850 2571 λα-

1032 2591 1148 2630 ϐόμενος
1182 2591 1207 2621 ἕν
1235 2604 1288 2620 τινι
1317 2592 1471 2631 παραδείσῳ
1505 2593 1606 2631 εἷ’σάγει
1636 2592 1774 2629 συνηρεφεῖ
1797 2587 1852 2616 δέν-

1032 2637 1106 2676 δροις
1121 2638 1165 2666 καὶ
1189 2637 1339 2673 κοιλότητα
1367 2635 1470 2676 ἔχοντι,
1485 2637 1524 2669 ὡς
1543 2636 1612 2674 μηδὶ
1639 2636 1730 2676 φωνὴν
1745 2633 1849 2676 ἆξῃχιῖ-

1030 2675 1092 2715 σθαι
1121 2681 1246 2710 δύνασθαι
1273 2681 1317 2710 διὰ
1331 2675 1593 2719 τὴνησυνδενδρίαν.
1689 2679 1763 2710 ἑντὸς
1777 2675 1848 2716 γενό-

1032 2738 1111 2764 μενος
1137 2728 1152 2755 ὁ
1173 2727 1335 2763 Εὑστάθιος,
1360 2726 1404 2754 καὶ
1422 2726 1618 2764 μεμονωμένου
1642 2724 1790 2761 λαθόμενος
1802 2721 1848 2764 τοῦ

1029 2763 1162 2808 Ἶϐάτζου,
1192 2771 1230 2805 οἷς
1257 2774 1308 2811 γῆν
1335 2782 1364 2800 τι
1388 2771 1468 2800 αὐτὸν
1498 2770 1577 2805 εὐθὺς
1601 2767 1783 2802 καταϐάλλει,
1805 2763 1846 2793 καὶ
