1933 3048
39 120 95 150 205

606 117 877 149 HISTORIARUM
899 118 1173 150 GOMPENDlUM.

1684 120 1744 151 206

38 196 76 221 τῳ
90 185 184 220 στήθει
199 184 377 222 προσερείσας
396 183 428 212 τὺ
451 184 516 222 γόνυ
544 183 588 220 (ἦν
617 183 668 221 γὰρ
693 183 762 211 κατὰ
783 193 801 221 χ

981 186 1067 218 antes,
1077 185 1229 213 materiam
1239 185 1288 213 alii
1301 186 1379 222 ignis
1393 194 1540 222 capacem,
1552 185 1744 214 accurrebant

38 230 171 268 γενναῖος)
187 231 284 257 τοῦτον
310 232 441 267 κατῆγχε,
458 228 502 256 καὶ
531 230 590 257 τοῖς
620 227 694 256 δυσὶν
716 228 863 265 ὑπηρέταις

39 274 227 302 ἐνεκελεύσατο
258 274 367 311 βοηθεῖν
396 273 446 308 τήν
466 273 608 311 ταχίστην.
623 273 656 302 Οἱ
677 272 716 308 δὲ,
744 273 862 310 καθάπερ

39 319 242 355 συντεθειμένον
272 318 317 352 ἧν,
348 317 487 354 ἱστάμενοι
520 317 566 345 καὶ
594 316 808 355 καραδοκοῦντες
832 317 864 344 τὸ

42 363 158 400 μέλλον,
175 364 213 394 ὡς
232 362 351 398 ἤκουσαν
366 364 416 395 τῆς
431 365 523 401 φωνῆς
545 364 592 389 τοῦ
617 362 722 399 κυρίου,
745 360 862 399 ἔδραμόν

38 419 66 436 τε
96 407 206 442 εὗθὶως,
234 406 279 435 καὶ
320 407 367 434 τὸν
397 404 519 442 Ἰϐάτζην
550 406 727 444 περισχόντες
755 407 800 434 καὶ
825 408 864 442 τῷ

39 455 137 492 χιτῶνι
165 451 364 491 ἀποφράξαντες
381 451 466 479 αὐτοῦ
486 451 519 479 τὸ
539 451 636 488 στόμα,
657 451 694 482 ὡς
724 451 762 488 μὴ
794 451 863 488 βοή-

39 508 86 529 σας
101 498 254 535 περιστήσῃ
276 495 381 531 πλῆθος
411 495 503 526 αὐτοῖς
527 496 571 523 καὶ
600 496 736 531 ἄπρακτον
766 496 863 523 ἀποτε-

39 542 105 579 λέσῃ
123 542 155 569 τὸ
179 540 269 579 ἔργον,
285 540 483 579 ἀποτυφλοῦσι,
508 539 684 576 τυφλωθὲντα
709 539 737 567 δὶ
765 537 864 567 ἐκϐάλ-

39 587 117 615 λουσι
131 588 180 614 τοῦ
194 584 360 623 παραδείσου
373 585 411 617 εἷς
426 585 474 620 τὴν
491 583 589 620 αὐλήν.
607 585 691 612 Αὐτοὶ
713 583 742 612 δὲ
770 583 809 615 εἵς
837 594 863 611 τι

39 631 163 669 ὕπερῷον
180 630 287 667 οἷ’κημα
303 629 408 667 ὑψηλὸν
434 628 635 667 ἀναδραμόντες
664 629 709 657 καὶ
737 629 770 656 τὰ
800 629 862 666 ξίφη

38 676 198 707 ἑλκύσαντες
231 674 385 713 ἐξεδέχοντο
423 675 487 706 τοὺς
524 673 677 711 μέλλοντας
712 673 863 711 προσιέναι.

39 720 206 752 Γνωσθέντος
230 719 260 748 δὶ
281 722 330 747 τοῦ
355 718 492 758 δράματος
515 719 636 757 συνὲῤῥει
661 719 769 754 πλῆθος
797 718 864 755 ἀμύ-

39 771 135 801 θητον·
151 765 177 792 οἱ
204 765 251 801 μὶν
274 764 325 802 γὰρ
350 764 414 803 ξίφη
439 763 600 801 κατέχοντες
616 763 642 791 ἐν
658 763 763 801 χερσὶν,
780 763 806 790 oi.
835 761 864 790 δε

39 809 149 847 δόρατα,
166 810 193 837 οἱ
208 808 237 837 δὲ
251 807 325 845 τόξα,
346 810 372 837 οἱ
399 808 427 836 δὲ
452 808 559 843 λίθους,
575 809 602 836 οἱ
631 807 659 836 δὲ
687 808 765 844 ξύλα,
781 807 806 835 οἱ
836 806 864 835 δὲ

40 854 140 886 δαλοὺς
149 852 412 891 καιομὲνους,ἇ’λλοι
424 852 452 881 Si
460 852 530 888 ίίλην
542 851 704 890 εὔπρηστον⁷
715 851 788 885 ἔθεον
800 853 864 890 βοη-

39 899 204 938 ὂρομοῦντες
224 899 269 926 καὶ
286 898 455 937 κεκραγότες·
468 910 482 924 ει
496 899 720 937 Σφαττέσθωσαν,
732 897 863 925 καιέσθω-

40 955 98 977 σαν,
126 943 246 981 μεληδὸν
279 944 546 980 κατατεμνὲσθωσαν,
573 942 660 975 λίθοις
690 941 862 980 καταχωννύ-

40 990 145 1016 σθωσαν
162 988 188 1015 οἱ
213 987 381 1025 παλαμναῖοι
406 987 451 1015 καὶ
473 986 623 1026 ἀλιτήριον
642 988 679 1024 μή
707 998 750 1018 τις
779 985 863 1026 φειδὼ

39 1033 154 1072 γενέσθω
169 1035 225 1061 τῶν
241 1031 412 1070 ἀλαστόρων.
429 1044 443 1058 ››
460 1031 623 1070 Συνδρομήν
644 1031 673 1059 δὲ
698 1032 863 1069 θεασάμενος

39 1079 53 1105 δ
69 1077 225 1114 Εὖσεάθιος,
251 1077 296 1105 καὶ
320 1081 371 1112 τῆς
400 1077 496 1104 ἑαυτοῦ
523 1077 689 1114 ἀπεγνωκὼς
716 1076 863 1114 σωτηρίας,

39 1121 186 1160 παρεκάλει
214 1122 282 1153 τέως
306 1121 371 1153 τοὺς
398 1121 466 1159 ἀμφ’
495 1121 574 1149 αὐτὸν
613 1119 710 1158 ἄνδρας
746 1120 862 1158 ἀγαθοὺς

39 1167 163 1204 γενέσθαι
190 1166 236 1194 καὶ
262 1167 300 1203 μὴ
331 1165 542 1203 μαλακισθῆναι,
568 1163 633 1202 μηδ’
657 1165 768 1197 ἑαυτοὺς
795 1175 863 1204 προ-

39 1210 131 1238 δοῦναι
158 1211 204 1238 καὶ
226 1211 263 1242 εἴς
289 1210 408 1246 ὶξουσίαν
432 1213 522 1238 πεσεῖν
549 1212 602 1237 τῶν
630 1210 784 1246 ζητούντων
813 1211 862 1245 τὴν

38 1255 127 1283 αὐτῶν
151 1255 303 1290 ἀπώλειαν,
330 1255 375 1283 καὶ
405 1255 469 1292 παρ’
492 1254 600 1282 ἐκείνων
637 1256 688 1290 τήν
726 1255 863 1293 σωτηρίαν

37 1299 195 1338 ἒκδίχεσθαι
223 1300 241 1334 ἢ
270 1299 382 1332 θάνατον
412 1299 519 1338 οἲκτρὸν
548 1299 593 1327 καὶ
619 1298 764 1328 ἐπώδυνον.
792 1300 864 1337 Πρὸς

38 1344 66 1373 δὲ
80 1346 112 1373 τὸ
127 1344 236 1380 πλῆθος
264 1342 317 1372 ἀπό
345 1354 418 1375 τινος
447 1343 558 1382 θυρίδος
588 1344 729 1382 προκύψας
756 1345 800 1372 καὶ

38 1390 112 1428 χειρὶ
127 1388 305 1426 κατασιγάσας
320 1389 366 1417 τὸν
382 1386 470 1426 ὄχλον
484 1387 600 1416 τοιῶνδε
614 1388 704 1426 λόγων
714 1389 862 1427 ἀπήρξατο⁵

40 1446 54 1460 α
69 1435 132 1463 Ὅτι
162 1434 221 1470 μὶν,
238 1433 260 1461 ὦ
282 1432 374 1471 ἄνδρες
403 1433 429 1461 oi.
455 1433 667 1471 συνειλεγμὲνοι,
685 1432 801 1469 οὐδεμία
823 1444 864 1465 τις

39 1476 221 1517 προαπὲκειτό
241 1488 287 1515 μοι
312 1477 445 1515 ἀπέχθεια
472 1477 540 1515 πρὸς
563 1478 609 1505 τὸν
631 1477 758 1515 ὑμᾶτερον
783 1476 863 1505 δυνά-

41 1534 118 1559 στην,
133 1522 178 1551 καὶ
209 1523 287 1559 ὑμεῖς
308 1522 383 1550 αὐτοί
409 1523 507 1553 πάντες
531 1522 627 1558 ἀρεῖτε,
643 1519 762 1559 ἀκριϐῶς
791 1521 861 1550 εἰδό-

40 1558 88 1599 τες
113 1567 150 1598 ὡς
172 1558 329 1605 Βούλγαρος
354 1566 401 1603 μὶν
426 1566 517 1601 αὐτὸς,
538 1558 682 1603 Ῥωμαῖος
696 1565 717 1593 δ⁴
739 1566 802 1604 εγὼ,
817 1566 863 1594 καὶ
879 1558 900 1592 C

40 1613 181 1649 Ῥωμαῖος
197 1611 232 1639 οὖ
246 1614 299 1639 τῶν
316 1610 358 1638 ἰπὶ
374 1611 481 1646 Θρᾴκης
496 1611 542 1638 καὶ
562 1609 730 1642 Μακεδονίας
756 1611 863 1638 οἰκούν-

39 1668 107 1692 των,
121 1656 183 1684 ἀλλ’
200 1656 230 1683 ἐκ
256 1658 306 1689 τῆς
335 1658 433 1694 μικρᾶς
464 1655 566 1690 Ἀσίας,
591 1655 651 1690 ἥτις
677 1655 739 1683 ὅσον
765 1655 862 1693 ἀπέχει

42 1703 131 1739 ὑμῶν,
147 1700 231 1729 ἴσασιν
253 1700 278 1728 οἱ
301 1701 492 1738 γινώσκοντες.
509 1701 570 1729 ’Ὀτι
595 1699 624 1728 δὶ
646 1700 691 1728 καὶ
715 1699 795 1731 αὐτὸς
822 1702 863 1737 τῷ

37 1746 158 1782 τοιούτῳ
173 1745 339 1783 ὶπεχείρησα
354 1743 426 1783 ἔργῳ
446 1745 496 1773 οὐκ
519 1744 580 1780 εἰκῆ
605 1746 650 1773 καὶ
676 1746 775 1782 μάτην,
792 1743 865 1773 ἀλλά

37 1801 81 1822 τις
113 1791 146 1827 μὶ
173 1790 333 1825 κατήπειξεν
361 1790 475 1827 ἀνάγκη,
505 1789 640 1828 λογιεῖσθε
668 1790 694 1817 οἱ
723 1790 864 1828 φρονιμώ-

38 1845 126 1873 τεροι.
139 1834 176 1862 οὗ
191 1835 242 1873 γὰρ
258 1833 288 1861 ἃν
305 1834 377 1862 οὕτω
395 1833 541 1871 μανιωδῶς
559 1833 598 1865 εἲς
616 1833 754 1871 προῦπτον
781 1833 864 1870 ἀμαυ-

39 1881 86 1908 τὸν
109 1878 237 1917 ἰνὲῥριψα
260 1878 384 1906 κίνδυνον
408 1878 453 1906 καὶ
476 1882 526 1913 τῆς
552 1877 670 1914 ἰμαυτοῧ
698 1881 770 1913 ζωῆς
801 1889 864 1906 κατ-

40 1924 189 1963 εφρόνησα,
205 1923 229 1951 εἴ
248 1924 286 1959 μή
302 1934 345 1954 τις
357 1923 391 1956 ἦν
417 1922 490 1957 ἄλλη
513 1923 586 1950 αἰτία
609 1924 627 1958 ὴ
652 1923 803 1960 βιασαμὲνη
833 1933 866 1959 με

40 1969 110 2005 πρὸς
133 1968 183 2002 τήν
203 1968 299 2006 πρᾶξιν
326 1967 426 1996 ἐλθεῖν.
447 1968 517 1995 Ἴστε
535 1966 581 1994 οὖν
607 1968 643 1998 ὡς
666 1967 697 1994 τὸ
719 1967 865 2004 γινόμενον

40 2013 122 2051 ἔργον
138 2012 300 2050 πρόσταγμα
331 2011 466 2049 βασιλέως
489 2011 569 2045 ἐστὶν,
586 2012 609 2047 ᾤ
633 2013 789 2049 πειθαρχῶν
812 2010 867 2049 ἐγὼ

41 2058 79 2089 ὡς
103 2055 217 2096 ὄργανον
245 2055 405 2092 διηκόνησα.
421 2058 463 2093 [Ρ.
479 2057 542 2093 716]
570 2057 618 2084 Καὶ
642 2058 688 2083 νῦν
716 2056 739 2083 εἰ
770 2056 867 2093 βούλε-

43 2102 89 2135 σθὲ
118 2112 152 2139 με
171 2100 401 2139 διαχειρίσασθαι,
432 2099 490 2128 ἰδοὺ
511 2101 555 2139 ὑφ’
581 2101 657 2138 ὑμῶν
687 2100 742 2138 ἐγὼ
766 2111 868 2138 mpm-

921 229 1108 265 opitulatum,
1125 230 1317 259 vociferantes
1328 239 1334 258 :
1344 242 1357 255 ‹‹
1373 230 1559 267 Jugulantor,
1569 233 1742 263 cremantur,

918 274 1105 302 membratim
1120 275 1324 310 conciduntor,
1335 275 1485 311 lapidibus
1500 276 1663 304 obruuntor
1677 283 1741 303 sce-

917 317 983 346 lesti
1001 327 1008 346 :
1026 327 1111 347 nemo
1131 319 1283 356 ﬂagitiosis
1306 320 1385 348 hisce
1401 322 1511 356 parcat.
1527 330 1543 347 ιι
1558 320 1741 348 Concursum

918 370 1041 391 cernens
1057 364 1236 398 Eustathius,
1249 365 1365 392 tametsi
1382 366 1417 393 de
1431 365 1526 393 salute
1541 373 1596 393 sua
1610 365 1742 401 despera-

919 410 973 443 ret,
990 410 1086 436 tamen
1103 417 1172 437 suos
1191 409 1364 437 hortabatur
1386 413 1418 437 ut
1434 409 1532 438 animo
1547 412 1647 438 essent
1662 409 1739 445 forti,

919 460 1013 488 neque
1022 453 1225 481 emollirentur
1234 457 1285 481 aut
1299 463 1331 482 se
1343 454 1424 490 ipsos
1434 455 1570 483 hostibus
1586 455 1742 490 proderent

919 496 1012 532 iisque
1027 498 1166 525 dederent
1180 498 1228 534 qui
1240 499 1371 534 ipsorum
1389 502 1513 528 mortem
1526 500 1739 535 desiderarent,

919 549 990 569 neve
1006 542 1041 570 ab
1057 542 1094 570 iis
1109 543 1233 570 salutem
1251 544 1348 579 potius
1373 551 1405 572 se
1420 547 1630 572 consecuturos
1651 553 1741 581 quam

919 585 1025 614 misere
1038 586 1223 615 interfectum
1235 588 1271 615 iri
1286 590 1433 623 putarent.
1448 589 1510 625 [pse
1523 596 1574 626 per
1585 589 1740 618 fenestram

919 630 1077 666 quamdam
1093 631 1128 658 ad
1143 632 1259 659 turbam
1273 633 1464 668 prospiciens,
1482 642 1645 669 manusque
1660 637 1742 662 metu

919 675 1068 703 silentium
1095 675 1172 703 478
1196 676 1364 710 conficiens,
1390 677 1430 705 ita
1458 686 1523 706 eam
1548 681 1592 706 est
1611 679 1739 707 allatus:

920 729 934 744 ει
948 719 1049 747 Nullas
1065 720 1172 752 mihi,o
1182 719 1349 754 multitudo,
1360 729 1426 748 cum
1436 725 1532 749 vestro
1543 723 1674 759 principe
1687 723 1743 758 pri-

918 764 1007 792 vatim
1039 765 1240 793 intercessisse
1268 765 1437 794 inimicitias
1461 766 1504 794 vel
1533 767 1588 803 ipsi
1607 768 1743 803 judicare

919 809 1052 845 potestis.
1069 809 1097 837 Is
1113 809 1191 837 enim
1209 809 1351 846 Bulgarus
1363 813 1416 846 est,
1427 819 1480 847 ego
1495 813 1741 848 Romanus,quod

918 853 1001 881 vobis
1015 856 1060 882 est
1075 854 1272 882 notissimum.
1291 855 1390 890 Neque
1411 855 1560 883 Romanus
1575 864 1628 891 ego
1643 865 1710 884 sum
1726 865 1741 885 e

918 897 1042 925 Thracia
1057 901 1108 925 aut
1123 898 1293 926 Macedonia
1315 900 1469 933 oriundus,
1486 901 1536 927 sed
1553 908 1588 927 ex
1603 900 1670 928 Asia
1686 902 1741 928 mi-

918 950 1007 976 nore;
1024 951 1087 978 quae
1103 945 1214 978 quanto
1230 943 1267 970 sit
1278 944 1372 979 spatio
1384 952 1400 972 a
1414 946 1509 972 vestra
1525 945 1618 980 patria
1626 945 1740 980 dissita,

918 987 1003 1023 periti
1019 990 1138 1015 norunt.
1153 987 1218 1015 Jam
1245 988 1448 1023 prudentiores
1462 988 1492 1016 id
1509 997 1566 1017 non
1583 990 1743 1019 difficulter

914 1032 1102 1067 judicabant,
1121 1040 1178 1059 non
1195 1036 1302 1060 temere
1315 1041 1361 1060 me
1376 1036 1427 1061 aut
1441 1034 1561 1068 frustra,
1578 1035 1628 1062 sed
1645 1043 1743 1063 neces-

918 1077 1005 1104 sitate
1020 1076 1119 1112 aliqua
1134 1077 1320 1112 compulsum
1337 1077 1392 1106 hoc
1417 1078 1554 1106 facinoris
1570 1087 1740 1115 aggressum

919 1121 1020 1149 fuisse.
1037 1121 1153 1157 Alioqui
1163 1129 1314 1157 nunquam
1326 1131 1372 1150 me
1381 1123 1409 1150 in
1420 1125 1479 1150 tam
1496 1123 1616 1151 evidens
1628 1124 1741 1159 pericu-

918 1164 979 1193 lum
1000 1167 1060 1193 tam
1085 1166 1236 1194 dementer
1260 1167 1447 1202 conjecturas
1471 1169 1594 1196 fueram.
1617 1169 1742 1197 Proinde

918 1208 1113 1246 sciatis‘jussu
1130 1210 1327 1247 imperatoris,
1345 1213 1487 1248 quidquid
1498 1214 1563 1248 ejus
1578 1216 1633 1247 est,
1651 1213 1742 1242 fuisse

918 1255 1039 1288 factum,
1053 1257 1081 1282 et
1104 1263 1171 1283 eum
1190 1263 1320 1283 mearum
1339 1265 1480 1284 manuum
1503 1265 1588 1285 usum
1605 1258 1742 1286 ministe-

918 1299 971 1326 rio.
989 1299 1062 1335 Ergo
1078 1299 1103 1327 si
1119 1307 1166 1327 me
1180 1299 1270 1327 vultis
1294 1301 1436 1334 occidere,
1453 1310 1524 1329 sane
1538 1302 1742 1331 circumdatus

917 1343 948 1371 in
964 1346 1059 1371 vestra
1074 1352 1140 1371 sum
1153 1347 1296 1380 potestate
1311 1354 1320 1372 :
1336 1353 1428 1381 neque
1444 1349 1540 1374 tamen
1557 1346 1639 1375 nullo
1653 1355 1742 1384 nego-

917 1389 958 1416 tio
979 1397 1031 1416 nos
1048 1388 1216 1422 conﬁcietis,
1240 1397 1335 1425 neque
1359 1390 1450 1418 armis
1475 1391 1617 1427 depositis
1640 1395 1742 1420 vestris

919 1441 972 1461 nos
987 1433 1156 1461 tractandos
1181 1434 1401 1463 committamus
1417 1435 1543 1471 libidini,
1561 1437 1612 1464 sed
1637 1437 1673 1464 ad
1694 1445 1741 1465 ex-

918 1480 1046 1505 tremum
1063 1486 1155 1513 usque
1169 1478 1305 1514 spiritum
1321 1487 1372 1514 pro
1388 1482 1488 1508 nostra
1503 1481 1562 1508 vita
1577 1489 1742 1517 propugna-

919 1523 1028 1551 bimus.
1051 1523 1160 1556 Quodsi
1183 1523 1405 1557 interﬁciemur,
1432 1525 1510 1560 quod
1536 1525 1597 1552 ﬁeri
1624 1533 1743 1554 necesse

919 1569 972 1602 est,
988 1575 1054 1594 cum
1071 1570 1130 1595 tam
1157 1568 1240 1603 pauci
1255 1576 1271 1595 a
1287 1570 1349 1595 tam
1374 1568 1476 1597 multis
1497 1569 1685 1598 circumclusi
1701 1570 1742 1598 si-

918 1620 996 1646 mus,
1012 1614 1135 1639 mortem
1152 1619 1216 1640 eam
1234 1612 1347 1640 felicem
1368 1613 1587 1649 deputabimus,
1603 1623 1671 1643 eum
1687 1615 1740 1643 ha-

917 1655 1007 1684 bituri
1024 1655 1176 1691 sanguinis
1191 1657 1282 1684 nostri
1300 1657 1436 1691 ultorem,
1452 1658 1498 1685 cui
1522 1667 1590 1686 num
1608 1660 1657 1687 diu
1674 1668 1741 1696 pos-

918 1700 984 1728 sitis
999 1699 1134 1728 reluctari
1158 1701 1308 1729 vobiscum
1335 1704 1476 1738 reputate.
1495 1714 1508 1728 υ
1534 1703 1592 1732 Hoc
1606 1713 1741 1733 sermone

918 1745 1028 1777 audito.
1046 1745 1183 1773 colluvies
1204 1746 1260 1774 ista
1280 1746 1465 1782 imperatoris
1480 1750 1590 1776 terrore
1615 1749 1741 1785 perculsi

919 1789 1059 1825 paulatim
1075 1789 1122 1816 alii
1133 1789 1272 1818 aliorsum
1282 1791 1416 1826 dissipati
1432 1792 1593 1821 difﬂuxere.
1606 1794 1741 1823 Seniores

919 1842 953 1861 ac
969 1834 1046 1861 414
1058 1834 1212 1870 prudentia
1229 1835 1444 1870 antecedentes,
1462 1837 1534 1865 bene
1550 1838 1672 1866 ominati
1687 1839 1743 1867 im-

920 1879 1057 1915 peratori,
1071 1878 1267 1906 obedientiam
1293 1880 1499 1914 promiserunt.
1516 1881 1558 1909 Ita
1573 1883 1745 1912 Eustathius

920 1924 1037 1951 nemine
1052 1923 1231 1958 impediente
1247 1924 1364 1951 lbatzen
1380 1925 1416 1952 ad
1433 1925 1640 1961 imperatorem
1657 1928 1746 1956 addu-

920 1968 972 1996 xit.
989 1969 1148 2003 Imperator
1173 1968 1360 1996 Eustathium
1377 1969 1414 1996 ob
1431 1972 1488 1997 tam
1515 1971 1686 2006 praeclarum
1704 1973 1748 2000 fa-

921 2013 1006 2040 ciuus
1022 2012 1220 2040 collaudatum
1237 2013 1385 2048 Dyrrachii
1398 2015 1567 2050 praefectum
1584 2017 1748 2054 constituit,

923 2059 951 2085 et
966 2057 1064 2084 omnia
1080 2056 1200 2084 mobilia
1216 2057 1317 2085 Ibatw
1332 2057 1410 2086 bona
1433 2058 1457 2086 ei
1475 2059 1550 2088 dono
1567 2061 1656 2096 dedit,
1674 2062 1750 2092 Ibat-

925 2110 988 2129 zam
1005 2103 1034 2128 in
1050 2101 1213 2129 custodiam
1229 2102 1360 2130 tradidit.

41 2146 197 2183 λημμξνος.
214 2145 293 2180 Ηλήν
316 2145 366 2174 οὐκ
390 2145 511 2177 εὐκόλως
538 2144 601 2173 οὐδὶ
631 2145 729 2183 ῥᾳδίως
747 2145 798 2182 ἐγὼ
815 2146 1014 2181 ἀποθανοῦμαι,
1032 2144 1094 2172 οὐδὲ
1108 2145 1231 2176 καταθεῖς
1245 2145 1278 2173 τὰ
1292 2145 1365 2173 ὅπλα
1386 2146 1501 2183 ἐμαυτὸν
1515 2148 1668 2187 παραδώσω
1684 2151 1749 2189 ὑμῖν

42 2192 79 2222 ὡς
94 2190 227 2226 βούλεσθε
242 2191 375 2229 χρῆσθαι,
391 2189 454 2218 ἀλλ’
471 2191 638 2228 ἀγωνιοῦμαι
654 2190 716 2228 περὶ
730 2193 780 2225 τῆς
796 2190 897 2222 οἰκείας
915 2193 998 2226 ζωῆς,
1012 2190 1056 2217 καὶ
1074 2190 1157 2234 μεχρι
1174 2191 1287 2222 θανάτου
1303 2191 1457 2228 ἀμυνοῦμαι
1469 2194 1533 2225 τοὺς
1559 2195 1680 2227 ἐπιόντας
1694 2197 1750 2234 ἅμα

39 2238 101 2267 τοῖς
116 2235 163 2263 σὺν
178 2235 252 2272 ἐμοί.
269 2235 299 2264 El
313 2233 342 2263 δὲ
354 2236 399 2263 καὶ
415 2234 578 2272 θανούμεθα,
590 2235 655 2271 ὅπερ
672 2235 773 2272 ἀνάγκη
799 2237 892 2267 παθεῖν
915 2234 979 2266 τοὺς
1000 2235 1051 2262 ὑπὸ
1075 2233 1207 2262 πλειόνων
1237 2238 1514 2274 περιστοιγισθέντας,
1530 2238 1677 2277 εὐδαίμονα
1704 2242 1750 2269 καὶ

43 2279 181 2318 μακάριον
208 2280 255 2308 τὸν
283 2280 396 2307 θάνατον
422 2279 600 2318 λογιζόμεθα,
621 2277 730 2317 ἔχοντες
760 2280 805 2307 καὶ
834 2280 879 2307 τὸν
910 2278 1048 2316 μέλλοντα
1072 2280 1116 2307 καὶ
1145 2279 1177 2307 τὸ
1201 2279 1333 2318 ἡμέτερον
1363 2280 1509 2317 ἐκζητῆσαι
1537 2284 1581 2311 καὶ
1611 2284 1749 2321 ἐκδικῆσαι

41 2326 125 2361 αἷμα,
140 2325 208 2362 πρὸς
237 2325 266 2352 ὃν
294 2324 476 2363 βουλεύσασθε
500 2324 523 2352 εἰ
546 2323 658 2352 δυνατὸν
685 2325 751 2362 ὰχρι
775 2323 885 2352 πολλοῦ
900 2324 1081 2352 ἀνθίστασθαι.
1098 2324 1231 2351 »Τούτων
1245 2325 1406 2357 ἀκούσαντες
1419 2327 1444 2354 οἱ
1462 2330 1685 2366 συνηθροισμένοι
1698 2334 1752 2360 τῶν

44 2368 150 2406 λόγων,
164 2369 210 2397 καὶ
237 2371 279 2406 τῷ
311 2369 340 2397 ἐκ
370 2367 504 2407 βασιλέως
532 2367 585 2396 δέει
613 2369 840 2414 καταπλαγέντες,
853 2370 922 2396 κατά
952 2369 1047 2407 μικρὸν
1081 2368 1257 2414 ᾅπορῥὲοντες
1286 2368 1368 2414 ἄλλοι
1390 2370 1504 2409 ἀλλαχῆ
1518 2371 1753 2414 διεσκεδάσθησαν,

44 2414 73 2442 οἱ
104 2413 280 2452 γηραιότεροι
310 2412 338 2441 δὲ
365 2413 410 2441 καὶ
439 2413 639 2453 φρονιμώτεροι
667 2414 713 2441 τὸν
741 2413 854 2452 βασιλέα
869 2414 1073 2453 εὐφημήσαντες
1088 2413 1268 2451 ὑπετάγησαν.
1285 2415 1315 2443 Ὁ
1331 2413 1354 2442 δ’
1376 2415 1524 2449 Εὐστάθιος
1547 2419 1615 2446 κατὰ
1642 2412 1753 2456 πολλὴν

45 2457 140 2486 ἄδειαν
168 2458 214 2486 τὸν
242 2456 366 2503 ’ἰξάτζην
394 2457 517 2494 εἰληφὼς
544 2460 584 2503 τῷ
611 2458 720 2496 βασιλεῖ
747 2457 974 2503 διεκόμισενηξῸν
993 2458 1082 2503 οὗτος
1107 2457 1316 2503 ἀποδεξάμενος-
1333 2463 1384 2494 τῆς
1408 2459 1588 2499 ἀνδραγαθίας
1605 2466 1754 2503 στρατηγόν

43 2513 76 2530 τε
92 2502 170 2533 εὐθὺς
184 2500 359 2540 προύϐάλετο
374 2501 529 2541 Δυρῤαχίου
545 2502 589 2530 καὶ
603 2503 653 2537 τήν
669 2502 771 2530 ἅπασαν
786 2503 901 2538 κινητήν
918 2501 1028 2539 ὕπαρξιν
1045 2500 1201 2540 ἐδωρήσατο
1215 2504 1264 2530 τοῦ
1279 2500 1411 2538 Ἰϐάτζου·
1431 2507 1526 2534 τοῦτον
1546 2505 1575 2534 δὲ
1598 2500 1754 2546 παρέδωκεν

44 2546 169 2586 φυλακῇ.

80 2609 152 2639 Τότε
166 2609 212 2637 καὶ
227 2609 392 2654 Νικολιτζᾶς
407 2609 421 2638 ὁ
435 2609 572 2654 πολλάκις
589 2609 763 2654 ληφθείςνκαὶ
783 2620 843 2638 τοσα

993 2610 1072 2638 κίοσι
1088 2611 1219 2647 tempore
1243 2611 1398 2641 Nicolitzas
1421 2614 1521 2651 etiam,
1537 2617 1625 2646 toties
1650 2620 1756 2654 captus

43 2654 124 2686 τάκις
164 2654 284 2693 ἀφεθεὶς,
313 2653 340 2682 ἔν
368 2665 438 2682 τισιν
482 2653 570 2692 ὄρεσιν
609 2653 806 2691 κρυπτόμενος,

994 2663 1072 2691 isque
1095 2655 1248 2690 dimissus,
1266 2656 1295 2684 in
1321 2658 1472 2687 montibus
1497 2661 1673 2697 occultatus,
1687 2653 1757 2691 cum

45 2699 174 2739 ὖπὲμφθη
206 2697 318 2736 δύναμις
345 2699 403 2727 κατ’
424 2699 506 2727 αὐτοῦ
534 2699 578 2727 καὶ
608 2701 662 2727 τῶν
688 2699 715 2727 οἱ
740 2699 808 2726 συνό·

997 2708 1070 2728 ιτευε
1086 2707 1153 2728 eum
1175 2700 1341 2729 mitteretur
1356 2702 1470 2739 cohors,
1487 2707 1515 2732 et
1538 2705 1588 2740 qui
1605 2713 1671 2734 cum
1695 2707 1760 2743 ipso

47 2745 73 2773 oi.
91 2744 141 2782 μὶν
162 2744 381 2783 προσεχώρησαν
404 2742 535 2781 ἐθελοντὶ,
552 2744 578 2772 οἱ
602 2742 631 2772 δὲ
654 2743 810 2779 ἡλίσκοντο¹

997 2746 1014 2772 ιι
1026 2744 1133 2781 partim
1149 2744 1226 2773 ultro
1242 2745 1278 2773 ad
1294 2748 1441 2776 Romanos
1461 2749 1632 2783 transirent,
1650 2751 1760 2786 partim

46 2788 173 2828 τόμολος
196 2787 300 2818 κάτεισι
323 2788 420 2821 νυκτὸς
445 2788 483 2821 εἷς
501 2789 533 2818 τὸ
557 2787 751 2828 στρατόπεδον,
775 2799 808 2818 κα

997 2790 1116 2824 ιιιοηιυιι,
1128 2791 1214 2818 noctu
1228 2792 1333 2827 sponte
1341 2799 1394 2820 sua
1405 2792 1435 2820 in
1450 2795 1548 2823 castra
1559 2794 1760 2824 Romanorum
