1919 3048
182 110 241 140 20⁸1

861 112 1019 143 GEORGII
1041 111 1210 141 CEDltENl
1263 127 1266 130 ι

1828 110 1885 140 208

180 176 271 210 venit,
288 184 435 212 manuque
450 176 577 213 pulsatis
588 177 700 206 foribus
716 187 747 207 se
763 179 938 207 nominatim
955 179 1004 206 ad-

1099 176 1137 214 ιρὶ
1152 176 1269 215 κρούσας
1293 177 1342 211 τὴν
1364 176 1444 213 θύραν
1469 175 1669 215 προσήγγειλεν
1692 176 1785 204 ἑαυτὸν
1813 176 1885 209 ὅστις

182 229 247 250 esse
262 221 410 256 indicavit,
428 229 462 249 ac
477 230 584 258 corpus
610 231 697 251 suum
714 224 743 251 in
762 227 934 260 potestatem
952 224 1006 251 im-

183 267 326 303 peratoris
339 267 454 295 dedere.
467 268 522 296 Sed
534 276 601 296 sum
614 269 774 305 imperator
785 278 838 297 suo
849 270 1006 305 conspectu

184 320 242 340 non
258 312 397 348 dignatus
412 312 653 342 Thessalonicam
670 315 897 342 custodiendum
916 314 1004 341 misit.

183 355 248 392 Ipse
264 357 351 385 rebus
366 357 528 393 Dyrrachii,
549 358 688 386 Coloneiaa
705 367 738 387 ac
755 358 939 396 Dryinopolis
954 366 1008 385 suo

183 401 327 429 arbitratu
343 401 505 430 rectissime
521 403 699 437 constitutis,
715 407 743 431 et
759 403 919 440 provinciis
936 411 1008 439 prae-

183 445 257 473 sidio
272 446 456 481 ducibusque
481 447 612 481 munitis,
631 448 834 484 permissoque
853 451 886 476 ut
901 447 1007 483 captivi

183 489 319 524 Romani,
334 490 385 525 qui
400 490 517 526 vellent,
539 491 580 519 ibi
604 495 768 527 manerent,
786 492 892 529 reliqui
908 492 1007 528 ipsum

182 536 385 571 sequerentur,
401 535 562 563 Castorinm
580 537 669 564 venit.
686 537 737 565 Hic
753 538 788 565 ad
804 537 901 573 ipsum
919 537 1009 564 addu-

182 581 235 607 ctae
259 581 329 607 sunt
352 580 415 607 duas
440 580 569 608 Samueli
595 581 670 609 filia}.
697 584 764 615 Quae
786 591 853 610 cum
876 582 1009 609 viderent

182 624 305 652 Mariam
321 625 442 653 Joannis
452 626 601 661 quondam
613 635 730 654 uxorem
747 626 917 662 imperatori
931 629 1007 654 usta-

182 676 223 703 re,
233 669 378 705 impetum
392 669 423 697 in
434 678 498 698 eam
508 671 789 707 fecerunttanquam
801 671 1006 699 interiectum.

182 713 239 741 Sed
255 713 414 750 imperator
427 722 528 742 earum
554 715 691 744 ferociam
718 716 840 750 sedavit,
858 715 1007 752 pollicitus

183 758 385 794 amplissimas
394 767 424 787 se
432 759 507 795 ipsis
516 760 780 797 opeslargiturum.
791 761 912 788 Mariam
924 763 1008 788 zostas

185 810 307 830 munere
334 806 468 832 ornatam
497 812 563 832 cum
593 804 663 833 ﬁliis
691 805 754 833 suis
781 805 884 841 Cpolin
914 805 1006 833 misit.

185 848 259 876 475
277 847 387 883 Xiphias
403 856 488 884 porro
511 857 599 885 opera
619 857 682 886 qua:
699 852 783 878 erant
803 850 832 877 in
857 849 964 878 Serviis
979 851 1008 877 et

182 893 270 920 Sosco
286 892 405 920 castella
427 893 525 921 omnia
549 893 610 921 solo
635 896 742 929 mquut,
759 896 786 922 et
809 894 838 921 in
855 893 1009 922 castellum

182 939 288 974 Stagna
302 936 392 965 venit.
409 938 452 965 lbi
468 946 499 966 se
525 938 582 974 ipsi
597 938 682 967 oli'ert
704 939 861 975 Elemagus
877 939 1010 975 Belegrao

182 982 285 1009 dorum
303 982 448 1017 princeps,
463 983 561 1011 servili
588 983 701 1018 habitu,
718 992 784 1011 cum
801 983 920 1020 collegis
936 984 1008 1012 suis.

183 1028 345 1063 Imperator
368 1028 436 1055 inde
464 1028 595 1057 Athenas
620 1030 820 1065 proﬁciscens,
847 1029 877 1057 in
906 1030 1010 1057 itinere

181 1072 335 1100 Zetunium
347 1072 504 1106 transiens,
514 1081 581 1101 ossa
591 1074 784 1110 Bulgarorum
794 1074 1010 1110 contemplatus

181 1116 345 1144 occisorum
374 1125 432 1152 quo
460 1119 594 1153 tempore
631 1118 803 1146 Samuelum
828 1118 1010 1154 Nicephorus

181 1161 279 1197 praelia
290 1161 376 1196 fudit,
390 1161 555 1190 admiratus
564 1165 619 1196 est,
630 1171 662 1190 ac
674 1163 767 1190 multo
784 1162 878 1199 magis
890 1171 1008 1190 murum

182 1206 214 1233 in
228 1205 432 1242 Thermopylis
448 1209 630 1234 exstructum
657 1207 719 1244 (qui
734 1207 896 1235 etiamnum
911 1207 1010 1235 Scelos

180 1250 313 1287 vocatur)
329 1252 404 1286 apud
432 1251 583 1286 Rupenam
600 1252 635 1279 ad
652 1252 841 1279 deterrendos
856 1251 1009 1287 Bulgaros.

182 1294 218 1323 Ut
233 1295 360 1323 Athenas
375 1295 465 1330 venit,
477 1295 605 1332 Deipuraa
620 1304 671 1332 pro
684 1296 804 1324 victoria
817 1296 928 1332 gratias
939 1296 1009 1332 egit,

179 1339 383 1376 templumque
401 1340 531 1368 donariis
547 1340 712 1376 splendidis
735 1349 767 1368 ac
783 1340 946 1377 magniﬁcis
962 1349 1009 1368 ex-

181 1385 304 1412 ornavit.
325 1384 397 1412 Hinc
412 1385 514 1421 Cpolin
531 1385 627 1421 rediit,
644 1385 839 1422 invectusque
853 1388 898 1413 est
909 1386 1012 1414 trium-

180 1429 277 1465 phans
291 1437 341 1465 per
356 1437 481 1465 magnas
497 1429 573 1458 fores
589 1431 692 1458 Aurem
708 1433 808 1466 portae,
825 1432 946 1458 ornatus
962 1438 1010 1458 co-

182 1482 254 1502 rona
273 1482 361 1501 aurea
385 1482 511 1510 superne
538 1474 670 1510 cristata,
688 1475 888 1511 praeeuntibus
908 1475 1009 1510 Maria,

180 1517 309 1546 Samueli
326 1518 443 1546 ﬁliabus
465 1520 494 1546 et
517 1517 639 1554 reliquis
664 1519 808 1555 Bulgaria.
832 1522 938 1547 Actum
955 1520 1010 1547 hoc

1062 220 1104 256 εἴη
1133 222 1178 249 καὶ
1207 221 1248 249 ὅτι
1264 219 1447 259 παραδίδωσιν
1468 221 1598 252 ἑκουσίως
1613 222 1644 248 τὸ
1661 224 1742 257 σῶμα
1756 223 1795 257 τῷ
1812 222 1885 259 βασι-

1062 266 1115 295 λεῖ.
1133 265 1221 295 Ἀλλὰ
1235 268 1330 294 τοῦτον
1349 267 1396 303 μὲν
1412 267 1425 294 ὁ
1444 265 1572 304 βασιλεὺς
1584 265 1647 294 οὐδὲ
1662 265 1729 293 ἰδεῖν
1745 266 1887 304 ἠνέσχετο,

1062 310 1125 339 ἀλλ’
1141 311 1177 342 εἰς
1194 311 1545 348 Θεσσαλονίκην,ἐξέπεμψε
1559 314 1735 350 φρουρεῖσθαι
1748 310 1885 343 κελεύσας.

1062 356 1147 387 Λύτὸς
1161 356 1189 384 δὲ
1209 357 1242 384 τὰ
1255 359 1304 384 τοῦ
1329 356 1483 394 Δυρραχίου
1511 356 1557 383 καὶ
1582 359 1632 391 τῆς
1657 355 1817 387 Κολωνείας
1842 356 1885 384 καί

1063 401 1297 437 Δρυϊνουπόλεως,
1314 401 1351 433 ὥς
1376 412 1414 436 πη
1438 399 1525 429 ἐδόκει
1550 401 1624 437 αὖτῷ
1651 401 1791 439 βέλτιστα,
1807 411 1885 428 κατα-

1061 446 1240 482 στησάμενος,
1269 446 1312 473 καὶ
1341 445 1462 484 φύλακας
1489 447 1547 476 τοῖς
1576 445 1672 482 θέμασι
1709 445 1756 473 καὶ
1792 455 1885 482 στρατδ

1061 489 1144 527 ηγοὺς
1175 490 1331 526 ἐπιστήσας,
1361 490 1406 517 καὶ
1441 492 1494 517 τῶν
1525 489 1716 527 αἷχμαλώτων
1744 490 1884 526 Ῥωμαίων

1061 534 1125 566 τοὺς
1146 534 1331 572 βουλομένους
1352 535 1421 562 κατὰ
1440 535 1533 572 γώραν
1559 535 1644 571 μένειν
1669 533 1758 569 ἐάσας,
1774 534 1836 565 τοὺς
1859 534 1886 562 δὲ

1063 579 1176 610 λοιποὺς
1203 578 1314 612 ἕπεσθαι
1343 580 1507 616 προστάξας,
1534 579 1618 614 ἦλθεν
1655 579 1695 610 εἷς
1722 578 1884 617 Καστορίαν.

1063 625 1147 652 ’Ἐνθα
1174 625 1373 662 προσήχθησαν
1404 624 1479 660 αὐτῷ
1505 624 1647 662 θυγατέρες
1677 622 1726 651 ’δύο
1757 626 1806 652 τοῦ
1835 627 1885 651 Σα-

1064 668 1166 705 μουὴλ,
1203 668 1302 700 α’ίτινες
1342 669 1501 705 θεασάμεναι
1537 668 1644 707 Μαρίαν
1676 669 1728 703 τὴν
1764 667 1885 697 Ἰωάννου

1061 716 1174 752 γυναῖκα
1189 714 1392 752 παρισταμένην
1407 715 1447 749 τῷ
1473 711 1590 751 βασιλεῖ,
1607 712 1741 750 ὥρμησαν
1767 714 1824 741 κατ’
1843 713 1886 740 αὐ-

1061 761 1112 793 τῆς
1128 759 1165 789 ὡς
1190 757 1436 795 διαχειρισάμεναι.
1453 757 1542 785 Ἀλλὰ
1561 758 1671 790 ταύταις
1697 757 1745 795 μὶν
1772 757 1786 785 ὀ
1813 758 1885 795 βασι-

1063 802 1125 834 λεὺς
1149 803 1194 830 τὸν
1225 803 1309 839 θυμὸν
1339 803 1538 840 κατεκοίμισεν,
1553 802 1746 840 ὑποσχόμενος
1774 804 1886 839 τιμῆσαι

1062 847 1107 874 καὶ
1134 847 1346 885 ὑπερπλουτίσαι
1377 847 1470 882 αὐτὰς,
1497 848 1548 881 τήν
1577 846 1606 874 δὲ
1633 846 1741 884 Μαρίαν
1772 849 1812 883 τῷ
1837 851 1886 882 τῆς

1066 895 1170 927 ζωστῆς
1205 892 1339 928 ἀξιώματι
1363 892 1482 928 τιμήσας
1519 891 1556 922 εἰς
1585 893 1634 926 τήν
1665 890 1794 929 βασιλίδα
1823 892 1886 928 μετὰ

1064 939 1119 964 τῶν
1149 937 1215 963 υἱῶν
1241 935 1383 972 ἐκπέμπει.
1400 936 1530 974 Καθαιρεῖ
1557 935 1586 963 δὲ
1612 936 1658 963 καὶ
1677 937 1712 964 τὰ
1724 935 1750 964 ἰν
1765 934 1886 974 Σερϐίοις

1064 982 1109 1009 καὶ
1133 984 1171 1017 τῷ
1196 983 1292 1017 Συσκῷ
1312 980 1428 1020 φρούρια
1447 981 1534 1008 πάντα
1562 979 1606 1008 διὰ
1632 983 1681 1008 τοῦ
1709 981 1820 1020 Ξιφίου,
1844 981 1885 1009 καὶ

1066 1026 1102 1057 εἷς
1117 1024 1214 1065 ἔδαφος
1230 1026 1418 1063 καταστρέφει.
1431 1025 1484 1053 Καὶ
1501 1025 1538 1056 εἰς
1552 1025 1583 1053 τὸ
1611 1025 1743 1064 φρούριον
1772 1028 1887 1063 Σταγοῦς

1065 1070 1186 1108 ἔρχεται,
1202 1068 1263 1102 ἔνθα
1291 1067 1438 1098 κατέλαϐεν
1461 1071 1475 1097 ὁ
1500 1072 1553 1098 τῶν
1585 1069 1766 1108 Βελογράδων
1797 1071 1885 1109 ἅρχων

1066 1116 1134 1151 μετὰ
1155 1114 1284 1142 δουλικοῦ
1306 1117 1354 1142 τοῦ
1377 1115 1521 1152 σχήματος
1548 1114 1714 1152 Ἑλεμάγος,
1743 1115 1810 1152 μετά
1835 1117 1885 1142 τῶν

1065 1160 1256 1197 συναρχόντων
1276 1159 1357 1187 αὐτοῦ
1370 1169 1376 1174 ·
1393 1159 1495 1191 ἐκεῖθεν
1525 1158 1589 1197 ἄρας
1619 1158 1725 1187 ἄπεισιν
1756 1159 1793 1191 εἷς
1808 1159 1886 1195 Ἀθή-

1063 1215 1121 1235 νας.
1139 1206 1181 1233 ’Ev
1213 1203 1242 1232 δὲ
1268 1206 1308 1240 τῷ
1337 1203 1432 1231 διιέναι
1458 1205 1489 1231 τὸ
1518 1203 1666 1239 Ζητούνιον
1688 1204 1723 1231 τὰ
1748 1203 1813 1232 ὀστᾶ
1835 1206 1885 1231 τῶν

1064 1250 1200 1277 πεσόντων
1240 1249 1326 1276 ἐκεῖσε
1358 1248 1535 1287 Βουλγάρων,
1563 1249 1606 1284 [Ρ.
1639 1250 1705 1286 717]
1737 1248 1885 1284 ὁπηνίκαὸ

1066 1294 1214 1332 μάγιστρος
1230 1293 1386 1332 Νικηφόρος
1403 1293 1417 1320 ὁ
1433 1293 1549 1329 Οὐρανὸς
1577 1293 1621 1321 τὸν
1654 1293 1789 1330 Σαμουὴλ
1816 1293 1883 1330 ἐτρέ-

1064 1340 1144 1376 ψατο,
1175 1339 1337 1374 θεασάμενος
1374 1337 1534 1375 ἐθαύμασεν.
1564 1339 1750 1376 Ὑπερηγάσθη
1780 1338 1808 1365 δὲ
1842 1338 1882 1365 καὶ

1063 1384 1094 1411 τὸ
1117 1383 1143 1411 έν
1167 1382 1359 1421 Θερμοπύλαις
1384 1383 1528 1420 γενόμενον
1543 1386 1650 1421 τεῖχος,
1666 1384 1680 1411 ὃ
1698 1382 1800 1414 Σκέλος
1826 1381 1882 1421 ἄρτι

1064 1429 1290 1464 κατονομάζεται,
1307 1427 1345 1459 εἷς
1374 1427 1533 1465 ἀποτροπὴν
1559 1430 1613 1456 τῶν
1639 1427 1806 1466 Βουλγάρων
1834 1437 1881 1455 πα-

1066 1473 1099 1512 ρὰ
1110 1475 1158 1500 τοῦ
1172 1473 1314 1507 Ῥουπένη.
1340 1472 1392 1500 Καὶ
1423 1472 1448 1499 ἐν
1465 1473 1592 1508 Ἀθήναις
1607 1473 1756 1510 γενόμενος
1785 1473 1829 1500 καὶ
1853 1473 1883 1499 τὰ

1063 1521 1113 1553 τῆς
1126 1518 1204 1553 νίκης
1219 1517 1416 1555 εὐχαριστήρια
1443 1519 1477 1554 τῇ
1499 1517 1626 1554 Θεοτόκῳ
1654 1516 1729 1552 δοὺς,
1756 1518 1800 1545 καὶ
1824 1517 1882 1545 ἀνα-

181 1562 341 1590 indictione
364 1563 502 1597 secunda,
519 1571 595 1591 anno
611 1564 648 1591 ab
671 1564 783 1599 origine
806 1564 909 1592 mundi
923 1565 1004 1592 6527.

1102 1573 1165 1599 μασι
1189 1560 1307 1592 πολλοῖς
1336 1561 1476 1599 λαμπροῖς
1489 1561 1535 1590 καὶ
1548 1561 1714 1590 πολυτελέσι
1746 1563 1882 1599 κοσμήσας

180 1607 276 1643 Atque
291 1607 346 1635 hoc
363 1607 449 1635 modo
466 1608 713 1643 prosequentibus
725 1616 791 1636 eum
807 1608 933 1636 victoriae
945 1617 1008 1644 gra-

180 1651 346 1680 tulantibus
356 1651 764 1689 acclamationibusMagnum
777 1655 832 1681 tem
838 1653 919 1689 plum
930 1653 1007 1688 iniit;

182 1704 309 1732 cumque
323 1696 364 1724 ibi
385 1697 516 1724 carmine
533 1699 650 1725 cantato
676 1699 733 1724 Deo
757 1698 865 1733 gratias
882 1706 933 1734 pro
949 1700 1008 1726 tam

185 1740 261 1769 felici
278 1749 416 1769 successu
428 1741 547 1777 egisset,
559 1741 589 1769 in
603 1741 743 1777 palatium
755 1742 838 1770 abiit.
853 1743 1009 1770 Reversum

185 1785 323 1814 victorem
338 1785 458 1821 Sergius
476 1786 643 1822 patriarcha
658 1786 767 1822 prolixe
783 1787 875 1814 oravit
885 1789 917 1814 ut
932 1787 1010 1822 quod

184 1837 216 1858 se
231 1831 377 1858 facturum
394 1829 469 1858 bello
486 1830 639 1866 Bulgarico
660 1831 783 1859 feliciter
798 1831 928 1859 confecto
944 1840 1011 1867 pro-

185 1875 316 1910 miserat,
332 1874 532 1911 Allelcngyum
545 1875 673 1903 aboleret
690 1884 695 1903 :
714 1876 764 1904 sed
783 1875 854 1903 nihil
872 1876 1011 1904 obtinuit.

184 1922 280 1955 Atque
294 1919 319 1947 is
333 1919 462 1955 Sergius,
478 1928 546 1947 cum
564 1928 614 1956 per
629 1929 721 1948 annos
735 1922 770 1947 20
785 1920 945 1948 Ecclesium
962 1921 1012 1949 Dei

186 1965 356 1993 moderatus
370 1967 457 1997 esset,
476 1964 637 1992 indictione
653 1965 730 1992 476
756 1965 896 1999 secunda,
914 1974 1014 1993 mense

185 2009 274 2044 Julio,
297 2016 374 2036 anno
399 2008 502 2036 mundi
517 2009 588 2036 6527
603 2010 639 2036 ad
665 2009 820 2037 Dominum
849 2010 1013 2045 emigravit.

185 2053 331 2082 Suffectus
346 2055 390 2080 est
405 2053 431 2080 ei
447 2053 627 2088 Eustathius,
644 2053 779 2089 palatinas
805 2053 877 2081 aedis
893 2054 1014 2091 presby-

185 2101 316 2126 terorum
333 2097 481 2134 princeps.

1062 1607 1107 1635 τὸν
1136 1608 1210 1643 ναὸν,
1239 1607 1402 1644 ὑπέστρεψεν
1431 1606 1468 1638 εἶς
1506 1606 1806 1635 Κωνσταντινούπολιν.
1836 1606 1882 1634 Καὶ

1065 1651 1108 1679 διὰ
1121 1654 1175 1679 τῶν
1192 1651 1319 1689 μεγάλων
1336 1650 1431 1679 πυλῶν
1447 1653 1497 1684 τῆς
1510 1652 1617 1690 Χρυσῆς
1637 1652 1742 1690 πόρτης
1767 1651 1882 1690 στεφάνῳ

1064 1698 1160 1735 χρυσῷ
1186 1698 1243 1733 (65)
1275 1695 1358 1734 λόφον
1387 1695 1533 1734 ἐφύπερθεν
1564 1694 1656 1734 ἔχοντι
1696 1693 1881 1734 ἐθριάμϐευσεν

1065 1740 1292 1779 ἐστεφανωμένος,
1309 1741 1522 1778 προηγουμένης
1538 1741 1643 1779 Μαρίας
1673 1745 1723 1777 τῆς
1749 1743 1797 1769 τοῦ
1819 1740 1882 1767 Βλαο

1066 1782 1214 1817 δισθλάϐου
1230 1785 1356 1823 γυναικὸς
1370 1785 1414 1812 καὶ
1433 1787 1486 1813 τῶν
1502 1787 1550 1812 τοῦ
1570 1785 1705 1822 Σαμουὴλ
1734 1785 1880 1823 θυγατέρων

1065 1830 1109 1858 καὶ
1137 1832 1191 1857 τῶν
1217 1828 1321 1857 λοιπῶν
1345 1829 1524 1868 Βουλγάρων.
1540 1829 1689 1858 Ἰνόικτιὼν
1706 1831 1738 1865 ἦν
1770 1830 1802 1868 β’,
1825 1828 1880 1859 ἔτος

1066 1875 1159 1913 γςφκζᾍ
1181 1875 1230 1903 Καὶ
1263 1874 1334 1902 οὕτω
1363 1875 1430 1911 μετὰ
1456 1874 1593 1912 τροπαίων
1618 1875 1664 1903 καὶ
1692 1875 1769 1910 νίκης
1798 1874 1823 1901 ἐν
1850 1875 1880 1910 τῇ

1067 1919 1176 1957 Μεγάλῃ
1193 1918 1340 1954 Ἐκκλησία
1360 1918 1498 1954 εἰσελθὼν,
1511 1919 1557 1947 καὶ
1571 1922 1611 1956 τῷ
1640 1922 1699 1956 Θεῷ
1726 1919 1884 1957 εὐχαριστη-

1068 1964 1143 2002 ρίους
1159 1962 1224 2000 ᾅσας
1240 1962 1323 2000 ᾠδὰς,
1340 1964 1460 1999 ἀπῆΛθεν
1477 1963 1515 1996 εἷς
1529 1964 1562 1992 τὰ
1579 1963 1715 2002 βασίλεια.
1730 1967 1776 1993 Ὃν
1800 1964 1814 1991 ὁ
1838 1971 1884 1989 πα-

1067 2010 1203 2047 τριάρχης
1218 2008 1332 2046 Σέργιος
1351 2008 1418 2045 μετὰ
1432 2008 1509 2044 νίκης
1530 2008 1688 2041 εἰσελθόντα
1711 2008 1803 2037 πολλὰ
1829 2017 1884 2036 κατ-

1069 2053 1194 2091 ελιπάρει
1209 2051 1300 2081 σϐέσαι
1315 2053 1346 2080 τὸ
1362 2052 1551 2091 ἀλληλέγγυον
1566 2054 1609 2090 (ἦν
1627 2054 1678 2092 γὰρ
1705 2052 1884 2091 ὑποσχόμενος

1070 2102 1183 2133 ποιῆσαι
1210 2097 1301 2133 τοῦτο,
1331 2097 1354 2125 εί
1377 2100 1430 2125 τῶν
1470 2097 1634 2137 Βυυλγάρων
1666 2097 1882 2137 ὑπερισχύσειεν)⁷

185 2141 249 2169 ἀλλ’
265 2140 315 2168 οὐκ
329 2138 445 2168 ἔπεισεν.
461 2144 506 2171 Ὃς
519 2139 562 2168 ἐπὶ
579 2140 680 2168 εἴκοσιν
696 2140 777 2172 ὅλους
793 2141 930 2174 ἐνιαυτοὺς
946 2143 996 2177 τήν
1009 2146 1057 2172 τοῦ
1082 2145 1148 2171 Θεοῦ
1172 2143 1308 2179 ποιμάνας
1323 2141 1486 2178 Ἐκκλησίαν
1501 2142 1610 2180 Ἰουλίῳ
1631 2144 1708 2180 μηνὶ,
1724 2142 1884 2171 ἰνόικτιῶνος

188 2187 222 2224 β’,
237 2185 264 2213 ἐν
279 2183 331 2213 ἔτει
346 2187 385 2221 τῷ
400 2186 494 2223 ’ςφκζς
510 2185 577 2223 πρὸς
590 2185 687 2224 Κύριον
703 2185 864 2224 ἐξεδήμησε.
879 2187 928 2214 Καὶ
944 2187 1107 2226 προεϐλήθη
1123 2188 1297 2225 πατριάρχης
1314 2187 1474 2225 Εὐστάθιος,
1491 2188 1600 2226 πρῶτος
1615 2187 1651 2216 ὢν
1666 2191 1722 2216 τῶυ
1746 2184 1883 2225 πρεσϐυτέ-

187 2242 241 2270 ρων
253 2232 301 2258 τοῦ
316 2230 342 2258 ἐν
353 2233 413 2261 τοῖς
431 2229 582 2267 βασιλείοις
595 2233 659 2257 ναοῦ
671 2232 736 2267 (66).

219 2277 347 2304 Subacta
369 2275 514 2311 Bulgaria,
539 2276 709 2312 imperatori
733 2285 764 2304 se
789 2277 902 2305 dedidit
924 2278 1008 2306 etiam

1102 2279 1149 2314 Τῷ
1178 2275 1207 2304 δὲ
1246 2275 1354 2314 βασιλεῖ
1390 2277 1607 2316 προσεῤῥύησαν,
1635 2282 1687 2314 τῆς
1720 2275 1882 2320 Βουλγαρίας

185 2321 367 2350 contermina
387 2320 601 2348 Chorbatorum
627 2328 698 2356 gens
722 2323 750 2349 et
765 2322 828 2356 ejus
853 2322 1013 2358 principes,

186 2367 290 2394 fratres
319 2366 396 2399 duo;
420 2364 528 2400 quibus
552 2365 711 2400 imperator
735 2365 861 2394 honores
885 2376 918 2394 ac
943 2376 1012 2403 opes

184 2410 298 2446 amplas
314 2409 428 2437 tribuit.
445 2410 529 2436 Solus
545 2409 642 2437 adhuc
656 2410 813 2446 imperium
830 2411 1012 2440 detrectabat

184 2456 287 2484 Sermo
304 2454 403 2481 Sirmii
428 2453 566 2481 dominus
582 2454 721 2491 Nestongi
748 2456 847 2483 frater.
870 2457 912 2483 Ad
934 2456 1011 2485 hunc

185 2499 396 2527 Constantinus
413 2498 555 2534 Diogenes
581 2499 712 2527 ﬁnitimas
737 2500 891 2536 provinciae
908 2502 1009 2536 praefe-

185 2547 249 2571 ctus
265 2543 392 2578 legatum
419 2543 520 2577 mittit,
537 2543 707 2579 interposito
719 2545 914 2580 jurejurando
930 2546 1008 2573 afﬁr<

185 2596 270 2616 mans
286 2595 392 2623 cupere
407 2595 438 2615 se
454 2587 551 2623 ipsum
576 2589 730 2617 convenire
746 2597 778 2617 ac
794 2589 830 2618 de
845 2590 932 2618 rebus
955 2598 1007 2618 ne-

1069 2321 1254 2357 δουλωθείσης
1274 2321 1358 2358 αὐτῷ,
1375 2322 1420 2349 καὶ
1443 2322 1477 2350 τὰ
1501 2322 1591 2360 ὅμορα
1614 2320 1676 2359 ἔθνη
1702 2325 1754 2350 τῶν
1778 2317 1881 2358 X0950!-

1065 2369 1131 2402 τῶν,
1148 2367 1283 2404 ἄρχοντας
1307 2365 1417 2404 ἔχοντες
1446 2365 1493 2394 δύο
1520 2366 1667 2407 ἀδελφοὺς,
1683 2368 1720 2395 ὦν
1741 2362 1881 2403 προσρυέν-

1065 2421 1118 2438 των
1151 2411 1196 2438 καὶ
1237 2411 1377 2447 ἀξιώματα
1410 2409 1549 2439 λαϐόντων
1584 2412 1629 2440 καὶ
1658 2414 1766 2448 κτήσεις
1793 2408 1881 2438 ἱκανὰς

1066 2456 1176 2491 ὑπήκοα
1190 2455 1283 2494 γέγονε
1307 2455 1352 2483 καὶ
1366 2456 1400 2482 τὰ
1415 2455 1489 2491 ἔθνη.
1506 2457 1594 2488 Μόνος
1621 2456 1650 2484 δέ
1665 2458 1678 2485 ὁ
1694 2459 1742 2485 τοῦ
1768 2453 1879 2492 Σιρμίου

1064 2503 1169 2536 κρατῶν
1199 2499 1316 2539 ἀδελφὸς
1342 2503 1390 2527 τοῦ
1420 2501 1577 2539 Νεστόγγου
1618 2502 1730 2539 Σέρμων
1770 2502 1878 2532 πιθῆσαι

1064 2545 1114 2572 οὐκ
1127 2543 1218 2579 ἤθελε·
1245 2545 1313 2582 πρὸς
1343 2545 1371 2571 ὃν
1400 2548 1602 2578 Κωνσταντῖνος
1627 2547 1641 2574 ὁ
1663 2546 1798 2584 Διογένης,
1826 2543 1876 2568 τῶν

1063 2588 1149 2616 ἐκεῖσε
1166 2591 1255 2627 μερῶν
1277 2587 1382 2627 ἄρχων,
1399 2588 1491 2629 φιλίαν
1517 2591 1731 2629 ὑποκρινόμενος
1753 2584 1876 2626 πρεσϐευ-

775 2661 964 2690 XYLANDBI
984 2662 1027 2690 ET
1047 2661 1156 2690 GOARI
1176 2662 1292 2691 NOT/E.

218 2717 403 2757 (65)_Co_ro_na
423 2717 694 2757 hacﬁpomtouxia
715 2721 758 2757 est
781 2719 893 2754 Codini,
906 2719 1008 2755 judice

185 2753 300 2782 Cu’resio
316 2753 444 2788 Chiensi,
460 2753 707 2791 triumphantium
732 2753 943 2792 imperatorum
959 2764 1009 2785 or-

184 2792 369 2819 namentum.
385 2792 475 2820 Gosn.

1098 2720 1154 2760 (66)
1168 2721 1271 2760 Quem_
1284 2721 1420 2760 superius
1444 2724 1547 2760 auctor
1569 2725 1750 2760 πρωτοπαπᾶν
1765 2721 1811 2749 τοῦ
1825 2727 1871 2746 πα-

1063 2754 1159 2784 λατίου
1173 2757 1305 2792 vocavit;
1321 2754 1357 2786 de
1372 2765 1429 2794 quo
1441 2758 1504 2794 jam
1520 2754 1646 2789 nbmide.
1667 2761 1754 2789 Gem.
