1933 3048
51 98 123 129 209

643 101 917 132 HISTORIARUM
941 101 1216 132 COMPENDIUM.

1725 100 1786 132 210

50 165 112 199 τὴν
141 163 291 201 έκπεμπει,
321 162 414 200 δηλῶν
445 165 505 202 μεθ’
533 162 623 203 ὅρκων
651 164 794 203 ἐπιθυμίαν
825 165 892 204 ἔχειι

983 167 1093 195 issariis
1108 166 1246 203 colloqui.
1272 166 1382 199 Quodsi
1405 165 1468 202 ipse
1489 165 1615 194 insidias
1636 169 1784 196 vereretur

52 209 203 244 ένωθῆναι
231 209 306 246 αὐτῷ
336 210 382 237 καὶ
415 210 477 246 περὶ
511 209 663 248 ἀναγκαίων
694 213 895 249 κοινολογήσα-

53 255 138 282 σθαι.
156 254 188 282 El
219 253 247 281 δὶ
275 265 317 285 τις
346 254 426 282 αὑτὸν
455 255 601 292 ὑποτρέχει
629 253 726 294 φόϐος,
755 259 828 291 τρεῖς
847 257 896 284 ὑπ-

52 299 168 337 ηρέτας
197 298 338 338 ιῖληφέναι
369 299 480 336 μόνους,
510 299 554 327 καὶ
583 301 652 328 κατὰ
678 302 709 328 τὸ
739 301 821 338 μέσον
850 303 898 328 τοῦ

52 343 271 382 παραῤῥέοντος
296 346 423 380 ποταμοῦ
456 345 590 381 συμμῖξαι
620 345 694 381 αὖτῷ
720 346 787 382 μετὰ
816 348 897 383 τριῶν

54 389 214 426 ὑπηρετῶν
240 388 345 425 ὁμοίως
372 388 509 428 ἀφίξεσθαι
538 388 682 425 μέλλοντι,
707 391 831 422 Πεισθεὶς
852 391 897 418 οὗν

54 433 172 464 ἰκεῖνος
199 431 309 470 ἔρχεται
333 433 401 469 πρὸς
425 433 472 460 τὸν
497 434 622 470 ποταμὸν
647 434 691 461 καὶ
717 436 757 470 τῷ
780 433 898 472 Διογένει

53 478 185 506 ἑνοῦται.
215 478 257 506 Ἐν
282 477 304 514 ᾦ
329 476 358 505 δὲ
385 477 504 514 ἔμελλον
528 477 711 516 διαλέγεσθαι,
734 479 748 506 ὁ
770 479 897 515 Διογένης

53 521 216 559 ἐγκόλπιον
246 522 334 560 φέρων
376 522 512 560 μάχαιραν
550 523 595 550 καὶ
623 523 723 558 ταύτην
757 522 899 560 αἰφνιδίως

54 566 183 598 έλκύτας
212 567 287 594 παίει
311 568 407 594 τοῦτον
436 567 503 594 κατὰ
531 570 582 602 τῆς
609 567 728 606 πλευρὰς
752 568 797 595 καὶ
821 567 898 600 εὐθὺς

55 612 183 649 ἀναιρεῖ,
199 612 261 640 Τῶν
279 610 308 638 δὲ
334 611 392 648 μετ’
416 611 499 639 αὐτοῦ
527 614 600 651 φυγῇ
623 613 816 650 χρησαμένων,
835 612 899 645 τοὺς

54 656 272 692 πλησιάζοντας
315 656 329 683 ὁ
371 656 502 693 Διογένης
548 657 725 695 συιαθροίσας
767 659 898 695 στρατοὺς

58 701 134 738 μετὰ
165 701 262 738 χειρὸς
291 701 386 734 ἱκανῆς
415 700 525 739 ἔρχεται
555 701 624 738 πρὸς
650 701 682 729 τὸ
703 702 837 738 Σίμμιον,
853 701 898 729 καὶ

53 747 110 780 τήν
140 748 262 783 γυναῖκα
295 747 343 773 τοῦ
385 748 533 778 τεθνεῶτος
577 745 820 784 καταπληξάμενος
852 747 898 774 καὶ

952 213 1085 245 subesse,
1100 212 1198 240 tribus
1214 214 1329 240 tantum
1346 211 1465 239 famulis
1480 210 1623 246 stipatum
1638 219 1671 239 se
1685 212 1722 240 ad
1741 212 1783 240 ri-

953 265 1020 293 pam
1037 257 1212 293 proﬂuentia
1229 256 1267 284 ibi
1293 256 1390 284 amnis
1406 263 1607 284 accessurum.
1623 256 1702 284 Idem
1721 257 1784 293 ipse

953 309 1070 337 quoque
1098 302 1217 329 faceret.
1249 301 1439 336 Obtcmperot
1467 300 1581 334 Sermo,
1611 302 1699 336 atque
1729 301 1784 329 hoc

954 346 1041 374 modo
1056 354 1124 374 cum
1142 347 1268 381 Diogene
1284 345 1482 381 congreditur.
1502 344 1544 372 Ibi
1561 353 1628 372 cum
1641 345 1705 381 jam
1722 346 1783 374 col-

953 391 1079 418 ]ocuturi
1093 392 1203 423 essent,
1221 390 1360 425 Diogenes
1374 389 1544 425 pugionem,
1561 397 1650 425 quem
1668 390 1697 417 in
1713 390 1783 418 sinu

954 435 1088 463 abditum
1105 435 1248 471 gestabat,
1266 435 1363 462 subito
1379 434 1408 461 in
1425 434 1504 462 latus
1515 434 1664 462 Sermonis
1680 435 1782 471 adigit,

954 488 1081 515 eumque
1097 479 1236 507 interficit
1247 488 1253 506 :
1266 478 1369 506 famuli
1380 479 1449 515 fuga
1460 478 1628 507 elabuntur.
1641 479 1782 516 Diogenes

953 525 1056 553 vicinis
1073 524 1249 552 exercitibus
1265 523 1424 552 contractis
1440 523 1537 551 valida
1553 532 1619 551 cum
1636 532 1727 552 manu
1743 525 1780 553 ad

953 569 1091 596 Sirmium
1108 569 1316 605 proﬁciscitur,
1333 568 1486 603 viduaeque
1505 569 1650 596 exterrita;
1666 570 1781 605 magnis

954 613 1076 649 insuper
1091 613 1354 649 pollicitationibus
1366 613 1523 648 persuadet
1534 615 1567 640 ut
1581 621 1611 641 se
1626 613 1781 641 Sirmium-

954 666 1010 694 qus
1026 658 1196 694 imperatori
1222 658 1360 686 traderet.
1387 658 1427 685 Ea
1441 657 1612 693 Byzantium
1635 657 1726 685 missa
1740 658 1781 685 ibi

953 702 1093 738 primario
1109 702 1225 730 cuidam
1242 702 1349 730 civium
1367 701 1556 730 matrimonio
1571 701 1706 738 copulata
1716 704 1778 730 est:

957 747 1097 783 Diogenes
1113 755 1214 775 recens
1229 749 1319 782 captu:
1335 746 1439 774 ditioni
1455 746 1618 782 prastectus.

59 790 232 828 ὑποσχέσεσι
263 789 395 828 μεγάλαις
425 789 615 827 καταμαλάξας
645 790 734 818 ἔπεισε
776 794 974 829 προσχωρῆσαι
1021 791 1066 818 καὶ
1092 790 1123 818 τὸ
1152 790 1267 827 Σίρμιον
1295 787 1461 827 παραδοῦναι
1490 792 1530 825 τῷ
1560 788 1686 828 βασιλεῖ·
1715 789 1777 824 ἥτις

56 835 107 863 καὶ
131 834 172 866 ιῗς
201 835 232 862 ’τὸ
258 835 403 869 Βυζάντιον
433 834 603 873 ἀνεπέμφθη,
632 836 677 863 καὶ
701 834 778 874 ἀνδρὶ
812 835 976 874 συνεζεῦχθη
1004 835 1042 863 ἐνὶ
1067 837 1121 863 τῶν
1151 835 1177 863 ἐν
1203 837 1238 872 τῇ
1267 834 1347 862 πόλει
1377 835 1558 872 μεγιστάνων,
1588 834 1634 862 καὶ
1664 835 1679 862 ὸ
1710 838 1777 862 Διο-

55 879 144 918 γένης
161 878 256 917 ἄρχειν
272 878 374 918 ἐτάχθη
394 883 444 915 τῆς
459 881 606 914 νεοκτήτου
621 880 726 917 χώρας.

97 925 144 961 [Ρ.
161 925 225 961 718]
242 924 410 952 ’Δνεκαίνισε
430 923 459 952 δὲ
482 924 496 952 ὁ
523 923 650 962 βασιλεὺς
667 925 712 952 καὶ
727 925 773 952 τὸν
785 924 890 962 ἀγωγὸν

983 927 1054 954 417
1072 925 1282 962 Aquteductum
1299 932 1416 961 quoque
1432 924 1628 953 Valentiniani
1644 924 1770 960 impera-

59 967 292 997 Οὐαλεντινιανοῦ
314 969 362 996 τοῦ
393 968 537 1006 βασιλέως,
554 969 590 999 ὡς
612 968 643 996 ἃν
668 967 758 1006 ἔχοιεν
774 969 799 996 οἱ
815 969 890 997 ἀστοὶ

59 1013 197 1052 ἀφθονίαν
223 1011 330 1044 ὕδατος.
361 1013 496 1051 Γεωργίου
525 1012 554 1040 δὲ
577 1015 625 1041 τοῦ
648 1014 782 1051 ἄρχοντος
811 1012 890 1042 Ἀϐα-

58 1058 140 1095 σγίας
157 1059 215 1095 (67)
229 1058 276 1089 τὰς
301 1058 370 1095 πρὸς
392 1057 546 1094 Ῥωμαίους
562 1058 741 1093 ἀθετήσαντος
757 1060 890 1094 συνθήκας

56 1102 105 1130 καὶ
140 1103 175 1130 τὰ
203 1102 295 1140 ὅμορα
321 1102 550 1140 κατατρέχοντος,
576 1100 655 1138 ἔξεισι
685 1104 742 1130 κατ’
771 1103 854 1131 αὑτοῦ
877 1104 890 1131 ὁ

59 1146 192 1185 βασιλεὺς
215 1147 374 1185 πανστρατὶ,
408 1146 521 1175 κατόπιν
546 1147 635 1175 λιπὼν
655 1148 813 1186 Νικηφόρον
837 1159 890 1175 πα-

57 1191 167 1228 τρίκιον
190 1192 247 1229 (68)
276 1192 321 1219 τὸν
350 1191 449 1230 Ξιφίαν
485 1191 530 1219 καὶ
559 1192 717 1230 Νικηφόρον
747 1193 890 1230 πατρίκιον

57 1235 106 1263 τὸν
135 1236 193 1263 υἱὸν
219 1234 307 1273 Βάρδα
331 1238 380 1263 τοῦ
409 1239 501 1264 Φωκᾶ.
519 1237 552 1265 Οἱ
578 1235 606 1264 δὲ
631 1236 675 1264 διὰ
695 1238 726 1265 τὸ
743 1241 793 1272 τῆς
809 1248 891 1274 στρα-

58 1280 133 1311 τείας
174 1279 370 1320 ἀπολελεῖφθαι
413 1279 654 1316 δεινοπαθήσαντες
698 1282 730 1309 οὐ
773 1285 890 1320 μικρῶς,

61 1324 129 1353 λαὸν
147 1325 186 1356 ὡς
201 1323 295 1363 ἔτυχεν
319 1325 478 1363 ἠθροικότις
501 1325 553 1353 ἀπό
578 1336 607 1353 τε
630 1324 825 1357 Καππαδοκίας
845 1326 890 1354 καὶ

60 1368 211 1399 Ῥοδάντου
229 1371 275 1397 καὶ
296 1372 350 1397 τῶν
374 1370 450 1408 πέριξ
472 1370 598 1408 χωρίων,
622 1370 783 1398 ἀποστασίαν
800 1373 890 1399 κινοῦ-

64 1425 118 1443 σιν.
135 1415 224 1452 Οὗπερ
253 1414 429 1452 ἀγγελθέντος
452 1417 491 1451 τῷ
522 1414 629 1452 βασιλεῖ
650 1417 759 1453 ταραχή
781 1419 892 1454 κατεῖχε

61 1461 113 1494 τὴν
130 1457 311 1497 παρεμϐολήν
339 1459 384 1487 καὶ
407 1459 518 1497 ἀγωνία,
549 1458 700 1488 δεδοικυῖαν
728 1461 764 1498 μή
786 1471 845 1492 πως
866 1461 891 1489 ἐν

66 1505 142 1541 μέσῳ
159 1502 299 1542 ’Δϐασγῶν
324 1515 353 1532 τε
376 1504 420 1532 καὶ
446 1506 499 1532 τῶν
523 1504 681 1532 ἀποστατῶν
704 1505 891 1542 συνειλημμέ-

62 1559 106 1576 νοι
123 1547 271 1585 (διεδέδοτο
296 1549 347 1587 γὰρ
372 1548 417 1576 καὶ
441 1548 525 1586 λόγος
553 1549 591 1580 ὡς
624 1549 649 1576 οἰ
670 1550 731 1588 περὶ
746 1550 790 1578 τὸν
806 1550 891 1589 Ξιφία

63 1592 308 1631 διεκηρυκῑύσαντο
349 1593 412 1630 περὶ
452 1593 549 1620 τούτου
589 1594 656 1631 πρὸς
694 1594 740 1621 τὸν
770 1592 891 1632 ἄρχοντα

61 1635 220 1676 ’Δϐασγίας)
247 1637 394 1672 ἀνήκεστόν
423 1648 449 1664 τι
487 1638 618 1665 πάθωσιν.
647 1639 677 1667 'O
707 1637 736 1666 δὲ
763 1638 889 1677 βασιλεὺς

60 1683 210 1720 γράμματα
234 1682 338 1720 γράψας
362 1682 429 1720 πρός
452 1692 482 1710 τε
504 1682 549 1710 τὸν
575 1681 675 1722 Ξιφίαν
698 1683 742 1710 καὶ
763 1683 807 1711 τὸν
825 1687 889 1711 Φω-

61 1730 110 1754 κᾶν
138 1726 279 1764 ἐξέπεμψε,
309 1726 492 1764 παραγγείλας
533 1729 574 1763 τῷ
601 1725 712 1755 λαϐόντι
741 1727 890 1756 σπουδάσαι

63 1772 149 1799 πάντα
173 1772 275 1808 τρόπον
298 1771 391 1799 λαθεῖν
416 1772 461 1799 καὶ
492 1771 594 1808 ἑκάστῳ
623 1772 817 1811 ἀσυγγνώοτως
847 1772 889 1801 δε-

65 1814 178 1844 δωκέναι
192 1816 223 1843 τὸ
252 1815 376 1854 γράμμα.
401 1817 455 1844 Τοῦ
478 1815 506 1844 δὲ
528 1817 565 1847 ὡς
590 1815 734 1852 ἐκελεύσθη
757 1819 891 1853 ποιήσαν-

63 1871 110 1892 τος
136 1860 180 1888 καὶ
208 1861 254 1891 τὰς
282 1859 427 1892 ἐπιστολὰς
457 1860 660 1899 ἐγχειρίσαντος
688 1861 857 1899 λεληθότως,
875 1864 888 1891 ὁ

67 1906 114 1942 μὶν
136 1907 233 1936 Φωκᾶς
261 1905 338 1938 εὐθὺς
367 1905 504 1943 έπανέγνω
534 1906 585 1943 γὴν
606 1905 701 1934 ἑαυτοῦ
729 1909 769 1943 τῷ
793 1908 887 1945 Ξιφίᾳ,

66 1950 165 1981 έκεῖνος
181 1948 210 1977 δὲ
223 1950 274 1984 τήν
303 1949 398 1977 ἑαυτοῦ
423 1949 581 1988 ἀποκρύψας
610 1951 656 1978 καὶ
681 1951 794 1990 γράμμα
815 1951 888 1987 δέξα-

65 1997 123 2023 σθαι
139 1994 210 2026 ὅλως
227 1994 450 2033 ἀπαρνησάμενος
476 1995 501 2022 ἐν
529 1998 579 2032 μιᾷ
601 1998 656 2022 τῶν
680 1997 791 2034 ἡμερῶν
810 1996 889 2024 καλεῖ

65 2042 157 2067 τοῦτον
174 2040 218 2067 ἐπὶ
246 2038 433 2078 κοινολογίαν,
460 2039 506 2067 καὶ
535 2039 658 2075 ἐλθόντα,
688 2041 790 2079 λόχους
814 2040 887 2079 ἔχων

65 2084 356 2122 προευτρεπισμένους,
381 2084 567 2112 ἀποκτίννυσι.
608 2086 657 2114 Καὶ
693 2087 710 2121 ἡ
743 2086 887 2114 ἐπισόστα-

66 2139 105 2160 σις
127 2131 179 2156 τῶν
204 2129 362 2156 ἀποστατῶν
390 2128 467 2161 εὐθὺς
490 2127 676 2164 διεσκεδάσθη.
692 2131 747 2158 Τοῦ
764 2130 792 2158 δὲ
807 2132 887 2158 θανά‹

65 2184 111 2201 του
123 2175 171 2201 τοῦ
187 2176 271 2201 Φωκᾶ
296 2173 461 2210 γνωσθέντος
481 2176 521 2210 τῷ
543 2174 650 2212 βασιλεῖ
673 2174 808 2211 πέμπεται
823 2179 887 2204 Θεο-

67 2217 200 2256 φυλακτος
216 2218 230 2245 ὁ
250 2220 388 2254 Δαμιανοῦ
412 2220 460 2245 τοῦ
487 2217 662 2254 Δαλασσηνοῦ
689 2219 758 2253 υἱὸς,
776 2220 820 2247 καὶ
840 2220 886 2248 τὸν

67 2262 163 2300 Ξιφίαν
179 2260 324 2290 συλλαϐὼν
340 2262 471 2297 ἐκπέμπει
488 2261 597 2300 δέσμιον
614 2264 681 2301 πρὸς
694 2264 744 2299 τήν
760 2263 887 2302 βασιλίδα

67 2307 132 2345 πρὸς
147 2307 273 2343 Ἰωάννην
288 2307 334 2335 τὸν
357 2307 571 2345 προτονοτάριον
598 2309 664 2344 (69),
681 2308 710 2339 ’ὀς
724 2307 750 2335 ἐν
765 2311 799 2345 τῇ
811 2310 887 2346 νήσῷ

66 2354 113 2379 τοῦ
127 2351 283 2390 Ἀντιγόνου
308 2353 363 2389 (70)
390 2352 511 2390 μοναχὸν
535 2351 614 2380 αὐτὸν
642 2352 789 2390 ἀποκείρει.
806 2354 834 2380 '0
858 2352 886 2381 δὲ

70 2395 192 2434 βασιλεὺς
211 2399 259 2424 τοῦ
287 2398 342 2424 τῶν
370 2396 527 2424 ἀποστατῶν
555 2396 703 2429 ἀπολυθεὶς
729 2396 806 2429 δέους
818 2409 886 2434 συμ-

67 2440 161 2469 οάλλει
188 2444 247 2472 τοῖς
275 2439 436 2479 Ἀϐασγοῖς,
461 2442 504 2468 καὶ
545 2440 647 2469 πολλοὶ
675 2453 804 2469 πίπτουσι
831 2446 885 2470 τῶν

71 2485 215 2522 Ρωμαίων.
243 2487 337 2523 Ὅμως
363 2484 523 2522 διελύθησαν
555 2486 637 2526 ἄμφω
665 2487 698 2514 τὰ
719 2487 886 2526 στρατεύμα-

905 2299 924 2331 Ι)

945 971 1017 999 toris
1037 971 1137 998 refecit
1160 970 1297 1004 Basilius,
1314 970 1484 1005 civibusque
1508 978 1589 1005 aqua:
1614 969 1770 997 abundan-

945 1015 1016 1043 tiam
1034 1015 1159 1051 paravit.
1186 1017 1276 1043 Porro
1299 1023 1366 1042 cum
1391 1014 1533 1050 Georgius
1557 1013 1691 1050 Abasgiaa
1712 1014 1770 1041 dux

945 1060 1051 1088 violato
1067 1060 1144 1095 quod
1167 1060 1193 1088 ei
1218 1068 1284 1088 cum
1302 1059 1442 1088 Romanis
1467 1061 1531 1086 erat
1555 1058 1661 1087 fmdere
1676 1058 1773 1086 vicina

945 1104 1168 1132 incursionibus
1179 1107 1305 1139 vexaret,
1315 1104 1475 1132 exercitum
1485 1105 1586 1131 contra
1597 1111 1664 1131 eum
1675 1103 1774 1131 educit

947 1149 1085 1184 Basilius,
1115 1150 1194 1177 domi
1224 1149 1333 1177 relictis
1361 1148 1523 1184 Nicephoro
1548 1147 1681 1184 patricio,
1712 1147 1773 1175 ﬁlio

947 1195 1045 1222 Barda:
1060 1194 1172 1222 Phocea.
1189 1194 1260 1222 Atii
1284 1193 1491 1229 indignissime
1518 1192 1644 1220 ferentes
1666 1200 1724 1220 non
1741 1201 1772 1220 se

946 1247 1062 1274 quoque
1080 1247 1137 1266 una
1153 1239 1187 1266 ad
1213 1239 1241 1266 id
1258 1238 1366 1265 bellum
1390 1238 1492 1273 jussoe
1516 1237 1568 1272 ire,
1592 1239 1740 1264 contracto
1757 1245 1772 1264 e

945 1282 1127 1318 Cappadocia
1143 1283 1272 1310 ltodanto
1288 1285 1317 1310 et
1340 1281 1405 1309 aliis
1420 1281 1524 1309 vicinis
1540 1280 1708 1316 regionibus
1724 1283 1771 1308 ut-

946 1335 1062 1364 cunque
1087 1327 1213 1355 exercitu
1245 1326 1432 1354 rebellionem
1456 1325 1612 1353 concitant.
1636 1325 1706 1361 Ejus
1731 1325 1773 1353 rei

946 1372 1068 1400 nuntius
1078 1372 1246 1407 imperatori
1256 1371 1363 1399 allatus
1375 1369 1513 1399 exercitui
1524 1378 1662 1406 magnam
1675 1370 1773 1398 incus-

946 1417 985 1445 sit
1009 1416 1248 1444 sollicitudinem.
1276 1416 1444 1444 Metuebant
1465 1415 1543 1443 snim
1567 1423 1603 1443 ne
1625 1415 1655 1442 in
1676 1414 1772 1443 medio

946 1462 1022 1490 inter
1036 1461 1168 1497 Abasgos
1183 1465 1212 1489 et
1222 1460 1387 1497 perduelles
1397 1460 1516 1496 (quippe
1527 1459 1677 1487 ferebatur
1691 1467 1725 1487 ea
1736 1460 1773 1487 de

946 1514 976 1534 re
992 1506 1113 1542 Xiphias
1129 1514 1197 1534 cum
1213 1506 1345 1542 principe
1359 1505 1538 1540 Abasgorum
1555 1512 1606 1541 per
1621 1504 1773 1532 internun-

946 1550 1002 1578 tios
1017 1550 1123 1587 egisse)
1140 1550 1247 1578 inclusi
1261 1553 1391 1578 extrema
1401 1549 1460 1585 pati
1476 1552 1660 1586 cogerentur.
1677 1550 1773 1585 Impe-

947 1597 1028 1623 rator
1042 1603 1109 1630 ergo
1134 1595 1249 1623 litteras
1273 1597 1300 1623 et
1323 1595 1358 1623 ad
1383 1594 1523 1630 Xiphiam
1539 1596 1569 1622 et
1593 1594 1628 1621 ad
1644 1593 1786 1622 Phocam'

946 1640 1048 1673 mittit,
1066 1640 1091 1668 ei
1107 1639 1158 1675 qui
1172 1640 1337 1676 perferebat
1347 1640 1491 1667 mandans
1503 1641 1634 1675 utquam
1646 1638 1773 1667 maxime

945 1684 1040 1718 alteri,
1058 1683 1148 1712 altero
1164 1685 1326 1720 ignorante,
1343 1692 1393 1712 eas
1408 1684 1528 1711 reddere
1543 1685 1670 1711 curaret.
1686 1683 1770 1715 Quod

945 1737 1011 1756 cum
1039 1729 1063 1756 is
1093 1729 1246 1764 effecisset,
1277 1729 1388 1756 Pbocas
1417 1728 1517 1756 statim
1543 1727 1653 1763 Xipbisa
1678 1728 1714 1756 ad
1741 1735 1772 1756 se

945 1774 1071 1809 scriptas
1095 1773 1238 1807 recitavit,
1261 1773 1382 1809 Xiphias
1407 1776 1505 1800 autem
1532 1772 1651 1800 omnino
1677 1773 1714 1800 ad
1739 1781 1772 1800 se

944 1818 1102 1853 quicquam
1113 1818 1257 1854 scriptum
1269 1825 1380 1853 negans
1391 1817 1515 1845 Pbocam
1532 1817 1578 1844 die
1594 1817 1721 1852 quadarn
1734 1817 1770 1844 ad

944 1863 1122 1898 colloquium
1140 1865 1233 1895 vocat,
1246 1862 1470 1897 venientemque
1487 1861 1655 1897 praeparatis
1667 1861 1703 1889 ad
1715 1861 1771 1889 hoc

944 1907 1061 1935 insidiis
1077 1909 1170 1935 necat.
1184 1907 1242 1935 Hoc
1258 1907 1344 1934 modo
1361 1906 1460 1934 statim
1471 1906 1615 1942 dissipata
1625 1914 1659 1933 ea
1671 1906 1769 1941 conju-

943 1952 1028 1980 ratio.
1046 1952 1080 1979 Et
1096 1952 1256 1987 imperator
1272 1952 1307 1979 de
1326 1953 1419 1979 morte
1435 1951 1538 1979 Pbocae
1554 1951 1650 1978 factus
1664 1951 1773 1978 certior

943 1997 1193 2034 Theophylactum
1218 1996 1353 2024 Damiani
1375 1995 1527 2024 Dalasseni
1553 1995 1648 2022 filium
1669 1995 1771 2029 mittit,

943 2042 993 2077 qui
1009 2045 1129 2078 captum
1147 2041 1286 2077 Xiphiam
1310 2040 1411 2077 Cpolin
1430 2040 1459 2068 in
1484 2039 1611 2068 vinculis
1626 2040 1702 2068 478
1718 2039 1773 2075 By-

944 2086 1073 2114 zantium
1102 2086 1137 2114 ad
1162 2086 1306 2114 Joannem
1333 2085 1450 2121 ablegat
1479 2084 1723 2121 protonotarium.
1745 2084 1774 2113 Is

943 2139 1008 2159 eum
1026 2139 1125 2158 rasum
1150 2130 1179 2158 in
1203 2130 1341 2166 Antigoni
1369 2129 1468 2156 insula
1485 2128 1664 2156 monachum
1692 2128 1771 2156 facit.

943 2177 1106 2212 Imperator
1122 2175 1243 2211 proinde
1269 2177 1348 2202 metu
1366 2173 1520 2202 rebellium
1546 2173 1685 2201 liber-alus
1704 2181 1771 2201 cum

941 2220 1065 2256 Abasgis
1096 2228 1225 2256 pugnam
1250 2218 1409 2247 committit
1432 2227 1438 2252 ;
1468 2221 1496 2246 et
1519 2217 1655 2254 quamvis
1685 2217 1770 2245 multi

943 2264 1067 2293 Romani
1077 2265 1350 2299 occubuere,tamen
1360 2262 1597 2291 incertavictoria
1605 2263 1770 2291 discessum

941 2312 995 2337 est.
1011 2309 1142 2337 Alterum
1155 2309 1259 2336 deinde
1270 2308 1403 2344 praelium
1414 2308 1521 2335 initum
1531 2307 1577 2335 die
1589 2307 1770 2343 Septembris

942 2353 1108 2387 undecima,
1125 2354 1284 2381 indictione
1297 2355 1388 2386 sexta,
1401 2361 1477 2380 anno
1493 2352 1529 2380 ab
1545 2352 1656 2388 origine
1667 2351 1770 2379 mundi

941 2399 1021 2427 6-531.
1041 2399 1072 2426 In
1089 2406 1121 2427 eo
1143 2399 1221 2426 cadit
1238 2398 1393 2434 Liparitcs,
1410 2397 1527 2433 Georgii
1543 2396 1693 2433 copiarum
1711 2397 1771 2424 dux

942 2443 1149 2480 primurius,et
1164 2451 1229 2470 cum
1240 2451 1272 2471 eo
1284 2442 1466 2470 validissima
1478 2441 1616 2478 Abasgici
1627 2441 1771 2469 exercitus

942 2497 1021 2525 pars.
1039 2488 1181 2524 Georgius
1206 2487 1234 2516 in
1261 2490 1375 2515 montes
1402 2486 1501 2515 Iberias
1525 2486 1678 2515 interiores
1703 2488 1773 2521 fuga.

658 2545 850 2573 XYLANDRI
870 2545 913 2573 ET
932 2545 1044 2574 (ΞΟΑηὶ
1063 2546 1178 2574 NOTA‘}.

101 2592 328 2630 (67)4Provincia3
350 2592 490 2630 Scythica:
514 2593 658 2627 Asiaticis,
683 2594 785 2623 vicinze
801 2594 892 2623 Iberi-

74 2629 135 2656 bus.
148 2628 238 2657 Gom.

983 2595 1039 2630 (69)
1055 2596 1144 2627 Quem
1155 2594 1264 2622 Notitia
1274 2593 1389 2630 imperii
1398 2594 1590 2629 primicerium
1600 2595 1774 2623 notariorum

947 2633 1049 2664 vocat;
1075 2631 1111 2667 de
1131 2631 1216 2665 cujus
1241 2631 1346 2667 cilicio.
1366 2630 1534 2666 insignibus
1559 2633 1587 2658 et
1610 2631 1772 2667 privilegiis

103 2665 155 2700 (68)
172 2666 257 2693 Deest
272 2664 396 2700 aliquid,
409 2672 515 2700 nempe
529 2664 645 2700 Xiphiae
661 2666 781 2701 mentio,
798 2666 848 2701 qui
861 2675 893 2694 se
948 2666 1131 2694 Pancirollus
1145 2667 1173 2693 in
1189 2667 1299 2693 Comm.
1317 2666 1407 2694 Goan.

73 2701 177 2743 socium
197 2700 519 2743 perduellion‘isl’bocm
529 2701 631 2743 dedit;
645 2702 723 2743 quod
740 2700 893 2743 sequentia.

74 2737 181 2765 docent.
197 2734 337 2773 Alioquin
355 2735 383 2763 οἶ
398 2734 426 2763 δέ
441 2739 469 2764 et
484 2739 589 2764 cetera
604 2734 730 2773 pluralia
746 2734 889 2774 ad‘unum

77 2772 195 2802 Pbocam
211 2773 312 2802 referri
329 2780 387 2801 non
403 2775 536 2809 possunt.
553 2773 624 2802 XVL.

947 2737 969 2766 G
984 2702 1042 2737 (70)
1063 2702 1150 2730 Juxta
1173 2702 1282 2738 Cpolim
1307 2701 1384 2730 inter
1408 2702 1513 2729 l’rotcn
1537 2703 1566 2729 et
1589 2701 1689 2730 Platen
1704 2703 1772 2732 sita.

972 2746 1037 2766 om.

972 2746 1037 2767 OAR.
