1933 3048
178 116 236 147 2H

858 115 1017 147 GEORGII
1038 114 1209 147 CEDRENI

1832 117 1898 149 212

179 182 300 219 elapsus
315 182 401 219 paulo
417 184 484 219 post
503 182 604 211 missis
627 182 732 219 legatis
747 191 814 211 cum
829 183 999 220 imperatore

1090 193 1103 217 1,
1118 182 1163 210 καὶ
1178 183 1196 218 ἠ
1222 182 1282 217 νίκη
1310 179 1468 222 ἀμφίϐολος
1499 181 1545 217 ἦν.
1567 181 1644 210 Πισᾶ
1658 180 1687 210 δὲ
1699 184 1785 211 ταῦτα
1797 181 1898 211 διυτὲ-

180 236 281 263 pacem
299 227 457 264 componit,
469 228 575 255 cedens
591 228 615 256 ei
633 236 697 261 sua,
714 230 858 264 quantum
875 229 938 263 ejus
951 228 1005 256 hoc

180 273 342 308 imperator
354 272 478 306 volebat,
504 273 624 307 ditione,
651 272 804 308 ﬁliumque
828 280 916 300 suum
933 274 1007 300 Pan-

181 317 305 345 cratium
318 318 391 345 dans
403 317 547 345 obsidem.
556 317 646 348 Quem
659 317 819 352 imperator
830 317 1007 353 magistrum

181 362 301 394 creavit,
318 370 351 389 ac
364 363 484 389 domum
502 362 597 389 rediit.
616 362 668 394 Qui
685 369 715 389 se
731 361 842 396 Xiphiae
859 370 891 389 ac
909 362 1008 389 Phocea

182 406 336 434 seditionis
354 406 448 434 socios
458 407 652 442 praebuerant,
663 414 712 433 eos
728 406 812 433 bonis
823 407 886 434 suis
900 407 1008 434 multa-

182 453 227 479 tos
241 450 270 478 in
281 459 426 478 carcerem
439 451 567 478 abdidit:
582 450 678 478 solum
695 450 850 485 patricium
867 451 1008 478 Phcrsam

183 495 339 529 interfecit,
356 495 406 531 qui
423 498 452 523 et
469 495 579 530 primus
602 495 734 522 omnium
761 503 791 523 se
808 495 1009 531 perduellibus

183 540 368 574 adjunxerat,
385 541 413 567 et
437 542 562 574 quatuor
586 542 736 567 curatores
752 539 915 567 vicinorum
932 540 1009 576 prin-

184 584 283 620 cipum
309 587 472 617 necaverat.
495 591 608 619 suaque
632 592 720 611 manu
747 584 870 620 spadoni
892 585 1008 612 cuidam

183 628 372 664 imperatorio
384 630 471 664 caput
482 631 693 664 amputaverat.
705 629 756 656 Est
771 630 798 656 et
812 628 1010 656 cubicularius

184 673 306 708 quidam
333 673 518 709 imperatoris
543 673 677 701 leonibus
699 673 844 709 objeetus,
860 674 1011 701 convictus

185 717 262 753 quod
279 718 485 753 imperatorem
497 717 526 745 in
538 717 649 754 Xiphils
665 718 790 754 gratiam
802 720 924 746 conatus
935 720 1013 746 esset

185 770 297 790 veneno
313 762 425 790 tollere.

185 805 312 844 γειτόνων
343 806 518 844 κουράτωρας
560 805 763 842 ἀποκτείναντα,
804 806 850 834 καὶ

1061 237 1108 265 ρας
1124 226 1288 264 συμπλοκίς
1310 228 1471 265 γενομένης,
1499 227 1534 264 τῇ
1563 227 1597 254 ια’
1626 229 1674 254 τοῦ
1699 225 1898 265 Σεπτεμϐρίου

1064 272 1163 308 μηνὸς,
1181 271 1351 304 ἷνδικτιῶνος
1380 274 1411 306 ς’,
1429 272 1498 299 κατά
1525 272 1568 307 τὸ,
1592 271 1678 311 ’ςφλῶ
1702 270 1773 308 ἔτος,
1797 272 1897 300 πίπτιι

1065 316 1112 353 μὶν
1129 317 1143 343 ὁ
1174 316 1324 354 νιπαρίτης
1352 317 1444 353 (οὗτος
1468 316 1519 354 γὰρ
1548 316 1580 353 ᾖν
1608 316 1834 355 ἀρχιστράτηγος
1855 319 1897 353 τῷ

1063 361 1205 398 Γεωργίῳ)
1233 361 1278 388 καὶ
1321 361 1366 388 σὺν
1411 360 1484 396 αὐτῷ
1522 364 1574 388 πᾶν
1613 361 1645 388 τὸ
1665 363 1841 399 κρατιστεῦσν
1869 361 1896 388 ἕν

1063 403 1220 442 Ἀϐασγοῖς,
1249 406 1341 443 φεύγει
1362 404 1391 433 δὶ
1422 405 1467 432 καὶ
1493 405 1507 432 ὁ
1531 405 1666 443 Γεώργιος
1691 405 1730 436 εἷς
1753 406 1789 433 τὰ
1812 405 1896 433 ἐνδό-

1062 460 1126 486 τιρα
1142 450 1192 486 ὅρη
1216 451 1265 485 τῆς
1293 447 1424 487 Ἰϐηρίας.
1448 450 1512 477 Μετ’
1535 449 1629 487 ὀλίγον
1658 449 1687 477 δὶ
1715 447 1898 488 διαπρεσϐευ-

1064 494 1190 531 σάμενος,
1205 494 1250 521 καὶ
1265 497 1305 530 τῷ
1329 494 1436 532 βασιλιί
1459 493 1553 526 ἐκστὰς
1576 495 1671 532 χώρας
1691 495 1796 530 ὁπόσης
1812 492 1897 522 ἐϐού-

1065 539 1139 573 λετο,
1170 538 1320 573 σπᾶνδεται,
1346 539 1450 576 ὅμηρον
1476 537 1538 570 δοὺς
1566 539 1611 566 τὸν
1637 539 1694 566 υἱὸν
1720 539 1802 567 αὐτοῦ
1819 543 1897 577 Παγ-

1064 584 1173 620 κράτιον
1188 593 1196 599 ’
1213 583 1243 611 δν
1261 585 1410 621 μάγιστρον
1425 584 1542 618 ποιήσας
1557 584 1571 611 δ
1589 582 1716 621 βασιλεὺς
1732 584 1896 622 ὑπέστρεψε.

1064 628 1132 660 Τοὺς
1150 629 1196 665 μὶν
1213 628 1258 656 οῦν
1275 627 1379 660 ἄλλους
1403 630 1458 656 τῶν
1483 630 1522 664 τῷ
1543 628 1628 667 Ξιφίᾳ
1638 628 1831 666 συναραμένων
1849 628 1896 656 καὶ

1065 675 1105 709 τῷ
1120 675 1203 708 Φωκᾷ
1217 675 1271 701 τῶν
1289 672 1468 710 ὑπαρχόντων
1492 673 1640 710 γυμνώσας
1655 673 1790 711 καθεῖρξε,
1807 673 1895 710 μόνον

1067 716 1096 744 δί
1109 718 1156 745 τὸν
1170 717 1312 754 πατρίκιον
1338 717 1445 754 Φέρσην
1471 716 1622 754 ἀπέκτεινε,
1647 717 1701 755 πρὸ
1729 718 1838 745 πάντων
1866 728 1899 746 τε

1066 763 1235 799 προσρυέντα
1258 764 1318 792 τοῖς
1344 761 1520 796 ἅποστάταις,
1544 762 1590 789 καὶ
1604 761 1734 800 τέσσαρας
1749 762 1897 801 ἀρχόντων

893 805 1021 843 ικτομίαν
1060 807 1121 835 τινὰ
1165 805 1307 845 βασιλικὸν
1347 805 1517 844 αὖτοχείρως
1546 807 1621 843 [719]
1645 808 1897 844 καρατομήσαντα·

186 848 267 886 ἐδόθη
289 849 318 878 δὲ
332 851 377 878 καὶ
401 851 493 878 λέουσι
522 849 676 888 βασιλικοῖς
701 861 743 882 τις
773 849 974 887 θαλαμηπόλος
1003 853 1115 889 Βρῶμα,
1144 850 1286 889 ιλιγχθεὶς
1320 850 1475 888 φαρμάκοις
1504 848 1690 879 ὶπιϐουλιῦων
1714 853 1754 888 τῷ
1783 850 1897 889 βασιλιί

187 892 232 922 διὰ
249 894 296 922 τὸν
311 895 421 933 Ξιφίαν.

222 955 337 984 Mortua
364 955 448 982 Anna
482 954 668 991 imperatoris
702 963 801 983 sorore
839 955 868 982 in
898 954 999 983 Rossia

1102 954 1152 982 Καὶ
1167 955 1266 990 Ἀννης
1289 952 1319 982 δὲ
1341 957 1392 989 τῆς
1413 955 1462 981 τοῦ
1490 952 1624 992 βασιλὲως
1651 953 1772 993 ἀδελφῆς
1783 953 1810 982 ἰν
1825 954 1897 982 Ῥω-

186 1000 324 1027 defuncto
335 1000 398 1035 jam
423 1001 489 1027 ante
511 999 678 1028 Bladimero
702 999 818 1035 marito,
836 999 1012 1036 Chrysoehir

184 1044 305 1080 quidam
321 1043 479 1072 Bladimeri
495 1047 637 1079 ccgnatus
649 1044 701 1071 800
715 1045 792 1072 viros
808 1044 940 1077 adscivit,
957 1044 1010 1072 iis-

181 1097 239 1125 que
254 1089 284 1116 in
300 1096 388 1116 naves
413 1089 560 1124 impositis
584 1088 685 1125 Cpolin
709 1089 798 1123 venit,
814 1089 960 1125 stipendia
975 1097 1006 1116 se

179 1133 273 1162 facere
288 1132 359 1161 velle
374 1133 450 1161 419
469 1133 623 1161 simulans.
645 1134 716 1160 Cum
733 1136 832 1161 autrm
849 1133 1007 1169 imperator

178 1186 246 1206 eum
262 1177 365 1213 positis
381 1177 471 1205 armis
483 1180 580 1213 petere
590 1177 615 1205 si
631 1178 700 1213 quid
718 1177 936 1213 velletjuberct,
947 1187 1005 1206 non

178 1223 385 1258 obtemperans
412 1222 617 1257 Propontidem
647 1222 785 1257 trajecit;
812 1230 939 1258 cumque
968 1223 1004 1250 ad

179 1267 315 1302 Abydum
338 1266 477 1300 venisset,
494 1269 628 1294 conserta
651 1267 747 1294 navali
774 1275 872 1303 pugna
887 1275 953 1295 cum
972 1275 1004 1295 eo

177 1311 227 1347 qui
243 1319 324 1339 oram
347 1311 526 1339 maritimam
542 1311 688 1347 tuebatur,
706 1311 785 1339 nullo
802 1313 918 1347 negotio
933 1312 1004 1340 vicit

178 1364 210 1384 ao
229 1356 368 1384 Lemnum
385 1356 525 1391 pervenit.
547 1356 588 1383 lbi
603 1356 689 1384 Rossi
706 1364 722 1383 a
737 1356 830 1384 classe
845 1356 1003 1392 Cibyrrzeo-

177 1403 275 1429 tarum
299 1403 327 1428 et
354 1400 464 1428 Davido
493 1401 668 1428 Achridensi
696 1401 776 1428 Sami
807 1401 940 1437 praefecto
970 1410 1004 1429 ac

177 1444 341 1480 Nicephoro
352 1443 488 1472 Cabasila
499 1445 572 1472 duce
583 1444 798 1473 Thessalonica!
810 1453 862 1480 per
873 1446 1003 1473 fraudem

177 1497 280 1517 omnes
296 1491 366 1516 sunt
379 1488 534 1516 interfecti.

1066 999 1110 1035 σίᾳ
1125 999 1322 1034 ἀποθανούτ-ης,
1343 998 1389 1026 καὶ
1417 999 1471 1036 πρὸ
1499 998 1584 1033 αὐτῆς
1609 1000 1658 1026 τοῦ
1685 997 1783 1036 ἀνδρὸς
1807 999 1897 1034 αὐτῆς

1066 1042 1256 1081 Βλαδιμηροῦ,
1271 1042 1425 1081 Χρυσόχειρ
1445 1043 1576 1080 συγγενὴς
1590 1052 1630 1074 τις
1646 1041 1683 1070 ὢν
1699 1045 1747 1070 τοῦ
1759 1042 1896 1079 τελευτή-

1065 1098 1173 1122 σαντος,
1202 1086 1300 1125 ἄνδρας
1338 1087 1512 1118 ὀκτακοσίους
1535 1088 1816 1125 προσεταιρισάμενος
1844 1089 1894 1115 καί

1059 1131 1168 1163 πλοίοις
1196 1130 1356 1169 ἐμϐιϐάσας,
1397 1131 1482 1167 ἦλθεν
1523 1132 1562 1163 είς
1600 1131 1891 1161 Κωνσταντινούπολιν

1059 1178 1096 1208 ὼς
1125 1177 1197 1215 τάχα
1226 1178 1448 1215 μισθοφορήσων.
1463 1178 1518 1204 Τοῦ
1547 1175 1576 1204 δὲ
1603 1176 1738 1214 βασιλέως
1761 1178 1886 1205 καταθεῖ-

1058 1233 1099 1249 ναι
1121 1222 1154 1249 ti
1182 1221 1255 1249 ὅπλα
1282 1221 1442 1253 κελεύοντος
1473 1221 1519 1249 καὶ
1543 1222 1615 1249 οὕτω
1643 1222 1807 1257 ποιήσασθαι
1835 1222 1889 1257 τήν

1059 1266 1196 1304 ἰντυχίαν.
1223 1267 1261 1302 μὴ
1288 1265 1404 1301 θελήσας
1428 1264 1524 1300 διῆλθε
1546 1266 1596 1300 τήν
1626 1266 1810 1304 Προποντίδα.
1841 1267 1888 1295 Ἐν

1059 1309 1169 1347 Ἀϐύδῳ
1199 1309 1227 1338 δὶ
1252 1310 1398 1348 γενόμενος
1427 1310 1471 1338 καὶ
1498 1312 1538 1347 τῷ
1563 1313 1760 1348 στρατηγοῦντι
1781 1310 1886 1347 ταύτης

1059 1355 1189 1394 συῤῥάξας
1220 1355 1425 1393 λπερμαχοῦντι
1457 1357 1511 1382 τῶν
1533 1355 1688 1391 παραλίων,
1718 1355 1763 1383 καί
1790 1358 1888 1384 to'wov

1059 1399 1160 1438 ῥᾳδίως
1199 1400 1463 1437 καταστρεψάμενος,
1507 1398 1641 1434 κατῆλθεν
1681 1399 1721 1430 εἷς
1761 1402 1886 1437 Δῆμνον.

1059 1445 1161 1472 Ἐκεῖσε
1197 1443 1226 1472 δὶ
1253 1445 1327 1482 παρὰ
1361 1446 1410 1472 τοῦ
1448 1443 1547 1472 στόλου
1585 1446 1634 1471 τοῦ
1664 1441 1886 1483 Κιϐυῤῥαιωτῶν,

1058 1489 1102 1517 καὶ
1118 1486 1201 1516 Δαϐὶδ
1217 1491 1265 1516 τοῦ
1296 1489 1348 1516 ἀπὸ
1373 1487 1509 1526 Ἀχριδῶν
1535 1491 1751 1527 στρατηγοῦντος
1778 1489 1883 1526 Σάμου,

178 1533 223 1560 καὶ
250 1532 408 1571 Νικηφόρου
433 1535 481 1560 τοῦ
511 1530 651 1560 Καϐἀσιλα
676 1531 773 1564 δουκὸς
803 1531 880 1565 ὄντος
914 1533 1111 1568 Θεσσαλονίκης
1140 1534 1196 1570 (71)
1226 1532 1495 1571 παρασπονδηθέντες
1524 1535 1638 1566 ἅπαντες
1663 1535 1882 1574 κατεσφάγησαν.

214 1591 280 1619 Post
294 1591 356 1619 haec
372 1591 401 1619 in
417 1591 544 1619 Siciliam
558 1591 678 1620 molitus
694 1592 907 1628 expeditionem
924 1593 1003 1620 Basi-

176 1636 236 1664 lius
250 1637 382 1664 Orestam
398 1636 555 1671 quemdam
568 1637 604 1664 de
616 1636 769 1665 tidissimis
780 1637 842 1664 suis
858 1637 1003 1665 eunuchis

176 1681 328 1717 przemittit
343 1688 409 1708 cum
426 1681 539 1716 magnis
555 1681 657 1717 copiis.
670 1681 735 1717 ipse
750 1682 810 1709 fato
823 1681 1002 1717 interceptus

177 1725 315 1760 subsequi
332 1733 390 1752 non
406 1725 504 1752 valuit.
523 1727 595 1753 Nam
615 1734 716 1753 mense
731 1725 892 1759 Decembri,
910 1725 1001 1753 indic-

178 1769 257 1797 tione
279 1777 366 1802 nona,
393 1778 470 1797 anno
493 1770 576 1802 653i,
604 1770 702 1797 subito
727 1772 878 1805 correptus
902 1770 1003 1798 morbo

179 1813 314 1842 decessit.
344 1814 448 1841 Paucis
478 1817 544 1842 ante
569 1817 693 1842 mortem
722 1814 786 1849 ejus
810 1814 914 1842 diebus
942 1815 1004 1843 obit

178 1859 348 1887 Eustathius
364 1859 549 1894 patriarcha;
574 1862 604 1887 in
620 1860 708 1894 cujus
730 1859 826 1887 locum
845 1860 1004 1895 imperator

177 1904 331 1932 substituit
356 1904 488 1931 Alexium
518 1905 705 1938 monachum,
731 1904 866 1932 Studiani
888 1904 1002 1940 collegii

176 1949 362 1985 magistrum,
378 1949 427 1984 qui
454 1949 488 1976 ad
516 1949 614 1984 ipsum
641 1948 785 1976 invisendi
811 1949 887 1976 480
912 1957 1002 1977 causa

174 1995 305 2026 venerat,
321 1993 446 2020 efferens
470 2001 570 2020 secum
595 1995 684 2028 caput
706 1993 831 2020 Joannis
855 1993 1001 2028 baptista.

174 2037 246 2065 Eum
261 2045 329 2073 ergo
342 2045 409 2064 cum
426 2045 476 2072 per
490 2037 634 2064 Joannem
659 2037 900 2073 protouolarium,
916 2039 1002 2073 cujus

173 2089 262 2117 opera
277 2082 306 2108 in
323 2081 566 2108 administrandis
576 2081 701 2117 publicis
713 2081 838 2117 negotiis
853 2082 1000 2116 utebatur,

173 2126 202 2153 in
220 2125 293 2154 solio
311 2125 485 2161 patriarchae
501 2125 685 2158 callocssset,
701 2134 820 2161 vespere
833 2125 998 2162 exspiravit.

173 2169 249 2199 Vixit
264 2178 358 2198 annos
373 2170 418 2204 70,
434 2178 507 2206 quos
521 2177 623 2197 omnes
641 2171 782 2205 regnavit.
800 2170 886 2198 Solus
902 2174 999 2198 autem

174 2223 327 2243 summum
343 2214 500 2250 imperium
523 2215 613 2250 gessit
629 2223 722 2242 annos
736 2216 781 2242 50.
799 2214 928 2242 Fratrem
944 2215 999 2242 im-

174 2259 246 2297 perii
268 2267 468 2288 successorem
497 2259 634 2292 instituit,
659 2259 743 2294 eique
759 2260 907 2287 mandavit
922 2262 954 2287 ut
968 2268 1000 2288 se

174 2305 204 2333 in
219 2304 342 2333 Joannis
363 2304 547 2340 evangelista:
563 2312 595 2332 ac
616 2303 743 2340 theologi
771 2304 836 2332 fano
851 2303 998 2340 sepeliret,

173 2350 250 2385 apud
267 2349 463 2378 Hebdomum.
482 2349 567 2385 [dque
582 2348 607 2377 is
623 2351 666 2376 est
681 2351 846 2377 exsecutus.

208 2438 419 2466 Constantinus
434 2438 557 2474 imperio
582 2437 701 2473 potitus,
731 2441 891 2475 nactusque
908 2438 996 2466 licen-

1093 1591 1263 1628 Βουλόμενος
1291 1590 1320 1619 δὲ
1349 1592 1363 1619 ὁ
1394 1591 1522 1629 βασιλεὺς
1545 1591 1735 1629 ἐκστρατεῦσαι
1754 1592 1822 1620 κατᾶ
1832 1595 1884 1627 τῆς

1059 1636 1185 1667 Σικιλίας
1198 1635 1327 1673 Ὀρέστην
1352 1636 1512 1674 προέπεμψε
1537 1636 1604 1673 μετᾶ
1629 1635 1769 1673 δυνάμεως
1787 1635 1880 1674 ἆδρᾶς,

1057 1678 1103 1707 ἕνα
1132 1679 1194 1707 ὄντα
1216 1682 1269 1707 τῶν
1297 1680 1464 1707 πιστοτάτων
1494 1679 1644 1718 εὐνούχων,
1661 1680 1741 1712 αὐτὸς
1765 1679 1793 1708 δὶ
1811 1681 1880 1708 ἱκω-

1059 1724 1128 1760 λύθη
1154 1725 1303 1763 φθάσαντος
1331 1727 1380 1752 τοῦ
1408 1725 1509 1762 χρεών.
1544 1725 1702 1763 Δεκεμλρίῳ
1734 1725 1784 1763 γὰρ
1815 1726 1881 1762 μηνὶ

1060 1770 1099 1803 ιε’,
1117 1768 1286 1801 ῗνδικτιῶνος
1315 1769 1346 1803 θ’,
1373 1767 1460 1800 ἔτους.
1489 1768 1588 1806 γςφλδζ
1605 1768 1732 1806 αἰφνιδίῳ
1746 1770 1816 1806 νόσῳ
1829 1769 1881 1806 λη-

1058 1814 1133 1853 φθεὶς
1162 1811 1277 1847 dirigite,
1307 1813 1360 1851 πρό
1384 1824 1465 1841 τινων
1492 1814 1603 1850 ἡμερῶν
1622 1817 1674 1848 τῆς
1693 1814 1774 1841 αὐτοῦ
1788 1813 1898 1842 τελευ-¹

1056 1862 1107 1893 τῆς
1135 1858 1180 1886 καὶ
1202 1858 1350 1886 Εὑσταθίου
1368 1860 1416 1885 τοῦ
1439 1859 1611 1896 πατριάρχου
1635 1859 1826 1892 ἀποθανόντος,
1848 1861 1882 1887 οὗ

1058 1901 1187 1940 διάδοχον
1216 1903 1229 1930 ὁ
1262 1901 1390 1940 βασιλεὺς
1425 1901 1571 1937 ἐποιήσατο
1612 1901 1731 1937 Ἀλέξων
1758 1904 1880 1941 μοναχὸν

1056 1947 1100 1975 καὶ
1116 1947 1319 1985 καθηγούμενον
1344 1950 1394 1981 τῆς
1424 1950 1511 1983 μονῆς
1530 1948 1580 1974 τοῦ
1609 1945 1752 1981 Στουδίου,
1769 1947 1806 1978 εἲς
1819 1947 1880 1975 ἐπί-

1056 1994 1149 2029 σκεψιν
1164 1992 1245 2019 αὐτοῦ
1272 1991 1456 2030 πεφοιτηκότα
1487 1991 1554 2027 μιτὰ
1576 1994 1626 2026 τῆς
1649 1991 1742 2028 τιμίας
1758 1991 1896 2031 κεφαλῆς,

1055 2039 1103 2064 τοῦ
1128 2035 1300 2073 ΙΙροδρόμου.
1326 2038 1374 2065 Ὅν
1402 2036 1446 2064 καὶ
1473 2036 1582 2073 πέμψας
1612 2035 1757 2073 ἱνθρονίζει
1775 2035 1818 2064 διὰ
1830 2040 1880 2064 τοῦ

1055 2081 1275 2119 πρωτονοταρίου
1303 2081 1438 2115 Ἰωάννου,
1465 2081 1489 2117 ᾧ
1527 2083 1646 2118 συνεργῷ
1674 2080 1778 2118 ἐχρῆτο
1810 2082 1879 2120 πρὸς

1054 2127 1104 2161 τήν
1118 2128 1172 2153 τῶν
1189 2127 1287 2153 κοινῶν
1310 2124 1454 2160 διοίκησιν.
1477 2125 1528 2154 Καὶ
1553 2127 1587 2162 τῇ
1617 2124 1716 2162 ἑσπέρᾳ
1737 2125 1878 2162 ὶτελεῦτη-

1055 2180 1092 2206 σε,
1110 2171 1191 2205 ζήσας
1209 2170 1256 2206 μὶν
1279 2167 1325 2204 ἔτη
1349 2172 1380 2204 θ’,
1406 2169 1451 2197 καὶ
1478 2169 1511 2197 τὰ
1536 2170 1625 2197 πάντα
1645 2169 1817 2208 βασιλεύσας,
1834 2170 1878 2198 επὶ

1053 2215 1170 2253 χρόνους
1188 2214 1216 2242 δὶ
1230 2217 1250 2241 ν’
1276 2215 1327 2249 τὴν
1349 2213 1535 2252 αὐτοκράτορα
1560 2213 1680 2246 διιθύνας
1704 2214 1805 2253 ἀρχήν.
1826 2218 1878 2243 Τα-

1054 2260 1136 2298 φῆναι
1160 2257 1189 2286 δὶ
1217 2258 1384 2296 παρεκάλισε
1418 2258 1462 2286 τὸν
1491 2259 1587 2286 ἑαυτοῦ
1615 2257 1743 2298 ἀδελφὸν,
1773 2259 1802 2286 ὃν
1832 2261 1878 2287 καὶ

1054 2302 1184 2341 διάδοχον
1208 2302 1338 2331 κατέλιπε
1360 2306 1410 2337 τῆς
1431 2303 1531 2341 ἀρχῆς,
1556 2302 1582 2330 ἰν
1596 2305 1637 2340 τῷ
1651 2304 1719 2332 κατὰ
1733 2304 1764 2331 τὸ
1779 2301 1878 2332 ’Ἑϐδο-

1055 2359 1105 2384 μον
1121 2350 1178 2385 ναῷ
1204 2346 1252 2375 τοῦ
1278 2346 1471 2386 εὐαγγελιστοῦ
1499 2347 1543 2375 καὶ
1573 2346 1723 2386 Θιολογου·
1746 2348 1761 2376 ὃ
1783 2346 1816 2383 δή
1831 2350 1876 2376 καὶ

1013 2387 1037 2420 n
1052 2393 1171 2430 γέγονιν.

1088 2437 1312 2474 Ἀναζωσάμενος
1327 2435 1356 2464 δὲ
1379 2437 1427 2471 τήν
1450 2437 1554 2465 ἃπασαν
1584 2435 1739 2465 δυναστείαν
1756 2437 1770 2465 ὁ
1799 2439 1876 2466 Κων-

171 2483 243 2511 tiam
268 2483 373 2520 agendi
397 2491 461 2519 qua:
487 2482 582 2515 vellet,
606 2483 698 2510 multa
725 2482 891 2518 reipublicaa
920 2484 997 2512 mala

1090 2484 1200 2516 ιντῖνος,
1216 2481 1261 2509 καὶ
1287 2482 1413 2520 πράττιιν
1434 2481 1450 2509 δ’
1473 2492 1500 2509 τι
1522 2481 1567 2509 καὶ
1596 2481 1728 2519 βούληται
1754 2481 1875 2519 ἄξουσίαν

170 2527 261 2556 dedit.
279 2527 392 2564 Quippe
416 2527 504 2555 homo
521 2527 617 2564 pravis
642 2527 750 2555 studiis
773 2527 901 2561 deditus,
922 2528 995 2556 nihil

1090 2524 1155 2560 εὼν,
1176 2526 1221 2553 καὶ
1249 2528 1309 2558 ταῖς
1333 2524 1574 2563 ἐκδεδιῃτημίναις
1600 2526 1705 2564 χαίρων
1723 2529 1778 2554 τῶν
1803 2527 1874 2564 πρά-

170 2580 271 2600 eorum
288 2580 353 2608 quae
375 2571 463 2600 ofﬁcii
483 2573 567 2600 erant
581 2571 624 2600 vel
647 2572 753 2608 agebat
776 2571 820 2600 vel
836 2572 994 2608 cogitabat,

1090 2582 1126 2606 ον,
1143 2570 1256 2599 πολλῶν
1272 2572 1361 2599 κακῶν
1387 2571 1473 2603 αἶ’τιος
1500 2571 1600 2609 ὑπῆρξε
1620 2573 1660 2608 τῷ
1681 2570 1874 2608 πολιτιύματι,

169 2616 249 2645 ludis
266 2618 364 2644 autem
381 2616 568 2652 equestribus
579 2619 607 2644 et
623 2615 723 2644 mimis
734 2625 766 2644 nc
777 2617 888 2644 scurris
899 2617 994 2646 delec-

1090 2615 1129 2647 τὸς
1146 2615 1193 2652 μὶν
1218 2615 1343 2654 πράττων
1367 2614 1444 2643 οὐδὲν
1467 2614 1486 2651 ἤ
1518 2616 1717 2654 βουλευόμενος
1729 2619 1783 2645 τῶν
1803 2614 1874 2643 διόνε

772 2708 955 2737 XYLANDRI
975 2709 1018 2737 EI‘
1038 2707 1147 2737 GOARI
1165 2708 1281 2737 NOTIE.

210 2779 266 2815 (71)
281 2779 331 2808 His
346 2778 529 2815 temporibus
544 2780 648 2809 ducem
663 2779 766 2809 habuit
781 2780 1001 2818 Thessalonica,
1017 2783 1046 2810 et
1067 2781 1249 2810 decrescente
1264 2781 1387 2818 imperio
1402 2782 1585 2819 augebantur
1599 2781 1768 2820 dignitates.
1783 2783 1871 2811 Gem.
