  <div class='ocr_page' id='page_1' title='image "/cluster/home/n/w/nwhite01/storage/ocr_20150623/122/njp.32101077773016/118.png"; bbox 0 0 1933 3048; ppageno 0'>
   <div class='ocr_carea' id='block_1_1' title="bbox 77 78 148 109">
    <p class='ocr_par' dir='ltr' id='par_1_1' title="bbox 77 78 148 109">
     <span class='ocr_line' id='line_1_1' title="bbox 77 78 148 109; baseline 0.014 -1"><span class='ocrx_word' id='word_1_1' title='bbox 77 78 148 109; x_wconf 72' lang='grc'><strong>213</strong></span> 
     </span>
    </p>
   </div>
   <div class='ocr_carea' id='block_1_2' title="bbox 668 76 1237 109">
    <p class='ocr_par' dir='ltr' id='par_1_2' title="bbox 668 76 1237 109">
     <span class='ocr_line' id='line_1_2' title="bbox 668 76 1237 109; baseline -0.004 0"><span class='ocrx_word' id='word_1_2' title='bbox 668 76 943 109; x_wconf 76' lang='lat' dir='ltr'><strong>HlSTORlARUM</strong></span> <span class='ocrx_word' id='word_1_3' title='bbox 963 76 1237 108; x_wconf 84' lang='lat' dir='ltr'><strong>GOMPENDIUM.</strong></span> 
     </span>
    </p>
   </div>
   <div class='ocr_carea' id='block_1_3' title="bbox 1742 76 1804 108">
    <p class='ocr_par' dir='ltr' id='par_1_3' title="bbox 1742 76 1804 108">
     <span class='ocr_line' id='line_1_3' title="bbox 1742 76 1804 108; baseline -0.016 0"><span class='ocrx_word' id='word_1_4' title='bbox 1742 76 1804 108; x_wconf 64' lang='grc' dir='ltr'><strong>ευ</strong></span> 
     </span>
    </p>
   </div>
   <div class='ocr_carea' id='block_1_4' title="bbox 80 142 843 182">
    <p class='ocr_par' dir='ltr' id='par_1_4' title="bbox 80 142 843 182">
     <span class='ocr_line' id='line_1_4' title="bbox 80 142 843 182; baseline -0.001 -10"><span class='ocrx_word' id='word_1_5' title='bbox 80 153 160 179; x_wconf 87' lang='grc' dir='ltr'>των,</span> <span class='ocrx_word' id='word_1_6' title='bbox 176 142 377 182; x_wconf 73' lang='grc' dir='ltr'><strong>ἱπποδρομίαις</strong></span> <span class='ocrx_word' id='word_1_7' title='bbox 390 143 420 172; x_wconf 66' lang='lat' dir='ltr'><strong>Si</strong></span> <span class='ocrx_word' id='word_1_8' title='bbox 438 144 544 182; x_wconf 85' lang='grc' dir='ltr'>χαίρων</span> <span class='ocrx_word' id='word_1_9' title='bbox 565 143 611 172; x_wconf 84' lang='grc' dir='ltr'><strong>καὶ</strong></span> <span class='ocrx_word' id='word_1_10' title='bbox 637 143 734 180; x_wconf 78' lang='grc' dir='ltr'>μίμοις</span> <span class='ocrx_word' id='word_1_11' title='bbox 759 143 804 171; x_wconf 74' lang='grc' dir='ltr'><strong>καὶ</strong></span> <span class='ocrx_word' id='word_1_12' title='bbox 832 154 843 181; x_wconf 69' lang='grc' dir='ltr'><strong>ε]</strong></span> 
     </span>
    </p>
   </div>
   <div class='ocr_carea' id='block_1_5' title="bbox 1038 142 1801 182">
    <p class='ocr_par' dir='ltr' id='par_1_5' title="bbox 1038 142 1801 179">
     <span class='ocr_line' id='line_1_5' title="bbox 1038 142 1801 179; baseline 0.003 -9"><span class='ocrx_word' id='word_1_13' title='bbox 1038 145 1104 177; x_wconf 77' lang='lat' dir='ltr'><strong>itur,</strong></span> <span class='ocrx_word' id='word_1_14' title='bbox 1135 143 1322 179; x_wconf 87' lang='lat' dir='ltr'><strong>potandoque</strong></span> <span class='ocrx_word' id='word_1_15' title='bbox 1351 144 1451 171; x_wconf 88' lang='lat' dir='ltr'><strong>noctes</strong></span> <span class='ocrx_word' id='word_1_16' title='bbox 1476 142 1620 171; x_wconf 74' lang='lat' dir='ltr'><strong>trahebat.</strong></span> <span class='ocrx_word' id='word_1_17' title='bbox 1643 143 1746 172; x_wconf 86' lang='lat' dir='ltr'><strong>Civiles</strong></span> <span class='ocrx_word' id='word_1_18' title='bbox 1768 152 1801 172; x_wconf 82' lang='lat' dir='ltr'><strong>ac</strong></span> 
     </span>
    </p>
   </div>
   <div class='ocr_carea' id='block_1_6' title="bbox 79 186 919 225">
    <p class='ocr_par' dir='ltr' id='par_1_6' title="bbox 79 186 919 225">
     <span class='ocr_line' id='line_1_6' title="bbox 79 186 919 225; baseline -0.002 -9"><span class='ocrx_word' id='word_1_19' title='bbox 79 191 230 224; x_wconf 79' lang='grc' dir='ltr'>τοποιοῖς,</span> <span class='ocrx_word' id='word_1_20' title='bbox 258 189 303 216; x_wconf 74' lang='grc' dir='ltr'><strong>καὶ</strong></span> <span class='ocrx_word' id='word_1_21' title='bbox 329 186 425 220; x_wconf 76' lang='grc' dir='ltr'>κύϐοις</span> <span class='ocrx_word' id='word_1_22' title='bbox 461 189 506 216; x_wconf 80' lang='grc' dir='ltr'><strong>καὶ</strong></span> <span class='ocrx_word' id='word_1_23' title='bbox 543 186 687 219; x_wconf 75' lang='grc' dir='ltr'>κοττάϐοις</span> <span class='ocrx_word' id='word_1_24' title='bbox 716 187 919 225; x_wconf 72' lang='grc' dir='ltr'>ἐννυκτερεύων,</span> 
     </span>
    </p>
   </div>
   <div class='ocr_carea' id='block_1_7' title="bbox 87 231 921 271">
    <p class='ocr_par' dir='ltr' id='par_1_7' title="bbox 87 231 921 271">
     <span class='ocr_line' id='line_1_7' title="bbox 87 231 921 271; baseline 0 -11"><span class='ocrx_word' id='word_1_25' title='bbox 87 233 235 270; x_wconf 79' lang='grc' dir='ltr'>ἄρχοντας</span> <span class='ocrx_word' id='word_1_26' title='bbox 259 234 387 266; x_wconf 79' lang='grc' dir='ltr'>καθιστὰς</span> <span class='ocrx_word' id='word_1_27' title='bbox 412 231 438 261; x_wconf 73' lang='grc' dir='ltr'>ἔν</span> <span class='ocrx_word' id='word_1_28' title='bbox 466 244 496 261; x_wconf 83' lang='grc' dir='ltr'>τε</span> <span class='ocrx_word' id='word_1_29' title='bbox 524 233 719 271; x_wconf 88' lang='grc' dir='ltr'>πολιταρχίαις</span> <span class='ocrx_word' id='word_1_30' title='bbox 748 232 793 260; x_wconf 87' lang='grc' dir='ltr'><strong>καὶ</strong></span> <span class='ocrx_word' id='word_1_31' title='bbox 825 242 921 269; x_wconf 79' lang='grc' dir='ltr'>στρατ-</span> 
     </span>
    </p>
   </div>
   <div class='ocr_carea' id='block_1_8' title="bbox 80 276 919 316">
    <p class='ocr_par' dir='ltr' id='par_1_8' title="bbox 80 276 919 316">
     <span class='ocr_line' id='line_1_8' title="bbox 80 276 919 316; baseline -0.002 -11"><span class='ocrx_word' id='word_1_32' title='bbox 80 277 185 315; x_wconf 83' lang='grc' dir='ltr'>ηγίαις</span> <span class='ocrx_word' id='word_1_33' title='bbox 215 278 248 305; x_wconf 83' lang='grc' dir='ltr'>οὐ</span> <span class='ocrx_word' id='word_1_34' title='bbox 277 277 340 309; x_wconf 86' lang='grc' dir='ltr'>τοὺς</span> <span class='ocrx_word' id='word_1_35' title='bbox 365 277 436 316; x_wconf 79' lang='grc' dir='ltr'>ἔργῳ</span> <span class='ocrx_word' id='word_1_36' title='bbox 459 278 505 306; x_wconf 84' lang='grc' dir='ltr'>καὶ</span> <span class='ocrx_word' id='word_1_37' title='bbox 532 277 609 316; x_wconf 87' lang='grc' dir='ltr'>λόγῳ</span> <span class='ocrx_word' id='word_1_38' title='bbox 637 278 668 305; x_wconf 84' lang='grc' dir='ltr'>τὸ</span> <span class='ocrx_word' id='word_1_39' title='bbox 690 276 802 313; x_wconf 79' lang='grc' dir='ltr'>δόκιμον</span> <span class='ocrx_word' id='word_1_40' title='bbox 819 277 919 304; x_wconf 65' lang='grc' dir='ltr'>ἑαυτῶν</span> 
     </span>
    </p>
   </div>
   <div class='ocr_carea' id='block_1_9' title="bbox 80 319 920 360">
    <p class='ocr_par' dir='ltr' id='par_1_9' title="bbox 80 319 920 360">
     <span class='ocr_line' id='line_1_9' title="bbox 80 319 920 360; baseline -0.002 -11"><span class='ocrx_word' id='word_1_41' title='bbox 80 323 309 360; x_wconf 74' lang='grc' dir='ltr'>παρεχομένους,</span> <span class='ocrx_word' id='word_1_42' title='bbox 335 321 399 350; x_wconf 77' lang='grc' dir='ltr'>ἀλλ’</span> <span class='ocrx_word' id='word_1_43' title='bbox 427 322 580 358; x_wconf 85' lang='grc' dir='ltr'>οἰνόληπτα</span> <span class='ocrx_word' id='word_1_44' title='bbox 604 321 792 358; x_wconf 60' lang='grc' dir='ltr'>ἐκτετιμημένα</span> <span class='ocrx_word' id='word_1_45' title='bbox 821 319 920 356; x_wconf 83' lang='grc' dir='ltr'>ἀνδρά-</span> 
     </span>
    </p>
   </div>
   <div class='ocr_carea' id='block_1_10' title="bbox 82 364 919 404">
    <p class='ocr_par' dir='ltr' id='par_1_10' title="bbox 82 364 919 404">
     <span class='ocr_line' id='line_1_10' title="bbox 82 364 919 404; baseline -0.002 -10"><span class='ocrx_word' id='word_1_46' title='bbox 82 365 164 394; x_wconf 82' lang='grc' dir='ltr'>ποδα</span> <span class='ocrx_word' id='word_1_47' title='bbox 192 367 237 394; x_wconf 85' lang='grc' dir='ltr'><strong>καὶ</strong></span> <span class='ocrx_word' id='word_1_48' title='bbox 262 367 353 402; x_wconf 80' lang='grc' dir='ltr'>πάσησ</span> <span class='ocrx_word' id='word_1_49' title='bbox 379 367 489 404; x_wconf 83' lang='grc' dir='ltr'>μιαρίας</span> <span class='ocrx_word' id='word_1_50' title='bbox 517 368 562 394; x_wconf 87' lang='grc' dir='ltr'><strong>καὶ</strong></span> <span class='ocrx_word' id='word_1_51' title='bbox 599 365 742 403; x_wconf 77' lang='grc' dir='ltr'>βδελυρίας</span> <span class='ocrx_word' id='word_1_52' title='bbox 775 364 919 402; x_wconf 79' lang='grc' dir='ltr'>ἐμπεπλη-</span> 
     </span>
    </p>
   </div>
   <div class='ocr_carea' id='block_1_11' title="bbox 83 411 920 449">
    <p class='ocr_par' dir='ltr' id='par_1_11' title="bbox 83 411 920 449">
     <span class='ocr_line' id='line_1_11' title="bbox 83 411 920 449; baseline -0.002 -9"><span class='ocrx_word' id='word_1_53' title='bbox 83 411 188 448; x_wconf 78' lang='grc' dir='ltr'>σμένα,</span> <span class='ocrx_word' id='word_1_54' title='bbox 204 412 311 449; x_wconf 80' lang='grc' dir='ltr'>ἀνάγων</span> <span class='ocrx_word' id='word_1_55' title='bbox 329 411 426 443; x_wconf 71' lang='grc' dir='ltr'>αὐτοὺς</span> <span class='ocrx_word' id='word_1_56' title='bbox 442 412 481 443; x_wconf 82' lang='grc' dir='ltr'>εἷς</span> <span class='ocrx_word' id='word_1_57' title='bbox 509 412 556 442; x_wconf 73' lang='grc' dir='ltr'><strong>τὰς</strong></span> <span class='ocrx_word' id='word_1_58' title='bbox 583 414 636 439; x_wconf 83' lang='grc' dir='ltr'><strong>τῶν</strong></span> <span class='ocrx_word' id='word_1_59' title='bbox 657 412 819 447; x_wconf 79' lang='grc' dir='ltr'>ἀξιωμάτων</span> <span class='ocrx_word' id='word_1_60' title='bbox 848 411 920 447; x_wconf 75' lang='grc' dir='ltr'>ὑψη-</span> 
     </span>
    </p>
   </div>
   <div class='ocr_carea' id='block_1_12' title="bbox 83 455 919 494">
    <p class='ocr_par' dir='ltr' id='par_1_12' title="bbox 83 455 919 494">
     <span class='ocr_line' id='line_1_12' title="bbox 83 455 919 494; baseline -0.001 -11"><span class='ocrx_word' id='word_1_61' title='bbox 83 455 211 488; x_wconf 80' lang='grc' dir='ltr'>λοτάτας</span> <span class='ocrx_word' id='word_1_62' title='bbox 225 456 376 494; x_wconf 73' lang='grc' dir='ltr'>περιωπὰς,</span> <span class='ocrx_word' id='word_1_63' title='bbox 393 456 457 488; x_wconf 79' lang='grc' dir='ltr'>τοὺς</span> <span class='ocrx_word' id='word_1_64' title='bbox 473 455 502 484; x_wconf 68' lang='grc' dir='ltr'>δὲ</span> <span class='ocrx_word' id='word_1_65' title='bbox 525 456 594 493; x_wconf 61' lang='grc' dir='ltr'>γένει</span> <span class='ocrx_word' id='word_1_66' title='bbox 615 456 660 483; x_wconf 87' lang='grc' dir='ltr'>καὶ</span> <span class='ocrx_word' id='word_1_67' title='bbox 684 456 766 492; x_wconf 64' lang='grc' dir='ltr'>ἀρετῇ</span> <span class='ocrx_word' id='word_1_68' title='bbox 791 455 836 482; x_wconf 87' lang='grc' dir='ltr'><strong>καὶ</strong></span> <span class='ocrx_word' id='word_1_69' title='bbox 861 455 919 482; x_wconf 47' lang='grc' dir='ltr'>πεί-</span> 
     </span>
    </p>
   </div>
   <div class='ocr_carea' id='block_1_13' title="bbox 84 500 921 538">
    <p class='ocr_par' dir='ltr' id='par_1_13' title="bbox 84 500 921 538">
     <span class='ocr_line' id='line_1_13' title="bbox 84 500 921 538; baseline -0.001 -11"><span class='ocrx_word' id='word_1_70' title='bbox 84 511 122 537; x_wconf 68' lang='lat' dir='ltr'><strong>pq</strong></span> <span class='ocrx_word' id='word_1_71' title='bbox 136 500 311 538; x_wconf 74' lang='grc' dir='ltr'>προέχοντας</span> <span class='ocrx_word' id='word_1_72' title='bbox 332 501 526 538; x_wconf 80' lang='grc' dir='ltr'>παρατρέχων.</span> <span class='ocrx_word' id='word_1_73' title='bbox 542 500 676 528; x_wconf 81' lang='grc' dir='ltr'>Νικόλαον</span> <span class='ocrx_word' id='word_1_74' title='bbox 701 500 753 538; x_wconf 75' lang='grc' dir='ltr'><strong>γάρ</strong></span> <span class='ocrx_word' id='word_1_75' title='bbox 775 500 820 527; x_wconf 85' lang='grc' dir='ltr'>τὸν</span> <span class='ocrx_word' id='word_1_76' title='bbox 847 501 921 536; x_wconf 81' lang='grc' dir='ltr'>πρῶ-</span> 
     </span>
    </p>
   </div>
   <div class='ocr_carea' id='block_1_14' title="bbox 82 542 918 582">
    <p class='ocr_par' dir='ltr' id='par_1_14' title="bbox 82 542 918 582">
     <span class='ocr_line' id='line_1_14' title="bbox 82 542 918 582; baseline -0.001 -10"><span class='ocrx_word' id='word_1_77' title='bbox 82 555 134 572; x_wconf 85' lang='grc' dir='ltr'><strong>τον</strong></span> <span class='ocrx_word' id='word_1_78' title='bbox 150 547 207 572; x_wconf 81' lang='grc' dir='ltr'><strong>τῶν</strong></span> <span class='ocrx_word' id='word_1_79' title='bbox 231 545 316 573; x_wconf 77' lang='grc' dir='ltr'>αὐτοῦ</span> <span class='ocrx_word' id='word_1_80' title='bbox 338 544 546 581; x_wconf 76' lang='grc' dir='ltr'>θαλαμηπόλων</span> <span class='ocrx_word' id='word_1_81' title='bbox 567 544 727 582; x_wconf 81' lang='grc' dir='ltr'>δομέστικον</span> <span class='ocrx_word' id='word_1_82' title='bbox 751 542 918 581; x_wconf 73' lang='grc' dir='ltr'>προεϐάλετο</span> 
     </span>
    </p>
   </div>
   <div class='ocr_carea' id='block_1_15' title="bbox 83 588 919 628">
    <p class='ocr_par' dir='ltr' id='par_1_15' title="bbox 83 588 919 628">
     <span class='ocr_line' id='line_1_15' title="bbox 83 588 919 628; baseline -0.004 -10"><span class='ocrx_word' id='word_1_83' title='bbox 83 592 142 618; x_wconf 85' lang='grc' dir='ltr'><strong>τῶν</strong></span> <span class='ocrx_word' id='word_1_84' title='bbox 175 590 288 627; x_wconf 81' lang='grc' dir='ltr'>σχολῶν</span> <span class='ocrx_word' id='word_1_85' title='bbox 312 590 357 617; x_wconf 86' lang='grc' dir='ltr'>καὶ</span> <span class='ocrx_word' id='word_1_86' title='bbox 383 589 642 628; x_wconf 79' lang='grc' dir='ltr'>παρακοιμώμινον,</span> <span class='ocrx_word' id='word_1_87' title='bbox 659 590 700 626; x_wconf 82' lang='grc' dir='ltr'><strong>[Ρ.</strong></span> <span class='ocrx_word' id='word_1_88' title='bbox 716 590 779 624; x_wconf 86' lang='grc'><strong>720]</strong></span> <span class='ocrx_word' id='word_1_89' title='bbox 796 588 919 626; x_wconf 80' lang='grc' dir='ltr'>Νικηφό-</span> 
     </span>
    </p>
   </div>
   <div class='ocr_carea' id='block_1_16' title="bbox 85 633 918 671">
    <p class='ocr_par' dir='ltr' id='par_1_16' title="bbox 85 633 918 671">
     <span class='ocr_line' id='line_1_16' title="bbox 85 633 918 671; baseline -0.002 -9"><span class='ocrx_word' id='word_1_90' title='bbox 85 645 136 671; x_wconf 90' lang='grc' dir='ltr'><strong>ρον</strong></span> <span class='ocrx_word' id='word_1_91' title='bbox 154 633 186 662; x_wconf 76' lang='grc' dir='ltr'>δὶ</span> <span class='ocrx_word' id='word_1_92' title='bbox 198 634 245 662; x_wconf 86' lang='grc' dir='ltr'><strong>τὸν</strong></span> <span class='ocrx_word' id='word_1_93' title='bbox 277 634 333 670; x_wconf 81' lang='grc' dir='ltr'>μετ’</span> <span class='ocrx_word' id='word_1_94' title='bbox 349 633 451 662; x_wconf 70' lang='grc' dir='ltr'>ἐκεῖνον</span> <span class='ocrx_word' id='word_1_95' title='bbox 477 634 510 662; x_wconf 83' lang='grc' dir='ltr'><strong>τὰ</strong></span> <span class='ocrx_word' id='word_1_96' title='bbox 537 633 673 671; x_wconf 74' lang='grc' dir='ltr'>δευτερεῖα</span> <span class='ocrx_word' id='word_1_97' title='bbox 701 634 816 670; x_wconf 83' lang='grc' dir='ltr'>φέροντα</span> <span class='ocrx_word' id='word_1_98' title='bbox 842 643 918 669; x_wconf 88' lang='grc' dir='ltr'>πρω-</span> 
     </span>
    </p>
   </div>
   <div class='ocr_carea' id='block_1_17' title="bbox 84 676 916 716">
    <p class='ocr_par' dir='ltr' id='par_1_17' title="bbox 84 676 916 716">
     <span class='ocr_line' id='line_1_17' title="bbox 84 676 916 716; baseline -0.002 -10"><span class='ocrx_word' id='word_1_99' title='bbox 84 676 290 716; x_wconf 75' lang='grc' dir='ltr'>τοϐεστιάριον,</span> <span class='ocrx_word' id='word_1_100' title='bbox 305 678 419 715; x_wconf 67' lang='grc' dir='ltr'>Συμεὼν</span> <span class='ocrx_word' id='word_1_101' title='bbox 433 677 462 706; x_wconf 69' lang='grc' dir='ltr'>δὶ</span> <span class='ocrx_word' id='word_1_102' title='bbox 483 679 529 705; x_wconf 85' lang='grc' dir='ltr'>τὸν</span> <span class='ocrx_word' id='word_1_103' title='bbox 555 678 623 706; x_wconf 80' lang='grc' dir='ltr'>κατὰ</span> <span class='ocrx_word' id='word_1_104' title='bbox 650 678 700 712; x_wconf 78' lang='grc' dir='ltr'>τὴν</span> <span class='ocrx_word' id='word_1_105' title='bbox 729 677 801 712; x_wconf 79' lang='grc' dir='ltr'>τάξιν</span> <span class='ocrx_word' id='word_1_106' title='bbox 827 677 916 715; x_wconf 90' lang='grc' dir='ltr'>τρίτον</span> 
     </span>
    </p>
   </div>
   <div class='ocr_carea' id='block_1_18' title="bbox 86 725 917 765">
    <p class='ocr_par' dir='ltr' id='par_1_18' title="bbox 86 725 917 765">
     <span class='ocr_line' id='line_1_18' title="bbox 86 725 917 765; baseline -0.001 -11"><span class='ocrx_word' id='word_1_107' title='bbox 86 727 273 765; x_wconf 83' lang='grc' dir='ltr'>δρουγγάριον</span> <span class='ocrx_word' id='word_1_108' title='bbox 302 729 353 759; x_wconf 80' lang='grc' dir='ltr'><strong>τῆς</strong></span> <span class='ocrx_word' id='word_1_109' title='bbox 392 726 502 764; x_wconf 74' lang='grc' dir='ltr'>βίγλας,</span> <span class='ocrx_word' id='word_1_110' title='bbox 530 725 679 765; x_wconf 75' lang='grc' dir='ltr'>προέδρους</span> <span class='ocrx_word' id='word_1_111' title='bbox 715 726 778 757; x_wconf 70' lang='grc' dir='ltr'>τοὺς</span> <span class='ocrx_word' id='word_1_112' title='bbox 816 726 917 757; x_wconf 81' lang='grc' dir='ltr'>πάντας</span> 
     </span>
    </p>
   </div>
   <div class='ocr_carea' id='block_1_19' title="bbox 86 770 916 808">
    <p class='ocr_par' dir='ltr' id='par_1_19' title="bbox 86 770 916 808">
     <span class='ocr_line' id='line_1_19' title="bbox 86 770 916 808; baseline -0.001 -9"><span class='ocrx_word' id='word_1_113' title='bbox 86 773 223 808; x_wconf 77' lang='grc' dir='ltr'>τιμήσας,</span> <span class='ocrx_word' id='word_1_114' title='bbox 241 771 390 802; x_wconf 55' lang='lat' dir='ltr'><strong>sontem</strong></span> <span class='ocrx_word' id='word_1_115' title='bbox 414 781 444 798; x_wconf 76' lang='grc' dir='ltr'>τι</span> <span class='ocrx_word' id='word_1_116' title='bbox 472 771 517 798; x_wconf 87' lang='grc' dir='ltr'><strong>τὸν</strong></span> <span class='ocrx_word' id='word_1_117' title='bbox 544 770 700 798; x_wconf 78' lang='grc' dir='ltr'>πολλοστὸν</span> <span class='ocrx_word' id='word_1_118' title='bbox 727 771 785 807; x_wconf 84' lang='grc' dir='ltr'>μετ’</span> <span class='ocrx_word' id='word_1_119' title='bbox 799 770 916 801; x_wconf 69' lang='grc' dir='ltr'>ἐκείνους</span> 
     </span>
    </p>
   </div>
   <div class='ocr_carea' id='block_1_20' title="bbox 89 813 956 864">
    <p class='ocr_par' dir='ltr' id='par_1_20' title="bbox 89 813 956 864">
     <span class='ocr_line' id='line_1_20' title="bbox 89 813 956 864; baseline -0.003 -20"><span class='ocrx_word' id='word_1_120' title='bbox 89 817 183 864; x_wconf 39' lang='grc' dir='ltr'>μέγαν.</span> <span class='ocrx_word' id='word_1_121' title='bbox 208 815 410 864; x_wconf 76' lang='grc' dir='ltr'>ἐταιρειάρχην.</span> <span class='ocrx_word' id='word_1_122' title='bbox 427 813 614 864; x_wconf 40' lang='lat' dir='ltr'><strong>&quot;pomata-ro.</strong></span> <span class='ocrx_word' id='word_1_123' title='bbox 629 815 658 843; x_wconf 70' lang='grc' dir='ltr'>δὲ</span> <span class='ocrx_word' id='word_1_124' title='bbox 684 815 729 864; x_wconf 75' lang='grc' dir='ltr'><strong>καὶ</strong></span> <span class='ocrx_word' id='word_1_125' title='bbox 747 814 838 864; x_wconf 36' lang='grc' dir='ltr'>,δοῦκα</span> <span class='ocrx_word' id='word_1_126' title='bbox 854 815 916 864; x_wconf 52' lang='grc' dir='ltr'><strong>Ἀνῖ</strong></span> <span class='ocrx_word' id='word_1_127' title='bbox 932 832 956 864; x_wconf 80' lang='grc' dir='ltr'>Β</span> 
     </span>
    </p>
   </div>
   <div class='ocr_carea' id='block_1_21' title="bbox 86 858 917 898">
    <p class='ocr_par' dir='ltr' id='par_1_21' title="bbox 86 858 917 898">
     <span class='ocr_line' id='line_1_21' title="bbox 86 858 917 898; baseline -0.001 -10"><span class='ocrx_word' id='word_1_128' title='bbox 86 860 217 898; x_wconf 73' lang='grc' dir='ltr'>τιοχείας</span> <span class='ocrx_word' id='word_1_129' title='bbox 246 859 377 898; x_wconf 80' lang='grc' dir='ltr'>εὐνοῦχόν</span> <span class='ocrx_word' id='word_1_130' title='bbox 405 870 465 888; x_wconf 82' lang='grc' dir='ltr'>τινα</span> <span class='ocrx_word' id='word_1_131' title='bbox 495 859 657 894; x_wconf 84' lang='grc' dir='ltr'>Σπονδύλην</span> <span class='ocrx_word' id='word_1_132' title='bbox 688 859 848 897; x_wconf 76' lang='grc' dir='ltr'>λεγόμενον,</span> <span class='ocrx_word' id='word_1_133' title='bbox 872 858 917 887; x_wconf 84' lang='grc' dir='ltr'><strong>καὶ</strong></span> 
     </span>
    </p>
   </div>
   <div class='ocr_carea' id='block_1_22' title="bbox 86 903 923 943">
    <p class='ocr_par' dir='ltr' id='par_1_22' title="bbox 86 903 923 943">
     <span class='ocr_line' id='line_1_22' title="bbox 86 903 923 943; baseline 0 -11"><span class='ocrx_word' id='word_1_134' title='bbox 86 903 212 942; x_wconf 74' lang='grc' dir='ltr'>Ἰϐηρίας</span> <span class='ocrx_word' id='word_1_135' title='bbox 232 905 352 940; x_wconf 77' lang='grc' dir='ltr'>Νικήταν</span> <span class='ocrx_word' id='word_1_136' title='bbox 377 904 424 932; x_wconf 87' lang='grc' dir='ltr'><strong>τὸν</strong></span> <span class='ocrx_word' id='word_1_137' title='bbox 451 904 481 932; x_wconf 68' lang='grc' dir='ltr'>ἐκ</span> <span class='ocrx_word' id='word_1_138' title='bbox 507 903 657 941; x_wconf 74' lang='grc' dir='ltr'>Πισσιδίας,</span> <span class='ocrx_word' id='word_1_139' title='bbox 673 905 719 932; x_wconf 77' lang='grc' dir='ltr'><strong>καὶ</strong></span> <span class='ocrx_word' id='word_1_140' title='bbox 746 903 828 943; x_wconf 71' lang='grc' dir='ltr'>ἄμφω</span> <span class='ocrx_word' id='word_1_141' title='bbox 847 904 923 942; x_wconf 74' lang='grc' dir='ltr'>ἐπιῤ-</span> 
     </span>
    </p>
   </div>
   <div class='ocr_carea' id='block_1_23' title="bbox 87 948 923 987">
    <p class='ocr_par' dir='ltr' id='par_1_23' title="bbox 87 948 923 987">
     <span class='ocr_line' id='line_1_23' title="bbox 87 948 923 987; baseline 0 -11"><span class='ocrx_word' id='word_1_142' title='bbox 87 949 194 987; x_wconf 79' lang='grc' dir='ltr'>ῥήτους</span> <span class='ocrx_word' id='word_1_143' title='bbox 230 948 390 985; x_wconf 73' lang='grc' dir='ltr'>ἀνθρώπους</span> <span class='ocrx_word' id='word_1_144' title='bbox 427 949 473 976; x_wconf 81' lang='grc' dir='ltr'><strong>καὶ</strong></span> <span class='ocrx_word' id='word_1_145' title='bbox 509 949 666 987; x_wconf 61' lang='grc' dir='ltr'>πονηρούς·</span> <span class='ocrx_word' id='word_1_146' title='bbox 697 948 796 980; x_wconf 65' lang='grc' dir='ltr'>οἵτινες</span> <span class='ocrx_word' id='word_1_147' title='bbox 838 959 923 987; x_wconf 81' lang='grc' dir='ltr'>ταρα-</span> 
     </span>
    </p>
   </div>
   <div class='ocr_carea' id='block_1_24' title="bbox 85 992 917 1032">
    <p class='ocr_par' dir='ltr' id='par_1_24' title="bbox 85 992 917 1032">
     <span class='ocr_line' id='line_1_24' title="bbox 85 992 917 1032; baseline 0 -12"><span class='ocrx_word' id='word_1_148' title='bbox 85 997 145 1032; x_wconf 84' lang='grc' dir='ltr'><strong>χῆς</strong></span> <span class='ocrx_word' id='word_1_149' title='bbox 175 993 220 1021; x_wconf 79' lang='grc' dir='ltr'><strong>καὶ</strong></span> <span class='ocrx_word' id='word_1_150' title='bbox 245 993 405 1030; x_wconf 70' lang='grc' dir='ltr'>συγχύσεως</span> <span class='ocrx_word' id='word_1_151' title='bbox 432 993 467 1020; x_wconf 81' lang='grc' dir='ltr'>τὰ</span> <span class='ocrx_word' id='word_1_152' title='bbox 500 994 587 1021; x_wconf 81' lang='grc' dir='ltr'>πάντα</span> <span class='ocrx_word' id='word_1_153' title='bbox 628 992 824 1030; x_wconf 84' lang='grc' dir='ltr'>πληρώσαντες</span> <span class='ocrx_word' id='word_1_154' title='bbox 871 1004 917 1029; x_wconf 89' lang='grc' dir='ltr'><strong>μιν</strong></span> 
     </span>
    </p>
   </div>
   <div class='ocr_carea' id='block_1_25' title="bbox 83 1036 921 1075">
    <p class='ocr_par' dir='ltr' id='par_1_25' title="bbox 83 1036 921 1075">
     <span class='ocr_line' id='line_1_25' title="bbox 83 1036 921 1075; baseline -0.002 -9"><span class='ocrx_word' id='word_1_155' title='bbox 83 1040 155 1075; x_wconf 80' lang='grc' dir='ltr'>κροῦ</span> <span class='ocrx_word' id='word_1_156' title='bbox 169 1038 218 1072; x_wconf 84' lang='grc' dir='ltr'><strong>τήν</strong></span> <span class='ocrx_word' id='word_1_157' title='bbox 235 1037 373 1075; x_wconf 73' lang='grc' dir='ltr'>βασιλείαν</span> <span class='ocrx_word' id='word_1_158' title='bbox 399 1038 545 1075; x_wconf 71' lang='grc' dir='ltr'>ἀνέτρεψαν</span> <span class='ocrx_word' id='word_1_159' title='bbox 575 1036 630 1073; x_wconf 67' lang='grc' dir='ltr'><strong>ἤδη</strong></span> <span class='ocrx_word' id='word_1_160' title='bbox 671 1038 763 1069; x_wconf 86' lang='grc' dir='ltr'>καλῶς</span> <span class='ocrx_word' id='word_1_161' title='bbox 779 1037 921 1075; x_wconf 76' lang='grc' dir='ltr'>ἀγομένη-</span> 
     </span>
    </p>
   </div>
   <div class='ocr_carea' id='block_1_26' title="bbox 90 1080 924 1120">
    <p class='ocr_par' dir='ltr' id='par_1_26' title="bbox 90 1080 924 1120">
     <span class='ocr_line' id='line_1_26' title="bbox 90 1080 924 1120; baseline -0.002 -10"><span class='ocrx_word' id='word_1_162' title='bbox 90 1080 147 1111; x_wconf 84' lang='grc' dir='ltr'><strong>ἀπό</strong></span> <span class='ocrx_word' id='word_1_163' title='bbox 162 1093 192 1110; x_wconf 84' lang='grc' dir='ltr'>τι</span> <span class='ocrx_word' id='word_1_164' title='bbox 212 1085 261 1117; x_wconf 85' lang='grc' dir='ltr'>τῆς</span> <span class='ocrx_word' id='word_1_165' title='bbox 291 1081 505 1120; x_wconf 77' lang='grc' dir='ltr'>αὐτοκρατορίας</span> <span class='ocrx_word' id='word_1_166' title='bbox 517 1083 659 1119; x_wconf 85' lang='grc' dir='ltr'>Ῥωμανοῦ</span> <span class='ocrx_word' id='word_1_167' title='bbox 681 1084 729 1110; x_wconf 64' lang='lat' dir='ltr'><strong>rei</strong></span> <span class='ocrx_word' id='word_1_168' title='bbox 756 1084 814 1109; x_wconf 86' lang='grc' dir='ltr'>τοῖν</span> <span class='ocrx_word' id='word_1_169' title='bbox 848 1082 924 1120; x_wconf 88' lang='grc' dir='ltr'>βασι-</span> 
     </span>
    </p>
   </div>
   <div class='ocr_carea' id='block_1_27' title="bbox 89 1125 922 1165">
    <p class='ocr_par' dir='ltr' id='par_1_27' title="bbox 89 1125 922 1165">
     <span class='ocr_line' id='line_1_27' title="bbox 89 1125 922 1165; baseline -0.002 -10"><span class='ocrx_word' id='word_1_170' title='bbox 89 1128 168 1156; x_wconf 89' lang='grc' dir='ltr'>λέοιν</span> <span class='ocrx_word' id='word_1_171' title='bbox 182 1127 294 1163; x_wconf 85' lang='grc' dir='ltr'>πατρὸς.</span> <span class='ocrx_word' id='word_1_172' title='bbox 311 1127 470 1165; x_wconf 71' lang='grc' dir='ltr'>Νικηφόρον</span> <span class='ocrx_word' id='word_1_173' title='bbox 493 1125 522 1154; x_wconf 74' lang='grc' dir='ltr'>δὲ</span> <span class='ocrx_word' id='word_1_174' title='bbox 549 1127 594 1154; x_wconf 84' lang='grc' dir='ltr'><strong>καὶ</strong></span> <span class='ocrx_word' id='word_1_175' title='bbox 619 1127 744 1156; x_wconf 83' lang='grc' dir='ltr'>Ἰωάννου</span> <span class='ocrx_word' id='word_1_176' title='bbox 767 1127 813 1154; x_wconf 77' lang='grc' dir='ltr'><strong>καὶ</strong></span> <span class='ocrx_word' id='word_1_177' title='bbox 838 1129 922 1154; x_wconf 85' lang='grc' dir='ltr'>Βασι-</span> 
     </span>
    </p>
   </div>
   <div class='ocr_carea' id='block_1_28' title="bbox 94 1169 923 1208">
    <p class='ocr_par' dir='ltr' id='par_1_28' title="bbox 94 1169 923 1208">
     <span class='ocr_line' id='line_1_28' title="bbox 94 1169 923 1208; baseline -0.002 -8"><span class='ocrx_word' id='word_1_178' title='bbox 94 1172 173 1201; x_wconf 79' lang='grc' dir='ltr'>λείου</span> <span class='ocrx_word' id='word_1_179' title='bbox 188 1174 243 1199; x_wconf 87' lang='grc' dir='ltr'><strong>τῶν</strong></span> <span class='ocrx_word' id='word_1_180' title='bbox 258 1171 326 1199; x_wconf 81' lang='grc' dir='ltr'>κατὰ</span> <span class='ocrx_word' id='word_1_181' title='bbox 345 1169 477 1208; x_wconf 80' lang='grc' dir='ltr'>διαδοχὰς</span> <span class='ocrx_word' id='word_1_182' title='bbox 501 1170 653 1207; x_wconf 72' lang='grc' dir='ltr'>δεξαμένων</span> <span class='ocrx_word' id='word_1_183' title='bbox 677 1172 711 1198; x_wconf 81' lang='grc' dir='ltr'><strong>τὰ</strong></span> <span class='ocrx_word' id='word_1_184' title='bbox 735 1174 859 1208; x_wconf 80' lang='grc' dir='ltr'>σκῆπτρα</span> <span class='ocrx_word' id='word_1_185' title='bbox 877 1175 923 1202; x_wconf 80' lang='grc' dir='ltr'><strong>καὶ</strong></span> 
     </span>
    </p>
   </div>
   <div class='ocr_carea' id='block_1_29' title="bbox 95 1213 920 1254">
    <p class='ocr_par' dir='ltr' id='par_1_29' title="bbox 95 1213 920 1254">
     <span class='ocr_line' id='line_1_29' title="bbox 95 1213 920 1254; baseline -0.001 -11"><span class='ocrx_word' id='word_1_186' title='bbox 95 1214 216 1254; x_wconf 71' lang='grc' dir='ltr'>φοϐερὰν</span> <span class='ocrx_word' id='word_1_187' title='bbox 257 1215 457 1252; x_wconf 76' lang='grc' dir='ltr'>καθισταμένην</span> <span class='ocrx_word' id='word_1_188' title='bbox 497 1219 556 1246; x_wconf 84' lang='grc' dir='ltr'>τοῖς</span> <span class='ocrx_word' id='word_1_189' title='bbox 598 1215 797 1250; x_wconf 75' lang='grc' dir='ltr'>πλησιάζουσιν</span> <span class='ocrx_word' id='word_1_190' title='bbox 825 1213 920 1247; x_wconf 76' lang='grc' dir='ltr'>ἔθνεσι.</span> 
     </span>
    </p>
   </div>
   <div class='ocr_carea' id='block_1_30' title="bbox 94 1259 923 1299">
    <p class='ocr_par' dir='ltr' id='par_1_30' title="bbox 94 1259 923 1299">
     <span class='ocr_line' id='line_1_30' title="bbox 94 1259 923 1299; baseline -0.001 -11"><span class='ocrx_word' id='word_1_191' title='bbox 94 1261 148 1290; x_wconf 79' lang='grc' dir='ltr'>Καὶ</span> <span class='ocrx_word' id='word_1_192' title='bbox 165 1260 197 1288; x_wconf 79' lang='grc' dir='ltr'>οὖ</span> <span class='ocrx_word' id='word_1_193' title='bbox 218 1260 300 1297; x_wconf 78' lang='grc' dir='ltr'>μόνον</span> <span class='ocrx_word' id='word_1_194' title='bbox 324 1259 473 1299; x_wconf 78' lang='grc' dir='ltr'>ἀδιάφορον</span> <span class='ocrx_word' id='word_1_195' title='bbox 498 1261 557 1298; x_wconf 69' lang='grc' dir='ltr'>εἶχε</span> <span class='ocrx_word' id='word_1_196' title='bbox 584 1261 634 1295; x_wconf 81' lang='grc' dir='ltr'><strong>τήν</strong></span> <span class='ocrx_word' id='word_1_197' title='bbox 663 1260 777 1298; x_wconf 79' lang='grc' dir='ltr'>γνώμην</span> <span class='ocrx_word' id='word_1_198' title='bbox 807 1259 834 1287; x_wconf 71' lang='grc' dir='ltr'>ἰν</span> <span class='ocrx_word' id='word_1_199' title='bbox 865 1262 923 1291; x_wconf 81' lang='grc' dir='ltr'>ταῖς</span> 
     </span>
    </p>
   </div>
   <div class='ocr_carea' id='block_1_31' title="bbox 91 1302 924 1344">
    <p class='ocr_par' dir='ltr' id='par_1_31' title="bbox 91 1302 924 1344">
     <span class='ocr_line' id='line_1_31' title="bbox 91 1302 924 1344; baseline -0.001 -11"><span class='ocrx_word' id='word_1_200' title='bbox 91 1308 147 1334; x_wconf 81' lang='grc' dir='ltr'><strong>τῶν</strong></span> <span class='ocrx_word' id='word_1_201' title='bbox 173 1306 268 1344; x_wconf 86' lang='grc' dir='ltr'>ἀρχῶν</span> <span class='ocrx_word' id='word_1_202' title='bbox 298 1302 464 1342; x_wconf 80' lang='grc' dir='ltr'>προϐολαῖς,</span> <span class='ocrx_word' id='word_1_203' title='bbox 485 1304 523 1336; x_wconf 84' lang='grc' dir='ltr'>ὡς</span> <span class='ocrx_word' id='word_1_204' title='bbox 553 1302 649 1342; x_wconf 64' lang='grc' dir='ltr'>ἔτυχεν</span> <span class='ocrx_word' id='word_1_205' title='bbox 678 1304 758 1336; x_wconf 70' lang='grc' dir='ltr'>αὐτὰς</span> <span class='ocrx_word' id='word_1_206' title='bbox 786 1305 924 1336; x_wconf 75' lang='grc' dir='ltr'>καθιστὰς»</span> 
     </span>
    </p>
   </div>
   <div class='ocr_carea' id='block_1_32' title="bbox 92 1352 926 1391">
    <p class='ocr_par' dir='ltr' id='par_1_32' title="bbox 92 1352 926 1391">
     <span class='ocr_line' id='line_1_32' title="bbox 92 1352 926 1391; baseline -0.002 -9"><span class='ocrx_word' id='word_1_207' title='bbox 92 1354 169 1382; x_wconf 79' lang='grc' dir='ltr'>ἀλλὰ</span> <span class='ocrx_word' id='word_1_208' title='bbox 208 1354 253 1381; x_wconf 81' lang='grc' dir='ltr'><strong>καὶ</strong></span> <span class='ocrx_word' id='word_1_209' title='bbox 291 1353 356 1385; x_wconf 76' lang='grc' dir='ltr'>τοὺς</span> <span class='ocrx_word' id='word_1_210' title='bbox 403 1353 638 1391; x_wconf 76' lang='grc' dir='ltr'>ἀξιολογωτέρους</span> <span class='ocrx_word' id='word_1_211' title='bbox 683 1353 728 1381; x_wconf 81' lang='grc' dir='ltr'><strong>καὶ</strong></span> <span class='ocrx_word' id='word_1_212' title='bbox 770 1352 926 1390; x_wconf 83' lang='grc' dir='ltr'>δοκιμωτέ-</span> 
     </span>
    </p>
   </div>
   <div class='ocr_carea' id='block_1_33' title="bbox 96 1395 925 1437">
    <p class='ocr_par' dir='ltr' id='par_1_33' title="bbox 96 1395 925 1437">
     <span class='ocr_line' id='line_1_33' title="bbox 96 1395 925 1437; baseline -0.002 -10"><span class='ocrx_word' id='word_1_213' title='bbox 96 1409 163 1437; x_wconf 86' lang='grc' dir='ltr'>ρους</span> <span class='ocrx_word' id='word_1_214' title='bbox 192 1397 287 1426; x_wconf 72' lang='grc' dir='ltr'>ἐδίωκε</span> <span class='ocrx_word' id='word_1_215' title='bbox 316 1397 360 1426; x_wconf 72' lang='grc' dir='ltr'><strong>διὰ</strong></span> <span class='ocrx_word' id='word_1_216' title='bbox 388 1398 502 1434; x_wconf 83' lang='grc' dir='ltr'>παντὸς,</span> <span class='ocrx_word' id='word_1_217' title='bbox 530 1400 588 1429; x_wconf 84' lang='grc' dir='ltr'>τοῖς</span> <span class='ocrx_word' id='word_1_218' title='bbox 623 1397 780 1435; x_wconf 77' lang='grc' dir='ltr'>εὖδοκίμοις</span> <span class='ocrx_word' id='word_1_219' title='bbox 810 1395 925 1426; x_wconf 78' lang='grc' dir='ltr'>ἐπιϐου-</span> 
     </span>
    </p>
   </div>
   <div class='ocr_carea' id='block_1_34' title="bbox 97 1441 924 1481">
    <p class='ocr_par' dir='ltr' id='par_1_34' title="bbox 97 1441 924 1481">
     <span class='ocr_line' id='line_1_34' title="bbox 97 1441 924 1481; baseline -0.002 -9"><span class='ocrx_word' id='word_1_220' title='bbox 97 1443 204 1472; x_wconf 79' lang='grc' dir='ltr'>Αεύων.</span> <span class='ocrx_word' id='word_1_221' title='bbox 235 1441 431 1480; x_wconf 78' lang='grc' dir='ltr'>Ἀπιτῦφλωσε</span> <span class='ocrx_word' id='word_1_222' title='bbox 476 1443 523 1479; x_wconf 72' lang='grc' dir='ltr'><strong>μὶν</strong></span> <span class='ocrx_word' id='word_1_223' title='bbox 571 1442 621 1481; x_wconf 75' lang='grc' dir='ltr'><strong>γὰρ</strong></span> <span class='ocrx_word' id='word_1_224' title='bbox 665 1443 710 1470; x_wconf 78' lang='grc' dir='ltr'><strong>καὶ</strong></span> <span class='ocrx_word' id='word_1_225' title='bbox 753 1445 924 1470; x_wconf 82' lang='grc' dir='ltr'>Κωνσταντῖ-</span> 
     </span>
    </p>
   </div>
   <div class='ocr_carea' id='block_1_35' title="bbox 96 1487 923 1526">
    <p class='ocr_par' dir='ltr' id='par_1_35' title="bbox 96 1487 923 1526">
     <span class='ocr_line' id='line_1_35' title="bbox 96 1487 923 1526; baseline -0.002 -10"><span class='ocrx_word' id='word_1_226' title='bbox 96 1499 142 1516; x_wconf 87' lang='grc' dir='ltr'><strong>νον</strong></span> <span class='ocrx_word' id='word_1_227' title='bbox 170 1488 313 1526; x_wconf 83' lang='grc' dir='ltr'>πατρίκιον</span> <span class='ocrx_word' id='word_1_228' title='bbox 349 1487 394 1515; x_wconf 83' lang='grc' dir='ltr'><strong>τὸν</strong></span> <span class='ocrx_word' id='word_1_229' title='bbox 434 1487 492 1515; x_wconf 70' lang='grc' dir='ltr'>υἱὸν</span> <span class='ocrx_word' id='word_1_230' title='bbox 527 1487 645 1525; x_wconf 78' lang='grc' dir='ltr'>Μιχαὴλ</span> <span class='ocrx_word' id='word_1_231' title='bbox 687 1487 837 1525; x_wconf 86' lang='grc' dir='ltr'>μαγίστρου</span> <span class='ocrx_word' id='word_1_232' title='bbox 874 1489 923 1515; x_wconf 78' lang='grc' dir='ltr'><strong>τοῦ</strong></span> 
     </span>
    </p>
   </div>
   <div class='ocr_carea' id='block_1_36' title="bbox 95 1531 923 1571">
    <p class='ocr_par' dir='ltr' id='par_1_36' title="bbox 95 1531 923 1571">
     <span class='ocr_line' id='line_1_36' title="bbox 95 1531 923 1571; baseline 0 -11"><span class='ocrx_word' id='word_1_233' title='bbox 95 1533 232 1571; x_wconf 76' lang='grc' dir='ltr'>Βούρτζη,</span> <span class='ocrx_word' id='word_1_234' title='bbox 255 1533 309 1569; x_wconf 83' lang='grc' dir='ltr'>πρὸ</span> <span class='ocrx_word' id='word_1_235' title='bbox 337 1534 387 1564; x_wconf 82' lang='grc' dir='ltr'>τῆς</span> <span class='ocrx_word' id='word_1_236' title='bbox 416 1532 627 1570; x_wconf 78' lang='grc' dir='ltr'>αὐτοκρατορίας</span> <span class='ocrx_word' id='word_1_237' title='bbox 655 1531 737 1560; x_wconf 77' lang='grc' dir='ltr'>αὐτοῦ</span> <span class='ocrx_word' id='word_1_238' title='bbox 770 1532 923 1570; x_wconf 80' lang='grc' dir='ltr'>προσκρού-</span> 
     </span>
    </p>
   </div>
   <div class='ocr_carea' id='block_1_37' title="bbox 96 1575 924 1613">
    <p class='ocr_par' dir='ltr' id='par_1_37' title="bbox 96 1575 924 1613">
     <span class='ocr_line' id='line_1_37' title="bbox 96 1575 924 1613; baseline -0.002 -8"><span class='ocrx_word' id='word_1_239' title='bbox 96 1587 161 1605; x_wconf 82' lang='grc' dir='ltr'>οντα</span> <span class='ocrx_word' id='word_1_240' title='bbox 175 1577 220 1604; x_wconf 78' lang='grc' dir='ltr'><strong>καὶ</strong></span> <span class='ocrx_word' id='word_1_241' title='bbox 235 1576 281 1607; x_wconf 80' lang='grc' dir='ltr'><strong>τὰς</strong></span> <span class='ocrx_word' id='word_1_242' title='bbox 297 1575 466 1607; x_wconf 75' lang='grc' dir='ltr'>ἀκολάστους</span> <span class='ocrx_word' id='word_1_243' title='bbox 482 1577 558 1612; x_wconf 75' lang='grc' dir='ltr'><strong>αὐτῷ</strong></span> <span class='ocrx_word' id='word_1_244' title='bbox 584 1577 693 1613; x_wconf 76' lang='grc' dir='ltr'>πράξεις</span> <span class='ocrx_word' id='word_1_245' title='bbox 722 1576 856 1612; x_wconf 76' lang='grc' dir='ltr'>Βασιλιίῳ</span> <span class='ocrx_word' id='word_1_246' title='bbox 884 1579 924 1612; x_wconf 79' lang='grc' dir='ltr'>τῷ</span> 
     </span>
    </p>
   </div>
   <div class='ocr_carea' id='block_1_38' title="bbox 99 1619 923 1660">
    <p class='ocr_par' dir='ltr' id='par_1_38' title="bbox 99 1619 923 1660">
     <span class='ocr_line' id='line_1_38' title="bbox 99 1619 923 1660; baseline 0 -11"><span class='ocrx_word' id='word_1_247' title='bbox 99 1621 208 1660; x_wconf 83' lang='grc' dir='ltr'>βασιλεῖ</span> <span class='ocrx_word' id='word_1_248' title='bbox 237 1620 386 1657; x_wconf 77' lang='grc' dir='ltr'>μηνύοντα,</span> <span class='ocrx_word' id='word_1_249' title='bbox 416 1620 460 1648; x_wconf 80' lang='grc' dir='ltr'><strong>καὶ</strong></span> <span class='ocrx_word' id='word_1_250' title='bbox 489 1620 592 1652; x_wconf 75' lang='grc' dir='ltr'>ἅλΛους</span> <span class='ocrx_word' id='word_1_251' title='bbox 609 1620 658 1648; x_wconf 83' lang='grc' dir='ltr'>οὐκ</span> <span class='ocrx_word' id='word_1_252' title='bbox 687 1620 797 1658; x_wconf 75' lang='grc' dir='ltr'>ὀλίγους</span> <span class='ocrx_word' id='word_1_253' title='bbox 825 1619 923 1659; x_wconf 78' lang='grc' dir='ltr'>ἄνδρας</span> 
     </span>
    </p>
   </div>
   <div class='ocr_carea' id='block_1_39' title="bbox 97 1664 922 1704">
    <p class='ocr_par' dir='ltr' id='par_1_39' title="bbox 97 1664 922 1704">
     <span class='ocr_line' id='line_1_39' title="bbox 97 1664 922 1704; baseline -0.002 -10"><span class='ocrx_word' id='word_1_254' title='bbox 97 1665 216 1704; x_wconf 75' lang='grc' dir='ltr'>ἀγαθοὺς</span> <span class='ocrx_word' id='word_1_255' title='bbox 237 1666 379 1703; x_wconf 73' lang='grc' dir='ltr'>ἠφάνισίν,</span> <span class='ocrx_word' id='word_1_256' title='bbox 404 1665 441 1696; x_wconf 84' lang='grc' dir='ltr'><strong>ὡς</strong></span> <span class='ocrx_word' id='word_1_257' title='bbox 465 1665 571 1703; x_wconf 80' lang='grc' dir='ltr'>προϊὼν</span> <span class='ocrx_word' id='word_1_258' title='bbox 596 1665 687 1703; x_wconf 77' lang='grc' dir='ltr'>ἐξείπῃ</span> <span class='ocrx_word' id='word_1_259' title='bbox 713 1666 727 1693; x_wconf 88' lang='grc' dir='ltr'><strong>ὁ</strong></span> <span class='ocrx_word' id='word_1_260' title='bbox 749 1664 843 1702; x_wconf 84' lang='grc' dir='ltr'>λόγος.</span> <span class='ocrx_word' id='word_1_261' title='bbox 871 1665 922 1694; x_wconf 83' lang='grc' dir='ltr'>Καὶ</span> 
     </span>
    </p>
   </div>
   <div class='ocr_carea' id='block_1_40' title="bbox 97 1710 923 1747">
    <p class='ocr_par' dir='ltr' id='par_1_40' title="bbox 97 1710 923 1747">
     <span class='ocr_line' id='line_1_40' title="bbox 97 1710 923 1747; baseline -0.002 -9"><span class='ocrx_word' id='word_1_262' title='bbox 97 1711 131 1738; x_wconf 78' lang='grc' dir='ltr'>τὰ</span> <span class='ocrx_word' id='word_1_263' title='bbox 161 1710 208 1746; x_wconf 73' lang='grc' dir='ltr'>μὲν</span> <span class='ocrx_word' id='word_1_264' title='bbox 235 1710 369 1747; x_wconf 81' lang='grc' dir='ltr'>προοίμια</span> <span class='ocrx_word' id='word_1_265' title='bbox 403 1713 453 1744; x_wconf 87' lang='grc' dir='ltr'><strong>τῆς</strong></span> <span class='ocrx_word' id='word_1_266' title='bbox 487 1710 700 1747; x_wconf 77' lang='grc' dir='ltr'>αὐτοκρατορίας</span> <span class='ocrx_word' id='word_1_267' title='bbox 730 1710 812 1737; x_wconf 76' lang='grc' dir='ltr'>αὐτοῦ</span> <span class='ocrx_word' id='word_1_268' title='bbox 839 1711 923 1736; x_wconf 85' lang='grc' dir='ltr'>ταῦτα</span> 
     </span>
    </p>
   </div>
   <div class='ocr_carea' id='block_1_41' title="bbox 97 1753 922 1790">
    <p class='ocr_par' dir='ltr' id='par_1_41' title="bbox 97 1753 922 1790">
     <span class='ocr_line' id='line_1_41' title="bbox 97 1753 922 1790; baseline -0.001 -8"><span class='ocrx_word' id='word_1_269' title='bbox 97 1756 142 1782; x_wconf 85' lang='grc' dir='ltr'><strong>καὶ</strong></span> <span class='ocrx_word' id='word_1_270' title='bbox 167 1757 289 1782; x_wconf 74' lang='grc' dir='ltr'>τοιαῦτα·</span> <span class='ocrx_word' id='word_1_271' title='bbox 315 1755 348 1782; x_wconf 72' lang='grc' dir='ltr'><strong>τὰ</strong></span> <span class='ocrx_word' id='word_1_272' title='bbox 374 1753 403 1782; x_wconf 80' lang='grc' dir='ltr'>δὲ</span> <span class='ocrx_word' id='word_1_273' title='bbox 434 1755 501 1790; x_wconf 75' lang='grc' dir='ltr'>μετὰ</span> <span class='ocrx_word' id='word_1_274' title='bbox 528 1757 612 1782; x_wconf 74' lang='grc' dir='ltr'>ταῦτα</span> <span class='ocrx_word' id='word_1_275' title='bbox 640 1754 706 1782; x_wconf 88' lang='grc' dir='ltr'>ποία</span> <span class='ocrx_word' id='word_1_276' title='bbox 733 1753 763 1781; x_wconf 76' lang='grc' dir='ltr'><strong>ἂν</strong></span> <span class='ocrx_word' id='word_1_277' title='bbox 792 1754 835 1781; x_wconf 79' lang='grc' dir='ltr'><strong>καὶ</strong></span> <span class='ocrx_word' id='word_1_278' title='bbox 865 1755 922 1782; x_wconf 82' lang='grc' dir='ltr'>κατ’</span> 
     </span>
    </p>
   </div>
   <div class='ocr_carea' id='block_1_42' title="bbox 99 1798 923 1837">
    <p class='ocr_par' dir='ltr' id='par_1_42' title="bbox 99 1798 923 1837">
     <span class='ocr_line' id='line_1_42' title="bbox 99 1798 923 1837; baseline 0 -11"><span class='ocrx_word' id='word_1_279' title='bbox 99 1800 173 1835; x_wconf 79' lang='grc' dir='ltr'>ἀξίαν</span> <span class='ocrx_word' id='word_1_280' title='bbox 203 1799 398 1836; x_wconf 69' lang='grc' dir='ltr'>παραστήσειεν</span> <span class='ocrx_word' id='word_1_281' title='bbox 422 1798 545 1836; x_wconf 65' lang='lat' dir='ltr'><strong>inopia;</strong></span> <span class='ocrx_word' id='word_1_282' title='bbox 573 1799 669 1826; x_wconf 82' lang='grc' dir='ltr'>Μόνων</span> <span class='ocrx_word' id='word_1_283' title='bbox 698 1798 760 1837; x_wconf 69' lang='grc' dir='ltr'>γὰρ,</span> <span class='ocrx_word' id='word_1_284' title='bbox 790 1799 827 1829; x_wconf 87' lang='grc' dir='ltr'><strong>ὡς</strong></span> <span class='ocrx_word' id='word_1_285' title='bbox 852 1798 923 1836; x_wconf 63' lang='grc' dir='ltr'>ἐρρέ-</span> 
     </span>
    </p>
   </div>
   <div class='ocr_carea' id='block_1_43' title="bbox 101 1842 922 1881">
    <p class='ocr_par' dir='ltr' id='par_1_43' title="bbox 101 1842 922 1881">
     <span class='ocr_line' id='line_1_43' title="bbox 101 1842 922 1881; baseline 0 -11"><span class='ocrx_word' id='word_1_286' title='bbox 101 1850 147 1879; x_wconf 82' lang='grc' dir='ltr'>θη,</span> <span class='ocrx_word' id='word_1_287' title='bbox 171 1843 332 1881; x_wconf 77' lang='grc' dir='ltr'>ἐξεχόμενος</span> <span class='ocrx_word' id='word_1_288' title='bbox 357 1842 552 1880; x_wconf 72' lang='grc' dir='ltr'>γελωτοποιῶν</span> <span class='ocrx_word' id='word_1_289' title='bbox 582 1843 626 1870; x_wconf 84' lang='grc' dir='ltr'><strong>καὶ</strong></span> <span class='ocrx_word' id='word_1_290' title='bbox 660 1843 765 1879; x_wconf 82' lang='grc' dir='ltr'>μίμων,</span> <span class='ocrx_word' id='word_1_291' title='bbox 787 1844 831 1870; x_wconf 81' lang='grc' dir='ltr'><strong>καὶ</strong></span> <span class='ocrx_word' id='word_1_292' title='bbox 861 1843 922 1880; x_wconf 79' lang='grc' dir='ltr'>περὶ</span> 
     </span>
    </p>
   </div>
   <div class='ocr_carea' id='block_1_44' title="bbox 99 1885 923 1925">
    <p class='ocr_par' dir='ltr' id='par_1_44' title="bbox 99 1885 923 1925">
     <span class='ocr_line' id='line_1_44' title="bbox 99 1885 923 1925; baseline -0.002 -9"><span class='ocrx_word' id='word_1_293' title='bbox 99 1889 148 1919; x_wconf 73' lang='grc' dir='ltr'><strong>τὰς</strong></span> <span class='ocrx_word' id='word_1_294' title='bbox 175 1886 360 1925; x_wconf 81' lang='grc' dir='ltr'>ἱπποδρομίας</span> <span class='ocrx_word' id='word_1_295' title='bbox 383 1887 410 1914; x_wconf 82' lang='grc' dir='ltr'><strong>εἷ’</strong></span> <span class='ocrx_word' id='word_1_296' title='bbox 430 1897 479 1924; x_wconf 80' lang='grc' dir='ltr'><strong>περ</strong></span> <span class='ocrx_word' id='word_1_297' title='bbox 509 1898 550 1918; x_wconf 92' lang='grc' dir='ltr'><strong>τις</strong></span> <span class='ocrx_word' id='word_1_298' title='bbox 574 1887 660 1919; x_wconf 74' lang='grc' dir='ltr'>ἄλλος</span> <span class='ocrx_word' id='word_1_299' title='bbox 682 1888 817 1925; x_wconf 69' lang='grc' dir='ltr'>κεχηνὼς,</span> <span class='ocrx_word' id='word_1_300' title='bbox 845 1885 923 1925; x_wconf 79' lang='grc' dir='ltr'>ἔργον</span> 
     </span>
    </p>
   </div>
   <div class='ocr_carea' id='block_1_45' title="bbox 103 1931 926 1970">
    <p class='ocr_par' dir='ltr' id='par_1_45' title="bbox 103 1931 926 1970">
     <span class='ocr_line' id='line_1_45' title="bbox 103 1931 926 1970; baseline -0.001 -10"><span class='ocrx_word' id='word_1_301' title='bbox 103 1933 182 1970; x_wconf 78' lang='grc' dir='ltr'>μόνον</span> <span class='ocrx_word' id='word_1_302' title='bbox 210 1932 352 1970; x_wconf 82' lang='grc' dir='ltr'>ἀναγκαῖον</span> <span class='ocrx_word' id='word_1_303' title='bbox 381 1931 478 1962; x_wconf 82' lang='grc' dir='ltr'>ταύτας</span> <span class='ocrx_word' id='word_1_304' title='bbox 506 1933 611 1969; x_wconf 79' lang='grc' dir='ltr'>ἡγεῖτο,</span> <span class='ocrx_word' id='word_1_305' title='bbox 636 1932 669 1959; x_wconf 69' lang='grc' dir='ltr'><strong>τὰ</strong></span> <span class='ocrx_word' id='word_1_306' title='bbox 698 1931 781 1959; x_wconf 76' lang='grc' dir='ltr'>λοιπὰ</span> <span class='ocrx_word' id='word_1_307' title='bbox 809 1931 926 1968; x_wconf 83' lang='grc' dir='ltr'>μηδενὸς</span> 
     </span>
    </p>
   </div>
   <div class='ocr_carea' id='block_1_46' title="bbox 101 1975 924 2014">
    <p class='ocr_par' dir='ltr' id='par_1_46' title="bbox 101 1975 924 2014">
     <span class='ocr_line' id='line_1_46' title="bbox 101 1975 924 2014; baseline -0.001 -10"><span class='ocrx_word' id='word_1_308' title='bbox 101 1977 181 2012; x_wconf 78' lang='grc' dir='ltr'>ἀξιῶν</span> <span class='ocrx_word' id='word_1_309' title='bbox 212 1975 310 2013; x_wconf 85' lang='grc' dir='ltr'>λόγου,</span> <span class='ocrx_word' id='word_1_310' title='bbox 327 1976 399 2003; x_wconf 74' lang='grc' dir='ltr'>ἀλλὰ</span> <span class='ocrx_word' id='word_1_311' title='bbox 425 1975 535 2014; x_wconf 69' lang='grc' dir='ltr'>δεύτερα</span> <span class='ocrx_word' id='word_1_312' title='bbox 564 1976 741 2014; x_wconf 78' lang='grc' dir='ltr'>λογιζόμενος</span> <span class='ocrx_word' id='word_1_313' title='bbox 764 1978 817 2003; x_wconf 81' lang='grc' dir='ltr'><strong>τῶν</strong></span> <span class='ocrx_word' id='word_1_314' title='bbox 842 1976 924 2004; x_wconf 79' lang='grc' dir='ltr'>αὐτοῦ</span> 
     </span>
    </p>
   </div>
   <div class='ocr_carea' id='block_1_47' title="bbox 102 2019 925 2059">
    <p class='ocr_par' dir='ltr' id='par_1_47' title="bbox 102 2019 925 2059">
     <span class='ocr_line' id='line_1_47' title="bbox 102 2019 925 2059; baseline -0.002 -9"><span class='ocrx_word' id='word_1_315' title='bbox 102 2020 258 2050; x_wconf 78' lang='grc' dir='ltr'>ἀκολάστων</span> <span class='ocrx_word' id='word_1_316' title='bbox 283 2019 381 2058; x_wconf 72' lang='grc' dir='ltr'>ἔργων,</span> <span class='ocrx_word' id='word_1_317' title='bbox 408 2021 565 2059; x_wconf 81' lang='grc' dir='ltr'>Νικηφόρον</span> <span class='ocrx_word' id='word_1_318' title='bbox 599 2022 649 2059; x_wconf 72' lang='grc' dir='ltr'><strong>γὰρ</strong></span> <span class='ocrx_word' id='word_1_319' title='bbox 686 2021 732 2048; x_wconf 88' lang='grc' dir='ltr'>τὸν</span> <span class='ocrx_word' id='word_1_320' title='bbox 772 2021 925 2057; x_wconf 77' lang='grc' dir='ltr'>Κομνηνὸν,</span> 
     </span>
    </p>
   </div>
   <div class='ocr_carea' id='block_1_48' title="bbox 102 2063 923 2103">
    <p class='ocr_par' dir='ltr' id='par_1_48' title="bbox 102 2063 923 2103">
     <span class='ocr_line' id='line_1_48' title="bbox 102 2063 923 2103; baseline -0.002 -9"><span class='ocrx_word' id='word_1_321' title='bbox 102 2065 184 2102; x_wconf 74' lang='grc' dir='ltr'>ἄνδρα</span> <span class='ocrx_word' id='word_1_322' title='bbox 198 2065 305 2093; x_wconf 84' lang='grc' dir='ltr'>συνετὸν</span> <span class='ocrx_word' id='word_1_323' title='bbox 328 2065 372 2093; x_wconf 82' lang='grc' dir='ltr'>καὶ</span> <span class='ocrx_word' id='word_1_324' title='bbox 397 2064 440 2093; x_wconf 70' lang='grc' dir='ltr'><strong>ἐπ’</strong></span> <span class='ocrx_word' id='word_1_325' title='bbox 454 2065 536 2103; x_wconf 79' lang='grc' dir='ltr'>ἀρετῇ</span> <span class='ocrx_word' id='word_1_326' title='bbox 561 2065 724 2103; x_wconf 75' lang='grc' dir='ltr'>καὶ’ἀνδρίᾳ</span> <span class='ocrx_word' id='word_1_327' title='bbox 746 2063 923 2103; x_wconf 75' lang='grc' dir='ltr'>βεϐοημένον,</span> 
     </span>
    </p>
   </div>
   <div class='ocr_carea' id='block_1_49' title="bbox 103 2113 926 2152">
    <p class='ocr_par' dir='ltr' id='par_1_49' title="bbox 103 2113 926 2152">
     <span class='ocr_line' id='line_1_49' title="bbox 103 2113 926 2152; baseline -0.001 -9"><span class='ocrx_word' id='word_1_328' title='bbox 103 2113 208 2150; x_wconf 75' lang='grc' dir='ltr'>Μηδίας</span> <span class='ocrx_word' id='word_1_329' title='bbox 231 2113 352 2152; x_wconf 75' lang='grc' dir='ltr'>ἄρχοντα</span> <span class='ocrx_word' id='word_1_330' title='bbox 373 2117 423 2149; x_wconf 86' lang='grc' dir='ltr'><strong>τῆς</strong></span> <span class='ocrx_word' id='word_1_331' title='bbox 453 2115 499 2142; x_wconf 82' lang='grc' dir='ltr'><strong>καὶ</strong></span> <span class='ocrx_word' id='word_1_332' title='bbox 520 2114 727 2152; x_wconf 79' lang='grc' dir='ltr'>Ἀσπρακανίας,</span> <span class='ocrx_word' id='word_1_333' title='bbox 752 2115 796 2142; x_wconf 81' lang='grc' dir='ltr'><strong>τὸν</strong></span> <span class='ocrx_word' id='word_1_334' title='bbox 821 2115 864 2142; x_wconf 79' lang='grc' dir='ltr'><strong>καὶ</strong></span> <span class='ocrx_word' id='word_1_335' title='bbox 892 2115 926 2142; x_wconf 72' lang='grc' dir='ltr'>τὰ</span> 
     </span>
    </p>
   </div>
   <div class='ocr_carea' id='block_1_50' title="bbox 103 2156 924 2197">
    <p class='ocr_par' dir='ltr' id='par_1_50' title="bbox 103 2156 924 2197">
     <span class='ocr_line' id='line_1_50' title="bbox 103 2156 924 2197; baseline 0 -10"><span class='ocrx_word' id='word_1_336' title='bbox 103 2159 254 2197; x_wconf 79' lang='grc' dir='ltr'>πρόσχωρα</span> <span class='ocrx_word' id='word_1_337' title='bbox 279 2158 447 2195; x_wconf 77' lang='grc' dir='ltr'>ὑποτάξαντα</span> <span class='ocrx_word' id='word_1_338' title='bbox 471 2156 545 2195; x_wconf 77' lang='grc' dir='ltr'>ἔθνη,</span> <span class='ocrx_word' id='word_1_339' title='bbox 566 2158 602 2186; x_wconf 78' lang='grc' dir='ltr'>δι’</span> <span class='ocrx_word' id='word_1_340' title='bbox 626 2159 712 2187; x_wconf 78' lang='grc' dir='ltr'>αἰτίαν</span> <span class='ocrx_word' id='word_1_341' title='bbox 737 2159 783 2196; x_wconf 69' lang='grc' dir='ltr'>μὲν</span> <span class='ocrx_word' id='word_1_342' title='bbox 811 2158 924 2197; x_wconf 69' lang='grc' dir='ltr'>εὔλογον</span> 
     </span>
    </p>
   </div>
   <div class='ocr_carea' id='block_1_51' title="bbox 976 187 1801 223">
    <p class='ocr_par' dir='ltr' id='par_1_51' title="bbox 976 187 1801 223">
     <span class='ocr_line' id='line_1_51' title="bbox 976 187 1801 223; baseline 0.002 -9"><span class='ocrx_word' id='word_1_343' title='bbox 976 187 1098 215; x_wconf 83' lang='lat' dir='ltr'><strong>bellicos</strong></span> <span class='ocrx_word' id='word_1_344' title='bbox 1123 187 1314 223; x_wconf 72' lang='lat' dir='ltr'><strong>magistratus</strong></span> <span class='ocrx_word' id='word_1_345' title='bbox 1339 196 1396 215; x_wconf 88' lang='lat' dir='ltr'><strong>non</strong></span> <span class='ocrx_word' id='word_1_346' title='bbox 1422 187 1458 214; x_wconf 88' lang='lat' dir='ltr'><strong>iis</strong></span> <span class='ocrx_word' id='word_1_347' title='bbox 1479 187 1528 223; x_wconf 87' lang='lat' dir='ltr'><strong>qui</strong></span> <span class='ocrx_word' id='word_1_348' title='bbox 1554 187 1630 215; x_wconf 80' lang='lat' dir='ltr'><strong>facto</strong></span> <span class='ocrx_word' id='word_1_349' title='bbox 1653 190 1704 215; x_wconf 87' lang='lat' dir='ltr'><strong>aut</strong></span> <span class='ocrx_word' id='word_1_350' title='bbox 1723 187 1801 216; x_wconf 89' lang='lat' dir='ltr'><strong>dicto</strong></span> 
     </span>
    </p>
   </div>
   <div class='ocr_carea' id='block_1_52' title="bbox 976 232 1800 261">
    <p class='ocr_par' dir='ltr' id='par_1_52' title="bbox 976 232 1800 261">
     <span class='ocr_line' id='line_1_52' title="bbox 976 232 1800 261; baseline 0.001 -1"><span class='ocrx_word' id='word_1_351' title='bbox 976 232 1113 260; x_wconf 81' lang='lat' dir='ltr'><strong>virtutem</strong></span> <span class='ocrx_word' id='word_1_352' title='bbox 1130 241 1213 260; x_wconf 87' lang='lat' dir='ltr'><strong>suam</strong></span> <span class='ocrx_word' id='word_1_353' title='bbox 1238 234 1376 260; x_wconf 76' lang='lat' dir='ltr'><strong>testatum</strong></span> <span class='ocrx_word' id='word_1_354' title='bbox 1403 232 1540 260; x_wconf 80' lang='lat' dir='ltr'><strong>fecissent</strong></span> <span class='ocrx_word' id='word_1_355' title='bbox 1563 232 1733 260; x_wconf 81' lang='lat' dir='ltr'><strong>mandavit:</strong></span> <span class='ocrx_word' id='word_1_356' title='bbox 1750 234 1800 261; x_wconf 88' lang='lat' dir='ltr'><strong>sed</strong></span> 
     </span>
    </p>
   </div>
   <div class='ocr_carea' id='block_1_53' title="bbox 976 277 1800 313">
    <p class='ocr_par' dir='ltr' id='par_1_53' title="bbox 976 277 1800 313">
     <span class='ocr_line' id='line_1_53' title="bbox 976 277 1800 313; baseline 0 -9"><span class='ocrx_word' id='word_1_357' title='bbox 976 277 1129 313; x_wconf 68' lang='lat' dir='ltr'><strong>prater-itis</strong></span> <span class='ocrx_word' id='word_1_358' title='bbox 1155 278 1190 305; x_wconf 89' lang='lat' dir='ltr'><strong>iis</strong></span> <span class='ocrx_word' id='word_1_359' title='bbox 1217 277 1266 312; x_wconf 88' lang='lat' dir='ltr'><strong>qui</strong></span> <span class='ocrx_word' id='word_1_360' title='bbox 1288 285 1405 312; x_wconf 80' lang='lat' dir='ltr'><strong>genere,</strong></span> <span class='ocrx_word' id='word_1_361' title='bbox 1430 277 1536 304; x_wconf 89' lang='lat' dir='ltr'><strong>virtute</strong></span> <span class='ocrx_word' id='word_1_362' title='bbox 1561 284 1677 313; x_wconf 78' lang='lat' dir='ltr'><strong>usuque</strong></span> <span class='ocrx_word' id='word_1_363' title='bbox 1701 285 1800 305; x_wconf 87' lang='lat' dir='ltr'><strong>rerum</strong></span> 
     </span>
    </p>
   </div>
   <div class='ocr_carea' id='block_1_54' title="bbox 977 321 1802 358">
    <p class='ocr_par' dir='ltr' id='par_1_54' title="bbox 977 321 1802 358">
     <span class='ocr_line' id='line_1_54' title="bbox 977 321 1802 358; baseline 0.001 -9"><span class='ocrx_word' id='word_1_364' title='bbox 977 322 1136 358; x_wconf 86' lang='lat' dir='ltr'><strong>pollebant,</strong></span> <span class='ocrx_word' id='word_1_365' title='bbox 1154 323 1188 349; x_wconf 79' lang='lat' dir='ltr'><strong>ad</strong></span> <span class='ocrx_word' id='word_1_366' title='bbox 1205 330 1339 349; x_wconf 88' lang='lat' dir='ltr'><strong>summas</strong></span> <span class='ocrx_word' id='word_1_367' title='bbox 1354 321 1513 356; x_wconf 78' lang='lat' dir='ltr'><strong>dignitates</strong></span> <span class='ocrx_word' id='word_1_368' title='bbox 1528 321 1632 348; x_wconf 83' lang='lat' dir='ltr'><strong>extulit</strong></span> <span class='ocrx_word' id='word_1_369' title='bbox 1654 322 1802 357; x_wconf 82' lang='lat' dir='ltr'><strong>mancipia</strong></span> 
     </span>
    </p>
   </div>
   <div class='ocr_carea' id='block_1_55' title="bbox 975 365 1800 402">
    <p class='ocr_par' dir='ltr' id='par_1_55' title="bbox 975 365 1800 402">
     <span class='ocr_line' id='line_1_55' title="bbox 975 365 1800 402; baseline 0.002 -9"><span class='ocrx_word' id='word_1_370' title='bbox 975 367 1090 394; x_wconf 87' lang='lat' dir='ltr'><strong>ebriosa</strong></span> <span class='ocrx_word' id='word_1_371' title='bbox 1105 368 1193 402; x_wconf 84' lang='lat' dir='ltr'><strong>atque</strong></span> <span class='ocrx_word' id='word_1_372' title='bbox 1208 366 1318 394; x_wconf 85' lang='lat' dir='ltr'><strong>ovirata</strong></span> <span class='ocrx_word' id='word_1_373' title='bbox 1333 366 1531 401; x_wconf 89' lang='lat' dir='ltr'><strong>omnibusque</strong></span> <span class='ocrx_word' id='word_1_374' title='bbox 1545 365 1658 401; x_wconf 89' lang='lat' dir='ltr'><strong>polluta</strong></span> <span class='ocrx_word' id='word_1_375' title='bbox 1672 366 1800 402; x_wconf 83' lang='lat' dir='ltr'><strong>ﬂagitiis.</strong></span> 
     </span>
    </p>
   </div>
   <div class='ocr_carea' id='block_1_56' title="bbox 975 414 1800 451">
    <p class='ocr_par' dir='ltr' id='par_1_56' title="bbox 975 414 1800 451">
     <span class='ocr_line' id='line_1_56' title="bbox 975 414 1800 451; baseline 0.001 -9"><span class='ocrx_word' id='word_1_376' title='bbox 975 415 1089 443; x_wconf 90' lang='lat' dir='ltr'><strong>Etenim</strong></span> <span class='ocrx_word' id='word_1_377' title='bbox 1106 415 1269 448; x_wconf 76' lang='lat' dir='ltr'><strong>Nicolaum,</strong></span> <span class='ocrx_word' id='word_1_378' title='bbox 1288 414 1465 442; x_wconf 83' lang='lat' dir='ltr'><strong>famulorum</strong></span> <span class='ocrx_word' id='word_1_379' title='bbox 1481 414 1608 442; x_wconf 84' lang='lat' dir='ltr'><strong>cubiculi</strong></span> <span class='ocrx_word' id='word_1_380' title='bbox 1626 414 1800 451; x_wconf 81' lang='lat' dir='ltr'><strong>principem,</strong></span> 
     </span>
    </p>
   </div>
   <div class='ocr_carea' id='block_1_57' title="bbox 975 459 1801 494">
    <p class='ocr_par' dir='ltr' id='par_1_57' title="bbox 975 459 1801 494">
     <span class='ocr_line' id='line_1_57' title="bbox 975 459 1801 494; baseline -0.001 -7"><span class='ocrx_word' id='word_1_381' title='bbox 975 459 1144 488; x_wconf 86' lang='lat' dir='ltr'><strong>scholarum</strong></span> <span class='ocrx_word' id='word_1_382' title='bbox 1174 460 1370 487; x_wconf 85' lang='lat' dir='ltr'><strong>domesticum</strong></span> <span class='ocrx_word' id='word_1_383' title='bbox 1399 462 1429 486; x_wconf 89' lang='lat' dir='ltr'><strong>et</strong></span> <span class='ocrx_word' id='word_1_384' title='bbox 1456 459 1652 486; x_wconf 85' lang='lat' dir='ltr'><strong>aceubitorem</strong></span> <span class='ocrx_word' id='word_1_385' title='bbox 1682 459 1801 494; x_wconf 87' lang='lat' dir='ltr'><strong>creavit,</strong></span> 
     </span>
    </p>
   </div>
   <div class='ocr_carea' id='block_1_58' title="bbox 976 503 1800 539">
    <p class='ocr_par' dir='ltr' id='par_1_58' title="bbox 976 503 1800 539">
     <span class='ocr_line' id='line_1_58' title="bbox 976 503 1800 539; baseline 0.001 -8"><span class='ocrx_word' id='word_1_386' title='bbox 976 503 1182 538; x_wconf 83' lang='lat' dir='ltr'><strong>Nicephorum,</strong></span> <span class='ocrx_word' id='word_1_387' title='bbox 1208 505 1244 532; x_wconf 89' lang='lat' dir='ltr'><strong>ab</strong></span> <span class='ocrx_word' id='word_1_388' title='bbox 1269 512 1302 532; x_wconf 89' lang='lat' dir='ltr'><strong>eo</strong></span> <span class='ocrx_word' id='word_1_389' title='bbox 1330 505 1506 539; x_wconf 81' lang='lat' dir='ltr'><strong>proximum,</strong></span> <span class='ocrx_word' id='word_1_390' title='bbox 1533 505 1800 538; x_wconf 88' lang='lat' dir='ltr'><strong>protovestiarium,</strong></span> 
     </span>
    </p>
   </div>
   <div class='ocr_carea' id='block_1_59' title="bbox 975 548 1803 584">
    <p class='ocr_par' dir='ltr' id='par_1_59' title="bbox 975 548 1803 584">
     <span class='ocr_line' id='line_1_59' title="bbox 975 548 1803 584; baseline 0 -8"><span class='ocrx_word' id='word_1_391' title='bbox 975 548 1154 582; x_wconf 79' lang='lat' dir='ltr'><strong>Simeonem,</strong></span> <span class='ocrx_word' id='word_1_392' title='bbox 1172 549 1259 576; x_wconf 75' lang='lat' dir='ltr'><strong>tertio</strong></span> <span class='ocrx_word' id='word_1_393' title='bbox 1274 548 1336 576; x_wconf 90' lang='lat' dir='ltr'><strong>loco</strong></span> <span class='ocrx_word' id='word_1_394' title='bbox 1355 548 1501 581; x_wconf 89' lang='lat' dir='ltr'><strong>habitum,</strong></span> <span class='ocrx_word' id='word_1_395' title='bbox 1519 548 1712 584; x_wconf 82' lang='lat' dir='ltr'><strong>drungarium</strong></span> <span class='ocrx_word' id='word_1_396' title='bbox 1729 549 1803 584; x_wconf 88' lang='lat' dir='ltr'><strong>vigi-</strong></span> 
     </span>
    </p>
   </div>
   <div class='ocr_carea' id='block_1_60' title="bbox 974 592 1800 628">
    <p class='ocr_par' dir='ltr' id='par_1_60' title="bbox 974 592 1800 628">
     <span class='ocr_line' id='line_1_60' title="bbox 974 592 1800 628; baseline 0.001 -9"><span class='ocrx_word' id='word_1_397' title='bbox 974 592 1038 626; x_wconf 69' lang='lat' dir='ltr'><strong>liae;</strong></span> <span class='ocrx_word' id='word_1_398' title='bbox 1064 593 1158 628; x_wconf 88' lang='lat' dir='ltr'><strong>iisque</strong></span> <span class='ocrx_word' id='word_1_399' title='bbox 1187 593 1325 621; x_wconf 87' lang='lat' dir='ltr'><strong>omnibus</strong></span> <span class='ocrx_word' id='word_1_400' title='bbox 1354 592 1494 620; x_wconf 83' lang='lat' dir='ltr'><strong>honorem</strong></span> <span class='ocrx_word' id='word_1_401' title='bbox 1522 592 1656 628; x_wconf 66' lang='lat' dir='ltr'><strong>praesidis</strong></span> <span class='ocrx_word' id='word_1_402' title='bbox 1686 592 1800 620; x_wconf 79' lang='lat' dir='ltr'><strong>tribuit.</strong></span> 
     </span>
    </p>
   </div>
   <div class='ocr_carea' id='block_1_61' title="bbox 974 637 1802 672">
    <p class='ocr_par' dir='ltr' id='par_1_61' title="bbox 974 637 1802 672">
     <span class='ocr_line' id='line_1_61' title="bbox 974 637 1802 672; baseline 0.001 -8"><span class='ocrx_word' id='word_1_403' title='bbox 974 637 1047 664; x_wconf 77' lang='grc'><strong>481</strong></span> <span class='ocrx_word' id='word_1_404' title='bbox 1074 637 1338 672; x_wconf 83' lang='lat' dir='ltr'><strong>Eustathium,qui</strong></span> <span class='ocrx_word' id='word_1_405' title='bbox 1365 637 1451 672; x_wconf 83' lang='lat' dir='ltr'><strong>longo</strong></span> <span class='ocrx_word' id='word_1_406' title='bbox 1468 637 1540 664; x_wconf 87' lang='lat' dir='ltr'><strong>istos</strong></span> <span class='ocrx_word' id='word_1_407' title='bbox 1565 637 1802 671; x_wconf 73' lang='lat' dir='ltr'><strong>subsequebatur</strong></span> 
     </span>
    </p>
   </div>
   <div class='ocr_carea' id='block_1_62' title="bbox 972 681 1801 717">
    <p class='ocr_par' dir='ltr' id='par_1_62' title="bbox 972 681 1801 717">
     <span class='ocr_line' id='line_1_62' title="bbox 972 681 1801 717; baseline 0.001 -9"><span class='ocrx_word' id='word_1_408' title='bbox 972 681 1137 714; x_wconf 89' lang='lat' dir='ltr'><strong>intervallo,</strong></span> <span class='ocrx_word' id='word_1_409' title='bbox 1168 689 1281 717; x_wconf 66' lang='lat' dir='ltr'><strong>magna</strong></span> <span class='ocrx_word' id='word_1_410' title='bbox 1310 681 1470 709; x_wconf 76' lang='lat' dir='ltr'><strong>soliditatis</strong></span> <span class='ocrx_word' id='word_1_411' title='bbox 1498 681 1603 708; x_wconf 86' lang='lat' dir='ltr'><strong>ducem</strong></span> <span class='ocrx_word' id='word_1_412' title='bbox 1634 682 1801 710; x_wconf 80' lang='lat' dir='ltr'><strong>constituit.</strong></span> 
     </span>
    </p>
   </div>
   <div class='ocr_carea' id='block_1_63' title="bbox 972 730 1801 766">
    <p class='ocr_par' dir='ltr' id='par_1_63' title="bbox 972 730 1801 766">
     <span class='ocr_line' id='line_1_63' title="bbox 972 730 1801 766; baseline 0.001 -9"><span class='ocrx_word' id='word_1_413' title='bbox 972 730 1132 757; x_wconf 68' lang='lat' dir='ltr'><strong>Antiochiae</strong></span> <span class='ocrx_word' id='word_1_414' title='bbox 1149 731 1252 758; x_wconf 82' lang='lat' dir='ltr'><strong>ducem</strong></span> <span class='ocrx_word' id='word_1_415' title='bbox 1271 730 1337 758; x_wconf 77' lang='lat' dir='ltr'><strong>fecit</strong></span> <span class='ocrx_word' id='word_1_416' title='bbox 1351 730 1519 766; x_wconf 79' lang='lat' dir='ltr'><strong>Spondylen</strong></span> <span class='ocrx_word' id='word_1_417' title='bbox 1532 730 1691 766; x_wconf 87' lang='lat' dir='ltr'><strong>quemdam</strong></span> <span class='ocrx_word' id='word_1_418' title='bbox 1707 738 1801 758; x_wconf 89' lang='lat' dir='ltr'><strong>eunu-</strong></span> 
     </span>
    </p>
   </div>
   <div class='ocr_carea' id='block_1_64' title="bbox 973 774 1801 809">
    <p class='ocr_par' dir='ltr' id='par_1_64' title="bbox 973 774 1801 809">
     <span class='ocr_line' id='line_1_64' title="bbox 973 774 1801 809; baseline 0.001 -7"><span class='ocrx_word' id='word_1_419' title='bbox 973 774 1072 809; x_wconf 89' lang='lat' dir='ltr'><strong>chum,</strong></span> <span class='ocrx_word' id='word_1_420' title='bbox 1103 777 1131 802; x_wconf 87' lang='lat' dir='ltr'><strong>et</strong></span> <span class='ocrx_word' id='word_1_421' title='bbox 1159 775 1259 802; x_wconf 66' lang='lat' dir='ltr'><strong>Iberia)</strong></span> <span class='ocrx_word' id='word_1_422' title='bbox 1287 774 1417 802; x_wconf 88' lang='lat' dir='ltr'><strong>Nicetam</strong></span> <span class='ocrx_word' id='word_1_423' title='bbox 1447 783 1462 802; x_wconf 88' lang='lat' dir='ltr'><strong>e</strong></span> <span class='ocrx_word' id='word_1_424' title='bbox 1490 774 1600 802; x_wconf 84' lang='lat' dir='ltr'><strong>Pisidia</strong></span> <span class='ocrx_word' id='word_1_425' title='bbox 1630 775 1801 809; x_wconf 83' lang='lat' dir='ltr'><strong>oriundum,</strong></span> 
     </span>
    </p>
   </div>
   <div class='ocr_carea' id='block_1_65' title="bbox 972 819 1794 854">
    <p class='ocr_par' dir='ltr' id='par_1_65' title="bbox 972 819 1794 854">
     <span class='ocr_line' id='line_1_65' title="bbox 972 819 1794 854; baseline 0.002 -8"><span class='ocrx_word' id='word_1_426' title='bbox 972 824 1130 854; x_wconf 86' lang='lat' dir='ltr'><strong>utrumque</strong></span> <span class='ocrx_word' id='word_1_427' title='bbox 1146 819 1264 846; x_wconf 68' lang='lat' dir='ltr'><strong>malitias</strong></span> <span class='ocrx_word' id='word_1_428' title='bbox 1275 819 1404 847; x_wconf 83' lang='lat' dir='ltr'><strong>infamis.</strong></span> <span class='ocrx_word' id='word_1_429' title='bbox 1414 819 1448 846; x_wconf 86' lang='lat' dir='ltr'><strong>Hi</strong></span> <span class='ocrx_word' id='word_1_430' title='bbox 1463 819 1641 847; x_wconf 87' lang='lat' dir='ltr'><strong>tumultibus</strong></span> <span class='ocrx_word' id='word_1_431' title='bbox 1655 820 1753 848; x_wconf 82' lang='lat' dir='ltr'><strong>omnia</strong></span> <span class='ocrx_word' id='word_1_432' title='bbox 1765 822 1794 848; x_wconf 88' lang='lat' dir='ltr'><strong>et</strong></span> 
     </span>
    </p>
   </div>
   <div class='ocr_carea' id='block_1_66' title="bbox 978 863 1803 900">
    <p class='ocr_par' dir='ltr' id='par_1_66' title="bbox 978 863 1803 900">
     <span class='ocr_line' id='line_1_66' title="bbox 978 863 1803 900; baseline -0.001 -9"><span class='ocrx_word' id='word_1_433' title='bbox 978 863 1484 899; x_wconf 81' lang='lat' dir='ltr'><strong>confusioneimplenteseverterunt</strong></span> <span class='ocrx_word' id='word_1_434' title='bbox 1492 864 1704 899; x_wconf 86' lang='lat' dir='ltr'><strong>propemodum</strong></span> <span class='ocrx_word' id='word_1_435' title='bbox 1712 864 1803 900; x_wconf 88' lang='lat' dir='ltr'><strong>impe-</strong></span> 
     </span>
    </p>
   </div>
   <div class='ocr_carea' id='block_1_67' title="bbox 978 908 1801 945">
    <p class='ocr_par' dir='ltr' id='par_1_67' title="bbox 978 908 1801 945">
     <span class='ocr_line' id='line_1_67' title="bbox 978 908 1801 945; baseline 0.002 -10"><span class='ocrx_word' id='word_1_436' title='bbox 978 908 1064 942; x_wconf 88' lang='lat' dir='ltr'><strong>rium,</strong></span> <span class='ocrx_word' id='word_1_437' title='bbox 1079 908 1156 944; x_wconf 88' lang='lat' dir='ltr'><strong>quod</strong></span> <span class='ocrx_word' id='word_1_438' title='bbox 1169 909 1232 943; x_wconf 86' lang='lat' dir='ltr'><strong>jam</strong></span> <span class='ocrx_word' id='word_1_439' title='bbox 1249 908 1317 936; x_wconf 88' lang='lat' dir='ltr'><strong>inde</strong></span> <span class='ocrx_word' id='word_1_440' title='bbox 1331 917 1349 936; x_wconf 89' lang='lat' dir='ltr'><strong>a</strong></span> <span class='ocrx_word' id='word_1_441' title='bbox 1363 908 1495 936; x_wconf 85' lang='lat' dir='ltr'><strong>Romano</strong></span> <span class='ocrx_word' id='word_1_442' title='bbox 1510 908 1600 944; x_wconf 84' lang='lat' dir='ltr'><strong>hujus</strong></span> <span class='ocrx_word' id='word_1_443' title='bbox 1615 912 1706 945; x_wconf 86' lang='lat' dir='ltr'><strong>patre,</strong></span> <span class='ocrx_word' id='word_1_444' title='bbox 1717 916 1801 945; x_wconf 84' lang='lat' dir='ltr'><strong>scep-</strong></span> 
     </span>
    </p>
   </div>
   <div class='ocr_carea' id='block_1_68' title="bbox 978 952 1804 989">
    <p class='ocr_par' dir='ltr' id='par_1_68' title="bbox 978 952 1804 989">
     <span class='ocr_line' id='line_1_68' title="bbox 978 952 1804 989; baseline 0.001 -9"><span class='ocrx_word' id='word_1_445' title='bbox 978 955 1057 981; x_wconf 86' lang='lat' dir='ltr'><strong>trum</strong></span> <span class='ocrx_word' id='word_1_446' title='bbox 1083 953 1184 981; x_wconf 89' lang='lat' dir='ltr'><strong>ordine</strong></span> <span class='ocrx_word' id='word_1_447' title='bbox 1213 953 1382 988; x_wconf 81' lang='lat' dir='ltr'><strong>gerentibus</strong></span> <span class='ocrx_word' id='word_1_448' title='bbox 1410 952 1583 989; x_wconf 85' lang='lat' dir='ltr'><strong>Nicephoro,</strong></span> <span class='ocrx_word' id='word_1_449' title='bbox 1607 953 1752 982; x_wconf 75' lang='lat' dir='ltr'><strong>Taimisca</strong></span> <span class='ocrx_word' id='word_1_450' title='bbox 1775 956 1804 981; x_wconf 82' lang='lat' dir='ltr'><strong>et</strong></span> 
     </span>
    </p>
   </div>
   <div class='ocr_carea' id='block_1_69' title="bbox 980 997 1801 1034">
    <p class='ocr_par' dir='ltr' id='par_1_69' title="bbox 980 997 1801 1034">
     <span class='ocr_line' id='line_1_69' title="bbox 980 997 1801 1034; baseline 0 -9"><span class='ocrx_word' id='word_1_451' title='bbox 980 998 1097 1032; x_wconf 81' lang='lat' dir='ltr'><strong>Basilio,</strong></span> <span class='ocrx_word' id='word_1_452' title='bbox 1114 998 1253 1025; x_wconf 84' lang='lat' dir='ltr'><strong>ﬂoruerat</strong></span> <span class='ocrx_word' id='word_1_453' title='bbox 1267 1006 1300 1025; x_wconf 89' lang='lat' dir='ltr'><strong>ac</strong></span> <span class='ocrx_word' id='word_1_454' title='bbox 1315 997 1417 1025; x_wconf 87' lang='lat' dir='ltr'><strong>terrori</strong></span> <span class='ocrx_word' id='word_1_455' title='bbox 1429 997 1533 1025; x_wconf 87' lang='lat' dir='ltr'><strong>vicinis</strong></span> <span class='ocrx_word' id='word_1_456' title='bbox 1548 997 1686 1034; x_wconf 75' lang='lat' dir='ltr'><strong>gentibus</strong></span> <span class='ocrx_word' id='word_1_457' title='bbox 1697 998 1801 1025; x_wconf 81' lang='lat' dir='ltr'><strong>fuerat.</strong></span> 
     </span>
    </p>
   </div>
   <div class='ocr_carea' id='block_1_70' title="bbox 978 1042 1804 1078">
    <p class='ocr_par' dir='ltr' id='par_1_70' title="bbox 978 1042 1804 1078">
     <span class='ocr_line' id='line_1_70' title="bbox 978 1042 1804 1078; baseline 0 -8"><span class='ocrx_word' id='word_1_458' title='bbox 978 1043 1013 1070; x_wconf 88' lang='lat' dir='ltr'><strong>Et</strong></span> <span class='ocrx_word' id='word_1_459' title='bbox 1028 1050 1095 1070; x_wconf 85' lang='lat' dir='ltr'><strong>vero</strong></span> <span class='ocrx_word' id='word_1_460' title='bbox 1115 1042 1326 1070; x_wconf 84' lang='lat' dir='ltr'><strong>Constantinus</strong></span> <span class='ocrx_word' id='word_1_461' title='bbox 1342 1051 1400 1070; x_wconf 89' lang='lat' dir='ltr'><strong>non</strong></span> <span class='ocrx_word' id='word_1_462' title='bbox 1424 1042 1510 1070; x_wconf 89' lang='lat' dir='ltr'><strong>modo</strong></span> <span class='ocrx_word' id='word_1_463' title='bbox 1526 1043 1637 1078; x_wconf 86' lang='lat' dir='ltr'><strong>absque</strong></span> <span class='ocrx_word' id='word_1_464' title='bbox 1652 1042 1760 1070; x_wconf 83' lang='lat' dir='ltr'><strong>indicio</strong></span> <span class='ocrx_word' id='word_1_465' title='bbox 1776 1046 1804 1071; x_wconf 89' lang='lat' dir='ltr'><strong>et</strong></span> 
     </span>
    </p>
   </div>
   <div class='ocr_carea' id='block_1_71' title="bbox 978 1086 1801 1122">
    <p class='ocr_par' dir='ltr' id='par_1_71' title="bbox 978 1086 1801 1122">
     <span class='ocr_line' id='line_1_71' title="bbox 978 1086 1801 1122; baseline 0.001 -8"><span class='ocrx_word' id='word_1_466' title='bbox 978 1090 1088 1114; x_wconf 83' lang='lat' dir='ltr'><strong>temere</strong></span> <span class='ocrx_word' id='word_1_467' title='bbox 1096 1086 1287 1122; x_wconf 81' lang='lat' dir='ltr'><strong>magistratus</strong></span> <span class='ocrx_word' id='word_1_468' title='bbox 1296 1086 1420 1122; x_wconf 83' lang='lat' dir='ltr'><strong>legebat,</strong></span> <span class='ocrx_word' id='word_1_469' title='bbox 1427 1087 1476 1114; x_wconf 86' lang='lat' dir='ltr'><strong>sed</strong></span> <span class='ocrx_word' id='word_1_470' title='bbox 1485 1088 1513 1114; x_wconf 86' lang='lat' dir='ltr'><strong>et</strong></span> <span class='ocrx_word' id='word_1_471' title='bbox 1524 1086 1768 1122; x_wconf 63' lang='lat' dir='ltr'><strong>prestantissimu</strong></span> <span class='ocrx_word' id='word_1_472' title='bbox 1775 1096 1801 1115; x_wconf 89' lang='lat' dir='ltr'><strong>m</strong></span> 
     </span>
    </p>
   </div>
   <div class='ocr_carea' id='block_1_72' title="bbox 978 1131 1802 1168">
    <p class='ocr_par' dir='ltr' id='par_1_72' title="bbox 978 1131 1802 1168">
     <span class='ocr_line' id='line_1_72' title="bbox 978 1131 1802 1168; baseline 0 -9"><span class='ocrx_word' id='word_1_473' title='bbox 978 1140 1125 1168; x_wconf 85' lang='lat' dir='ltr'><strong>quemque</strong></span> <span class='ocrx_word' id='word_1_474' title='bbox 1141 1131 1261 1159; x_wconf 83' lang='lat' dir='ltr'><strong>vexabat</strong></span> <span class='ocrx_word' id='word_1_475' title='bbox 1276 1140 1309 1159; x_wconf 87' lang='lat' dir='ltr'><strong>ac</strong></span> <span class='ocrx_word' id='word_1_476' title='bbox 1327 1139 1383 1159; x_wconf 91' lang='lat' dir='ltr'><strong>non</strong></span> <span class='ocrx_word' id='word_1_477' title='bbox 1400 1132 1536 1159; x_wconf 85' lang='lat' dir='ltr'><strong>cessabat</strong></span> <span class='ocrx_word' id='word_1_478' title='bbox 1550 1131 1716 1159; x_wconf 83' lang='lat' dir='ltr'><strong>illustribus</strong></span> <span class='ocrx_word' id='word_1_479' title='bbox 1731 1132 1802 1159; x_wconf 85' lang='lat' dir='ltr'><strong>viris</strong></span> 
     </span>
    </p>
   </div>
   <div class='ocr_carea' id='block_1_73' title="bbox 977 1176 1803 1211">
    <p class='ocr_par' dir='ltr' id='par_1_73' title="bbox 977 1176 1803 1211">
     <span class='ocr_line' id='line_1_73' title="bbox 977 1176 1803 1211; baseline 0.001 -8"><span class='ocrx_word' id='word_1_480' title='bbox 977 1176 1123 1204; x_wconf 77' lang='lat' dir='ltr'><strong>insidiari.</strong></span> <span class='ocrx_word' id='word_1_481' title='bbox 1140 1176 1199 1203; x_wconf 80' lang='lat' dir='ltr'><strong>Hoc</strong></span> <span class='ocrx_word' id='word_1_482' title='bbox 1215 1176 1299 1203; x_wconf 88' lang='lat' dir='ltr'><strong>modo</strong></span> <span class='ocrx_word' id='word_1_483' title='bbox 1314 1176 1537 1203; x_wconf 84' lang='lat' dir='ltr'><strong>Constantinum</strong></span> <span class='ocrx_word' id='word_1_484' title='bbox 1554 1176 1723 1211; x_wconf 83' lang='lat' dir='ltr'><strong>patricium,</strong></span> <span class='ocrx_word' id='word_1_485' title='bbox 1739 1185 1803 1204; x_wconf 89' lang='lat' dir='ltr'><strong>ma-</strong></span> 
     </span>
    </p>
   </div>
   <div class='ocr_carea' id='block_1_74' title="bbox 979 1219 1803 1256">
    <p class='ocr_par' dir='ltr' id='par_1_74' title="bbox 979 1219 1803 1256">
     <span class='ocr_line' id='line_1_74' title="bbox 979 1219 1803 1256; baseline 0 -8"><span class='ocrx_word' id='word_1_486' title='bbox 979 1221 1064 1256; x_wconf 81' lang='lat' dir='ltr'><strong>gistri</strong></span> <span class='ocrx_word' id='word_1_487' title='bbox 1093 1220 1225 1248; x_wconf 85' lang='lat' dir='ltr'><strong>Michaeli</strong></span> <span class='ocrx_word' id='word_1_488' title='bbox 1262 1220 1374 1247; x_wconf 71' lang='lat' dir='ltr'><strong>Burtzae</strong></span> <span class='ocrx_word' id='word_1_489' title='bbox 1410 1220 1515 1255; x_wconf 84' lang='lat' dir='ltr'><strong>ﬁlium,</strong></span> <span class='ocrx_word' id='word_1_490' title='bbox 1545 1219 1640 1248; x_wconf 89' lang='lat' dir='ltr'><strong>oculis</strong></span> <span class='ocrx_word' id='word_1_491' title='bbox 1668 1221 1803 1256; x_wconf 85' lang='lat' dir='ltr'><strong>privavit,</strong></span> 
     </span>
    </p>
   </div>
   <div class='ocr_carea' id='block_1_75' title="bbox 979 1264 1803 1300">
    <p class='ocr_par' dir='ltr' id='par_1_75' title="bbox 979 1264 1803 1300">
     <span class='ocr_line' id='line_1_75' title="bbox 979 1264 1803 1300; baseline 0.001 -9"><span class='ocrx_word' id='word_1_492' title='bbox 979 1265 1110 1292; x_wconf 77' lang='lat' dir='ltr'><strong>olfensus</strong></span> <span class='ocrx_word' id='word_1_493' title='bbox 1125 1264 1161 1291; x_wconf 88' lang='lat' dir='ltr'><strong>ab</strong></span> <span class='ocrx_word' id='word_1_494' title='bbox 1176 1271 1209 1291; x_wconf 87' lang='lat' dir='ltr'><strong>eo</strong></span> <span class='ocrx_word' id='word_1_495' title='bbox 1223 1266 1290 1292; x_wconf 87' lang='lat' dir='ltr'><strong>ante</strong></span> <span class='ocrx_word' id='word_1_496' title='bbox 1304 1264 1411 1291; x_wconf 86' lang='lat' dir='ltr'><strong>initum</strong></span> <span class='ocrx_word' id='word_1_497' title='bbox 1436 1264 1607 1300; x_wconf 83' lang='lat' dir='ltr'><strong>imperium,</strong></span> <span class='ocrx_word' id='word_1_498' title='bbox 1623 1264 1705 1292; x_wconf 82' lang='lat' dir='ltr'><strong>fratri</strong></span> <span class='ocrx_word' id='word_1_499' title='bbox 1720 1265 1803 1292; x_wconf 86' lang='lat' dir='ltr'><strong>Basi-</strong></span> 
     </span>
    </p>
   </div>
   <div class='ocr_carea' id='block_1_76' title="bbox 979 1308 1806 1346">
    <p class='ocr_par' dir='ltr' id='par_1_76' title="bbox 979 1308 1806 1346">
     <span class='ocr_line' id='line_1_76' title="bbox 979 1308 1806 1346; baseline 0.001 -10"><span class='ocrx_word' id='word_1_500' title='bbox 979 1309 1018 1336; x_wconf 86' lang='lat' dir='ltr'><strong>lio</strong></span> <span class='ocrx_word' id='word_1_501' title='bbox 1032 1308 1129 1344; x_wconf 89' lang='lat' dir='ltr'><strong>turpia</strong></span> <span class='ocrx_word' id='word_1_502' title='bbox 1142 1308 1237 1344; x_wconf 87' lang='lat' dir='ltr'><strong>ipsius</strong></span> <span class='ocrx_word' id='word_1_503' title='bbox 1252 1309 1327 1337; x_wconf 81' lang='lat' dir='ltr'><strong>facta</strong></span> <span class='ocrx_word' id='word_1_504' title='bbox 1340 1309 1542 1336; x_wconf 85' lang='lat' dir='ltr'><strong>indicante.Et</strong></span> <span class='ocrx_word' id='word_1_505' title='bbox 1556 1309 1631 1337; x_wconf 84' lang='lat' dir='ltr'><strong>alios</strong></span> <span class='ocrx_word' id='word_1_506' title='bbox 1644 1309 1722 1337; x_wconf 89' lang='lat' dir='ltr'><strong>haud</strong></span> <span class='ocrx_word' id='word_1_507' title='bbox 1735 1318 1806 1346; x_wconf 89' lang='lat' dir='ltr'><strong>pau-</strong></span> 
     </span>
    </p>
   </div>
   <div class='ocr_carea' id='block_1_77' title="bbox 981 1353 1804 1389">
    <p class='ocr_par' dir='ltr' id='par_1_77' title="bbox 981 1353 1804 1389">
     <span class='ocr_line' id='line_1_77' title="bbox 981 1353 1804 1389; baseline 0 -7"><span class='ocrx_word' id='word_1_508' title='bbox 981 1362 1030 1382; x_wconf 89' lang='lat' dir='ltr'><strong>cos</strong></span> <span class='ocrx_word' id='word_1_509' title='bbox 1045 1356 1218 1389; x_wconf 71' lang='lat' dir='ltr'><strong>praestantes</strong></span> <span class='ocrx_word' id='word_1_510' title='bbox 1233 1354 1310 1381; x_wconf 88' lang='lat' dir='ltr'><strong>viros</strong></span> <span class='ocrx_word' id='word_1_511' title='bbox 1325 1361 1340 1380; x_wconf 91' lang='lat' dir='ltr'><strong>e</strong></span> <span class='ocrx_word' id='word_1_512' title='bbox 1356 1353 1452 1381; x_wconf 89' lang='lat' dir='ltr'><strong>medio</strong></span> <span class='ocrx_word' id='word_1_513' title='bbox 1475 1353 1608 1386; x_wconf 78' lang='lat' dir='ltr'><strong>sustulit.</strong></span> <span class='ocrx_word' id='word_1_514' title='bbox 1624 1356 1658 1382; x_wconf 89' lang='lat' dir='ltr'><strong>ut</strong></span> <span class='ocrx_word' id='word_1_515' title='bbox 1671 1362 1725 1382; x_wconf 82' lang='lat' dir='ltr'><strong>suo</strong></span> <span class='ocrx_word' id='word_1_516' title='bbox 1740 1354 1804 1382; x_wconf 86' lang='lat' dir='ltr'><strong>loco</strong></span> 
     </span>
    </p>
   </div>
   <div class='ocr_carea' id='block_1_78' title="bbox 981 1397 1803 1434">
    <p class='ocr_par' dir='ltr' id='par_1_78' title="bbox 981 1397 1803 1434">
     <span class='ocr_line' id='line_1_78' title="bbox 981 1397 1803 1434; baseline 0.001 -9"><span class='ocrx_word' id='word_1_517' title='bbox 981 1398 1103 1426; x_wconf 87' lang='lat' dir='ltr'><strong>dicetur.</strong></span> <span class='ocrx_word' id='word_1_518' title='bbox 1121 1397 1202 1426; x_wconf 88' lang='lat' dir='ltr'><strong>Talia</strong></span> <span class='ocrx_word' id='word_1_519' title='bbox 1224 1405 1294 1434; x_wconf 80' lang='lat' dir='ltr'><strong>ergo</strong></span> <span class='ocrx_word' id='word_1_520' title='bbox 1321 1398 1438 1425; x_wconf 81' lang='lat' dir='ltr'><strong>fuerunt</strong></span> <span class='ocrx_word' id='word_1_521' title='bbox 1462 1398 1578 1434; x_wconf 87' lang='lat' dir='ltr'><strong>imperii</strong></span> <span class='ocrx_word' id='word_1_522' title='bbox 1604 1397 1693 1434; x_wconf 74' lang='lat' dir='ltr'><strong>hujus</strong></span> <span class='ocrx_word' id='word_1_523' title='bbox 1709 1398 1803 1426; x_wconf 89' lang='lat' dir='ltr'><strong>initia.</strong></span> 
     </span>
    </p>
   </div>
   <div class='ocr_carea' id='block_1_79' title="bbox 980 1447 1806 1484">
    <p class='ocr_par' dir='ltr' id='par_1_79' title="bbox 980 1447 1806 1484">
     <span class='ocr_line' id='line_1_79' title="bbox 980 1447 1806 1484; baseline 0.001 -9"><span class='ocrx_word' id='word_1_524' title='bbox 980 1447 1047 1479; x_wconf 79' lang='lat' dir='ltr'><strong>Quae</strong></span> <span class='ocrx_word' id='word_1_525' title='bbox 1058 1447 1215 1475; x_wconf 83' lang='lat' dir='ltr'><strong>subsecuta</strong></span> <span class='ocrx_word' id='word_1_526' title='bbox 1225 1448 1306 1481; x_wconf 86' lang='lat' dir='ltr'><strong>sunt,</strong></span> <span class='ocrx_word' id='word_1_527' title='bbox 1317 1455 1448 1483; x_wconf 80' lang='lat' dir='ltr'><strong>quasnam</strong></span> <span class='ocrx_word' id='word_1_528' title='bbox 1461 1447 1553 1483; x_wconf 84' lang='lat' dir='ltr'><strong>possit</strong></span> <span class='ocrx_word' id='word_1_529' title='bbox 1563 1447 1651 1483; x_wconf 84' lang='lat' dir='ltr'><strong>digne</strong></span> <span class='ocrx_word' id='word_1_530' title='bbox 1659 1448 1806 1484; x_wconf 85' lang='lat' dir='ltr'><strong>explicare</strong></span> 
     </span>
    </p>
   </div>
   <div class='ocr_carea' id='block_1_80' title="bbox 981 1491 1804 1527">
    <p class='ocr_par' dir='ltr' id='par_1_80' title="bbox 981 1491 1804 1527">
     <span class='ocr_line' id='line_1_80' title="bbox 981 1491 1804 1527; baseline 0 -7"><span class='ocrx_word' id='word_1_531' title='bbox 981 1492 1133 1520; x_wconf 82' lang='lat' dir='ltr'><strong>narratio?</strong></span> <span class='ocrx_word' id='word_1_532' title='bbox 1149 1491 1235 1527; x_wconf 90' lang='lat' dir='ltr'><strong>Solis,</strong></span> <span class='ocrx_word' id='word_1_533' title='bbox 1252 1491 1294 1520; x_wconf 89' lang='lat' dir='ltr'><strong>uti</strong></span> <span class='ocrx_word' id='word_1_534' title='bbox 1311 1492 1422 1526; x_wconf 87' lang='lat' dir='ltr'><strong>monui,</strong></span> <span class='ocrx_word' id='word_1_535' title='bbox 1438 1492 1556 1520; x_wconf 86' lang='lat' dir='ltr'><strong>deditus</strong></span> <span class='ocrx_word' id='word_1_536' title='bbox 1572 1492 1682 1520; x_wconf 88' lang='lat' dir='ltr'><strong>scurris</strong></span> <span class='ocrx_word' id='word_1_537' title='bbox 1697 1500 1731 1520; x_wconf 85' lang='lat' dir='ltr'><strong>ao</strong></span> <span class='ocrx_word' id='word_1_538' title='bbox 1747 1493 1804 1520; x_wconf 92' lang='lat' dir='ltr'><strong>mi-</strong></span> 
     </span>
    </p>
   </div>
   <div class='ocr_carea' id='block_1_81' title="bbox 979 1536 1803 1572">
    <p class='ocr_par' dir='ltr' id='par_1_81' title="bbox 979 1536 1803 1572">
     <span class='ocr_line' id='line_1_81' title="bbox 979 1536 1803 1572; baseline 0.001 -8"><span class='ocrx_word' id='word_1_539' title='bbox 979 1537 1035 1564; x_wconf 86' lang='lat' dir='ltr'><strong>mis</strong></span> <span class='ocrx_word' id='word_1_540' title='bbox 1051 1540 1079 1565; x_wconf 88' lang='lat' dir='ltr'><strong>et</strong></span> <span class='ocrx_word' id='word_1_541' title='bbox 1094 1537 1181 1569; x_wconf 81' lang='lat' dir='ltr'><strong>ludis,</strong></span> <span class='ocrx_word' id='word_1_542' title='bbox 1197 1539 1230 1564; x_wconf 89' lang='lat' dir='ltr'><strong>ut</strong></span> <span class='ocrx_word' id='word_1_543' title='bbox 1245 1544 1330 1564; x_wconf 88' lang='lat' dir='ltr'><strong>nemo</strong></span> <span class='ocrx_word' id='word_1_544' title='bbox 1346 1544 1478 1572; x_wconf 89' lang='lat' dir='ltr'><strong>unquam</strong></span> <span class='ocrx_word' id='word_1_545' title='bbox 1495 1536 1602 1572; x_wconf 81' lang='lat' dir='ltr'><strong>magis,</strong></span> <span class='ocrx_word' id='word_1_546' title='bbox 1616 1537 1803 1572; x_wconf 80' lang='lat' dir='ltr'><strong>equestribus</strong></span> 
     </span>
    </p>
   </div>
   <div class='ocr_carea' id='block_1_82' title="bbox 977 1580 1802 1616">
    <p class='ocr_par' dir='ltr' id='par_1_82' title="bbox 977 1580 1802 1616">
     <span class='ocr_line' id='line_1_82' title="bbox 977 1580 1802 1616; baseline -0.001 -7"><span class='ocrx_word' id='word_1_547' title='bbox 977 1583 1091 1616; x_wconf 84' lang='lat' dir='ltr'><strong>captus,</strong></span> <span class='ocrx_word' id='word_1_548' title='bbox 1104 1582 1156 1609; x_wconf 88' lang='lat' dir='ltr'><strong>hos</strong></span> <span class='ocrx_word' id='word_1_549' title='bbox 1172 1582 1256 1608; x_wconf 83' lang='lat' dir='ltr'><strong>unice</strong></span> <span class='ocrx_word' id='word_1_550' title='bbox 1272 1580 1326 1608; x_wconf 86' lang='lat' dir='ltr'><strong>sibi</strong></span> <span class='ocrx_word' id='word_1_551' title='bbox 1343 1581 1491 1608; x_wconf 77' lang='lat' dir='ltr'><strong>curandos</strong></span> <span class='ocrx_word' id='word_1_552' title='bbox 1506 1580 1716 1615; x_wconf 83' lang='lat' dir='ltr'><strong>arbitrabatur,</strong></span> <span class='ocrx_word' id='word_1_553' title='bbox 1733 1580 1802 1608; x_wconf 88' lang='lat' dir='ltr'><strong>reli-</strong></span> 
     </span>
    </p>
   </div>
   <div class='ocr_carea' id='block_1_83' title="bbox 978 1623 1802 1661">
    <p class='ocr_par' dir='ltr' id='par_1_83' title="bbox 978 1623 1802 1661">
     <span class='ocr_line' id='line_1_83' title="bbox 978 1623 1802 1661; baseline 0.001 -9"><span class='ocrx_word' id='word_1_554' title='bbox 978 1633 1111 1661; x_wconf 89' lang='lat' dir='ltr'><strong>quorum,</strong></span> <span class='ocrx_word' id='word_1_555' title='bbox 1127 1625 1204 1660; x_wconf 87' lang='lat' dir='ltr'><strong>quod</strong></span> <span class='ocrx_word' id='word_1_556' title='bbox 1220 1632 1254 1652; x_wconf 84' lang='lat' dir='ltr'><strong>ea</strong></span> <span class='ocrx_word' id='word_1_557' title='bbox 1280 1624 1343 1652; x_wconf 86' lang='lat' dir='ltr'><strong>suis</strong></span> <span class='ocrx_word' id='word_1_558' title='bbox 1359 1624 1478 1660; x_wconf 87' lang='lat' dir='ltr'><strong>ineptiis</strong></span> <span class='ocrx_word' id='word_1_559' title='bbox 1494 1632 1528 1652; x_wconf 87' lang='lat' dir='ltr'><strong>ac</strong></span> <span class='ocrx_word' id='word_1_560' title='bbox 1543 1623 1685 1653; x_wconf 87' lang='lat' dir='ltr'><strong>libinihus</strong></span> <span class='ocrx_word' id='word_1_561' title='bbox 1701 1627 1802 1661; x_wconf 86' lang='lat' dir='ltr'><strong>poste-</strong></span> 
     </span>
    </p>
   </div>
   <div class='ocr_carea' id='block_1_84' title="bbox 977 1669 1800 1706">
    <p class='ocr_par' dir='ltr' id='par_1_84' title="bbox 977 1669 1800 1706">
     <span class='ocr_line' id='line_1_84' title="bbox 977 1669 1800 1706; baseline 0 -9"><span class='ocrx_word' id='word_1_562' title='bbox 977 1670 1076 1698; x_wconf 84' lang='lat' dir='ltr'><strong>riorad</strong></span> <span class='ocrx_word' id='word_1_563' title='bbox 1083 1669 1309 1704; x_wconf 86' lang='lat' dir='ltr'><strong>ucebat,nullnm</strong></span> <span class='ocrx_word' id='word_1_564' title='bbox 1321 1669 1432 1697; x_wconf 78' lang='lat' dir='ltr'><strong>habens</strong></span> <span class='ocrx_word' id='word_1_565' title='bbox 1445 1669 1800 1706; x_wconf 87' lang='lat' dir='ltr'><strong>rationem.Nicephorum</strong></span> 
     </span>
    </p>
   </div>
   <div class='ocr_carea' id='block_1_85' title="bbox 977 1714 1803 1749">
    <p class='ocr_par' dir='ltr' id='par_1_85' title="bbox 977 1714 1803 1749">
     <span class='ocr_line' id='line_1_85' title="bbox 977 1714 1803 1749; baseline 0 -8"><span class='ocrx_word' id='word_1_566' title='bbox 977 1715 1170 1747; x_wconf 85' lang='lat' dir='ltr'><strong>Comnenum,</strong></span> <span class='ocrx_word' id='word_1_567' title='bbox 1186 1716 1281 1742; x_wconf 89' lang='lat' dir='ltr'><strong>virum</strong></span> <span class='ocrx_word' id='word_1_568' title='bbox 1309 1715 1481 1749; x_wconf 87' lang='lat' dir='ltr'><strong>prudentem</strong></span> <span class='ocrx_word' id='word_1_569' title='bbox 1498 1714 1576 1742; x_wconf 69' lang='grc'><strong>482</strong></span> <span class='ocrx_word' id='word_1_570' title='bbox 1594 1722 1626 1741; x_wconf 88' lang='lat' dir='ltr'><strong>ac</strong></span> <span class='ocrx_word' id='word_1_571' title='bbox 1651 1714 1758 1742; x_wconf 88' lang='lat' dir='ltr'><strong>virtute</strong></span> <span class='ocrx_word' id='word_1_572' title='bbox 1773 1717 1803 1741; x_wconf 89' lang='lat' dir='ltr'><strong>et</strong></span> 
     </span>
    </p>
   </div>
   <div class='ocr_carea' id='block_1_86' title="bbox 979 1758 1802 1794">
    <p class='ocr_par' dir='ltr' id='par_1_86' title="bbox 979 1758 1802 1794">
     <span class='ocr_line' id='line_1_86' title="bbox 979 1758 1802 1794; baseline 0 -8"><span class='ocrx_word' id='word_1_573' title='bbox 979 1760 1148 1787; x_wconf 83' lang='lat' dir='ltr'><strong>fortitudine</strong></span> <span class='ocrx_word' id='word_1_574' title='bbox 1179 1759 1330 1794; x_wconf 81' lang='lat' dir='ltr'><strong>inclytum,</strong></span> <span class='ocrx_word' id='word_1_575' title='bbox 1360 1759 1409 1794; x_wconf 93' lang='lat' dir='ltr'><strong>qui</strong></span> <span class='ocrx_word' id='word_1_576' title='bbox 1441 1758 1624 1793; x_wconf 76' lang='lat' dir='ltr'><strong>Aspracaniaa</strong></span> <span class='ocrx_word' id='word_1_577' title='bbox 1650 1759 1802 1794; x_wconf 61' lang='lat' dir='ltr'><strong>prefectus</strong></span> 
     </span>
    </p>
   </div>
   <div class='ocr_carea' id='block_1_87' title="bbox 979 1803 1800 1839">
    <p class='ocr_par' dir='ltr' id='par_1_87' title="bbox 979 1803 1800 1839">
     <span class='ocr_line' id='line_1_87' title="bbox 979 1803 1800 1839; baseline -0.001 -8"><span class='ocrx_word' id='word_1_578' title='bbox 979 1803 1103 1831; x_wconf 84' lang='lat' dir='ltr'><strong>finitima</strong></span> <span class='ocrx_word' id='word_1_579' title='bbox 1115 1803 1278 1839; x_wconf 80' lang='lat' dir='ltr'><strong>subegerat,</strong></span> <span class='ocrx_word' id='word_1_580' title='bbox 1299 1803 1409 1830; x_wconf 88' lang='lat' dir='ltr'><strong>nullam</strong></span> <span class='ocrx_word' id='word_1_581' title='bbox 1423 1803 1459 1830; x_wconf 93' lang='lat' dir='ltr'><strong>ob</strong></span> <span class='ocrx_word' id='word_1_582' title='bbox 1471 1803 1585 1838; x_wconf 86' lang='lat' dir='ltr'><strong>justam</strong></span> <span class='ocrx_word' id='word_1_583' title='bbox 1602 1810 1733 1838; x_wconf 86' lang='lat' dir='ltr'><strong>causam,</strong></span> <span class='ocrx_word' id='word_1_584' title='bbox 1751 1803 1800 1830; x_wconf 86' lang='lat' dir='ltr'><strong>sed</strong></span> 
     </span>
    </p>
   </div>
   <div class='ocr_carea' id='block_1_88' title="bbox 977 1847 1803 1882">
    <p class='ocr_par' dir='ltr' id='par_1_88' title="bbox 977 1847 1803 1882">
     <span class='ocr_line' id='line_1_88' title="bbox 977 1847 1803 1882; baseline -0.001 -7"><span class='ocrx_word' id='word_1_585' title='bbox 977 1848 1076 1876; x_wconf 84' lang='lat' dir='ltr'><strong>virtuti</strong></span> <span class='ocrx_word' id='word_1_586' title='bbox 1093 1848 1222 1875; x_wconf 89' lang='lat' dir='ltr'><strong>hominis</strong></span> <span class='ocrx_word' id='word_1_587' title='bbox 1245 1847 1388 1881; x_wconf 75' lang='lat' dir='ltr'><strong>invidens,</strong></span> <span class='ocrx_word' id='word_1_588' title='bbox 1406 1847 1569 1882; x_wconf 84' lang='lat' dir='ltr'><strong>majestatis</strong></span> <span class='ocrx_word' id='word_1_589' title='bbox 1587 1855 1669 1874; x_wconf 86' lang='lat' dir='ltr'><strong>reum</strong></span> <span class='ocrx_word' id='word_1_590' title='bbox 1687 1847 1755 1875; x_wconf 76' lang='lat' dir='ltr'><strong>fecit</strong></span> <span class='ocrx_word' id='word_1_591' title='bbox 1771 1855 1803 1874; x_wconf 90' lang='lat' dir='ltr'><strong>ac</strong></span> 
     </span>
    </p>
   </div>
   <div class='ocr_carea' id='block_1_89' title="bbox 978 1891 1804 1927">
    <p class='ocr_par' dir='ltr' id='par_1_89' title="bbox 978 1891 1804 1927">
     <span class='ocr_line' id='line_1_89' title="bbox 978 1891 1804 1927; baseline -0.001 -7"><span class='ocrx_word' id='word_1_592' title='bbox 978 1892 1141 1920; x_wconf 87' lang='lat' dir='ltr'><strong>luminibus</strong></span> <span class='ocrx_word' id='word_1_593' title='bbox 1157 1892 1277 1920; x_wconf 85' lang='lat' dir='ltr'><strong>orbavit.</strong></span> <span class='ocrx_word' id='word_1_594' title='bbox 1306 1893 1333 1919; x_wconf 89' lang='lat' dir='ltr'><strong>ls</strong></span> <span class='ocrx_word' id='word_1_595' title='bbox 1347 1892 1424 1919; x_wconf 89' lang='lat' dir='ltr'><strong>enim</strong></span> <span class='ocrx_word' id='word_1_596' title='bbox 1448 1891 1628 1927; x_wconf 86' lang='lat' dir='ltr'><strong>Nicephorus</strong></span> <span class='ocrx_word' id='word_1_597' title='bbox 1643 1899 1720 1927; x_wconf 75' lang='lat' dir='ltr'><strong>saepe</strong></span> <span class='ocrx_word' id='word_1_598' title='bbox 1736 1899 1804 1919; x_wconf 87' lang='lat' dir='ltr'><strong>cum</strong></span> 
     </span>
    </p>
   </div>
   <div class='ocr_carea' id='block_1_90' title="bbox 978 1937 1806 1973">
    <p class='ocr_par' dir='ltr' id='par_1_90' title="bbox 978 1937 1806 1973">
     <span class='ocr_line' id='line_1_90' title="bbox 978 1937 1806 1973; baseline -0.001 -9"><span class='ocrx_word' id='word_1_599' title='bbox 978 1938 1082 1965; x_wconf 87' lang='lat' dir='ltr'><strong>vicinis</strong></span> <span class='ocrx_word' id='word_1_600' title='bbox 1098 1938 1126 1965; x_wconf 92' lang='lat' dir='ltr'><strong>in</strong></span> <span class='ocrx_word' id='word_1_601' title='bbox 1143 1938 1236 1965; x_wconf 85' lang='lat' dir='ltr'><strong>Media</strong></span> <span class='ocrx_word' id='word_1_602' title='bbox 1251 1937 1403 1964; x_wconf 84' lang='lat' dir='ltr'><strong>Saracenis</strong></span> <span class='ocrx_word' id='word_1_603' title='bbox 1414 1945 1600 1973; x_wconf 85' lang='lat' dir='ltr'><strong>congressus,</strong></span> <span class='ocrx_word' id='word_1_604' title='bbox 1617 1945 1684 1965; x_wconf 86' lang='lat' dir='ltr'><strong>cum</strong></span> <span class='ocrx_word' id='word_1_605' title='bbox 1695 1937 1806 1964; x_wconf 88' lang='lat' dir='ltr'><strong>videret</strong></span> 
     </span>
    </p>
   </div>
   <div class='ocr_carea' id='block_1_91' title="bbox 980 1982 1804 2018">
    <p class='ocr_par' dir='ltr' id='par_1_91' title="bbox 980 1982 1804 2018">
     <span class='ocr_line' id='line_1_91' title="bbox 980 1982 1804 2018; baseline -0.001 -7"><span class='ocrx_word' id='word_1_606' title='bbox 980 1991 1049 2011; x_wconf 86' lang='lat' dir='ltr'><strong>suos</strong></span> <span class='ocrx_word' id='word_1_607' title='bbox 1064 1983 1173 2010; x_wconf 79' lang='lat' dir='ltr'><strong>milites</strong></span> <span class='ocrx_word' id='word_1_608' title='bbox 1189 1983 1265 2010; x_wconf 82' lang='lat' dir='ltr'><strong>hosti</strong></span> <span class='ocrx_word' id='word_1_609' title='bbox 1291 1982 1417 2017; x_wconf 83' lang='lat' dir='ltr'><strong>turpiter</strong></span> <span class='ocrx_word' id='word_1_610' title='bbox 1439 1983 1522 2018; x_wconf 85' lang='lat' dir='ltr'><strong>terga</strong></span> <span class='ocrx_word' id='word_1_611' title='bbox 1546 1982 1682 2017; x_wconf 85' lang='lat' dir='ltr'><strong>objicere,</strong></span> <span class='ocrx_word' id='word_1_612' title='bbox 1699 1990 1804 2017; x_wconf 83' lang='lat' dir='ltr'><strong>expro-</strong></span> 
     </span>
    </p>
   </div>
   <div class='ocr_carea' id='block_1_92' title="bbox 980 2026 1804 2062">
    <p class='ocr_par' dir='ltr' id='par_1_92' title="bbox 980 2026 1804 2062">
     <span class='ocr_line' id='line_1_92' title="bbox 980 2026 1804 2062; baseline 0 -8"><span class='ocrx_word' id='word_1_613' title='bbox 980 2027 1091 2055; x_wconf 84' lang='lat' dir='ltr'><strong>brando</strong></span> <span class='ocrx_word' id='word_1_614' title='bbox 1107 2027 1149 2054; x_wconf 91' lang='lat' dir='ltr'><strong>eis</strong></span> <span class='ocrx_word' id='word_1_615' title='bbox 1177 2026 1340 2061; x_wconf 84' lang='lat' dir='ltr'><strong>mollitiem,</strong></span> <span class='ocrx_word' id='word_1_616' title='bbox 1357 2026 1562 2062; x_wconf 85' lang='lat' dir='ltr'><strong>hortandoque</strong></span> <span class='ocrx_word' id='word_1_617' title='bbox 1578 2035 1613 2055; x_wconf 90' lang='lat' dir='ltr'><strong>ne</strong></span> <span class='ocrx_word' id='word_1_618' title='bbox 1628 2027 1698 2062; x_wconf 81' lang='lat' dir='ltr'><strong>fuga</strong></span> <span class='ocrx_word' id='word_1_619' title='bbox 1713 2027 1804 2062; x_wconf 85' lang='lat' dir='ltr'><strong>turpi,</strong></span> 
     </span>
    </p>
   </div>
   <div class='ocr_carea' id='block_1_93' title="bbox 980 2070 1803 2107">
    <p class='ocr_par' dir='ltr' id='par_1_93' title="bbox 980 2070 1803 2107">
     <span class='ocr_line' id='line_1_93' title="bbox 980 2070 1803 2107; baseline -0.001 -8"><span class='ocrx_word' id='word_1_620' title='bbox 980 2072 1029 2100; x_wconf 88' lang='lat' dir='ltr'><strong>sed</strong></span> <span class='ocrx_word' id='word_1_621' title='bbox 1046 2072 1160 2099; x_wconf 81' lang='lat' dir='ltr'><strong>fortiter</strong></span> <span class='ocrx_word' id='word_1_622' title='bbox 1169 2071 1327 2107; x_wconf 84' lang='lat' dir='ltr'><strong>pugnando</strong></span> <span class='ocrx_word' id='word_1_623' title='bbox 1339 2079 1370 2098; x_wconf 88' lang='lat' dir='ltr'><strong>se</strong></span> <span class='ocrx_word' id='word_1_624' title='bbox 1379 2074 1542 2106; x_wconf 88' lang='lat' dir='ltr'><strong>tuerentur,</strong></span> <span class='ocrx_word' id='word_1_625' title='bbox 1557 2071 1591 2098; x_wconf 90' lang='lat' dir='ltr'><strong>ad</strong></span> <span class='ocrx_word' id='word_1_626' title='bbox 1603 2070 1803 2098; x_wconf 82' lang='lat' dir='ltr'><strong>fortitudinem</strong></span> 
     </span>
    </p>
   </div>
   <div class='ocr_carea' id='block_1_94' title="bbox 980 2115 1806 2152">
    <p class='ocr_par' dir='ltr' id='par_1_94' title="bbox 980 2115 1806 2152">
     <span class='ocr_line' id='line_1_94' title="bbox 980 2115 1806 2152; baseline -0.001 -8"><span class='ocrx_word' id='word_1_627' title='bbox 980 2117 1125 2144; x_wconf 84' lang='lat' dir='ltr'><strong>excitavit.</strong></span> <span class='ocrx_word' id='word_1_628' title='bbox 1151 2117 1283 2152; x_wconf 84' lang='lat' dir='ltr'><strong>Cumque</strong></span> <span class='ocrx_word' id='word_1_629' title='bbox 1308 2116 1344 2143; x_wconf 89' lang='lat' dir='ltr'><strong>ab</strong></span> <span class='ocrx_word' id='word_1_630' title='bbox 1361 2116 1396 2143; x_wconf 89' lang='lat' dir='ltr'><strong>iis</strong></span> <span class='ocrx_word' id='word_1_631' title='bbox 1421 2116 1510 2143; x_wconf 83' lang='lat' dir='ltr'><strong>etiam</strong></span> <span class='ocrx_word' id='word_1_632' title='bbox 1534 2115 1726 2151; x_wconf 85' lang='lat' dir='ltr'><strong>jurejurando</strong></span> <span class='ocrx_word' id='word_1_633' title='bbox 1748 2115 1806 2143; x_wconf 89' lang='lat' dir='ltr'><strong>sibi</strong></span> 
     </span>
    </p>
   </div>
   <div class='ocr_carea' id='block_1_95' title="bbox 980 2159 1805 2198">
    <p class='ocr_par' dir='ltr' id='par_1_95' title="bbox 980 2159 1805 2198">
     <span class='ocr_line' id='line_1_95' title="bbox 980 2159 1805 2198; baseline -0.002 -9"><span class='ocrx_word' id='word_1_634' title='bbox 980 2161 1110 2198; x_wconf 89' lang='lat' dir='ltr'><strong>promitti</strong></span> <span class='ocrx_word' id='word_1_635' title='bbox 1127 2162 1257 2197; x_wconf 81' lang='lat' dir='ltr'><strong>posceret</strong></span> <span class='ocrx_word' id='word_1_636' title='bbox 1273 2168 1340 2188; x_wconf 86' lang='lat' dir='ltr'><strong>cum</strong></span> <span class='ocrx_word' id='word_1_637' title='bbox 1351 2160 1415 2196; x_wconf 88' lang='lat' dir='ltr'><strong>ipso</strong></span> <span class='ocrx_word' id='word_1_638' title='bbox 1431 2160 1466 2188; x_wconf 90' lang='lat' dir='ltr'><strong>ad</strong></span> <span class='ocrx_word' id='word_1_639' title='bbox 1485 2163 1608 2188; x_wconf 90' lang='lat' dir='ltr'><strong>mortem</strong></span> <span class='ocrx_word' id='word_1_640' title='bbox 1625 2167 1719 2196; x_wconf 85' lang='lat' dir='ltr'><strong>usque</strong></span> <span class='ocrx_word' id='word_1_641' title='bbox 1733 2167 1764 2188; x_wconf 86' lang='lat' dir='ltr'><strong>se</strong></span> <span class='ocrx_word' id='word_1_642' title='bbox 1775 2159 1805 2187; x_wconf 90' lang='lat' dir='ltr'><strong>in</strong></span> 
     </span>
    </p>
   </div>
   <div class='ocr_carea' id='block_1_96' title="bbox 104 2202 867 2243">
    <p class='ocr_par' dir='ltr' id='par_1_96' title="bbox 104 2202 866 2243">
     <span class='ocr_line' id='line_1_96' title="bbox 104 2202 866 2243; baseline 0 -11"><span class='ocrx_word' id='word_1_643' title='bbox 104 2203 242 2240; x_wconf 76' lang='grc' dir='ltr'>οὐδεμίαν,</span> <span class='ocrx_word' id='word_1_644' title='bbox 262 2207 312 2239; x_wconf 83' lang='grc' dir='ltr'>τῆς</span> <span class='ocrx_word' id='word_1_645' title='bbox 351 2202 379 2231; x_wconf 78' lang='grc' dir='ltr'>δὶ</span> <span class='ocrx_word' id='word_1_646' title='bbox 416 2204 512 2241; x_wconf 76' lang='grc' dir='ltr'>ἀρετῆς</span> <span class='ocrx_word' id='word_1_647' title='bbox 550 2204 687 2241; x_wconf 76' lang='grc' dir='ltr'>φθονήσας</span> <span class='ocrx_word' id='word_1_648' title='bbox 721 2204 866 2243; x_wconf 63' lang='grc' dir='ltr'>ἀπετῦφλω</span> 
     </span>
    </p>
   </div>
   <div class='ocr_carea' id='block_1_97' title="bbox 1041 2202 1804 2243">
    <p class='ocr_par' dir='ltr' id='par_1_97' title="bbox 1041 2203 1804 2242">
     <span class='ocr_line' id='line_1_97' title="bbox 1041 2203 1804 2242; baseline -0.003 -9"><span class='ocrx_word' id='word_1_649' title='bbox 1041 2214 1092 2233; x_wconf 87' lang='lat' dir='ltr'><strong>.em</strong></span> <span class='ocrx_word' id='word_1_650' title='bbox 1110 2207 1303 2242; x_wconf 84' lang='lat' dir='ltr'><strong>pugnaturos,</strong></span> <span class='ocrx_word' id='word_1_651' title='bbox 1320 2205 1428 2241; x_wconf 88' lang='lat' dir='ltr'><strong>scripto</strong></span> <span class='ocrx_word' id='word_1_652' title='bbox 1451 2204 1548 2232; x_wconf 87' lang='lat' dir='ltr'><strong>libello</strong></span> <span class='ocrx_word' id='word_1_653' title='bbox 1564 2205 1599 2232; x_wconf 85' lang='lat' dir='ltr'><strong>ad</strong></span> <span class='ocrx_word' id='word_1_654' title='bbox 1616 2204 1669 2232; x_wconf 87' lang='lat' dir='ltr'><strong>hoc</strong></span> <span class='ocrx_word' id='word_1_655' title='bbox 1685 2212 1717 2232; x_wconf 86' lang='lat' dir='ltr'><strong>se</strong></span> <span class='ocrx_word' id='word_1_656' title='bbox 1731 2203 1804 2231; x_wconf 89' lang='lat' dir='ltr'><strong>obli-</strong></span> 
     </span>
    </p>
   </div>
   <div class='ocr_carea' id='block_1_98' title="bbox 105 2247 925 2287">
    <p class='ocr_par' dir='ltr' id='par_1_98' title="bbox 105 2247 925 2287">
     <span class='ocr_line' id='line_1_98' title="bbox 105 2247 925 2287; baseline -0.001 -10"><span class='ocrx_word' id='word_1_657' title='bbox 105 2247 231 2287; x_wconf 70' lang='grc' dir='ltr'>ἕγκλημα</span> <span class='ocrx_word' id='word_1_658' title='bbox 253 2248 343 2284; x_wconf 77' lang='grc' dir='ltr'>τούτῳ</span> <span class='ocrx_word' id='word_1_659' title='bbox 364 2248 553 2280; x_wconf 83' lang='grc' dir='ltr'>καθοσιώσεως</span> <span class='ocrx_word' id='word_1_660' title='bbox 576 2248 735 2286; x_wconf 72' lang='grc' dir='ltr'>ἐπενεγκών.</span> <span class='ocrx_word' id='word_1_661' title='bbox 761 2249 847 2280; x_wconf 80' lang='grc' dir='ltr'>Οὗτος</span> <span class='ocrx_word' id='word_1_662' title='bbox 873 2249 925 2287; x_wconf 71' lang='grc' dir='ltr'><strong>γὰρ</strong></span> 
     </span>
    </p>
   </div>
   <div class='ocr_carea' id='block_1_99' title="bbox 104 2292 927 2330">
    <p class='ocr_par' dir='ltr' id='par_1_99' title="bbox 104 2292 927 2330">
     <span class='ocr_line' id='line_1_99' title="bbox 104 2292 927 2330; baseline 0 -10"><span class='ocrx_word' id='word_1_663' title='bbox 104 2292 240 2325; x_wconf 83' lang='grc' dir='ltr'>πολλάκις</span> <span class='ocrx_word' id='word_1_664' title='bbox 277 2292 506 2330; x_wconf 80' lang='grc' dir='ltr'>συμπλεκόμενος</span> <span class='ocrx_word' id='word_1_665' title='bbox 539 2295 597 2324; x_wconf 89' lang='grc' dir='ltr'>τοῖς</span> <span class='ocrx_word' id='word_1_666' title='bbox 636 2293 750 2330; x_wconf 81' lang='grc' dir='ltr'>γείτοσιν</span> <span class='ocrx_word' id='word_1_667' title='bbox 778 2293 804 2321; x_wconf 80' lang='grc' dir='ltr'>ἐν</span> <span class='ocrx_word' id='word_1_668' title='bbox 833 2292 927 2329; x_wconf 78' lang='grc' dir='ltr'>Μηδίᾳ</span> 
     </span>
    </p>
   </div>
   <div class='ocr_carea' id='block_1_100' title="bbox 107 2336 927 2375">
    <p class='ocr_par' dir='ltr' id='par_1_100' title="bbox 107 2336 927 2375">
     <span class='ocr_line' id='line_1_100' title="bbox 107 2336 927 2375; baseline 0.001 -11"><span class='ocrx_word' id='word_1_669' title='bbox 107 2339 284 2374; x_wconf 80' lang='grc' dir='ltr'>Σαρακηνοῖς,</span> <span class='ocrx_word' id='word_1_670' title='bbox 308 2337 353 2365; x_wconf 86' lang='grc' dir='ltr'><strong>καὶ</strong></span> <span class='ocrx_word' id='word_1_671' title='bbox 377 2337 441 2370; x_wconf 80' lang='grc' dir='ltr'>τοὺς</span> <span class='ocrx_word' id='word_1_672' title='bbox 467 2336 562 2365; x_wconf 71' lang='grc' dir='ltr'>ἑαυτοῦ</span> <span class='ocrx_word' id='word_1_673' title='bbox 591 2338 757 2375; x_wconf 84' lang='grc' dir='ltr'>στρατιώτας</span> <span class='ocrx_word' id='word_1_674' title='bbox 782 2337 927 2374; x_wconf 79' lang='grc' dir='ltr'>μαλακιζο·</span> 
     </span>
    </p>
   </div>
   <div class='ocr_carea' id='block_1_101' title="bbox 109 2381 926 2420">
    <p class='ocr_par' dir='ltr' id='par_1_101' title="bbox 109 2381 926 2420">
     <span class='ocr_line' id='line_1_101' title="bbox 109 2381 926 2420; baseline 0.001 -11"><span class='ocrx_word' id='word_1_675' title='bbox 109 2382 202 2419; x_wconf 82' lang='grc' dir='ltr'>μένους</span> <span class='ocrx_word' id='word_1_676' title='bbox 221 2382 292 2419; x_wconf 82' lang='grc' dir='ltr'>ὁρῶν</span> <span class='ocrx_word' id='word_1_677' title='bbox 319 2381 419 2410; x_wconf 86' lang='grc' dir='ltr'>καὶτά</span> <span class='ocrx_word' id='word_1_678' title='bbox 456 2384 528 2410; x_wconf 85' lang='grc' dir='ltr'>νῶτα</span> <span class='ocrx_word' id='word_1_679' title='bbox 555 2381 699 2420; x_wconf 79' lang='grc' dir='ltr'>στέφοντας</span> <span class='ocrx_word' id='word_1_680' title='bbox 727 2382 853 2419; x_wconf 80' lang='grc' dir='ltr'>ἀκόσμως</span> <span class='ocrx_word' id='word_1_681' title='bbox 881 2382 926 2410; x_wconf 74' lang='grc' dir='ltr'><strong>καί</strong></span> 
     </span>
    </p>
   </div>
   <div class='ocr_carea' id='block_1_102' title="bbox 108 2425 926 2464">
    <p class='ocr_par' dir='ltr' id='par_1_102' title="bbox 108 2425 926 2464">
     <span class='ocr_line' id='line_1_102' title="bbox 108 2425 926 2464; baseline 0.001 -11"><span class='ocrx_word' id='word_1_682' title='bbox 108 2426 263 2464; x_wconf 64' lang='grc' dir='ltr'>φεῦγοντας,</span> <span class='ocrx_word' id='word_1_683' title='bbox 280 2425 324 2453; x_wconf 78' lang='grc' dir='ltr'>καὶ</span> <span class='ocrx_word' id='word_1_684' title='bbox 349 2426 383 2454; x_wconf 73' lang='grc' dir='ltr'><strong>τὰ</strong></span> <span class='ocrx_word' id='word_1_685' title='bbox 409 2426 456 2463; x_wconf 77' lang='grc' dir='ltr'>μὶν</span> <span class='ocrx_word' id='word_1_686' title='bbox 479 2426 629 2462; x_wconf 74' lang='grc' dir='ltr'>ὀνειδίζων,</span> <span class='ocrx_word' id='word_1_687' title='bbox 651 2428 685 2454; x_wconf 76' lang='grc' dir='ltr'>τὰ</span> <span class='ocrx_word' id='word_1_688' title='bbox 708 2425 736 2454; x_wconf 64' lang='grc' dir='ltr'>δὲ</span> <span class='ocrx_word' id='word_1_689' title='bbox 762 2427 807 2454; x_wconf 78' lang='grc' dir='ltr'><strong>καὶ</strong></span> <span class='ocrx_word' id='word_1_690' title='bbox 838 2437 926 2464; x_wconf 84' lang='grc' dir='ltr'>παρα-</span> 
     </span>
    </p>
   </div>
   <div class='ocr_carea' id='block_1_103' title="bbox 107 2470 928 2509">
    <p class='ocr_par' dir='ltr' id='par_1_103' title="bbox 107 2470 928 2509">
     <span class='ocr_line' id='line_1_103' title="bbox 107 2470 928 2509; baseline 0.001 -11"><span class='ocrx_word' id='word_1_691' title='bbox 107 2470 196 2498; x_wconf 83' lang='grc' dir='ltr'>καλῶν</span> <span class='ocrx_word' id='word_1_692' title='bbox 213 2470 251 2507; x_wconf 81' lang='grc' dir='ltr'>μή</span> <span class='ocrx_word' id='word_1_693' title='bbox 265 2470 336 2497; x_wconf 70' lang='grc' dir='ltr'>οὕτω</span> <span class='ocrx_word' id='word_1_694' title='bbox 352 2470 460 2509; x_wconf 73' lang='grc' dir='ltr'>φεύγειν</span> <span class='ocrx_word' id='word_1_695' title='bbox 482 2471 616 2509; x_wconf 76' lang='grc' dir='ltr'>αἰσχρῶς,</span> <span class='ocrx_word' id='word_1_696' title='bbox 633 2471 696 2499; x_wconf 79' lang='grc' dir='ltr'>ἀλλ’</span> <span class='ocrx_word' id='word_1_697' title='bbox 708 2470 833 2503; x_wconf 69' lang='grc' dir='ltr'>ἵστασθαι</span> <span class='ocrx_word' id='word_1_698' title='bbox 860 2473 928 2499; x_wconf 76' lang='grc' dir='ltr'>κατὰ</span> 
     </span>
    </p>
   </div>
   <div class='ocr_carea' id='block_1_104' title="bbox 107 2513 926 2554">
    <p class='ocr_par' dir='ltr' id='par_1_104' title="bbox 107 2513 926 2554">
     <span class='ocr_line' id='line_1_104' title="bbox 107 2513 926 2554; baseline 0.002 -12"><span class='ocrx_word' id='word_1_699' title='bbox 107 2517 159 2543; x_wconf 87' lang='grc' dir='ltr'><strong>τῶν</strong></span> <span class='ocrx_word' id='word_1_700' title='bbox 197 2513 353 2542; x_wconf 77' lang='grc' dir='ltr'>ἀντιπάλων</span> <span class='ocrx_word' id='word_1_701' title='bbox 387 2516 537 2553; x_wconf 75' lang='grc' dir='ltr'>γενναίως,</span> <span class='ocrx_word' id='word_1_702' title='bbox 574 2514 662 2543; x_wconf 80' lang='grc' dir='ltr'>ἔπεισε</span> <span class='ocrx_word' id='word_1_703' title='bbox 697 2517 926 2554; x_wconf 77' lang='grc' dir='ltr'>συγκαταθέσθαι.</span> 
     </span>
    </p>
   </div>
   <div class='ocr_carea' id='block_1_105' title="bbox 107 2562 926 2602">
    <p class='ocr_par' dir='ltr' id='par_1_105' title="bbox 107 2562 926 2602">
     <span class='ocr_line' id='line_1_105' title="bbox 107 2562 926 2602; baseline 0.001 -10"><span class='ocrx_word' id='word_1_704' title='bbox 107 2565 150 2595; x_wconf 82' lang='grc' dir='ltr'>Ὠς</span> <span class='ocrx_word' id='word_1_705' title='bbox 166 2562 194 2591; x_wconf 73' lang='grc' dir='ltr'>δὲ</span> <span class='ocrx_word' id='word_1_706' title='bbox 207 2563 253 2591; x_wconf 86' lang='grc' dir='ltr'><strong>καὶ</strong></span> <span class='ocrx_word' id='word_1_707' title='bbox 276 2563 421 2601; x_wconf 79' lang='grc' dir='ltr'>ἐνωμότως</span> <span class='ocrx_word' id='word_1_708' title='bbox 441 2565 489 2598; x_wconf 74' lang='grc' dir='ltr'>τὴν</span> <span class='ocrx_word' id='word_1_709' title='bbox 515 2565 655 2596; x_wconf 80' lang='grc' dir='ltr'>κατάθεσιν</span> <span class='ocrx_word' id='word_1_710' title='bbox 681 2562 827 2602; x_wconf 76' lang='grc' dir='ltr'>βεϐαιῶσαι</span> <span class='ocrx_word' id='word_1_711' title='bbox 849 2566 926 2598; x_wconf 80' lang='grc' dir='ltr'>οὗτος</span> 
     </span>
    </p>
   </div>
   <div class='ocr_carea' id='block_1_106' title="bbox 109 2607 927 2647">
    <p class='ocr_par' dir='ltr' id='par_1_106' title="bbox 109 2607 927 2647">
     <span class='ocr_line' id='line_1_106' title="bbox 109 2607 927 2647; baseline 0.001 -10"><span class='ocrx_word' id='word_1_712' title='bbox 109 2609 215 2645; x_wconf 73' lang='grc' dir='ltr'>ἀπῄτει,</span> <span class='ocrx_word' id='word_1_713' title='bbox 246 2607 287 2636; x_wconf 77' lang='grc' dir='ltr'><strong>δτι</strong></span> <span class='ocrx_word' id='word_1_714' title='bbox 316 2608 364 2636; x_wconf 82' lang='grc' dir='ltr'><strong>σὺν</strong></span> <span class='ocrx_word' id='word_1_715' title='bbox 391 2609 464 2645; x_wconf 81' lang='grc' dir='ltr'>αὐτῷ</span> <span class='ocrx_word' id='word_1_716' title='bbox 497 2611 638 2641; x_wconf 79' lang='grc' dir='ltr'>θανοῦνται</span> <span class='ocrx_word' id='word_1_717' title='bbox 678 2610 831 2647; x_wconf 87' lang='grc' dir='ltr'>μαχόμενοι</span> <span class='ocrx_word' id='word_1_718' title='bbox 859 2611 927 2647; x_wconf 89' lang='grc' dir='ltr'>πρὸς</span> 
     </span>
    </p>
   </div>
   <div class='ocr_carea' id='block_1_107' title="bbox 109 2651 928 2692">
    <p class='ocr_par' dir='ltr' id='par_1_107' title="bbox 109 2651 928 2692">
     <span class='ocr_line' id='line_1_107' title="bbox 109 2651 928 2692; baseline 0.002 -11"><span class='ocrx_word' id='word_1_719' title='bbox 109 2653 169 2684; x_wconf 71' lang='grc' dir='ltr'>τοὺς</span> <span class='ocrx_word' id='word_1_720' title='bbox 193 2651 354 2690; x_wconf 71' lang='grc' dir='ltr'>πολεμίους,</span> <span class='ocrx_word' id='word_1_721' title='bbox 378 2653 514 2691; x_wconf 76' lang='grc' dir='ltr'>Ιγγραφον</span> <span class='ocrx_word' id='word_1_722' title='bbox 546 2652 708 2681; x_wconf 77' lang='grc' dir='ltr'>ἐκδεδώκασι</span> <span class='ocrx_word' id='word_1_723' title='bbox 732 2658 928 2692; x_wconf 75' lang='grc' dir='ltr'>γραμματεῖον,</span> 
     </span>
    </p>
   </div>
   <div class='ocr_carea' id='block_1_108' title="bbox 110 2697 930 2738">
    <p class='ocr_par' dir='ltr' id='par_1_108' title="bbox 110 2697 930 2738">
     <span class='ocr_line' id='line_1_108' title="bbox 110 2697 930 2738; baseline 0.002 -12"><span class='ocrx_word' id='word_1_724' title='bbox 110 2697 360 2735; x_wconf 81' lang='grc' dir='ltr'>παλαμναιοτάταις</span> <span class='ocrx_word' id='word_1_725' title='bbox 390 2698 466 2735; x_wconf 80' lang='grc' dir='ltr'>ἀραῖς</span> <span class='ocrx_word' id='word_1_726' title='bbox 494 2698 538 2725; x_wconf 80' lang='grc' dir='ltr'>καὶ</span> <span class='ocrx_word' id='word_1_727' title='bbox 576 2697 804 2737; x_wconf 79' lang='grc' dir='ltr'>φρικωδεστάτοις</span> <span class='ocrx_word' id='word_1_728' title='bbox 838 2700 930 2738; x_wconf 76' lang='grc' dir='ltr'>ὅρκοις</span> 
     </span>
    </p>
   </div>
   <div class='ocr_carea' id='block_1_109' title="bbox 111 2741 928 2782">
    <p class='ocr_par' dir='ltr' id='par_1_109' title="bbox 111 2741 928 2782">
     <span class='ocr_line' id='line_1_109' title="bbox 111 2741 928 2782; baseline 0.002 -11"><span class='ocrx_word' id='word_1_729' title='bbox 111 2741 332 2780; x_wconf 72' lang='grc' dir='ltr'>ὶμπεδωσάμενοι</span> <span class='ocrx_word' id='word_1_730' title='bbox 361 2746 457 2778; x_wconf 82' lang='grc' dir='ltr'>στῆναι</span> <span class='ocrx_word' id='word_1_731' title='bbox 481 2741 630 2781; x_wconf 76' lang='grc' dir='ltr'>ῥωμαλίως</span> <span class='ocrx_word' id='word_1_732' title='bbox 663 2742 689 2770; x_wconf 74' lang='grc' dir='ltr'>ἰν</span> <span class='ocrx_word' id='word_1_733' title='bbox 722 2745 756 2780; x_wconf 79' lang='grc' dir='ltr'>τῇ</span> <span class='ocrx_word' id='word_1_734' title='bbox 786 2744 928 2782; x_wconf 79' lang='grc' dir='ltr'>παρατάξει</span> 
     </span>
    </p>
   </div>
   <div class='ocr_carea' id='block_1_110' title="bbox 981 2249 1806 2287">
    <p class='ocr_par' dir='ltr' id='par_1_110' title="bbox 981 2249 1806 2287">
     <span class='ocr_line' id='line_1_110' title="bbox 981 2249 1806 2287; baseline -0.004 -9"><span class='ocrx_word' id='word_1_735' title='bbox 981 2259 1094 2287; x_wconf 86' lang='lat' dir='ltr'><strong>gavere,</strong></span> <span class='ocrx_word' id='word_1_736' title='bbox 1105 2250 1134 2277; x_wconf 94' lang='lat' dir='ltr'><strong>in</strong></span> <span class='ocrx_word' id='word_1_737' title='bbox 1147 2258 1204 2285; x_wconf 92' lang='lat' dir='ltr'><strong>quo</strong></span> <span class='ocrx_word' id='word_1_738' title='bbox 1215 2249 1372 2277; x_wconf 86' lang='lat' dir='ltr'><strong>dirissimis</strong></span> <span class='ocrx_word' id='word_1_739' title='bbox 1387 2257 1452 2277; x_wconf 90' lang='lat' dir='ltr'><strong>sese</strong></span> <span class='ocrx_word' id='word_1_740' title='bbox 1464 2249 1644 2276; x_wconf 86' lang='lat' dir='ltr'><strong>devovebant</strong></span> <span class='ocrx_word' id='word_1_741' title='bbox 1659 2249 1806 2284; x_wconf 86' lang='lat' dir='ltr'><strong>impreca-</strong></span> 
     </span>
    </p>
   </div>
   <div class='ocr_carea' id='block_1_111' title="bbox 982 2293 1806 2329">
    <p class='ocr_par' dir='ltr' id='par_1_111' title="bbox 982 2293 1806 2329">
     <span class='ocr_line' id='line_1_111' title="bbox 982 2293 1806 2329; baseline -0.002 -7"><span class='ocrx_word' id='word_1_742' title='bbox 982 2295 1120 2328; x_wconf 81' lang='lat' dir='ltr'><strong>tionibus,</strong></span> <span class='ocrx_word' id='word_1_743' title='bbox 1132 2294 1190 2322; x_wconf 89' lang='lat' dir='ltr'><strong>nisi</strong></span> <span class='ocrx_word' id='word_1_744' title='bbox 1201 2294 1313 2322; x_wconf 88' lang='lat' dir='ltr'><strong>fortiter</strong></span> <span class='ocrx_word' id='word_1_745' title='bbox 1323 2294 1351 2320; x_wconf 93' lang='lat' dir='ltr'><strong>in</strong></span> <span class='ocrx_word' id='word_1_746' title='bbox 1365 2301 1463 2329; x_wconf 75' lang='lat' dir='ltr'><strong>pugna</strong></span> <span class='ocrx_word' id='word_1_747' title='bbox 1471 2295 1584 2320; x_wconf 84' lang='lat' dir='ltr'><strong>starent</strong></span> <span class='ocrx_word' id='word_1_748' title='bbox 1594 2294 1623 2320; x_wconf 88' lang='lat' dir='ltr'><strong>et</strong></span> <span class='ocrx_word' id='word_1_749' title='bbox 1632 2293 1668 2320; x_wconf 86' lang='lat' dir='ltr'><strong>ad</strong></span> <span class='ocrx_word' id='word_1_750' title='bbox 1681 2294 1806 2320; x_wconf 88' lang='lat' dir='ltr'><strong>mortem</strong></span> 
     </span>
    </p>
   </div>
   <div class='ocr_carea' id='block_1_112' title="bbox 982 2336 1808 2375">
    <p class='ocr_par' dir='ltr' id='par_1_112' title="bbox 982 2336 1808 2375">
     <span class='ocr_line' id='line_1_112' title="bbox 982 2336 1808 2375; baseline -0.004 -8"><span class='ocrx_word' id='word_1_751' title='bbox 982 2347 1076 2375; x_wconf 88' lang='lat' dir='ltr'><strong>usque</strong></span> <span class='ocrx_word' id='word_1_752' title='bbox 1097 2347 1164 2366; x_wconf 87' lang='lat' dir='ltr'><strong>cum</strong></span> <span class='ocrx_word' id='word_1_753' title='bbox 1190 2339 1263 2366; x_wconf 89' lang='lat' dir='ltr'><strong>duce</strong></span> <span class='ocrx_word' id='word_1_754' title='bbox 1288 2340 1515 2374; x_wconf 82' lang='lat' dir='ltr'><strong>perseverarent.</strong></span> <span class='ocrx_word' id='word_1_755' title='bbox 1539 2337 1598 2364; x_wconf 86' lang='lat' dir='ltr'><strong>Hoc</strong></span> <span class='ocrx_word' id='word_1_756' title='bbox 1625 2336 1675 2364; x_wconf 90' lang='lat' dir='ltr'><strong>ubi</strong></span> <span class='ocrx_word' id='word_1_757' title='bbox 1692 2336 1808 2364; x_wconf 88' lang='lat' dir='ltr'><strong>rescivit</strong></span> 
     </span>
    </p>
   </div>
   <div class='ocr_carea' id='block_1_113' title="bbox 981 2381 1806 2418">
    <p class='ocr_par' dir='ltr' id='par_1_113' title="bbox 981 2381 1806 2418">
     <span class='ocr_line' id='line_1_113' title="bbox 981 2381 1806 2418; baseline -0.004 -6"><span class='ocrx_word' id='word_1_758' title='bbox 981 2384 1202 2416; x_wconf 84' lang='lat' dir='ltr'><strong>Constantinus,</strong></span> <span class='ocrx_word' id='word_1_759' title='bbox 1213 2382 1291 2410; x_wconf 87' lang='lat' dir='ltr'><strong>illico</strong></span> <span class='ocrx_word' id='word_1_760' title='bbox 1303 2382 1511 2418; x_wconf 85' lang='lat' dir='ltr'><strong>magistratum</strong></span> <span class='ocrx_word' id='word_1_761' title='bbox 1518 2381 1666 2410; x_wconf 87' lang='lat' dir='ltr'><strong>Comneno</strong></span> <span class='ocrx_word' id='word_1_762' title='bbox 1673 2381 1806 2417; x_wconf 80' lang='lat' dir='ltr'><strong>abrogat,</strong></span> 
     </span>
    </p>
   </div>
   <div class='ocr_carea' id='block_1_114' title="bbox 983 2430 1807 2468">
    <p class='ocr_par' dir='ltr' id='par_1_114' title="bbox 983 2430 1807 2468">
     <span class='ocr_line' id='line_1_114' title="bbox 983 2430 1807 2468; baseline -0.002 -8"><span class='ocrx_word' id='word_1_763' title='bbox 983 2434 1030 2460; x_wconf 92' lang='lat' dir='ltr'><strong>red</strong></span> <span class='ocrx_word' id='word_1_764' title='bbox 1037 2436 1195 2468; x_wconf 87' lang='lat' dir='ltr'><strong>uetumque</strong></span> <span class='ocrx_word' id='word_1_765' title='bbox 1203 2431 1304 2467; x_wconf 90' lang='lat' dir='ltr'><strong>Cpolin</strong></span> <span class='ocrx_word' id='word_1_766' title='bbox 1317 2431 1460 2467; x_wconf 79' lang='lat' dir='ltr'><strong>iniudicio</strong></span> <span class='ocrx_word' id='word_1_767' title='bbox 1468 2430 1695 2467; x_wconf 83' lang='lat' dir='ltr'><strong>conspirationis</strong></span> <span class='ocrx_word' id='word_1_768' title='bbox 1707 2433 1807 2458; x_wconf 83' lang='lat' dir='ltr'><strong>contra</strong></span> 
     </span>
    </p>
   </div>
   <div class='ocr_carea' id='block_1_115' title="bbox 982 2475 1807 2514">
    <p class='ocr_par' dir='ltr' id='par_1_115' title="bbox 982 2475 1807 2514">
     <span class='ocr_line' id='line_1_115' title="bbox 982 2475 1807 2514; baseline -0.004 -9"><span class='ocrx_word' id='word_1_769' title='bbox 982 2478 1188 2514; x_wconf 85' lang='lat' dir='ltr'><strong>imperatorem</strong></span> <span class='ocrx_word' id='word_1_770' title='bbox 1206 2478 1336 2509; x_wconf 77' lang='lat' dir='ltr'><strong>accusat,</strong></span> <span class='ocrx_word' id='word_1_771' title='bbox 1348 2477 1544 2511; x_wconf 83' lang='lat' dir='ltr'><strong>damnatoque</strong></span> <span class='ocrx_word' id='word_1_772' title='bbox 1559 2475 1692 2503; x_wconf 85' lang='lat' dir='ltr'><strong>criminis</strong></span> <span class='ocrx_word' id='word_1_773' title='bbox 1707 2475 1807 2503; x_wconf 84' lang='lat' dir='ltr'><strong>oculos</strong></span> 
     </span>
    </p>
   </div>
   <div class='ocr_carea' id='block_1_116' title="bbox 983 2519 1809 2556">
    <p class='ocr_par' dir='ltr' id='par_1_116' title="bbox 983 2519 1809 2556">
     <span class='ocr_line' id='line_1_116' title="bbox 983 2519 1809 2556; baseline -0.004 -6"><span class='ocrx_word' id='word_1_774' title='bbox 983 2523 1069 2551; x_wconf 86' lang='lat' dir='ltr'><strong>eruit.</strong></span> <span class='ocrx_word' id='word_1_775' title='bbox 1088 2523 1185 2549; x_wconf 71' lang='lat' dir='ltr'><strong>Bardaa</strong></span> <span class='ocrx_word' id='word_1_776' title='bbox 1201 2522 1288 2549; x_wconf 87' lang='lat' dir='ltr'><strong>etiam</strong></span> <span class='ocrx_word' id='word_1_777' title='bbox 1306 2520 1437 2556; x_wconf 88' lang='lat' dir='ltr'><strong>patricio,</strong></span> <span class='ocrx_word' id='word_1_778' title='bbox 1451 2520 1544 2548; x_wconf 83' lang='lat' dir='ltr'><strong>Barda</strong></span> <span class='ocrx_word' id='word_1_779' title='bbox 1561 2520 1702 2556; x_wconf 79' lang='lat' dir='ltr'><strong>magistro</strong></span> <span class='ocrx_word' id='word_1_780' title='bbox 1713 2519 1809 2548; x_wconf 87' lang='lat' dir='ltr'><strong>Phoca</strong></span> 
     </span>
    </p>
   </div>
   <div class='ocr_carea' id='block_1_117' title="bbox 986 2564 1810 2604">
    <p class='ocr_par' dir='ltr' id='par_1_117' title="bbox 986 2564 1810 2604">
     <span class='ocr_line' id='line_1_117' title="bbox 986 2564 1810 2604; baseline -0.002 -10"><span class='ocrx_word' id='word_1_781' title='bbox 986 2571 1138 2604; x_wconf 80' lang='lat' dir='ltr'><strong>prognata,</strong></span> <span class='ocrx_word' id='word_1_782' title='bbox 1154 2566 1286 2594; x_wconf 80' lang='lat' dir='ltr'><strong>infensus</strong></span> <span class='ocrx_word' id='word_1_783' title='bbox 1303 2574 1336 2593; x_wconf 85' lang='lat' dir='ltr'><strong>ac</strong></span> <span class='ocrx_word' id='word_1_784' title='bbox 1352 2564 1501 2593; x_wconf 90' lang='lat' dir='ltr'><strong>nonnullis</strong></span> <span class='ocrx_word' id='word_1_785' title='bbox 1516 2564 1593 2600; x_wconf 90' lang='lat' dir='ltr'><strong>aliis,</strong></span> <span class='ocrx_word' id='word_1_786' title='bbox 1609 2573 1698 2601; x_wconf 87' lang='lat' dir='ltr'><strong>opera</strong></span> <span class='ocrx_word' id='word_1_787' title='bbox 1712 2564 1810 2600; x_wconf 87' lang='lat' dir='ltr'><strong>cujus-</strong></span> 
     </span>
    </p>
   </div>
   <div class='ocr_carea' id='block_1_118' title="bbox 985 2609 1808 2639">
    <p class='ocr_par' dir='ltr' id='par_1_118' title="bbox 985 2609 1808 2639">
     <span class='ocr_line' id='line_1_118' title="bbox 985 2609 1808 2639; baseline -0.004 0"><span class='ocrx_word' id='word_1_788' title='bbox 985 2613 1052 2639; x_wconf 87' lang='lat' dir='ltr'><strong>dam</strong></span> <span class='ocrx_word' id='word_1_789' title='bbox 1069 2611 1295 2638; x_wconf 81' lang='lat' dir='ltr'><strong>domesticorum</strong></span> <span class='ocrx_word' id='word_1_790' title='bbox 1312 2618 1434 2637; x_wconf 87' lang='lat' dir='ltr'><strong>suorum</strong></span> <span class='ocrx_word' id='word_1_791' title='bbox 1446 2609 1693 2637; x_wconf 81' lang='lat' dir='ltr'><strong>calumniatorum</strong></span> <span class='ocrx_word' id='word_1_792' title='bbox 1708 2609 1808 2637; x_wconf 89' lang='lat' dir='ltr'><strong>dolum</strong></span> 
     </span>
    </p>
   </div>
   <div class='ocr_carea' id='block_1_119' title="bbox 985 2653 1808 2690">
    <p class='ocr_par' dir='ltr' id='par_1_119' title="bbox 985 2653 1808 2690">
     <span class='ocr_line' id='line_1_119' title="bbox 985 2653 1808 2690; baseline -0.002 -6"><span class='ocrx_word' id='word_1_793' title='bbox 985 2657 1084 2688; x_wconf 82' lang='lat' dir='ltr'><strong>ncctit,</strong></span> <span class='ocrx_word' id='word_1_794' title='bbox 1093 2657 1303 2690; x_wconf 77' lang='lat' dir='ltr'><strong>accusatosque</strong></span> <span class='ocrx_word' id='word_1_795' title='bbox 1315 2654 1490 2681; x_wconf 88' lang='lat' dir='ltr'><strong>insidiarum</strong></span> <span class='ocrx_word' id='word_1_796' title='bbox 1502 2653 1672 2690; x_wconf 86' lang='lat' dir='ltr'><strong>imperatori</strong></span> <span class='ocrx_word' id='word_1_797' title='bbox 1683 2655 1808 2682; x_wconf 85' lang='lat' dir='ltr'><strong>strucla-</strong></span> 
     </span>
    </p>
   </div>
   <div class='ocr_carea' id='block_1_120' title="bbox 985 2699 1808 2735">
    <p class='ocr_par' dir='ltr' id='par_1_120' title="bbox 985 2699 1808 2735">
     <span class='ocr_line' id='line_1_120' title="bbox 985 2699 1808 2735; baseline -0.004 -6"><span class='ocrx_word' id='word_1_798' title='bbox 985 2709 1050 2729; x_wconf 91' lang='lat' dir='ltr'><strong>rum</strong></span> <span class='ocrx_word' id='word_1_799' title='bbox 1067 2700 1167 2728; x_wconf 82' lang='lat' dir='ltr'><strong>statim</strong></span> <span class='ocrx_word' id='word_1_800' title='bbox 1180 2699 1273 2728; x_wconf 91' lang='lat' dir='ltr'><strong>oculis</strong></span> <span class='ocrx_word' id='word_1_801' title='bbox 1285 2699 1400 2728; x_wconf 87' lang='lat' dir='ltr'><strong>multat.</strong></span> <span class='ocrx_word' id='word_1_802' title='bbox 1413 2699 1472 2727; x_wconf 90' lang='lat' dir='ltr'><strong>Sub</strong></span> <span class='ocrx_word' id='word_1_803' title='bbox 1484 2699 1511 2727; x_wconf 92' lang='lat' dir='ltr'><strong>id</strong></span> <span class='ocrx_word' id='word_1_804' title='bbox 1524 2700 1642 2735; x_wconf 88' lang='lat' dir='ltr'><strong>tempus</strong></span> <span class='ocrx_word' id='word_1_805' title='bbox 1657 2700 1808 2735; x_wconf 85' lang='lat' dir='ltr'><strong>Naupacto</strong></span> 
     </span>
    </p>
   </div>
   <div class='ocr_carea' id='block_1_121' title="bbox 986 2743 1809 2784">
    <p class='ocr_par' dir='ltr' id='par_1_121' title="bbox 986 2743 1809 2784">
     <span class='ocr_line' id='line_1_121' title="bbox 986 2743 1809 2784; baseline -0.004 -10"><span class='ocrx_word' id='word_1_806' title='bbox 986 2747 1108 2784; x_wconf 61' lang='lat' dir='ltr'><strong>praeerat</strong></span> <span class='ocrx_word' id='word_1_807' title='bbox 1133 2745 1286 2782; x_wconf 80' lang='lat' dir='ltr'><strong>Georgius,</strong></span> <span class='ocrx_word' id='word_1_808' title='bbox 1302 2753 1389 2781; x_wconf 90' lang='lat' dir='ltr'><strong>quem</strong></span> <span class='ocrx_word' id='word_1_809' title='bbox 1413 2745 1450 2772; x_wconf 90' lang='lat' dir='ltr'><strong>ob</strong></span> <span class='ocrx_word' id='word_1_810' title='bbox 1465 2743 1556 2772; x_wconf 87' lang='lat' dir='ltr'><strong>animi</strong></span> <span class='ocrx_word' id='word_1_811' title='bbox 1580 2743 1809 2772; x_wconf 87' lang='lat' dir='ltr'><strong>inconstantiam</strong></span> 
     </span>
    </p>
   </div>
  </div>
