1919 3048
125 89 186 120 215

125 201 152 228 Is
168 209 233 228 cum
249 201 412 237 oppidanos
427 203 545 229 vexaret
566 208 674 236 eosque
688 208 722 227 ex
737 199 813 227 488
830 198 950 226 actioni-

126 243 180 272 bus
194 245 404 272 commentitiis
420 253 453 272 ac
475 244 695 272 continentibus
711 246 857 277 attereret,
874 242 950 269 sedi-

124 289 202 317 tione
217 290 357 318 adversus
368 290 466 326 ipsum
481 291 581 317 coorta
588 289 762 316 interfectus
770 290 826 322 est,
839 291 867 315 et
877 288 953 314 bona

124 333 189 369 ejus
203 334 326 369 direpta.
351 335 512 370 Imperator
537 341 595 361 non
611 335 744 360 auctores
761 332 848 359 modo
865 331 953 359 caedis

125 377 283 406 crudeliter
298 378 405 414 puniit,
423 379 473 406 sed
490 380 519 405 et
534 377 591 413 ipsi
610 385 727 405 summo
743 376 872 412 pontiﬁci
890 377 953 411 ejus

125 422 207 450 urbis
232 423 333 450 oculos
356 423 466 450 ell‘odit.
492 422 615 449 Romani
638 422 709 450 Duri
735 421 806 454 ﬁlio,
832 420 953 456 patricio

124 466 386 500 Bssilio,adversus
395 466 766 501 PrusianumBulgarorum
778 465 953 501 magistrum

124 519 157 538 ac
169 511 397 539 bucellariorum
413 511 584 547 praefectum
595 511 699 538 incidit
715 511 874 545 contentio,
885 518 954 537 ven-

125 557 249 590 tumque
261 558 307 583 est
321 556 409 582 etiam
434 555 470 582 ad
497 563 638 591 pugnam.
664 556 726 587 Qua
741 563 791 582 eos
807 554 955 582 discordia

125 598 154 626 in
168 599 283 635 imperii
294 600 480 635 majestatem
497 599 686 635 impudenter
701 599 863 634 deliquisse
874 598 955 634 judi-

126 652 207 678 cans,
224 644 347 672 alterum
372 644 402 672 in
417 644 548 678 Oxeiam,
569 644 596 671 id
615 646 659 672 est
674 647 800 679 acutam,
818 643 955 677 insulam,

126 688 251 716 alterum
264 689 293 716 in
305 688 417 717 Platam
429 688 575 724 relegavit.
587 689 622 716 Et
633 688 720 724 paulo
734 691 799 724 post
814 687 955 716 Basilium

128 733 260 761 delatum
276 734 353 769 quod
379 734 478 769 fugam
503 735 581 761 esset
605 733 775 768 meditatus,
791 732 955 761 excaecavit.

128 778 318 811 Prusianum,
331 786 398 805 cum
416 777 441 805 is
457 785 574 813 quoque
586 777 615 804 in
632 777 796 813 periculum
812 778 847 805 de
862 776 956 804 oculis

127 822 192 850 suis
207 822 347 856 venisset,
364 821 491 849 missum
509 822 588 849 fecit.
604 821 710 850 Oculos
726 823 803 849 eruit
818 824 957 858 prteterca

127 869 259 895 Romano
282 868 412 898 Curcuaa,
430 867 480 902 qui
506 874 635 894 sororem
652 866 787 894 Prusiani
809 867 838 894 in
855 866 956 894 matri-

127 911 227 939 monio
240 911 377 946 habebat,
388 910 642 946 Bogdano,Glabaa
656 910 804 939 etGudeli.
817 910 959 946 Linguam

128 956 218 984 etiam
234 955 367 991 prmoidit
381 955 526 983 Zachariae
551 955 639 983 Bestze
664 955 808 983 Tbeudeti
824 958 958 991 cognato,

129 1003 316 1028 commentus
333 1008 383 1028 eus
399 999 455 1028 sibi
470 999 593 1028 insidias
609 1000 762 1028 struxisse.

971 845 995 877 B

798 85 957 118 GEORGII
979 85 1149 117 GEDitENI

123 155 399 193 Merogeorgium,id
409 157 454 184 est
462 153 948 191 l‘atuumGeorgium,appel|abnnt.
966 184 969 190 η

1082 151 1225 178 ἀποθανεῖν
1255 150 1300 178 σὺν
1329 153 1369 186 τῷ
1399 151 1668 188 στρατηγῷ.Τοῦτο
1701 149 1743 180 ὡς
1766 147 1856 183 ἦλθεν
1905 178 1906 181 η

1795 83 1859 113 216

1007 196 1044 227 εἱς
1073 197 1129 223 ὦτα
1154 197 1202 223 τοῦ
1232 195 1445 229 Κωνσταντίνου,
1475 194 1648 232 παραλύεται
1683 194 1737 230 μὲν
1769 192 1855 224 εὐθὺς

1005 244 1055 275 τῆς
1080 240 1170 278 ἀρχῆς
1198 240 1213 267 ὁ
1235 239 1394 278 Νικηφόρος
1418 239 1463 267 καὶ
1488 239 1525 271 εἷς
1539 240 1588 273 τήν
1624 236 1767 277 βασιλίδα
1797 237 1854 265 εἷσ-

1007 284 1111 322 άγεται,
1151 284 1292 322 κριτήριόν
1328 294 1357 311 τε
1392 283 1437 311 καὶ
1471 285 1549 322 βῆμα
1586 285 1676 321 ἦρτο,
1715 281 1764 310 καὶ
1805 292 1856 310 κα-

1006 328 1176 364 ταδικάζεται
1217 329 1254 359 ὡς
1293 329 1513 365 συνομοσάμενος
1555 329 1625 355 κατὰ
1672 331 1728 362 τῆς
1774 327 1855 365 βασι-

1009 373 1094 408 λείας,
1110 373 1154 401 καὶ
1184 373 1231 405 τὰς
1260 371 1336 410 ὄψεις
1363 376 1509 408 πηροῠται.
1540 374 1579 410 [Ρ.
1604 374 1677 409 721]
1705 373 1855 410 Ἐγκοτῶν

1009 417 1038 446 δὲ
1065 418 1109 446 καὶ
1138 416 1229 455 Baiqu
1253 417 1389 455 πατρικίῳ
1416 420 1455 453 τῷ
1476 417 1579 455 ἐκγόνῳ
1604 419 1660 445 τοῦ
1695 416 1858 455 μαγίστρου

1009 463 1098 499 Βάρδα
1110 465 1157 490 τοῦ
1173 465 1258 490 Φιυκᾶ
1281 462 1325 490 καί
1347 473 1416 490 τισιν
1437 461 1546 498 ἄλλοις,
1562 462 1664 500 ῥάπτει
1698 460 1748 489 διά
1777 472 1858 492 τινος

1008 510 1062 536 τῶν
1084 506 1332 546 παρατρεφομένων
1358 509 1531 543 συκοφαντῶν
1557 505 1731 545 τυραννίδος
1763 506 1858 537 lutos-

1011 563 1051 580 σιν
1067 553 1125 580 κατ’
1143 552 1236 580 αὐτοῦ.
1252 551 1297 579 καὶ
1313 551 1390 583 εὐθὺς
1407 551 1562 591 ἀποτυφλοῖ
1575 553 1680 579 τοῦτον
1712 551 1763 578 καὶ
1792 551 1859 582 τοὺς

1009 594 1258 631 συνδιαϐλ.ηθὲντας
1280 595 1363 632 αὐτῷ.
1395 596 1444 624 Καὶ
1475 596 1592 627 στάσεως
1626 594 1659 623 δὲ
1698 594 1860 633 γενομένης
1907 594 1908 615 l

1010 641 1036 669 ἐν
1050 643 1083 678 τῇ
1101 642 1256 677 Ναυπάκτῳ
1281 641 1349 668 κατά
1377 643 1396 667 Γ
1398 640 1512 678 εωργίου
1540 643 1589 668 τοῦ
1620 641 1858 677 στρατηγοῦντος

1010 686 1105 721 αὐτῆς,
1123 686 1151 713 ὃν
1174 686 1217 713 καὶ
1244 685 1461 723 Μωρογεώργιον
1487 684 1601 712 έκάλουν
1631 683 1682 712 διὰ
1709 684 1743 712 τὸ
1775 683 1858 711 ἄστα-

1009 741 1056 759 τον
1071 732 1122 763 τῆς
1150 730 1275 768 γνώμης,
1291 730 1439 767 ἀναιρεῖται
1466 730 1513 766 μὲν
1543 730 1557 757 ὁ
1583 729 1761 767 στρατηγὸς,
1780 727 1860 766 διαρ-

1011 776 1126 810 πάζουσι
1141 774 1170 802 δὲ
1184 775 1278 802 καὶτὰ
1297 774 1433 813 προσόντα
1454 775 1541 802 πάντα
1565 773 1654 810 αὐτῷ,
1673 773 1774 805 κακῶς
1798 772 1860 801 δια-

1011 821 1152 857 τιθέμενος
1166 820 1226 858 περὶ
1242 819 1306 851 τοὺς
1328 819 1482 857 ἐγχωρίους
1505 819 1550 846 καὶ
1575 819 1743 856 εἷσπράξεσι
1776 829 1860 846 curo-

1014 866 1155 905 φισμέναις
1171 865 1217 892 καὶ
1242 865 1366 902 συνεχέσι
1393 863 1506 895 τούτους
1531 861 1702 901 συντρίϐων.
1720 864 1754 892 Ὁ
1779 863 1861 901 βασι-

1014 909 1078 941 λεὺς
1094 908 1123 937 δὲ
1138 909 1168 937 οὐ
1192 909 1274 946 μόνον
1298 908 1362 940 τοὺς
1383 908 1487 940 αἰτίους
1511 908 1625 944 ἀπηνῶς
1656 907 1782 936 ἐκόλασε
1811 910 1861 935 τοῦ

1014 955 1108 993 φόνου,
1123 953 1196 982 ἀλλὰ
1218 954 1262 982 καὶ
1284 953 1364 981 αὐτὸν
1384 953 1430 980 τὸν
1448 953 1578 991 ἀρχιερέα
1598 956 1653 988 τῆς
1683 953 1859 981 Ναυπάκτου

1014 998 1178 1038 ἐτύφλωσεν.
1199 999 1229 1027 Ὁ
1254 997 1283 1026 δὲ
1305 1000 1353 1026 τοῦ
1379 997 1508 1035 Σκληροῦ
1533 998 1684 1034 Ῥωμανοῦ
1715 998 1778 1029 υἱὸς
1806 1001 1859 1025 Βα-

1904 199 1908 308 ι

1904 199 1908 308 ι

1905 747 1908 929 ι

1906 946 1908 1039 ι

130 1042 233 1074 σίλειος
261 1043 416 1081 πατρίκιος,
437 1042 614 1080 προσκρούων
642 1045 682 1079 τῷ
717 1042 858 1081 μαγίστρῳ
887 1045 1050 1081 Ηρουσιανῷ
1077 1045 1116 1079 τῷ
1145 1042 1295 1081 Βουλγάρῳ
1321 1044 1518 1079 στρατηγοῦντι
1550 1041 1772 1080 βουκελλαρίων
1787 1042 1856 1078 (72)⁷

130 1088 158 1119 ἐς
185 1089 315 1115 τοσοῦτον
343 1088 474 1125 προήχθη
505 1086 613 1124 τόλμης
642 1088 680 1118 ὡς
696 1087 738 1115 καὶ
755 1086 800 1115 διὰ
824 1089 916 1125 μάχης
935 1087 1024 1124 τούτῳ
1039 1087 1137 1116 ἐλθεῖν.
1153 1087 1261 1115 Τούτων
1276 1088 1325 1122 τὴν
1339 1086 1448 1122 διένεξιν
1465 1089 1669 1118 Κωνσταντῐνος
1686 1087 1702 1114 ὸ
1725 1085 1858 1124 βασιλεὺς

132 1132 325 1169 ἀναισχυντίαν
341 1131 441 1170 κρίνων
457 1132 526 1159 κατὰ
539 1135 589 1167 τῆς
606 1131 743 1170 βασιλείας
760 1133 802 1160 καὶ
819 1131 902 1171 ἄμφω
920 1133 1083 1170 ὑπερορίζει,
1098 1133 1143 1160 τὸν
1162 1133 1210 1169 μὲν
1229 1133 1254 1160 ἐν
1279 1134 1313 1169 τῇ
1327 1132 1417 1167 Ὀξείᾳ
1435 1132 1511 1167 νήσῳ
1535 1133 1603 1169 (73),
1621 1131 1671 1159 τὸν
1705 1130 1736 1159 δὲ
1765 1131 1793 1159 ἐν
1820 1133 1855 1168 τῇ

132 1176 237 1213 Πλάτῃ.
254 1177 329 1204 Μετὰ
360 1177 455 1214 μικρὸν
486 1175 515 1204 δὲ
542 1177 588 1204 τὸν
613 1177 660 1213 μὲν
690 1177 841 1213 Βασίλειον,
855 1177 1072 1215 κατηγορηθέντα
1094 1178 1131 1208 ὡς
1158 1176 1200 1212 εἴη
1217 1176 1363 1215 ἀπόδρασιν
1383 1175 1515 1213 μελετῶν,
1532 1176 1731 1216 ἀπετύφλωσε,
1747 1177 1797 1204 τὸν
1828 1175 1857 1203 δὲ

132 1221 297 1258 Προυσιανὸν
322 1223 420 1258 μικροῦ
450 1219 505 1248 δεῖν
535 1223 615 1248 τοῦτο
640 1221 705 1248 αὐτὸ
733 1221 870 1253 πείσεσθαι
895 1220 1086 1249 κινδυνεύοντα
1111 1219 1310 1259 ἠλευθέρωσεν.
1326 1220 1483 1259 Ἐτύφλωσε
1510 1219 1538 1248 δὲ
1561 1220 1607 1248 καὶ
1639 1221 1785 1258 Ῥωμανὸν
1810 1220 1856 1248 τὸν

134 1264 302 1303 Κουρκούαιν⁹
317 1264 359 1293 ἐπ’
376 1264 480 1304 ἀδελφῇ
497 1263 560 1292 ὅντα
574 1263 698 1303 γαμϐρὸν
714 1268 761 1293 τοῦ
776 1267 945 1303 Προυσιανοῦ
961 1265 1006 1293 καὶ
1031 1266 1076 1293 τὸν
1106 1265 1244 1303 Βογδάνον
1273 1266 1317 1293 καὶ
1345 1266 1390 1293 τὸν
1417 1262 1523 1292 Γλαϐἆν
1547 1266 1592 1293 καὶ
1621 1266 1672 1294 τὸν
1700 1264 1854 1300 Γουδέλην.

136 1309 385 1347 Ἐγλωσσοτόμησε
399 1308 427 1336 δὲ
441 1310 486 1336 καὶ
500 1309 546 1338 τὸν
564 1310 683 1348 μοναχὸν
701 1310 836 1348 Ζαχαρίαν
850 1311 907 1347 (74)
922 1310 967 1337 τὸν
989 1313 1104 1348 συγγενῆ
1132 1312 1179 1337 τοῦ
1208 1311 1306 1338 Βέστου
1335 1308 1479 1344 Θευδάτου,
1497 1310 1714 1342 συσκευάσασθαι
1740 1308 1854 1340 τούτους

131 1353 307 1391 πλασάμενος
321 1354 379 1382 κατ’
394 1355 488 1382 αὐτοῦ.

177 1400 237 1428 Hoc
258 1408 334 1427 anno
362 1400 518 1428 Patzinacm
546 1399 715 1436 irruperunt
738 1400 768 1428 in
783 1400 964 1436 Bulgariam,

137 1447 167 1473 et
181 1444 326 1480 plurimos
340 1443 487 1478 homines,
497 1444 585 1472 duces
597 1453 630 1472 ac
645 1445 779 1472 cohortes
795 1445 966 1473 occiderunt

136 1498 170 1517 ac
185 1489 443 1525 ceperunt.Itaque
458 1489 668 1517 Constantinus
683 1489 781 1517 Sirmii
806 1491 964 1525 Diogenem

136 1533 307 1569 praefectum
325 1533 465 1567 Bulgaria:
490 1534 595 1561 ducem
612 1536 710 1568 creat;
738 1534 787 1570 qui
804 1543 880 1570 saepe
896 1543 964 1562 cum

136 1579 173 1606 iis
188 1577 357 1614 palantibus
372 1578 529 1606 commissa
540 1586 639 1614 pugna
654 1587 703 1606 eos
721 1578 805 1613 fudit,
813 1579 965 1614 coegitque

137 1622 261 1658 trajecta
277 1623 352 1650 Istro
373 1622 531 1657 quiescere.
557 1625 628 1650 Tota
644 1623 721 1651 484
745 1623 833 1650 etiam
850 1623 965 1659 imperii

139 1667 204 1702 eius
217 1669 348 1702 tempore
364 1666 493 1694 maxime
517 1667 573 1694 fuit
587 1667 715 1700 siccitas,
731 1671 965 1703 exarueruntque

139 1711 230 1739 etiam
260 1711 356 1739 fontes
389 1719 532 1747 perennes
560 1714 588 1738 et
620 1712 752 1739 ﬂumina.
785 1712 965 1748 Pauperibus

136 1763 260 1792 parcens
276 1755 401 1783 Basilius
425 1755 576 1791 publicum
601 1757 746 1784 tributum
771 1756 878 1784 solitus
899 1759 960 1784 erat

137 1809 194 1828 non
211 1801 245 1828 nd
262 1800 340 1828 diem
365 1800 478 1828 dictum
503 1801 627 1836 exigere,
644 1801 694 1828 sed
721 1801 889 1829 dilationem
906 1801 960 1828 ali-

138 1853 228 1880 quam
263 1845 440 1878 concedere;
470 1853 527 1880 quo
558 1845 666 1872 factum
701 1850 731 1873 ut
759 1854 792 1873 eo
821 1845 964 1873 moriente

138 1890 264 1917 duorum
274 1897 420 1916 annorum
432 1889 574 1916 tributum
585 1889 750 1917 deberetur.
758 1890 820 1917 Non
830 1890 858 1917 id
867 1890 965 1921 modo,

138 1934 190 1962 sed
211 1937 239 1961 et
263 1933 354 1960 trium
379 1933 596 1968 insequentium
622 1937 677 1967 (tot
699 1934 776 1961 enim
802 1935 967 1970 imperavit)

140 1986 286 2006 annorum
312 1978 456 2005 tributum
482 1978 579 2013 exegit
602 1977 834 2012 Constantinus;
856 1988 914 2014 qua
937 1987 968 2007 re

142 2030 201 2050 non
225 2022 309 2057 egeni
336 2024 450 2049 tantum
477 2022 527 2049 sed
557 2025 586 2049 et
610 2022 740 2057 opulenti
770 2023 862 2050 attriti
886 2027 968 2058 sunt,

143 2066 266 2094 triennio
278 2065 408 2101 quinque
420 2074 564 2093 annorum
575 2067 700 2101 pendere
711 2067 802 2094 coacti
814 2067 967 2096 tributum-

143 2111 182 2139 Ea
195 2112 371 2146 tempestate
385 2109 490 2138 classis
515 2112 715 2146 Agarenorum
732 2111 871 2147 Cyclades
886 2112 968 2140 insu-

143 2156 188 2183 las
204 2155 322 2182 invasit.
340 2155 409 2182 Eam
426 2155 506 2182 Sami
522 2158 630 2190 praetor
643 2155 785 2191 Georgius
801 2157 970 2185 Theodoro-

144 2208 236 2229 canus
251 2207 285 2227 ac
304 2199 440 2227 Periboes
464 2199 528 2227 Chii
544 2200 698 2235 praefectus
723 2201 816 2228 adorti
832 2202 971 2237 proﬂiga-

145 2247 224 2280 runt,
238 2244 332 2279 captis
357 2244 511 2271 duodecim
529 2244 652 2271 navibus
678 2253 743 2272 cum
762 2246 834 2281 ipsis
849 2247 970 2274 vectori-

146 2290 211 2324 bus,
227 2297 261 2317 ae
276 2288 399 2324 reliquis
415 2287 578 2323 dissipatis.

1054 1399 1150 1436 Τούτῳ
1177 1402 1216 1436 τῷ
1245 1399 1297 1427 ἔτει
1326 1400 1370 1428 καὶ
1400 1399 1564 1435 Ιιατζινάκαι
1593 1397 1731 1434 εἰσϐολὴν
1763 1398 1856 1434 ἐποιή-

1020 1454 1099 1472 σαντο
1114 1445 1182 1471 κατὰ
1195 1444 1371 1482 Βουλγαρίας,
1387 1444 1431 1472 καὶ
1447 1444 1575 1472 πλεῖστον
1596 1443 1666 1472 λαὸν
1688 1443 1735 1471 καὶ
1759 1453 1853 1480 στρατ-

1019 1488 1106 1526 ηγοὺς
1134 1489 1179 1516 καὶ
1203 1489 1398 1526 ταγματάρχας
1426 1488 1539 1528 ἔσφαξαν
1578 1488 1625 1516 καὶ
1667 1487 1852 1526 ἐζώγρησαν·

1020 1532 1089 1560 διὸὸ
1107 1532 1234 1571 βασιλεὺς
1264 1534 1468 1565 Κωνσταντῖνος
1494 1533 1541 1561 τὸν
1568 1533 1701 1570 Διογένην
1732 1531 1852 1570 ἄρχοντα

1021 1577 1138 1616 Σιρμίου
1155 1578 1313 1616 ὑπάρχοντα
1333 1579 1378 1605 καὶ
1394 1577 1477 1606 δοῦκα
1491 1581 1541 1613 τῆς
1559 1576 1737 1615 Βουλγαρίας
1762 1576 1853 1611 ἐποίη-

1020 1633 1074 1657 σεν,
1092 1623 1121 1653 ’ὀς
1149 1621 1320 1659 συμπλακεὶς
1346 1622 1482 1653 πολλάκις
1512 1622 1603 1653 αὐτοῖς
1636 1621 1849 1660 διεσπαρμένοις

1020 1668 1150 1705 ἐτρέψατο
1178 1667 1223 1694 καὶ
1261 1667 1397 1704 ἠνάγκασε
1430 1668 1631 1705 περαιωθέντας
1669 1667 1715 1694 τὸν
1747 1669 1849 1703 Ἵστρον

1019 1712 1137 1749 ἡσυχίαν
1154 1711 1238 1749 ἄγειν.
1258 1712 1380 1749 Ἐγένετο
1408 1711 1437 1739 δὲ
1462 1712 1506 1740 καὶ
1535 1711 1575 1749 ἐφ’
1600 1710 1687 1742 ὅλους
1712 1710 1776 1742 τοὺς
1805 1713 1852 1745 τῆς

1023 1756 1162 1794 βασιλείας
1177 1756 1259 1784 αὐτοῦ
1281 1756 1396 1794 χρόνους
1426 1756 1551 1793 μέγιστος
1574 1756 1698 1794 αὐχμὸς,
1716 1756 1754 1786 ὡς
1784 1755 1853 1782 ἀπο-

1016 1802 1180 1838 ξηρανθῆναι
1195 1801 1243 1831 τὰς
1259 1801 1384 1832 ἀεννάους
1403 1800 1492 1838 πηγὰς
1520 1801 1565 1828 καί
1594 1801 1662 1829 τοὺς
1693 1798 1847 1836 ποταμούς-

1017 1847 1070 1872 Τοῦ
1087 1845 1220 1882 βασιλέως
1237 1844 1265 1873 δὲ
1291 1844 1435 1873 Βασιλείου
1461 1844 1552 1884 (farao?
1580 1847 1636 1872 τῶν
1658 1846 1783 1880 πενήτων
1814 1844 1850 1880 μὴ

1022 1889 1151 1927 ἐγκαίρως
1176 1890 1223 1920 τὰς
1258 1889 1394 1925 δημοσίας
1424 1889 1660 1928 εἰσπραττομένου
1689 1888 1851 1922 συντελείας,

1022 1933 1085 1962 ἀλλ’
1101 1934 1246 1972 ἀνακώχήν
1263 1934 1308 1961 καὶ
1323 1934 1506 1971 ὑπερημερίαν
1533 1933 1658 1965 διδόντος
1683 1936 1744 1964 ταῖς
1773 1933 1850 1960 ἀπαι-

1022 1980 1140 2015 τήσεσιν,
1164 1978 1266 2006 ἐκείνου
1290 1978 1501 2014 τελευτήσαντος
1526 1976 1625 2014 συνέϐη
1650 1977 1699 2006 δύο
1726 1977 1851 2005 ἐνιαυτῶν

1024 2024 1124 2062 φόρους
1159 2021 1196 2051 ἔτι
1228 2024 1383 2061 ἠρτῆσθαι·
1415 2023 1461 2054 οὓς
1491 2024 1505 2050 ὁ
1533 2026 1737 2051 Κωνσταντῖνον
1775 2021 1850 2053 εὐθὺς

1025 2068 1208 2106 εἰσεπράξατο.
1226 2067 1410 2105 Εἷσεπράξατο
1427 2066 1455 2095 δὲ
1482 2068 1527 2095 καὶ
1554 2069 1609 2095 τῶν
1641 2068 1741 2105 ἑτέρων
1771 2067 1850 2104 τριῶν
1907 2066 1908 2105 ἦ

1025 2113 1152 2140 ἐνιαυτῶν
1168 2112 1205 2147 (ἐς
1218 2115 1346 2140 τοσοῦτον
1363 2113 1415 2149 γὰρ
1440 2113 1540 2150 χρόνον
1570 2114 1588 2147 ἡ
1615 2112 1690 2150 ἀρχὴ
1716 2110 1789 2146 αὐτῷ
1815 2108 1850 2143 ἐξ·

1026 2158 1130 2192 ετάθηὶ,
1145 2157 1189 2184 καὶ
1206 2154 1399 2194 συνετρίϐησαν
1418 2157 1474 2194 οὐχ
1502 2157 1528 2184 οἱ
1553 2157 1669 2192 πένητες
1698 2155 1780 2192 μόνον
1807 2153 1849 2180 καὶ

1026 2188 1134 2240 ἄποροι,
1148 2200 1220 2229 ἀλλὰ
1235 2188 1320 2229 καὶ-οἱ
1346 2188 1474 2239 εὐπόρωέ
1492 2188 1621 2238 ἔχοντεςξ
1640 2200 1666 2228 ἐν
1690 2188 1761 2237 τρισὶ
1787 2196 1849 2235 χρό·

1026 2256 1084 2278 νοις
1106 2245 1185 2273 πέντε
1213 2245 1398 2283 παρασχόντες
1430 2244 1628 2283 δασμοφορίας.
1646 2243 1774 2280 Ἐξῆλθεν
1803 2240 1847 2268 οὖν

1027 2291 1071 2318 καὶ
1093 2289 1189 2321 στόλος
1205 2290 1365 2322 ’Λγαρηνῶν
1394 2290 1462 2318 κατὰ
1487 2292 1541 2317 τῶν
1570 2287 1721 2318 Κυκλάδων
1750 2287 1845 2322 νήσων·

1026 2256 1084 2278 νοις
1106 2245 1185 2273 πέντε
1213 2245 1398 2283 παρασχόντες
1430 2244 1628 2283 δασμοφορίας.
1646 2243 1774 2280 Ἐξῆλθεν
1803 2240 1847 2268 οὖν

1027 2291 1071 2318 καὶ
1093 2289 1189 2321 στόλος
1205 2290 1365 2327 ’Λγαρηνῶν
1394 2290 1462 2318 κατὰ
1487 2292 1541 2317 τῶν
1570 2287 1721 2318 Κυκλάδων
1750 2287 1845 2322 νήσων·

146 2334 188 2364 οἷς
203 2331 373 2369 συμπλακεὶς
390 2332 404 2359 ὁ
420 2332 571 2369 στρατηγὸς
589 2333 683 2369 Σάμου
700 2335 836 2372 Γεώργιος
853 2335 867 2362 ὁ
880 2334 1096 2373 Θεοδωροκάνος,
1113 2337 1224 2371 [Ρ.722]
1241 2336 1298 2372 ἅμα
1312 2332 1430 2373 Βεριϐόῃ
1443 2337 1483 2372 τῷ
1500 2337 1693 2374 στρατηγοῦντι
1706 2336 1756 2368 τῆς
1771 2331 1846 2365 Χίου,

145 2376 286 2415 ὶτρέψατο,
298 2376 343 2404 καὶ
358 2375 463 2404 δώδεκα
480 2376 528 2412 μὲν
541 2375 676 2415 αὔτανδρα
691 2378 758 2410 εἷλε,
775 2379 808 2406 τὰ
823 2377 852 2406 δὲ
867 2377 951 2406 λοιπὰ
967 2378 1144 2407 διεσκέδασεν.

740 2429 929 2462 XYLANDHI
949 2430 994 2457 ET
1013 2429 1122 2457 GOARI
1141 2429 1256 2457 NOT/E.

183 2470 239 2507 (72)
271 2471 491 2507 βασεζιαιῇξονιιηι
520 2479 583 2499 esse
613 2472 790 2507 provinciam
821 2474 974 2501 contendit

151 2505 330 2544 Eancirpllus
346 2506 376 2533 in
394 2505 458 2535 Not.
476 2507 548 2544 imp.
565 2515 590 2535 c.
613 2505 657 2535 ΣΠ.
677 2508 767 2544 Negat
782 2509 925 2544 Rigaltius
941 2509 971 2537 in

152 2517 330 2533 rancu‘unus
347 2517 376 2533 ll]
394 2517 458 2535 “UE.
477 2517 548 2542 llllp.
565 2517 590 2535 C.
614 2517 657 2535 III.
677 2517 767 2544 Negat
782 2517 812 2536 ul
837 2517 925 2537 aluus
941 2518 971 2537 In

148 2541 230 2568 'l‘act.
249 2541 361 2576 Lexico,
384 2544 412 2569 et
436 2543 624 2577 ﬂucellurum,
652 2553 774 2572 annonae
800 2517 908 2572 ollarius
933 2546 973 2572 di-

148 2585 222 2616 cam.
239 2578 596 2616 ceconomostprovisoros
610 2580 822 2616 portitoresque
839 2582 915 2608 facit.
929 2581 972 2608 Illi

152 2612 301 2651 lubentius
318 2613 485 2651 assentior:
501 2622 566 2641 nam
585 2612 702 2643 Galatas
728 2625 760 2643 uc
775 2612 974 2651 'Grallogrzncos

151 2648 232 2676 soliti
248 2649 365 2675 fuerunt
378 2650 556 2677 exercituum
569 2652 657 2679 duces
674 2652 843 2679 buicoﬂicin
862 2648 973 2679 manci-

152 2691 241 2720 pare;
259 2684 335 2720 unde
351 2685 460 2712 factum
479 2688 511 2712 ut
527 2695 648 2714 annona:
665 2687 803 2720 ministri,
820 2687 974 2715 Bucellarii

154 2718 273 2782 ϐἔιιὲω,
288 2719 444 2748 videantur
453 2721 540 2749 ofﬁcii
555 2723 601 2750 sui
618 2731 724 2751 nomen
741 2718 839 2759 patria;
855 2723 973 2751 tribuis-

154 2763 169 2782 ε
191 2773 197 2781 .
239 2763 302 2782 οΑιι.

154 2763 197 2782 88-
214 2763 302 2782 υοΑιι.

1063 2389 1132 2407 >ασεν
1138 2401 1144 2407 .

1063 2430 1122 2457 ARI
1141 2429 1256 2457 NOT/E.

1063 2468 1845 2524 ίῖβᾈῗδτὲἔῖΞΕῨΡΡἚῘῨῘΞΡΞΨὟ-ξ’]βηίθηῖἶᾞξξῖῗῗ
1906 2389 1908 2524 ί

1027 2505 1070 2537 est
1084 2505 1168 2538 a'CP.
1186 2505 1338 2538 meridiem
1360 2519 1462 2538 versus
1486 2511 1516 2538 in
1541 2511 1642 2539 eadem
1664 2505 1844 2544 Propontide.

1027 2548 1117 2573 Goan.

1074 2582 1119 2615 74)
1145 2582 1218 2609 Ante
1245 2589 1343 2618 vocem
1370 2581 1505 2618 Ζαχαρίαν
1534 2583 1622 2618 astra
1645 2579 1793 2618 scriptum.
1816 2576 1842 2614 et

1029 2625 1154 2652 superne
1163 2618 1314 2653 quippiam
1325 2616 1455 2654 litteriéX
1466 2626 1521 2654 non
1536 2616 1679 2654 absimile,
1691 2618 1841 2654 cumﬁraw

1029 2649 1161 2680 accentu.
1173 2649 1321 2681 Fortassis
1337 2653 1457 2689 ἄρχοντα
1478 2653 1570 2682 voluit
1584 2652 1742 2689 exprimere
1757 2649 1841 2689 libs!!-

1030 2689 1090 2716 rius
1106 2698 1140 2716 ea
1156 2692 1234 2722 nota,
1260 2689 1331 2716 mihi
1355 2683 1426 2717 sane
1441 2698 1499 2717 non
1516 2683 1672 2722 intellecta,
1697 2688 1729 2713 ut
1742 2684 1778 2712 sit
1791 2683 1839 2710 Za-

1029 2725 1137 2753 chariae
1155 2726 1291 2760 prwfecto.
1309 2725 1366 2760 Ego
1382 2725 1466 2753 omisi
1484 2725 1513 2753 in
1529 2721 1675 2754 vertendo.
1691 2721 1754 2750 XVL.
