1933 3048
74 82 144 111 217

662 85 935 117 HISTORIARUM
958 86 1233 117 COMPENDIUM.

1744 86 1805 116 218

117 145 240 185 Ἔννάτῃ
254 147 283 176 δὲ
306 146 463 186 Νοεμϐρίου
485 150 583 186 μηνὸς,
599 154 648 185 τῆς
673 151 707 189 ιβ’
723 151 919 188 ἐπινεμήσιως,

1013 153 1093 181 Nona
1108 151 1280 181 Novembris
1295 151 1352 185 die,
1367 151 1530 181 indictione
1545 153 1589 186 13,
1606 160 1683 181 anno
1701 153 1807 182 mundi

80 191 111 219 ἐν
132 191 302 231 ἕτειγςφλξι
328 192 456 232 αὶίφνιδίῳ
484 194 558 231 νόσῳ
588 194 685 230 ληθεὶς
714 196 727 223 ὁ
757 197 927 224 Κωνσταντῖ-

79 247 136 269 νος
168 237 215 265 καὶ
242 237 316 275 παρᾶ
344 241 397 266 τῶν
429 239 530 276 ἰατρῶν
562 241 757 279 ἀπαγορευοεῖς
785 241 928 270 ἐσκέπτετο

80 282 153 309 τίνα
170 281 202 309 ἃν
224 282 373 310 καταλίποι
404 282 534 321 διάδοχον
558 286 608 317 τῆς
635 285 787 323 βασιλείας.
816 285 925 322 ’Έδοξεν

80 325 135 354 οὗν
161 326 238 363 αύτῷ
262 327 308 354 τὸν
337 328 481 365 πατρίκιον
514 330 713 357 Κωνσταντῖνον
741 330 787 358 τὸν
818 330 926 358 Δαλασ-

79 371 173 406 φηγὸν
200 371 439 408 μεταστείλασθάι,
460 373 528 400 κατὰ
550 374 596 401 τὸν
626 375 806 411 Ἀρμενιακὸν
827 377 883 412 (75)
898 375 924 402 ἐν

79 418 126 452 τῷ
144 415 210 452 ΐδίῳ
239 415 307 452 οἷ’κῳ
337 416 520 454 σχολάζοντα,
550 416 675 456 γαμϐρόν
705 430 735 447 τε
761 421 924 455 ποιήσασθαι

79 459 131 488 ἐπὶ
166 463 216 497 μιᾷ
244 463 298 489 τῶν
328 462 482 499 θυγατέρων
516 462 561 490 καὶ
590 463 769 501 ἀναγορεῦσαι
799 463 925 502 βασιλέα·

80 505 141 534 Καὶ
170 504 204 540 δὴ
231 505 367 542 πέμπεται
389 505 458 542 ἄξων
484 507 564 535 αὐτὸν
589 508 722 547 εὐνοῦχός
744 520 785 540 τις
806 511 860 537 τῶν
874 520 924 537 πι-

81 550 279 586 στικωταὶτων,
304 550 319 578 ὁ
354 549 502 588 λεγόμενος
541 551 721 589 Ἐργοδότης.
756 552 868 590 Σπουδῇ
895 552 923 582 δὲ

79 597 138 622 τοῦ
157 595 273 630 Συμεὼν
304 594 404 633 φιλίως
426 593 598 632 διακειμένου
626 597 694 634 πρὸς
716 597 762 624 τὸν
780 598 922 636 πατρίκιον

83 639 232 676 Ῥωμανὸν
249 639 293 667 τὸν
322 639 455 677 Ἀργυρὸν
479 639 546 676 αὕτη
574 641 622 677 μὶν
648 642 798 680 παρωράοη
815 643 832 677 ἠ
848 643 921 680 γνώ-

84 695 141 721 μη,
159 683 206 712 καὶ
221 683 364 712 στέλλεταί
389 695 430 716 τις
459 685 531 723 τάχα
560 685 589 713 ἐκ
616 686 750 723 βασιλέως
766 686 792 714 ὲν
810 687 856 715 τὸν
871 691 922 715 Δα-

84 728 244 764 λασσηνὸν,
273 727 359 756 ἐκεῖσε
387 729 550 767 προσμένειν
577 729 735 762 κελεύοντος
764 731 844 759 αὐτόν
866 731 920 767 ὅπη

83 773 118 800 ἂν
138 774 156 808 ἠ
175 773 266 812 γραφὴ
282 773 487 810 καταλήψηται,
512 773 603 812 ἄγεται
619 774 649 803 δὲ
663 776 677 802 ὁ
701 776 842 812 Ῥωμανὸς
852 777 920 814 πρὸς

82 818 121 845 τὰ
140 817 279 856 βασίλεια⁵
308 818 434 856 Ἀχθὲντι
462 817 491 846 8t
519 818 567 846 δύο
583 819 753 857 προτίθενται
768 823 887 858 γνῶμαι,
902 821 919 856 ἤ

84 861 252 900 διαζυγῆναι
280 865 331 897 τῆς
360 862 481 900 νομίμου
515 865 641 901 γυναικὸς
669 866 704 901 τῇ
731 864 865 902 βασιλέως
894 876 923 894 τε

86 908 206 945 θυγατρὶ
237 908 401 946 συναφθῆναι
431 908 476 936 καὶ
508 908 622 947 βασιλέα
650 909 874 947 ἀναγορευθῆναι,
903 909 921 945 ἤ

86 953 258 988 πηρωθῆναι
280 952 347 984 τοὺς
369 952 543 990 ἀφοαλμούς.
570 955 622 981 Τοῦ
638 952 667 982 δὲ
687 953 864 992 ἰλιγγιῶντας
877 954 923 982 καὶ

87 995 279 1033 ἀναδυομὲνου
307 998 376 1035 πρὸς
400 997 488 1026 αὐτῶν
517 998 656 1036 ἑκάτερον,
684 1000 701 1033 ἡ
727 999 852 1030 σύνοικος
868 998 922 1026 δεί-

91 1052 164 1068 σασα
193 1041 255 1079 περὶ
283 1044 331 1069 τοῦ
361 1040 470 1079 ἀνδρὸς,
503 1043 540 1079 μή
567 1053 594 1070 τι
623 1042 667 1070 καὶ
694 1044 766 1081 πάθῃ
791 1043 923 1083 φλαῦρον,

91 1086 145 1120 τήν
157 1087 296 1122 κοσμικὴν
322 1086 450 1118 ὲιουσίως
477 1086 588 1114 ἀπέθετο
613 1087 708 1125 τρίχα,
730 1088 830 1125 καὶτῷ
845 1088 923 1123 συζύ-

91 1140 137 1167 γῳ
153 1130 222 1167 πρὸς
237 1130 272 1163 ττῖ
297 1128 357 1167 ὄψει
383 1130 530 1168 ἐχαρίσατο
554 1131 599 1159 καὶ
624 1132 675 1166 τήν
703 1131 853 1170 βασιλείαν.
870 1133 924 1162 Οὐ-

92 1177 149 1202 σῶν
174 1173 202 1202 δὲ
229 1177 269 1211 τῷ
296 1175 488 1211 Κωνσταντίνῳ
517 1175 671 1213 θυγατέρων
700 1179 783 1215 τριῶν
820 1177 850 1205 ἐκ
874 1181 925 1212 τῆς

92 1219 227 1258 θυγατρὸς
254 1222 302 1247 τοῦ
330 1220 480 1258 πατρικίου
517 1220 662 1258 Ἀλυπιου,
691 1221 724 1257 ἢν
758 1221 796 1250 ἔτι
827 1225 928 1257 ζῶντος

90 1267 142 1292 τοῦ
168 1263 314 1292 Βασιλείου
342 1263 498 1301 ἡρμόσατο,
526 1266 544 1300 ἡ
576 1266 623 1302 μὲν
653 1265 838 1302 καθ’-ἡλικίαν
853 1276 928 1305 πρω-

90 1309 208 1337 τεύουσα
237 1309 354 1338 Εύδοκία
380 1311 554 1347 ἀπεκείρατο,
582 1313 599 1346 ἡ
637 1312 716 1349 τρίτη
745 1311 774 1340 δὲ
801 1311 928 1350 Θεοδώρα

92 1355 253 1390 ἀπηνήνατο
282 1357 427 1393 συζυγῆναι
452 1358 493 1392 τῷ
520 1356 663 1393 Ῥωμανῷ,
694 1356 711 1392 ἤ
739 1355 784 1384 διὰ
807 1357 839 1384 τὸ
864 1369 927 1396 συγ·

92 1399 178 1436 γενὶς,
195 1399 233 1431 ὥς
263 1410 351 1438 φασιν,
383 1398 402 1434 ἤ
427 1398 472 1428 διὰ
499 1401 529 1428 τὸ
555 1398 593 1428 ἔτι
622 1401 671 1436 τὴν
697 1401 799 1429 ἐκείνου
816 1402 928 1441 σύζυγον

982 198 1065 231 6537,
1082 198 1180 226 subito
1204 197 1307 225 morbo
1330 199 1484 233 correptus
1506 197 1716 225 Constantinus
1741 200 1769 225 et
1791 206 1808 226 a

983 242 1106 270 medicis
1122 243 1294 278 desperatus
1309 242 1346 269 de
1360 241 1542 269 instituendo
1558 241 1672 277 imperii
1688 249 1808 270 succes-

982 295 1048 314 sore
1081 287 1228 323 cogitavit.
1262 287 1434 322 Placuitquc
1467 294 1615 314 accersere
1650 286 1806 322 patricium

981 331 1206 360 Constantinum
1231 331 1437 365 Dalassenum,
1453 331 1504 367 qui
1530 333 1592 358 tum
1606 330 1686 358 domi
1702 339 1761 358 sum
1777 331 1807 359 in

980 377 1152 404 Armenia-:0
1168 376 1302 412 degebat,
1318 375 1402 411 eique
1426 375 1553 403 ﬁliarum
1579 383 1700 403 suarum
1717 383 1806 403 unam

981 424 1107 456 nuptum
1123 421 1203 455 dare,
1215 429 1248 448 ac
1264 421 1406 449 Caesarem
1423 420 1586 456 designare.
1599 420 1724 447 Mittitur
1738 427 1807 455 ergo

980 465 1015 492 ad
1027 474 1093 492 eum
1104 465 1312 492 adducendum
1324 465 1492 500 Ergodotes,
1505 464 1708 492 cunuchorum
1726 463 1806 492 ﬁdis-

979 509 1084 537 simus.
1094 510 1148 537 Scd
1159 518 1248 545 opera
1257 509 1413 544 Simeonis,
1426 509 1477 545 qui
1489 511 1620 536 Romano
1631 510 1742 544 Argyr-0
1757 517 1806 544 pa-

979 554 1063 581 tricio
1080 554 1204 587 favebat,
1222 553 1250 580 id
1267 553 1383 581 consilii
1399 553 1587 589 repudiatum
1602 553 1667 588 fuit,
1680 561 1806 589 moxque

979 599 1054 626 485
1078 598 1115 627 ab
1140 599 1316 634 imperatore
1344 598 1454 626 missus
1479 598 1529 634 qui
1554 597 1745 626 Delussenum
1772 606 1805 626 eo

978 642 1040 671 loco
1057 643 1106 670 ubi
1123 643 1237 671 litteras
1252 642 1414 678 accepisset
1434 642 1595 670 subsistere
1606 642 1733 678 juberet.
1749 644 1806 670 Ro-

978 695 1085 715 manus
1100 687 1130 715 in
1146 687 1290 723 palatium
1313 687 1480 721 adducitur,
1497 687 1642 722 daturque
1664 686 1691 714 ei
1715 686 1805 723 optio.

977 734 1011 760 ut
1025 732 1069 760 vel
1085 731 1187 760 oculos
1212 732 1268 759 sibi
1293 732 1356 759 erui
1380 731 1518 767 patiatur.
1535 730 1579 759 vel
1603 730 1726 759 dimissa
1753 739 1808 759 sua

977 776 1110 812 legitima
1126 785 1214 804 uxore
1230 776 1320 804 ﬁliam
1348 775 1535 812 imperatoris
1559 775 1649 803 ducat
1663 783 1696 803 ac
1711 775 1808 803 Caesar

976 821 1158 857 designetur.
1186 821 1344 849 Hmsitante
1369 829 1414 854 eo,
1435 829 1507 848 uxor
1531 819 1636 848 marito
1660 822 1804 855 metuens,

977 865 1054 894 ultro
1071 874 1185 894 comam
1199 865 1298 902 posuit
1312 874 1345 893 ac
1360 865 1467 893 seculo
1484 864 1671 898 renuntiavit,
1682 865 1806 899 viroque

978 913 1007 939 et
1022 910 1122 939 oculos
1138 911 1264 938 servavit
1279 913 1307 938 et
1321 910 1477 946 imperium
1494 909 1617 945 paravit.
1630 909 1806 937 ErantCon-

978 955 1109 984 stantino
1125 963 1159 982 ex
1174 954 1234 982 lilia
1259 954 1372 991 patricii
1397 957 1457 982 tres
1481 953 1560 988 ﬁlim;
1582 962 1707 989 quarum
1735 956 1806 981 natu

979 1000 1108 1028 maxima
1122 999 1250 1027 Eudocia
1267 999 1474 1027 monuehatum
1491 998 1546 1026 fuit
1559 998 1705 1034 amplexa,
1720 998 1808 1026 mini-

980 1053 1028 1073 ma
1037 1045 1190 1072 Theodoro
1203 1044 1373 1080 conjugium
1389 1043 1513 1072 Romani
1529 1045 1665 1071 aversata
1679 1045 1735 1078 est,
1746 1043 1806 1072 sive

980 1090 1016 1117 ob
1033 1089 1295 1125 propinquitatem,
1309 1091 1340 1116 ut
1352 1088 1510 1121 ferebatur,
1520 1088 1644 1124 generis,
1657 1087 1717 1115 sive
1728 1088 1805 1124 quod

980 1143 1100 1162 uxorem
1116 1135 1180 1169 ejus
1202 1134 1290 1162 sciret
1314 1133 1410 1161 adhuc
1424 1134 1530 1161 vivere.
1547 1132 1640 1160 Media
1654 1133 1708 1160 Zoe
1722 1132 1807 1160 facile

981 1187 1049 1207 eum
1064 1179 1120 1206 sibi
1132 1179 1194 1206 dari
1211 1179 1348 1206 maritum
1366 1186 1452 1214 passa
1465 1180 1519 1205 est.
1537 1177 1739 1213 Disputatione
1755 1185 1806 1205 au-

981 1226 1040 1252 tem
1055 1225 1091 1252 de
1107 1223 1280 1259 cognatione
1295 1225 1384 1255 mota,
1401 1231 1448 1250 res
1463 1230 1479 1250 a
1495 1221 1658 1258 patriarcha
1674 1224 1703 1249 et
1716 1221 1808 1249 eccle-

982 1268 1109 1296 siasticis
1124 1268 1270 1300 discussa,
1290 1270 1318 1294 et
1340 1267 1490 1294 Romanus
1504 1267 1565 1294 Ζοω
1581 1265 1737 1301 copulatus
1752 1268 1806 1299 est,

981 1313 1198 1349 imperatorque
1211 1311 1386 1340 declaratus.
1399 1311 1508 1339 Triduo
1520 1312 1586 1347 post
1597 1309 1808 1338 Constantinus

981 1357 1094 1386 vivendi
1119 1358 1207 1385 finem
1232 1357 1308 1390 fecit,
1330 1365 1397 1384 cum
1416 1355 1538 1384 vixisset
1557 1363 1650 1387 annos
1660 1355 1707 1390 70,
1717 1354 1806 1383 trien-

983 1403 1065 1430 nium
1083 1410 1183 1430 mense
1199 1401 1297 1429 minus
1313 1401 1497 1437 imperasset.

94 1445 156 1481 ζῇν.
183 1444 215 1472 Ἠ
246 1442 276 1471 δὲ
302 1447 342 1480 τῷ
371 1445 465 1482 χρόνῳ
495 1443 604 1483 δευτέρα
633 1446 694 1480 Ζωή
719 1446 764 1474 τὸν
794 1446 856 1484 περὶ
884 1451 934 1482 τῆς
960 1445 1096 1477 συνοικίας
1125 1443 1206 1484 λόγον
1233 1445 1418 1472 συνενεσθὲντα
1441 1443 1579 1474 ἀσπασίως
1605 1442 1722 1478 ἐδέξατο.
1752 1441 1803 1470 Λό-

92 1499 144 1526 γου
173 1486 203 1516 δὲ
226 1487 288 1524 περὶ
314 1492 364 1523 τῆς
392 1489 545 1527 συγγενείας
573 1491 739 1527 κινηθέντος,
765 1491 810 1519 καὶ
847 1495 896 1526 τῆς
934 1490 1097 1526 Ἐκκλησίας
1132 1490 1178 1517 σὺν
1207 1492 1246 1526 τῷ
1275 1490 1433 1527 πατριάρχῃ
1462 1487 1600 1516 λυσάντων
1625 1488 1656 1515 τὸ
1686 1485 1806 1526 ὄμφίϐο-

95 1533 157 1568 λον,
188 1532 370 1571 ῗερολογεῖται
401 1535 456 1571 (76)
482 1535 496 1562 ὁ
538 1535 679 1571 Ῥωμανὸς
719 1537 755 1572 τῇ
793 1538 855 1573 Ζωῇ
892 1536 936 1563 καὶ
965 1535 1142 1574 αὐτοκράτωρ
1176 1534 1363 1572 ἀναγορεύεται
1395 1533 1535 1572 βασιλεύς.
1564 1533 1613 1560 Καὶ
1635 1532 1702 1569 μετὰ
1730 1535 1804 1568 τρεῖς

96 1577 204 1614 ἡμέρας
228 1581 428 1609 Κωνσταντῖνος
457 1579 583 1614 ἀπέθανε,
600 1581 682 1616 ζήσας
715 1581 761 1617 μὶν
791 1581 836 1609 τὸν
864 1581 969 1608 ἅπαντα
995 1584 1046 1616 τῆς
1078 1583 1150 1615 ζωῆς
1179 1579 1263 1607 αὐτοῦ
1292 1578 1392 1616 χρόνον
1420 1579 1442 1606 o'
1470 1575 1529 1614 ἔτη,
1557 1576 1600 1604 ἐπὶ
1615 1579 1687 1614 τρεῖς
1704 1575 1733 1604 δὶ
1748 1576 1806 1608 ἑνὸς

98 1621 206 1653 δέοντος
224 1623 310 1659 μηνὸς
327 1621 527 1661 βεϐασιλευκὼς
543 1626 610 1661 (77).

135 1667 212 1694 οὕτω
228 1666 256 1695 δὲ
280 1668 353 1705 παρὰ
379 1671 464 1696 πᾶσαν
494 1667 592 1696 ἐλπίδα
619 1669 665 1697 καὶ
694 1669 857 1708 προσδοκίαν
877 1671 922 1698 τὸν

1017 1671 1168 1699 Romanus
1179 1671 1282 1706 praeter
1292 1676 1411 1697 omnem
1427 1676 1508 1704 spem
1520 1654 1607 1704 διιιῆ
1618 1666 1809 1702 exspectatio-

100 1712 150 1745 τῆς
165 1712 316 1750 πηρώσεως
345 1711 466 1740 κίνδυνον
498 1711 610 1751 διαδρὰς
639 1714 653 1741 ὁ
672 1715 812 1751 Ῥωμανὸς
826 1715 856 1742 τὸ
875 1719 925 1750 τῆς

103 1755 240 1793 βασιλείας
263 1756 458 1794 περιζώννυται
483 1758 593 1795 κράτος,
622 1758 668 1786 καὶ
699 1759 825 1796 βασιλεὺς
848 1760 926 1787 αύτο-

100 1800 206 1837 κράτωρ
224 1800 280 1836 ἅμα
294 1803 356 1839 Ζωῇ
379 1803 413 1838 τῇ
441 1805 490 1830 τοῦ
519 1803 722 1831 Κωνσταντίνου
737 1804 925 1842 ἀναγορεύεται

101 1845 224 1882 θυγατρί.
237 1847 312 1882 ’Ἅμα
333 1857 363 1874 τε
378 1845 424 1874 οὖν
449 1846 493 1874 ἐπὶ
517 1846 564 1875 τὰν
585 1848 723 1885 βασίλειον
743 1848 849 1876 ἐκάθισε
864 1849 925 1886 θρό-

100 1899 158 1924 νον,
186 1890 231 1917 καὶ
260 1888 317 1926 ἅμα
343 1890 503 1928 προοιμίοις
528 1892 641 1929 ἀγαθοῖς
669 1893 714 1920 καὶ
738 1893 926 1930 ὶπιοατηρίοις

102 1934 250 1965 ἐπαινετοῖς
275 1933 408 1971 ἰδεξιοῦτο
431 1935 494 1967 τοὺς
526 1935 578 1964 ὐπὸ
603 1939 694 1975 χεῖρα,
712 1937 764 1965 ἀπὸ
785 1939 834 1972 τῆς
850 1939 925 1966 εὐσε-

102 1976 173 2010 ϐείας
202 1979 334 2017 πρότερον
371 1980 520 2016 ἀρξάμενος
553 1981 738 2019 ἀγαθοεργεῖν.
769 1981 924 2010 Ἐνδὲουσαν

102 2024 150 2062 γὰρ
164 2023 213 2058 τήν
228 2023 362 2061 πρόσοδον
379 2028 427 2059 τῆς
443 2025 574 2063 Μεγάλης
591 2025 672 2058 εἰδὼς
688 2025 864 2062 Ἑκκλησίας,
881 2028 926 2055 ἅτε

103 2069 247 2105 οικονόμος
261 2069 363 2105 ταύτης
385 2069 530 2107 γενόμενος
555 2070 580 2097 ἐν
605 2073 663 2102 τοῖς
692 2069 842 2109 ἔμπροσθεν
859 2072 926 2110 χρό-

102 2123 167 2147 νοις,
183 2113 227 2141 καὶ
242 2116 296 2141 τῶν
317 2113 411 2141 ἄλλων
437 2114 551 2146 ὁπόσαις
571 2115 762 2152 ὑπηρετεῖσθαι
778 2116 838 2148 ἔθος
853 2118 927 2153 παρὰ

103 2159 150 2185 τοῦ
164 2157 264 2193 ταύτης
293 2157 411 2194 κλήρου,
437 2158 606 2196 ὀγδοήκοντα
629 2161 746 2198 χρυσίου
771 2159 864 2198 λίτρας
876 2161 926 2189 ἀνὰ

102 2203 153 2229 πὰν
169 2201 229 2234 ἔτος
248 2206 427 2241 χορηγεῖσθαι
445 2203 555 2236 τούτοις
572 2204 725 2233 τετύπωκεν
740 2205 793 2233 ἀπὸ
812 2208 860 2233 τοῦ
877 2207 926 2244 βα-

103 2245 207 2275 σιλικοῦ
232 2247 357 2283 ταμιείου
389 2248 427 2280 εἷς
461 2250 632 2286 προσθήκην.
670 2250 798 2287 Ἐζέκοψε
827 2249 855 2278 δὲ
880 2251 925 2278 καὶ

102 2290 191 2319 τέλεον
222 2292 390 2330 ἀπεῤῥίζωσε
417 2293 448 2320 τὸ
478 2293 682 2332 ἀλληλέγγυον,
709 2296 750 2331 [Ρ.
780 2297 843 2332 7‘23]
859 2295 924 2333 ὅπερ
950 2303 951 2306 ‘

103 2336 214 2373 ἐμελέτα
227 2337 274 2373 μὲν
292 2337 306 2364 ὁ
328 2340 532 2370 Κωνσταντῖνος
555 2343 679 2375 ποιῆσαι,
705 2340 755 2367 οὐκ
775 2338 872 2379 ἔφθασε
885 2339 923 2368 δὲ.

105 2381 230 2409 Ἐκένωσε
259 2379 352 2408 δὲκαὶ
375 2381 423 2413 τὰς
456 2381 578 2421 φυλακὰς
607 2385 659 2410 τῶν
689 2382 922 2422 ἐγκαθειργμὲνων

104 2423 146 2452 διά
157 2435 228 2456 τινας
245 2425 367 2462 εὐθύνας,
389 2426 423 2453 τὰ
453 2426 499 2462 μὲν
529 2425 650 2463 δημόσια
673 2428 742 2465 χρὲα
770 2428 924 2466 χαριζόμε-

103 2480 155 2504 νος,
165 2469 307 2501 ἀποτιννὺς
322 2468 352 2498 δὲ
371 2471 406 2498 τὰ
431 2469 566 2500 ἰδιωτικὰ.
592 2471 818 2511 ’Λπελυτρώσατο
834 2471 863 2500 δὲ
877 2473 923 2500 κιί

981 1723 1047 1743 nem
1077 1715 1228 1743 oculorum
1265 1714 1496 1742 amittendorum
1532 1711 1660 1748 periculo
1689 1712 1807 1746 evitato,

980 1760 1139 1796 imperator
1160 1767 1226 1787 cum
1243 1760 1297 1786 Zoe
1313 1760 1443 1794 Augusta
1464 1758 1569 1790 factus,
1586 1756 1668 1784 initio
1692 1755 1807 1792 imperii

980 1804 1066 1833 bonis
1082 1813 1114 1832 ac
1129 1803 1328 1832 laudabilibus
1339 1803 1415 1830 orsis
1429 1802 1563 1830 subditos
1574 1800 1737 1829 demeritus
1753 1802 1808 1828 est.

981 1849 1160 1884 Principium
1173 1848 1241 1876 fecit
1254 1847 1394 1875 beneﬁcia
1406 1848 1435 1874 in
1448 1845 1631 1882 religionem.
1643 1847 1713 1872 Cum
1730 1844 1809 1872 enim

980 1894 1069 1922 sciret
1082 1896 1191 1930 Magna
1214 1892 1348 1920 Ecclesia!
1369 1892 1481 1919 reditus
1497 1891 1572 1919 486
1588 1898 1645 1918 non
1662 1890 1808 1923 sufﬁcere,

981 1941 1014 1967 ut
1029 1939 1079 1971 qui
1096 1938 1300 1974 superioribus
1310 1936 1491 1972 temporibus
1503 1936 1689 1971 dispensator
1704 1934 1809 1962 inisset

980 1984 1056 2019 ejus,
1072 1986 1100 2011 et
1115 1983 1240 2010 aliarum
1256 1982 1366 2018 quibus
1391 1981 1482 2016 hujus
1503 1980 1600 2008 clerus
1615 1979 1651 2007 de
1665 1986 1744 2006 more
1760 1978 1806 2006 in-

980 2028 1135 2063 serviebat,
1152 2028 1187 2055 80
1209 2027 1272 2055 auri
1296 2026 1388 2054 libras
1403 2024 1562 2061 quotannis
1578 2032 1613 2052 ex
1625 2022 1725 2051 aerario
1750 2022 1808 2050 im-

982 2073 1126 2109 peratorio
1142 2073 1167 2101 ci
1184 2072 1272 2108 pendi
1284 2071 1387 2107 jussit,
1403 2071 1520 2098 decreto
1537 2077 1571 2097 ea
1583 2069 1618 2096 de
1634 2076 1664 2096 re
1678 2067 1806 2096 condito.

980 2117 1110 2146 Abolcvit
1137 2117 1225 2145 etiam
1256 2115 1468 2151 Allolengyum,
1495 2114 1572 2150 quod
1596 2113 1807 2141 Constantinus

980 2165 1043 2190 erat
1058 2161 1242 2196 sublaturus,
1258 2160 1315 2188 nisi
1334 2168 1412 2188 mors
1427 2167 1494 2187 cum
1511 2157 1724 2186 antevertisset.
1739 2159 1806 2184 Car-

980 2215 1060 2234 ceres
1076 2214 1194 2242 quoque
1209 2205 1332 2241 captivis
1352 2205 1388 2232 ob
1407 2206 1485 2232 certe
1500 2202 1624 2231 crimine
1639 2201 1804 2235 evacuavit;

980 2251 1097 2288 publica
1112 2250 1211 2278 debita
1235 2249 1358 2283 dimisit,
1375 2248 1484 2285 privata
1510 2246 1657 2284 persolvit.
1674 2245 1807 2273 Redemit

981 2296 1110 2332 captivos
1145 2304 1178 2323 ex
1212 2294 1387 2322 Patzinacia.
1418 2293 1496 2321 Fecit
1524 2291 1612 2320 etiam
1646 2292 1705 2318 tres
1736 2298 1805 2325 syn-

980 2341 1068 2368 ccllos
1106 2338 1329 2375 metropolitas,
1358 2337 1511 2373 Cyriacum
1551 2334 1675 2371 Ephesi,
1705 2336 1806 2371 utpote

979 2384 1210 2420 consanguinem
1252 2383 1441 2419 patriarchae,
1484 2379 1665 2409 Demetrium
1699 2378 1805 2415 Cyzici,

979 2437 1065 2466 quem
1081 2429 1168 2457 etiam
1185 2430 1342 2464 antequam
1363 2427 1445 2455 fieret
1470 2426 1630 2462 imperator
1645 2424 1804 2452 admodum

978 2474 1129 2508 dilexerat,
1145 2476 1174 2502 et
1200 2471 1376 2501 Michaelum
1401 2470 1620 2504 Euchaitarum,
1644 2471 1675 2497 ut
1699 2475 1805 2504 genere

696 2545 881 2574 XYI.ANDRI
901 2547 945 2574 ET
964 2547 1074 2575 GOARI
1094 2546 1214 2574 NOT/E.

137 2605 189 2647 (75)
205 2604 380 2650 anprusrév
404 2607 444 2642 τῷ
465 2607 520 2650 τῷν
544 2607 743 2650 ῘΑρμενιακῶν.
757 2608 922 2650 θὲματιηβη

105 2643 247 2680 provincia
262 2643 445 2680 Armeniaca,
463 2643 496 2680 id
508 2645 564 2677 est,
579 2643 609 2671 in
626 2644 774 2679 Armenia,
788 2643 851 2680 quae
867 2645 922 2672 Ro-

107 2677 196 2720 manis
212 2678 344 2720 parebat.
359 2679 462 2720 Atque.
474 2679 516 2707 sic
533 2680 619 2720 etiam
646 2680 722 2720 infra
745 2677 922 2720 ’ᾼρμξνιῃάν

107 2721 154 2750 pro
173 2714 311 2752 Armenia
334 2714 483 2752 provincia
506 2716 636 2752 ponitur,
653 2716 687 2744 de
712 2714 802 2752 peste,
820 2717 848 2744 in
866 2717 922 2745 Ro-

108 2749 188 2778 mano
202 2750 323 2786 Argyro.
339 2749 407 2778 Χγι..

1013 2610 1069 2644 (76)
1083 2609 1166 2637 Sacra
1182 2607 1307 2644 nuptiali
1317 2607 1507 2644 benedictione
1520 2605 1702 2644 consociaturi
1712 2604 1801 2644 Gen}.

1013 2639 1069 2681 (77)
1088 2646 1127 2674 De
1144 2639 1235 2681 morte
1250 2643 1435 2681 constantini
1451 2642 1590 2681 librarius
1605 2648 1662 2681 non
1678 2639 1804 2681 absurde

978 2673 1131 2716 ascripsit,
1160 2680 1196 2707 Εὖ
1227 2679 1367 2713 ἐποίησας,
1403 2679 1596 2716 Κωνσταντῑνε,
1626 2675 1742 2716 ταχιστα
1767 2673 1801 2715 ,ἐξ

977 2714 1128 2755 ἀνθρώπων
1153 2716 1310 2753 γενόμενος·
1328 2723 1396 2744 nam
1416 2714 1466 2779 qui
1491 2714 1533 2742 sio
1557 2714 1667 2748 vivunt,
1683 2714 1802 2739 nonnisi

978 2761 1096 2779 summa
1110 2754 1181 2779 dant
1195 2752 1361 2779 reinublicze
1378 2759 1426 2779 ma
1438 2759 1465 2779 δ..
1481 2750 1551 2778 ΧΠ..

978 2750 1096 2782 summa
1110 2750 1181 2782 dant
1195 2750 1361 2789 reipublicae
1378 2750 1465 2780 mala.
1481 2750 1551 2778 Χη-
