  <div class='ocr_page' id='page_1' title='image "/cluster/home/n/w/nwhite01/storage/ocr_20150623/122/njp.32101077773016/122.png"; bbox 0 0 1919 3048; ppageno 0'>
   <div class='ocr_carea' id='block_1_1' title="bbox 79 106 138 137">
    <p class='ocr_par' dir='ltr' id='par_1_1' title="bbox 79 106 138 137">
     <span class='ocr_line' id='line_1_1' title="bbox 79 106 138 137; baseline 0.017 -1"><span class='ocrx_word' id='word_1_1' title='bbox 79 106 138 137; x_wconf 69' lang='lat'>22!</span> 
     </span>
    </p>
   </div>
   <div class='ocr_carea' id='block_1_2' title="bbox 656 105 1227 139">
    <p class='ocr_par' dir='ltr' id='par_1_2' title="bbox 656 105 1227 139">
     <span class='ocr_line' id='line_1_2' title="bbox 656 105 1227 139; baseline 0 -2"><span class='ocrx_word' id='word_1_2' title='bbox 656 106 932 139; x_wconf 80' lang='lat' dir='ltr'>HISTORIARUM</span> <span class='ocrx_word' id='word_1_3' title='bbox 952 105 1227 139; x_wconf 82' lang='lat' dir='ltr'>GOMPENDIUM.</span> 
     </span>
    </p>
   </div>
   <div class='ocr_carea' id='block_1_3' title="bbox 1732 101 1793 132">
    <p class='ocr_par' dir='ltr' id='par_1_3' title="bbox 1732 101 1793 132">
     <span class='ocr_line' id='line_1_3' title="bbox 1732 101 1793 132; baseline 0 0"><span class='ocrx_word' id='word_1_4' title='bbox 1732 101 1793 132; x_wconf 68' lang='grc'><strong>222</strong></span> 
     </span>
    </p>
   </div>
   <div class='ocr_carea' id='block_1_4' title="bbox 81 168 1790 212">
    <p class='ocr_par' dir='ltr' id='par_1_4' title="bbox 81 168 1790 212">
     <span class='ocr_line' id='line_1_4' title="bbox 81 168 1790 212; baseline -0.002 -12"><span class='ocrx_word' id='word_1_5' title='bbox 81 171 165 200; x_wconf 79' lang='grc' dir='ltr'>δάτου</span> <span class='ocrx_word' id='word_1_6' title='bbox 190 172 308 209; x_wconf 81' lang='grc' dir='ltr'>ἀνεψιοὶ,</span> <span class='ocrx_word' id='word_1_7' title='bbox 323 170 418 203; x_wconf 75' lang='grc' dir='ltr'>δεινῶς</span> <span class='ocrx_word' id='word_1_8' title='bbox 433 171 577 212; x_wconf 74' lang='grc' dir='ltr'>τυφθὲντες</span> <span class='ocrx_word' id='word_1_9' title='bbox 589 173 635 200; x_wconf 77' lang='grc' dir='ltr'>καὶ</span> <span class='ocrx_word' id='word_1_10' title='bbox 652 171 696 201; x_wconf 81' lang='grc' dir='ltr'>διὰ</span> <span class='ocrx_word' id='word_1_11' title='bbox 712 172 796 209; x_wconf 73' lang='grc' dir='ltr'>μέσης</span> <span class='ocrx_word' id='word_1_12' title='bbox 812 173 861 207; x_wconf 75' lang='grc' dir='ltr'>τῆς</span> <span class='ocrx_word' id='word_1_13' title='bbox 874 171 1017 210; x_wconf 80' lang='grc' dir='ltr'>λεωφόρου</span> <span class='ocrx_word' id='word_1_14' title='bbox 1032 173 1270 212; x_wconf 69' lang='grc' dir='ltr'>παραπεμφθέντες</span> <span class='ocrx_word' id='word_1_15' title='bbox 1286 171 1375 210; x_wconf 76' lang='grc' dir='ltr'>ἐξορίᾳ</span> <span class='ocrx_word' id='word_1_16' title='bbox 1385 168 1790 210; x_wconf 58' lang='grc' dir='ltr'>παρεπίμφθησανλζατηνὲχθη</span> 
     </span>
    </p>
   </div>
   <div class='ocr_carea' id='block_1_5' title="bbox 82 214 1284 256">
    <p class='ocr_par' dir='ltr' id='par_1_5' title="bbox 82 214 1284 256">
     <span class='ocr_line' id='line_1_5' title="bbox 82 214 1284 256; baseline 0 -12"><span class='ocrx_word' id='word_1_17' title='bbox 82 215 111 244; x_wconf 75' lang='grc' dir='ltr'>δὲ</span> <span class='ocrx_word' id='word_1_18' title='bbox 125 216 172 244; x_wconf 81' lang='grc' dir='ltr'>καὶ</span> <span class='ocrx_word' id='word_1_19' title='bbox 189 214 316 254; x_wconf 73' lang='grc' dir='ltr'>Θεοδώρα</span> <span class='ocrx_word' id='word_1_20' title='bbox 329 218 383 244; x_wconf 84' lang='grc' dir='ltr'>τῶν</span> <span class='ocrx_word' id='word_1_21' title='bbox 400 217 567 255; x_wconf 79' lang='grc' dir='ltr'>ἀνακτόρων,</span> <span class='ocrx_word' id='word_1_22' title='bbox 583 218 627 244; x_wconf 85' lang='grc' dir='ltr'>καὶ</span> <span class='ocrx_word' id='word_1_23' title='bbox 642 217 680 249; x_wconf 84' lang='grc' dir='ltr'>είς</span> <span class='ocrx_word' id='word_1_24' title='bbox 696 218 727 244; x_wconf 83' lang='grc' dir='ltr'>τὸ</span> <span class='ocrx_word' id='word_1_25' title='bbox 743 216 888 255; x_wconf 81' lang='grc' dir='ltr'>λεγόμενον</span> <span class='ocrx_word' id='word_1_26' title='bbox 903 217 1069 256; x_wconf 85' lang='grc' dir='ltr'>περιωρίσθη</span> <span class='ocrx_word' id='word_1_27' title='bbox 1088 218 1199 255; x_wconf 82' lang='grc' dir='ltr'>Πετρίον</span> <span class='ocrx_word' id='word_1_28' title='bbox 1216 218 1284 254; x_wconf 92' lang='grc'>(81).</span> 
     </span>
    </p>
   </div>
   <div class='ocr_carea' id='block_1_6' title="bbox 118 259 955 300">
    <p class='ocr_par' dir='ltr' id='par_1_6' title="bbox 118 259 955 300">
     <span class='ocr_line' id='line_1_6' title="bbox 118 259 955 300; baseline 0 -10"><span class='ocrx_word' id='word_1_29' title='bbox 118 259 289 299; x_wconf 78' lang='grc' dir='ltr'>Ὀκτωϐρίου</span> <span class='ocrx_word' id='word_1_30' title='bbox 318 260 346 289; x_wconf 77' lang='grc' dir='ltr'>δὶ</span> <span class='ocrx_word' id='word_1_31' title='bbox 377 262 464 298; x_wconf 85' lang='grc' dir='ltr'>μηνὸς</span> <span class='ocrx_word' id='word_1_32' title='bbox 480 261 524 289; x_wconf 84' lang='grc' dir='ltr'>λα’</span> <span class='ocrx_word' id='word_1_33' title='bbox 550 261 631 300; x_wconf 77' lang='grc' dir='ltr'>χύσις</span> <span class='ocrx_word' id='word_1_34' title='bbox 661 262 781 300; x_wconf 67' lang='grc' dir='ltr'>ἀστέρος,</span> <span class='ocrx_word' id='word_1_35' title='bbox 798 261 912 300; x_wconf 70' lang='grc' dir='ltr'>ἐγένετο,</span> <span class='ocrx_word' id='word_1_36' title='bbox 928 264 955 297; x_wconf 81' lang='grc' dir='ltr'><strong>Α</strong></span> 
     </span>
    </p>
   </div>
   <div class='ocr_carea' id='block_1_7' title="bbox 82 305 910 343">
    <p class='ocr_par' dir='ltr' id='par_1_7' title="bbox 82 305 910 343">
     <span class='ocr_line' id='line_1_7' title="bbox 82 305 910 343; baseline 0 -9"><span class='ocrx_word' id='word_1_37' title='bbox 82 306 111 334; x_wconf 62' lang='lat' dir='ltr'>Ex</span> <span class='ocrx_word' id='word_1_38' title='bbox 138 305 250 342; x_wconf 81' lang='grc' dir='ltr'>δυσμῶν</span> <span class='ocrx_word' id='word_1_39' title='bbox 280 306 348 342; x_wconf 85' lang='grc' dir='ltr'>πρὸς</span> <span class='ocrx_word' id='word_1_40' title='bbox 376 306 513 341; x_wconf 76' lang='grc' dir='ltr'>ἀνατολὴν</span> <span class='ocrx_word' id='word_1_41' title='bbox 540 307 590 341; x_wconf 78' lang='grc' dir='ltr'>τὴν</span> <span class='ocrx_word' id='word_1_42' title='bbox 619 306 729 343; x_wconf 83' lang='grc' dir='ltr'>πορείαν</span> <span class='ocrx_word' id='word_1_43' title='bbox 755 309 910 338; x_wconf 85' lang='grc' dir='ltr'>ποιοῦντος.</span> 
     </span>
    </p>
   </div>
   <div class='ocr_carea' id='block_1_8' title="bbox 82 350 913 390">
    <p class='ocr_par' dir='ltr' id='par_1_8' title="bbox 82 350 913 390">
     <span class='ocr_line' id='line_1_8' title="bbox 82 350 913 390; baseline 0.002 -13"><span class='ocrx_word' id='word_1_44' title='bbox 82 350 131 378; x_wconf 78' lang='grc' dir='ltr'>Καὶ</span> <span class='ocrx_word' id='word_1_45' title='bbox 155 351 215 378; x_wconf 78' lang='grc' dir='ltr'>κατ’</span> <span class='ocrx_word' id='word_1_46' title='bbox 230 350 313 385; x_wconf 79' lang='grc' dir='ltr'>αὐτὴν</span> <span class='ocrx_word' id='word_1_47' title='bbox 330 351 380 385; x_wconf 77' lang='grc' dir='ltr'>τὴν</span> <span class='ocrx_word' id='word_1_48' title='bbox 399 351 504 389; x_wconf 70' lang='grc' dir='ltr'>ἡμέραν</span> <span class='ocrx_word' id='word_1_49' title='bbox 534 353 637 382; x_wconf 80' lang='grc' dir='ltr'>πτῶσις</span> <span class='ocrx_word' id='word_1_50' title='bbox 665 351 696 379; x_wconf 81' lang='grc' dir='ltr'>οὐ</span> <span class='ocrx_word' id='word_1_51' title='bbox 712 352 795 390; x_wconf 85' lang='grc' dir='ltr'>μικρά</span> <span class='ocrx_word' id='word_1_52' title='bbox 820 351 913 390; x_wconf 68' lang='grc' dir='ltr'>γέγονε</span> 
     </span>
    </p>
   </div>
   <div class='ocr_carea' id='block_1_9' title="bbox 81 394 913 434">
    <p class='ocr_par' dir='ltr' id='par_1_9' title="bbox 81 394 913 434">
     <span class='ocr_line' id='line_1_9' title="bbox 81 394 913 434; baseline 0.001 -12"><span class='ocrx_word' id='word_1_53' title='bbox 81 397 128 422; x_wconf 86' lang='grc' dir='ltr'>τοῦ</span> <span class='ocrx_word' id='word_1_54' title='bbox 144 394 306 432; x_wconf 82' lang='grc' dir='ltr'>Ῥωμαϊκοῦ</span> <span class='ocrx_word' id='word_1_55' title='bbox 335 397 451 432; x_wconf 82' lang='grc' dir='ltr'>στρατοῦ</span> <span class='ocrx_word' id='word_1_56' title='bbox 467 396 493 423; x_wconf 78' lang='grc' dir='ltr'>ἐν</span> <span class='ocrx_word' id='word_1_57' title='bbox 529 396 616 433; x_wconf 77' lang='grc' dir='ltr'>Συρίᾳ</span> <span class='ocrx_word' id='word_1_58' title='bbox 631 398 847 434; x_wconf 80' lang='grc' dir='ltr'>στρατηγοῦντος</span> <span class='ocrx_word' id='word_1_59' title='bbox 861 396 913 430; x_wconf 75' lang='grc' dir='ltr'>τῆς</span> 
     </span>
    </p>
   </div>
   <div class='ocr_carea' id='block_1_10' title="bbox 84 438 912 479">
    <p class='ocr_par' dir='ltr' id='par_1_10' title="bbox 84 438 912 479">
     <span class='ocr_line' id='line_1_10' title="bbox 84 438 912 479; baseline 0.002 -13"><span class='ocrx_word' id='word_1_60' title='bbox 84 438 211 477; x_wconf 80' lang='grc' dir='ltr'>μεγάλης</span> <span class='ocrx_word' id='word_1_61' title='bbox 241 440 413 478; x_wconf 77' lang='grc' dir='ltr'>Ἀντιοχείας</span> <span class='ocrx_word' id='word_1_62' title='bbox 424 439 541 478; x_wconf 73' lang='grc' dir='ltr'>Μιχαὴλ</span> <span class='ocrx_word' id='word_1_63' title='bbox 557 442 604 468; x_wconf 89' lang='grc' dir='ltr'>τοῦ</span> <span class='ocrx_word' id='word_1_64' title='bbox 621 439 779 476; x_wconf 72' lang='grc' dir='ltr'>Σπονδύλη,</span> <span class='ocrx_word' id='word_1_65' title='bbox 790 440 912 479; x_wconf 70' lang='grc' dir='ltr'>Ἐγένετο</span> 
     </span>
    </p>
   </div>
   <div class='ocr_carea' id='block_1_11' title="bbox 85 481 913 523">
    <p class='ocr_par' dir='ltr' id='par_1_11' title="bbox 85 481 913 523">
     <span class='ocr_line' id='line_1_11' title="bbox 85 481 913 523; baseline 0.002 -12"><span class='ocrx_word' id='word_1_66' title='bbox 85 483 112 512; x_wconf 75' lang='grc' dir='ltr'>δὲ</span> <span class='ocrx_word' id='word_1_67' title='bbox 139 483 186 511; x_wconf 85' lang='grc' dir='ltr'>καὶ</span> <span class='ocrx_word' id='word_1_68' title='bbox 217 481 330 522; x_wconf 75' lang='grc' dir='ltr'>ὄμϐρων</span> <span class='ocrx_word' id='word_1_69' title='bbox 361 484 502 516; x_wconf 79' lang='grc' dir='ltr'>ὲπίκλυσις</span> <span class='ocrx_word' id='word_1_70' title='bbox 521 508 528 519; x_wconf 90' lang='grc'>,</span> <span class='ocrx_word' id='word_1_71' title='bbox 556 485 759 523; x_wconf 77' lang='grc' dir='ltr'>ἐπικρατήσασα</span> <span class='ocrx_word' id='word_1_72' title='bbox 785 484 837 516; x_wconf 64' lang='grc' dir='ltr'>ἕως</span> <span class='ocrx_word' id='word_1_73' title='bbox 864 488 913 513; x_wconf 89' lang='grc' dir='ltr'>τοῦ</span> 
     </span>
    </p>
   </div>
   <div class='ocr_carea' id='block_1_12' title="bbox 83 527 912 567">
    <p class='ocr_par' dir='ltr' id='par_1_12' title="bbox 83 527 912 567">
     <span class='ocr_line' id='line_1_12' title="bbox 83 527 912 567; baseline 0 -11"><span class='ocrx_word' id='word_1_74' title='bbox 83 527 208 565; x_wconf 84' lang='grc' dir='ltr'>Μαρτίου</span> <span class='ocrx_word' id='word_1_75' title='bbox 237 529 335 565; x_wconf 82' lang='grc' dir='ltr'>μηνὸς,</span> <span class='ocrx_word' id='word_1_76' title='bbox 351 531 405 556; x_wconf 80' lang='grc' dir='ltr'>τῶν</span> <span class='ocrx_word' id='word_1_77' title='bbox 427 531 560 566; x_wconf 84' lang='grc' dir='ltr'>ποταμῶν</span> <span class='ocrx_word' id='word_1_78' title='bbox 577 529 783 567; x_wconf 79' lang='grc' dir='ltr'>ὁπερχυθὲντων</span> <span class='ocrx_word' id='word_1_79' title='bbox 798 529 843 557; x_wconf 86' lang='grc' dir='ltr'>καὶ</span> <span class='ocrx_word' id='word_1_80' title='bbox 857 531 912 557; x_wconf 86' lang='grc' dir='ltr'>τῶν</span> 
     </span>
    </p>
   </div>
   <div class='ocr_carea' id='block_1_13' title="bbox 82 572 914 612">
    <p class='ocr_par' dir='ltr' id='par_1_13' title="bbox 82 572 914 612">
     <span class='ocr_line' id='line_1_13' title="bbox 82 572 914 612; baseline 0.004 -13"><span class='ocrx_word' id='word_1_81' title='bbox 82 572 185 600; x_wconf 89' lang='grc' dir='ltr'>κοίλων</span> <span class='ocrx_word' id='word_1_82' title='bbox 214 572 431 611; x_wconf 84' lang='grc' dir='ltr'>πελαγισάντων,</span> <span class='ocrx_word' id='word_1_83' title='bbox 450 573 488 604; x_wconf 86' lang='grc' dir='ltr'>ὡς</span> <span class='ocrx_word' id='word_1_84' title='bbox 515 573 698 612; x_wconf 81' lang='grc' dir='ltr'>ἀποπνιγῆναι</span> <span class='ocrx_word' id='word_1_85' title='bbox 714 572 812 611; x_wconf 85' lang='grc' dir='ltr'>σχεδὸν</span> <span class='ocrx_word' id='word_1_86' title='bbox 828 573 914 602; x_wconf 86' lang='grc' dir='ltr'>πάντα</span> 
     </span>
    </p>
   </div>
   <div class='ocr_carea' id='block_1_14' title="bbox 82 615 913 656">
    <p class='ocr_par' dir='ltr' id='par_1_14' title="bbox 82 615 913 656">
     <span class='ocr_line' id='line_1_14' title="bbox 82 615 913 656; baseline 0.004 -13"><span class='ocrx_word' id='word_1_87' title='bbox 82 617 114 644; x_wconf 72' lang='grc' dir='ltr'>τὰ</span> <span class='ocrx_word' id='word_1_88' title='bbox 130 619 188 651; x_wconf 79' lang='grc' dir='ltr'>ζῶα</span> <span class='ocrx_word' id='word_1_89' title='bbox 212 617 258 644; x_wconf 85' lang='grc' dir='ltr'>καὶ</span> <span class='ocrx_word' id='word_1_90' title='bbox 283 617 348 648; x_wconf 79' lang='grc' dir='ltr'>τοὺς</span> <span class='ocrx_word' id='word_1_91' title='bbox 376 615 599 653; x_wconf 71' lang='grc' dir='ltr'>καταϐληθέντος</span> <span class='ocrx_word' id='word_1_92' title='bbox 623 618 743 656; x_wconf 77' lang='grc' dir='ltr'>καρποὺς</span> <span class='ocrx_word' id='word_1_93' title='bbox 757 620 791 655; x_wconf 78' lang='grc' dir='ltr'>τῇ</span> <span class='ocrx_word' id='word_1_94' title='bbox 805 620 851 656; x_wconf 78' lang='grc' dir='ltr'>γῆ,</span> <span class='ocrx_word' id='word_1_95' title='bbox 868 619 913 646; x_wconf 89' lang='grc' dir='ltr'>καὶ</span> 
     </span>
    </p>
   </div>
   <div class='ocr_carea' id='block_1_15' title="bbox 85 660 911 701">
    <p class='ocr_par' dir='ltr' id='par_1_15' title="bbox 85 660 911 701">
     <span class='ocr_line' id='line_1_15' title="bbox 85 660 911 701; baseline 0.002 -13"><span class='ocrx_word' id='word_1_96' title='bbox 85 660 128 689; x_wconf 72' lang='grc' dir='ltr'>διὰ</span> <span class='ocrx_word' id='word_1_97' title='bbox 141 663 225 688; x_wconf 86' lang='grc' dir='ltr'>τοῦτο</span> <span class='ocrx_word' id='word_1_98' title='bbox 242 661 324 698; x_wconf 81' lang='grc' dir='ltr'>λιμὸν</span> <span class='ocrx_word' id='word_1_99' title='bbox 340 662 407 689; x_wconf 85' lang='grc' dir='ltr'>κατᾶ</span> <span class='ocrx_word' id='word_1_100' title='bbox 422 662 468 689; x_wconf 84' lang='grc' dir='ltr'>τὸν</span> <span class='ocrx_word' id='word_1_101' title='bbox 486 662 595 690; x_wconf 77' lang='grc' dir='ltr'>ἐπιόντα</span> <span class='ocrx_word' id='word_1_102' title='bbox 614 663 714 701; x_wconf 86' lang='grc' dir='ltr'>χρόνον</span> <span class='ocrx_word' id='word_1_103' title='bbox 740 661 911 698; x_wconf 73' lang='grc' dir='ltr'>ἐπακολουθῇ</span> 
     </span>
    </p>
   </div>
   <div class='ocr_carea' id='block_1_16' title="bbox 84 704 912 745">
    <p class='ocr_par' dir='ltr' id='par_1_16' title="bbox 84 704 912 745">
     <span class='ocr_line' id='line_1_16' title="bbox 84 704 912 745; baseline 0.002 -12"><span class='ocrx_word' id='word_1_104' title='bbox 84 716 126 733; x_wconf 88' lang='grc' dir='ltr'>σαι</span> <span class='ocrx_word' id='word_1_105' title='bbox 151 704 253 734; x_wconf 84' lang='grc' dir='ltr'>δεινόν.</span> <span class='ocrx_word' id='word_1_106' title='bbox 278 705 454 743; x_wconf 84' lang='grc' dir='ltr'>Βουλόμενος</span> <span class='ocrx_word' id='word_1_107' title='bbox 483 706 512 734; x_wconf 70' lang='grc' dir='ltr'>δὲ</span> <span class='ocrx_word' id='word_1_108' title='bbox 540 708 554 734; x_wconf 88' lang='grc' dir='ltr'>ὁ</span> <span class='ocrx_word' id='word_1_109' title='bbox 572 706 698 745; x_wconf 77' lang='grc' dir='ltr'>βασιλεὺς</span> <span class='ocrx_word' id='word_1_110' title='bbox 711 708 743 735; x_wconf 83' lang='grc' dir='ltr'>τὸ</span> <span class='ocrx_word' id='word_1_111' title='bbox 758 708 868 745; x_wconf 87' lang='grc' dir='ltr'>γεγονὸς</span> <span class='ocrx_word' id='word_1_112' title='bbox 887 707 912 735; x_wconf 77' lang='grc' dir='ltr'>ἐν</span> 
     </span>
    </p>
   </div>
   <div class='ocr_carea' id='block_1_17' title="bbox 85 749 914 790">
    <p class='ocr_par' dir='ltr' id='par_1_17' title="bbox 85 749 914 790">
     <span class='ocr_line' id='line_1_17' title="bbox 85 749 914 790; baseline 0.002 -12"><span class='ocrx_word' id='word_1_113' title='bbox 85 749 168 788; x_wconf 79' lang='grc' dir='ltr'>Συρίᾳ</span> <span class='ocrx_word' id='word_1_114' title='bbox 196 749 338 788; x_wconf 80' lang='grc' dir='ltr'>ἀτώχημα</span> <span class='ocrx_word' id='word_1_115' title='bbox 367 750 532 786; x_wconf 72' lang='grc' dir='ltr'>ἐξιάσασθαι,</span> <span class='ocrx_word' id='word_1_116' title='bbox 563 751 679 789; x_wconf 81' lang='grc' dir='ltr'>ὥρμητο</span> <span class='ocrx_word' id='word_1_117' title='bbox 696 752 767 779; x_wconf 87' lang='grc' dir='ltr'>κατά</span> <span class='ocrx_word' id='word_1_118' title='bbox 779 753 829 787; x_wconf 76' lang='grc' dir='ltr'>τῆς</span> <span class='ocrx_word' id='word_1_119' title='bbox 846 751 914 790; x_wconf 78' lang='grc' dir='ltr'>Βερ-</span> 
     </span>
    </p>
   </div>
   <div class='ocr_carea' id='block_1_18' title="bbox 85 793 913 834">
    <p class='ocr_par' dir='ltr' id='par_1_18' title="bbox 85 793 913 834">
     <span class='ocr_line' id='line_1_18' title="bbox 85 793 913 834; baseline 0.004 -13"><span class='ocrx_word' id='word_1_120' title='bbox 85 793 157 832; x_wconf 79' lang='grc' dir='ltr'>ῥοίας</span> <span class='ocrx_word' id='word_1_121' title='bbox 183 793 375 833; x_wconf 69' lang='grc' dir='ltr'>ἐκστρατεῦσαι</span> <span class='ocrx_word' id='word_1_122' title='bbox 393 817 400 824; x_wconf 93' lang='grc'><strong>.</strong></span> <span class='ocrx_word' id='word_1_123' title='bbox 430 795 580 832; x_wconf 75' lang='grc' dir='ltr'>Ἐκπέμπει</span> <span class='ocrx_word' id='word_1_124' title='bbox 608 798 673 834; x_wconf 86' lang='grc' dir='ltr'>γοῦν</span> <span class='ocrx_word' id='word_1_125' title='bbox 703 796 760 832; x_wconf 86' lang='grc' dir='ltr'>μετ’</span> <span class='ocrx_word' id='word_1_126' title='bbox 794 796 913 831; x_wconf 79' lang='grc' dir='ltr'>εὖζώνου</span> 
     </span>
    </p>
   </div>
   <div class='ocr_carea' id='block_1_19' title="bbox 84 837 913 878">
    <p class='ocr_par' dir='ltr' id='par_1_19' title="bbox 84 837 913 878">
     <span class='ocr_line' id='line_1_19' title="bbox 84 837 913 878; baseline 0.002 -12"><span class='ocrx_word' id='word_1_127' title='bbox 84 837 226 875; x_wconf 72' lang='grc' dir='ltr'>δυνάμεως</span> <span class='ocrx_word' id='word_1_128' title='bbox 254 840 458 868; x_wconf 84' lang='grc' dir='ltr'>Κωνσταντῖνον</span> <span class='ocrx_word' id='word_1_129' title='bbox 492 840 635 878; x_wconf 87' lang='grc' dir='ltr'>πατρίκιον</span> <span class='ocrx_word' id='word_1_130' title='bbox 669 841 715 868; x_wconf 84' lang='grc' dir='ltr'>τὸν</span> <span class='ocrx_word' id='word_1_131' title='bbox 743 841 913 878; x_wconf 83' lang='grc' dir='ltr'>Καραντηνὸν</span> 
     </span>
    </p>
   </div>
   <div class='ocr_carea' id='block_1_20' title="bbox 83 882 913 923">
    <p class='ocr_par' dir='ltr' id='par_1_20' title="bbox 83 882 913 923">
     <span class='ocr_line' id='line_1_20' title="bbox 83 882 913 923; baseline 0.004 -13"><span class='ocrx_word' id='word_1_132' title='bbox 83 883 126 910; x_wconf 86' lang='grc' dir='ltr'>νὸν</span> <span class='ocrx_word' id='word_1_133' title='bbox 157 882 199 910; x_wconf 78' lang='grc' dir='ltr'>ἐπ’</span> <span class='ocrx_word' id='word_1_134' title='bbox 226 882 332 923; x_wconf 78' lang='grc' dir='ltr'>ἀδελφῇ</span> <span class='ocrx_word' id='word_1_135' title='bbox 345 883 446 912; x_wconf 83' lang='grc' dir='ltr'>τούτου</span> <span class='ocrx_word' id='word_1_136' title='bbox 470 882 607 923; x_wconf 74' lang='grc' dir='ltr'>γαμϐρὸν,</span> <span class='ocrx_word' id='word_1_137' title='bbox 642 884 768 917; x_wconf 78' lang='grc' dir='ltr'>ἀπελθεῖν</span> <span class='ocrx_word' id='word_1_138' title='bbox 801 885 913 921; x_wconf 76' lang='grc' dir='ltr'>ἐπισκή-</span> 
     </span>
    </p>
   </div>
   <div class='ocr_carea' id='block_1_21' title="bbox 83 927 915 965">
    <p class='ocr_par' dir='ltr' id='par_1_21' title="bbox 83 927 915 965">
     <span class='ocr_line' id='line_1_21' title="bbox 83 927 915 965; baseline 0.004 -11"><span class='ocrx_word' id='word_1_139' title='bbox 83 928 133 965; x_wconf 79' lang='grc' dir='ltr'>ψας</span> <span class='ocrx_word' id='word_1_140' title='bbox 158 927 204 955; x_wconf 77' lang='grc' dir='ltr'>καὶ</span> <span class='ocrx_word' id='word_1_141' title='bbox 235 930 439 963; x_wconf 70' lang='grc' dir='ltr'>κατασκοπῆσαι</span> <span class='ocrx_word' id='word_1_142' title='bbox 467 929 515 960; x_wconf 79' lang='grc' dir='ltr'>τὰς</span> <span class='ocrx_word' id='word_1_143' title='bbox 536 928 658 962; x_wconf 78' lang='grc' dir='ltr'>εἷ’σόδυυς</span> <span class='ocrx_word' id='word_1_144' title='bbox 681 930 727 957; x_wconf 83' lang='grc' dir='ltr'>καὶ</span> <span class='ocrx_word' id='word_1_145' title='bbox 741 930 809 957; x_wconf 84' lang='grc' dir='ltr'>κατά</span> <span class='ocrx_word' id='word_1_146' title='bbox 824 930 855 957; x_wconf 81' lang='grc' dir='ltr'>τὸ</span> <span class='ocrx_word' id='word_1_147' title='bbox 871 929 915 957; x_wconf 89' lang='grc' dir='ltr'>δυ-</span> 
     </span>
    </p>
   </div>
   <div class='ocr_carea' id='block_1_22' title="bbox 84 972 914 1012">
    <p class='ocr_par' dir='ltr' id='par_1_22' title="bbox 84 972 914 1012">
     <span class='ocr_line' id='line_1_22' title="bbox 84 972 914 1012; baseline 0.002 -12"><span class='ocrx_word' id='word_1_148' title='bbox 84 972 161 1000; x_wconf 79' lang='grc' dir='ltr'>νατὸν</span> <span class='ocrx_word' id='word_1_149' title='bbox 199 972 385 1009; x_wconf 85' lang='grc' dir='ltr'>πημαίνεσθαι</span> <span class='ocrx_word' id='word_1_150' title='bbox 422 972 487 1005; x_wconf 73' lang='grc' dir='ltr'>τοὺς</span> <span class='ocrx_word' id='word_1_151' title='bbox 525 973 652 1012; x_wconf 78' lang='grc' dir='ltr'>ἐχθροὺς,</span> <span class='ocrx_word' id='word_1_152' title='bbox 682 974 855 1012; x_wconf 77' lang='grc' dir='ltr'>παρατάξεως</span> <span class='ocrx_word' id='word_1_153' title='bbox 885 973 914 1002; x_wconf 72' lang='grc' dir='ltr'>δὶ</span> 
     </span>
    </p>
   </div>
   <div class='ocr_carea' id='block_1_23' title="bbox 85 1015 914 1057">
    <p class='ocr_par' dir='ltr' id='par_1_23' title="bbox 85 1015 914 1057">
     <span class='ocr_line' id='line_1_23' title="bbox 85 1015 914 1057; baseline 0.004 -14"><span class='ocrx_word' id='word_1_154' title='bbox 85 1015 235 1052; x_wconf 78' lang='grc' dir='ltr'>καθολικῆς</span> <span class='ocrx_word' id='word_1_155' title='bbox 263 1016 412 1055; x_wconf 74' lang='grc' dir='ltr'>ἀπέχεσθαι</span> <span class='ocrx_word' id='word_1_156' title='bbox 430 1018 514 1056; x_wconf 80' lang='grc' dir='ltr'>μέχρι</span> <span class='ocrx_word' id='word_1_157' title='bbox 528 1021 579 1053; x_wconf 83' lang='grc' dir='ltr'>τῆς</span> <span class='ocrx_word' id='word_1_158' title='bbox 595 1017 677 1046; x_wconf 73' lang='grc' dir='ltr'>αὐτοῦ</span> <span class='ocrx_word' id='word_1_159' title='bbox 694 1019 854 1057; x_wconf 81' lang='grc' dir='ltr'>παρουσίας.</span> <span class='ocrx_word' id='word_1_160' title='bbox 870 1019 914 1048; x_wconf 83' lang='grc' dir='ltr'>Ἑν</span> 
     </span>
    </p>
   </div>
   <div class='ocr_carea' id='block_1_24' title="bbox 88 1059 916 1099">
    <p class='ocr_par' dir='ltr' id='par_1_24' title="bbox 88 1059 916 1099">
     <span class='ocr_line' id='line_1_24' title="bbox 88 1059 916 1099; baseline 0.002 -11"><span class='ocrx_word' id='word_1_161' title='bbox 88 1060 142 1097; x_wconf 76' lang='grc' dir='ltr'>ὅσῳ</span> <span class='ocrx_word' id='word_1_162' title='bbox 170 1059 200 1088; x_wconf 59' lang='grc' dir='ltr'>δὲ</span> <span class='ocrx_word' id='word_1_163' title='bbox 229 1061 244 1088; x_wconf 81' lang='grc' dir='ltr'><strong>ὁ</strong></span> <span class='ocrx_word' id='word_1_164' title='bbox 274 1061 390 1099; x_wconf 78' lang='grc' dir='ltr'>στρατὸς</span> <span class='ocrx_word' id='word_1_165' title='bbox 419 1062 493 1098; x_wconf 81' lang='grc' dir='ltr'>αὐτῷ</span> <span class='ocrx_word' id='word_1_166' title='bbox 520 1063 723 1097; x_wconf 79' lang='grc' dir='ltr'>συνηθροίζετο,</span> <span class='ocrx_word' id='word_1_167' title='bbox 745 1064 759 1090; x_wconf 91' lang='grc' dir='ltr'>ὁ</span> <span class='ocrx_word' id='word_1_168' title='bbox 789 1063 836 1099; x_wconf 68' lang='grc' dir='ltr'>μὲν</span> <span class='ocrx_word' id='word_1_169' title='bbox 865 1066 916 1098; x_wconf 86' lang='grc' dir='ltr'>τῆς</span> 
     </span>
    </p>
   </div>
   <div class='ocr_carea' id='block_1_25' title="bbox 87 1102 916 1145">
    <p class='ocr_par' dir='ltr' id='par_1_25' title="bbox 87 1102 916 1145">
     <span class='ocr_line' id='line_1_25' title="bbox 87 1102 916 1145; baseline 0.001 -11"><span class='ocrx_word' id='word_1_170' title='bbox 87 1102 233 1143; x_wconf 80' lang='grc' dir='ltr'>Ἀϐασγίας</span> <span class='ocrx_word' id='word_1_171' title='bbox 257 1105 351 1143; x_wconf 82' lang='grc' dir='ltr'>ἄρχων</span> <span class='ocrx_word' id='word_1_172' title='bbox 385 1106 522 1145; x_wconf 88' lang='grc' dir='ltr'>Γεώργιος</span> <span class='ocrx_word' id='word_1_173' title='bbox 548 1107 620 1143; x_wconf 85' lang='grc' dir='ltr'>νόσῳ</span> <span class='ocrx_word' id='word_1_174' title='bbox 635 1107 758 1142; x_wconf 82' lang='grc' dir='ltr'>τελευτᾷ,</span> <span class='ocrx_word' id='word_1_175' title='bbox 775 1108 791 1142; x_wconf 83' lang='grc' dir='ltr'><strong>ὴ</strong></span> <span class='ocrx_word' id='word_1_176' title='bbox 808 1106 837 1135; x_wconf 78' lang='grc' dir='ltr'>δὲ</span> <span class='ocrx_word' id='word_1_177' title='bbox 852 1107 916 1135; x_wconf 84' lang='grc' dir='ltr'>τού-</span> 
     </span>
    </p>
   </div>
   <div class='ocr_carea' id='block_1_26' title="bbox 89 1147 916 1189">
    <p class='ocr_par' dir='ltr' id='par_1_26' title="bbox 89 1147 916 1189">
     <span class='ocr_line' id='line_1_26' title="bbox 89 1147 916 1189; baseline 0.004 -12"><span class='ocrx_word' id='word_1_178' title='bbox 89 1160 136 1177; x_wconf 86' lang='grc' dir='ltr'>του</span> <span class='ocrx_word' id='word_1_179' title='bbox 163 1149 292 1178; x_wconf 82' lang='grc' dir='ltr'>σύνοικος</span> <span class='ocrx_word' id='word_1_180' title='bbox 322 1147 449 1188; x_wconf 69' lang='grc' dir='ltr'>πρέσϐεις</span> <span class='ocrx_word' id='word_1_181' title='bbox 477 1151 515 1182; x_wconf 81' lang='grc' dir='ltr'>εἰς</span> <span class='ocrx_word' id='word_1_182' title='bbox 547 1151 659 1189; x_wconf 74' lang='grc' dir='ltr'>βασιλέα</span> <span class='ocrx_word' id='word_1_183' title='bbox 690 1151 817 1180; x_wconf 83' lang='grc' dir='ltr'>στείλασα</span> <span class='ocrx_word' id='word_1_184' title='bbox 849 1152 916 1188; x_wconf 77' lang='grc' dir='ltr'>μετὰ</span> 
     </span>
    </p>
   </div>
   <div class='ocr_carea' id='block_1_27' title="bbox 90 1193 914 1234">
    <p class='ocr_par' dir='ltr' id='par_1_27' title="bbox 90 1193 914 1234">
     <span class='ocr_line' id='line_1_27' title="bbox 90 1193 914 1234; baseline 0.004 -13"><span class='ocrx_word' id='word_1_185' title='bbox 90 1193 181 1232; x_wconf 82' lang='grc' dir='ltr'>δώρων</span> <span class='ocrx_word' id='word_1_186' title='bbox 211 1193 331 1226; x_wconf 83' lang='grc' dir='ltr'>σπονδάς</span> <span class='ocrx_word' id='word_1_187' title='bbox 359 1205 389 1223; x_wconf 76' lang='grc' dir='ltr'>τε</span> <span class='ocrx_word' id='word_1_188' title='bbox 417 1196 556 1234; x_wconf 77' lang='grc' dir='ltr'>ιίρηνιγᾶις</span> <span class='ocrx_word' id='word_1_189' title='bbox 571 1195 659 1232; x_wconf 72' lang='grc' dir='ltr'>ἐζήτει</span> <span class='ocrx_word' id='word_1_190' title='bbox 683 1197 727 1224; x_wconf 82' lang='grc' dir='ltr'>καὶ</span> <span class='ocrx_word' id='word_1_191' title='bbox 747 1199 786 1234; x_wconf 85' lang='grc' dir='ltr'>τῷ</span> <span class='ocrx_word' id='word_1_192' title='bbox 814 1197 914 1232; x_wconf 65' lang='grc' dir='ltr'>ταύτης</span> 
     </span>
    </p>
   </div>
   <div class='ocr_carea' id='block_1_28' title="bbox 1006 261 1792 292">
    <p class='ocr_par' dir='ltr' id='par_1_28' title="bbox 1006 261 1792 292">
     <span class='ocr_line' id='line_1_28' title="bbox 1006 261 1792 292; baseline -0.006 -1"><span class='ocrx_word' id='word_1_193' title='bbox 1006 263 1114 291; x_wconf 82' lang='lat' dir='ltr'>Ultima</span> <span class='ocrx_word' id='word_1_194' title='bbox 1142 263 1276 292; x_wconf 85' lang='lat' dir='ltr'>Octobris</span> <span class='ocrx_word' id='word_1_195' title='bbox 1306 263 1352 290; x_wconf 87' lang='lat' dir='ltr'>die</span> <span class='ocrx_word' id='word_1_196' title='bbox 1380 261 1464 290; x_wconf 80' lang='lat' dir='ltr'>stella</span> <span class='ocrx_word' id='word_1_197' title='bbox 1493 261 1529 289; x_wconf 86' lang='lat' dir='ltr'>ab</span> <span class='ocrx_word' id='word_1_198' title='bbox 1558 268 1662 289; x_wconf 83' lang='lat' dir='ltr'>occasu</span> <span class='ocrx_word' id='word_1_199' title='bbox 1689 267 1792 287; x_wconf 82' lang='lat' dir='ltr'>versus</span> 
     </span>
    </p>
   </div>
   <div class='ocr_carea' id='block_1_29' title="bbox 967 304 1791 342">
    <p class='ocr_par' dir='ltr' id='par_1_29' title="bbox 967 304 1791 342">
     <span class='ocr_line' id='line_1_29' title="bbox 967 304 1791 342; baseline -0.004 -8"><span class='ocrx_word' id='word_1_200' title='bbox 967 310 1063 335; x_wconf 83' lang='lat' dir='ltr'>ortum</span> <span class='ocrx_word' id='word_1_201' title='bbox 1093 309 1228 342; x_wconf 78' lang='lat' dir='ltr'>trajicere</span> <span class='ocrx_word' id='word_1_202' title='bbox 1254 308 1317 335; x_wconf 83' lang='lat' dir='ltr'>visa</span> <span class='ocrx_word' id='word_1_203' title='bbox 1345 310 1400 335; x_wconf 87' lang='lat' dir='ltr'>est.</span> <span class='ocrx_word' id='word_1_204' title='bbox 1427 306 1594 341; x_wconf 86' lang='lat' dir='ltr'>Eademque</span> <span class='ocrx_word' id='word_1_205' title='bbox 1616 305 1663 332; x_wconf 90' lang='lat' dir='ltr'>die</span> <span class='ocrx_word' id='word_1_206' title='bbox 1687 304 1791 332; x_wconf 76' lang='lat' dir='ltr'>classis</span> 
     </span>
    </p>
   </div>
   <div class='ocr_carea' id='block_1_30' title="bbox 967 348 1791 388">
    <p class='ocr_par' dir='ltr' id='par_1_30' title="bbox 967 348 1791 388">
     <span class='ocr_line' id='line_1_30' title="bbox 967 348 1791 388; baseline -0.007 -8"><span class='ocrx_word' id='word_1_207' title='bbox 967 352 1098 380; x_wconf 82' lang='lat' dir='ltr'>Romana</span> <span class='ocrx_word' id='word_1_208' title='bbox 1114 352 1192 380; x_wconf 88' lang='lat' dir='ltr'>haud</span> <span class='ocrx_word' id='word_1_209' title='bbox 1214 352 1347 388; x_wconf 79' lang='lat' dir='ltr'>exiguam</span> <span class='ocrx_word' id='word_1_210' title='bbox 1375 354 1420 379; x_wconf 88' lang='lat' dir='ltr'>est</span> <span class='ocrx_word' id='word_1_211' title='bbox 1436 359 1524 387; x_wconf 85' lang='lat' dir='ltr'>passa</span> <span class='ocrx_word' id='word_1_212' title='bbox 1548 350 1673 381; x_wconf 80' lang='lat' dir='ltr'>cladem,</span> <span class='ocrx_word' id='word_1_213' title='bbox 1690 348 1791 376; x_wconf 80' lang='lat' dir='ltr'>Antio-</span> 
     </span>
    </p>
   </div>
   <div class='ocr_carea' id='block_1_31' title="bbox 967 394 1791 433">
    <p class='ocr_par' dir='ltr' id='par_1_31' title="bbox 967 394 1791 433">
     <span class='ocr_line' id='line_1_31' title="bbox 967 394 1791 433; baseline -0.006 -9"><span class='ocrx_word' id='word_1_214' title='bbox 967 397 1038 424; x_wconf 64' lang='lat' dir='ltr'>chiae</span> <span class='ocrx_word' id='word_1_215' title='bbox 1063 399 1184 433; x_wconf 71' lang='lat' dir='ltr'>praetore</span> <span class='ocrx_word' id='word_1_216' title='bbox 1210 396 1348 424; x_wconf 85' lang='lat' dir='ltr'>Michaelo</span> <span class='ocrx_word' id='word_1_217' title='bbox 1364 395 1515 432; x_wconf 77' lang='lat' dir='ltr'>Spondila.</span> <span class='ocrx_word' id='word_1_218' title='bbox 1540 394 1652 422; x_wconf 79' lang='lat' dir='ltr'>Imbres</span> <span class='ocrx_word' id='word_1_219' title='bbox 1677 400 1791 429; x_wconf 85' lang='lat' dir='ltr'>quoque</span> 
     </span>
    </p>
   </div>
   <div class='ocr_carea' id='block_1_32' title="bbox 967 438 1791 477">
    <p class='ocr_par' dir='ltr' id='par_1_32' title="bbox 967 438 1791 477">
     <span class='ocr_line' id='line_1_32' title="bbox 967 438 1791 477; baseline -0.006 -8"><span class='ocrx_word' id='word_1_220' title='bbox 967 442 1101 477; x_wconf 79' lang='lat' dir='ltr'>ingentes</span> <span class='ocrx_word' id='word_1_221' title='bbox 1117 450 1208 477; x_wconf 89' lang='lat' dir='ltr'>usque</span> <span class='ocrx_word' id='word_1_222' title='bbox 1225 442 1260 469; x_wconf 88' lang='lat' dir='ltr'>ad</span> <span class='ocrx_word' id='word_1_223' title='bbox 1277 441 1415 469; x_wconf 76' lang='lat' dir='ltr'>Martium</span> <span class='ocrx_word' id='word_1_224' title='bbox 1440 448 1571 468; x_wconf 82' lang='lat' dir='ltr'>mensem</span> <span class='ocrx_word' id='word_1_225' title='bbox 1588 438 1791 470; x_wconf 81' lang='lat' dir='ltr'>obtinuerunt,</span> 
     </span>
    </p>
   </div>
   <div class='ocr_carea' id='block_1_33' title="bbox 967 481 1794 513">
    <p class='ocr_par' dir='ltr' id='par_1_33' title="bbox 967 481 1794 513">
     <span class='ocr_line' id='line_1_33' title="bbox 967 481 1794 513; baseline -0.006 0"><span class='ocrx_word' id='word_1_226' title='bbox 967 489 995 513; x_wconf 85' lang='lat' dir='ltr'>et</span> <span class='ocrx_word' id='word_1_227' title='bbox 1010 486 1141 513; x_wconf 88' lang='lat' dir='ltr'>amnium</span> <span class='ocrx_word' id='word_1_228' title='bbox 1160 494 1193 513; x_wconf 88' lang='lat' dir='ltr'>ac</span> <span class='ocrx_word' id='word_1_229' title='bbox 1208 486 1326 513; x_wconf 85' lang='lat' dir='ltr'>lacuum</span> <span class='ocrx_word' id='word_1_230' title='bbox 1338 485 1532 512; x_wconf 85' lang='lat' dir='ltr'>exundatione</span> <span class='ocrx_word' id='word_1_231' title='bbox 1549 484 1607 511; x_wconf 82' lang='lat' dir='ltr'>fere</span> <span class='ocrx_word' id='word_1_232' title='bbox 1622 482 1722 510; x_wconf 80' lang='lat' dir='ltr'>omnia</span> <span class='ocrx_word' id='word_1_233' title='bbox 1732 481 1794 509; x_wconf 84' lang='lat' dir='ltr'>ani-</span> 
     </span>
    </p>
   </div>
   <div class='ocr_carea' id='block_1_34' title="bbox 968 528 1792 563">
    <p class='ocr_par' dir='ltr' id='par_1_34' title="bbox 968 528 1792 563">
     <span class='ocr_line' id='line_1_34' title="bbox 968 528 1792 563; baseline -0.005 -6"><span class='ocrx_word' id='word_1_234' title='bbox 968 531 1056 558; x_wconf 87' lang='lat' dir='ltr'>malia</span> <span class='ocrx_word' id='word_1_235' title='bbox 1070 534 1155 558; x_wconf 77' lang='lat' dir='ltr'>necta</span> <span class='ocrx_word' id='word_1_236' title='bbox 1175 534 1254 562; x_wconf 88' lang='lat' dir='ltr'>sunt,</span> <span class='ocrx_word' id='word_1_237' title='bbox 1280 539 1313 557; x_wconf 82' lang='lat' dir='ltr'>ac</span> <span class='ocrx_word' id='word_1_238' title='bbox 1328 530 1442 557; x_wconf 79' lang='lat' dir='ltr'>semina</span> <span class='ocrx_word' id='word_1_239' title='bbox 1466 533 1550 556; x_wconf 74' lang='lat' dir='ltr'>terrea</span> <span class='ocrx_word' id='word_1_240' title='bbox 1566 528 1724 556; x_wconf 83' lang='lat' dir='ltr'>commissa</span> <span class='ocrx_word' id='word_1_241' title='bbox 1740 534 1792 563; x_wconf 81' lang='lat' dir='ltr'>pe-</span> 
     </span>
    </p>
   </div>
   <div class='ocr_carea' id='block_1_35' title="bbox 968 571 1791 611">
    <p class='ocr_par' dir='ltr' id='par_1_35' title="bbox 968 571 1791 611">
     <span class='ocr_line' id='line_1_35' title="bbox 968 571 1791 611; baseline -0.005 -9"><span class='ocrx_word' id='word_1_242' title='bbox 968 574 1099 609; x_wconf 88' lang='lat' dir='ltr'>rierunt;</span> <span class='ocrx_word' id='word_1_243' title='bbox 1116 574 1240 611; x_wconf 80' lang='lat' dir='ltr'>ideoque</span> <span class='ocrx_word' id='word_1_244' title='bbox 1263 573 1429 611; x_wconf 82' lang='lat' dir='ltr'>insequenti</span> <span class='ocrx_word' id='word_1_245' title='bbox 1452 581 1528 601; x_wconf 88' lang='lat' dir='ltr'>anno</span> <span class='ocrx_word' id='word_1_246' title='bbox 1542 572 1633 610; x_wconf 53' lang='lat' dir='ltr'>{gravi</span> <span class='ocrx_word' id='word_1_247' title='bbox 1649 573 1693 600; x_wconf 88' lang='lat' dir='ltr'>est</span> <span class='ocrx_word' id='word_1_248' title='bbox 1710 571 1791 599; x_wconf 85' lang='lat' dir='ltr'>labo-</span> 
     </span>
    </p>
   </div>
   <div class='ocr_carea' id='block_1_36' title="bbox 969 615 1790 655">
    <p class='ocr_par' dir='ltr' id='par_1_36' title="bbox 969 615 1790 655">
     <span class='ocr_line' id='line_1_36' title="bbox 969 615 1790 655; baseline -0.004 -9"><span class='ocrx_word' id='word_1_249' title='bbox 969 621 1063 646; x_wconf 86' lang='lat' dir='ltr'>ratum</span> <span class='ocrx_word' id='word_1_250' title='bbox 1078 619 1210 655; x_wconf 84' lang='lat' dir='ltr'>penuria.</span> <span class='ocrx_word' id='word_1_251' title='bbox 1224 620 1365 647; x_wconf 67' lang='lat' dir='ltr'>Caeterum</span> <span class='ocrx_word' id='word_1_252' title='bbox 1379 619 1539 654; x_wconf 80' lang='lat' dir='ltr'>imperator</span> <span class='ocrx_word' id='word_1_253' title='bbox 1550 619 1582 645; x_wconf 88' lang='lat' dir='ltr'>ut</span> <span class='ocrx_word' id='word_1_254' title='bbox 1596 618 1745 652; x_wconf 85' lang='lat' dir='ltr'>acceptam</span> <span class='ocrx_word' id='word_1_255' title='bbox 1761 615 1790 643; x_wconf 90' lang='lat' dir='ltr'>in</span> 
     </span>
    </p>
   </div>
   <div class='ocr_carea' id='block_1_37' title="bbox 967 661 1791 700">
    <p class='ocr_par' dir='ltr' id='par_1_37' title="bbox 967 661 1791 700">
     <span class='ocr_line' id='line_1_37' title="bbox 967 661 1791 700; baseline -0.004 -9"><span class='ocrx_word' id='word_1_256' title='bbox 967 664 1048 700; x_wconf 87' lang='lat' dir='ltr'>Syria</span> <span class='ocrx_word' id='word_1_257' title='bbox 1063 664 1175 691; x_wconf 84' lang='lat' dir='ltr'>cladem</span> <span class='ocrx_word' id='word_1_258' title='bbox 1187 663 1356 699; x_wconf 79' lang='lat' dir='ltr'>exsarciret,</span> <span class='ocrx_word' id='word_1_259' title='bbox 1369 663 1583 699; x_wconf 84' lang='lat' dir='ltr'>expeditionem</span> <span class='ocrx_word' id='word_1_260' title='bbox 1595 662 1631 690; x_wconf 86' lang='lat' dir='ltr'>ad</span> <span class='ocrx_word' id='word_1_261' title='bbox 1646 661 1791 689; x_wconf 70' lang='lat' dir='ltr'>Berraaam</span> 
     </span>
    </p>
   </div>
   <div class='ocr_carea' id='block_1_38' title="bbox 967 707 1792 744">
    <p class='ocr_par' dir='ltr' id='par_1_38' title="bbox 967 707 1792 744">
     <span class='ocr_line' id='line_1_38' title="bbox 967 707 1792 744; baseline -0.005 -8"><span class='ocrx_word' id='word_1_262' title='bbox 967 708 1115 741; x_wconf 89' lang='lat' dir='ltr'>instituit;</span> <span class='ocrx_word' id='word_1_263' title='bbox 1133 708 1283 744; x_wconf 81' lang='lat' dir='ltr'>mittitque</span> <span class='ocrx_word' id='word_1_264' title='bbox 1295 708 1404 736; x_wconf 85' lang='lat' dir='ltr'>sororis</span> <span class='ocrx_word' id='word_1_265' title='bbox 1419 716 1478 735; x_wconf 68' lang='lat' dir='ltr'>suae</span> <span class='ocrx_word' id='word_1_266' title='bbox 1494 707 1633 734; x_wconf 84' lang='lat' dir='ltr'>maritum</span> <span class='ocrx_word' id='word_1_267' title='bbox 1649 707 1792 733; x_wconf 85' lang='lat' dir='ltr'>Constan-</span> 
     </span>
    </p>
   </div>
   <div class='ocr_carea' id='block_1_39' title="bbox 967 751 1791 789">
    <p class='ocr_par' dir='ltr' id='par_1_39' title="bbox 967 751 1791 789">
     <span class='ocr_line' id='line_1_39' title="bbox 967 751 1791 789; baseline -0.005 -9"><span class='ocrx_word' id='word_1_268' title='bbox 967 753 1062 780; x_wconf 86' lang='lat' dir='ltr'>tinum</span> <span class='ocrx_word' id='word_1_269' title='bbox 1078 752 1232 789; x_wconf 83' lang='lat' dir='ltr'>patricium</span> <span class='ocrx_word' id='word_1_270' title='bbox 1248 753 1457 786; x_wconf 87' lang='lat' dir='ltr'>Carantenum,</span> <span class='ocrx_word' id='word_1_271' title='bbox 1470 760 1535 780; x_wconf 90' lang='lat' dir='ltr'>cum</span> <span class='ocrx_word' id='word_1_272' title='bbox 1548 751 1620 779; x_wconf 87' lang='lat' dir='ltr'>levis</span> <span class='ocrx_word' id='word_1_273' title='bbox 1636 752 1791 778; x_wconf 68' lang='lat' dir='ltr'>armatura</span> 
     </span>
    </p>
   </div>
   <div class='ocr_carea' id='block_1_40' title="bbox 968 795 1792 834">
    <p class='ocr_par' dir='ltr' id='par_1_40' title="bbox 968 795 1792 834">
     <span class='ocr_line' id='line_1_40' title="bbox 968 795 1792 834; baseline -0.005 -9"><span class='ocrx_word' id='word_1_274' title='bbox 968 797 1104 828; x_wconf 84' lang='lat' dir='ltr'>exercitu.</span> <span class='ocrx_word' id='word_1_275' title='bbox 1130 797 1275 834; x_wconf 86' lang='lat' dir='ltr'>speculari</span> <span class='ocrx_word' id='word_1_276' title='bbox 1295 805 1363 825; x_wconf 88' lang='lat' dir='ltr'>eum</span> <span class='ocrx_word' id='word_1_277' title='bbox 1389 797 1487 825; x_wconf 82' lang='lat' dir='ltr'>aditus</span> <span class='ocrx_word' id='word_1_278' title='bbox 1511 798 1539 824; x_wconf 84' lang='lat' dir='ltr'>et</span> <span class='ocrx_word' id='word_1_279' title='bbox 1563 797 1710 832; x_wconf 86' lang='lat' dir='ltr'>quantum</span> <span class='ocrx_word' id='word_1_280' title='bbox 1730 795 1792 822; x_wconf 87' lang='lat' dir='ltr'>ﬁeri</span> 
     </span>
    </p>
   </div>
   <div class='ocr_carea' id='block_1_41' title="bbox 968 839 1792 878">
    <p class='ocr_par' dir='ltr' id='par_1_41' title="bbox 968 839 1792 878">
     <span class='ocr_line' id='line_1_41' title="bbox 968 839 1792 878; baseline -0.005 -8"><span class='ocrx_word' id='word_1_281' title='bbox 968 845 1068 878; x_wconf 82' lang='lat' dir='ltr'>posset</span> <span class='ocrx_word' id='word_1_282' title='bbox 1091 841 1190 870; x_wconf 84' lang='lat' dir='ltr'>hostes</span> <span class='ocrx_word' id='word_1_283' title='bbox 1214 842 1363 876; x_wconf 78' lang='lat' dir='ltr'>infestare,</span> <span class='ocrx_word' id='word_1_284' title='bbox 1391 841 1490 878; x_wconf 72' lang='lat' dir='ltr'>prszlio</span> <span class='ocrx_word' id='word_1_285' title='bbox 1514 843 1613 868; x_wconf 86' lang='lat' dir='ltr'>tamen</span> <span class='ocrx_word' id='word_1_286' title='bbox 1637 848 1731 875; x_wconf 87' lang='lat' dir='ltr'>usque</span> <span class='ocrx_word' id='word_1_287' title='bbox 1755 839 1792 866; x_wconf 85' lang='lat' dir='ltr'>ad</span> 
     </span>
    </p>
   </div>
   <div class='ocr_carea' id='block_1_42' title="bbox 969 883 1794 922">
    <p class='ocr_par' dir='ltr' id='par_1_42' title="bbox 969 883 1794 922">
     <span class='ocr_line' id='line_1_42' title="bbox 969 883 1794 922; baseline -0.005 -8"><span class='ocrx_word' id='word_1_288' title='bbox 969 894 1056 914; x_wconf 90' lang='lat' dir='ltr'>suum</span> <span class='ocrx_word' id='word_1_289' title='bbox 1073 887 1232 914; x_wconf 80' lang='lat' dir='ltr'>adventum</span> <span class='ocrx_word' id='word_1_290' title='bbox 1248 886 1396 914; x_wconf 87' lang='lat' dir='ltr'>abstinere</span> <span class='ocrx_word' id='word_1_291' title='bbox 1408 886 1526 922; x_wconf 88' lang='lat' dir='ltr'>jubens.</span> <span class='ocrx_word' id='word_1_292' title='bbox 1537 885 1612 913; x_wconf 88' lang='lat' dir='ltr'>Dum</span> <span class='ocrx_word' id='word_1_293' title='bbox 1629 886 1726 912; x_wconf 87' lang='lat' dir='ltr'>autem</span> <span class='ocrx_word' id='word_1_294' title='bbox 1744 883 1794 910; x_wconf 91' lang='lat' dir='ltr'>mi-</span> 
     </span>
    </p>
   </div>
   <div class='ocr_carea' id='block_1_43' title="bbox 968 929 1794 967">
    <p class='ocr_par' dir='ltr' id='par_1_43' title="bbox 968 929 1794 967">
     <span class='ocr_line' id='line_1_43' title="bbox 968 929 1794 967; baseline -0.005 -8"><span class='ocrx_word' id='word_1_295' title='bbox 968 931 1035 959; x_wconf 85' lang='lat' dir='ltr'>lites</span> <span class='ocrx_word' id='word_1_296' title='bbox 1050 931 1154 967; x_wconf 83' lang='lat' dir='ltr'>coegit,</span> <span class='ocrx_word' id='word_1_297' title='bbox 1171 932 1286 959; x_wconf 85' lang='lat' dir='ltr'>interim</span> <span class='ocrx_word' id='word_1_298' title='bbox 1304 931 1434 967; x_wconf 82' lang='lat' dir='ltr'>Abasgiae</span> <span class='ocrx_word' id='word_1_299' title='bbox 1450 931 1587 967; x_wconf 82' lang='lat' dir='ltr'>princeps</span> <span class='ocrx_word' id='word_1_300' title='bbox 1602 929 1744 964; x_wconf 80' lang='lat' dir='ltr'>Georgius</span> <span class='ocrx_word' id='word_1_301' title='bbox 1758 935 1794 955; x_wconf 82' lang='lat' dir='ltr'>ex</span> 
     </span>
    </p>
   </div>
   <div class='ocr_carea' id='block_1_44' title="bbox 968 974 1793 1011">
    <p class='ocr_par' dir='ltr' id='par_1_44' title="bbox 968 974 1793 1011">
     <span class='ocr_line' id='line_1_44' title="bbox 968 974 1793 1011; baseline -0.005 -8"><span class='ocrx_word' id='word_1_302' title='bbox 968 976 1070 1004; x_wconf 89' lang='lat' dir='ltr'>morbo</span> <span class='ocrx_word' id='word_1_303' title='bbox 1087 976 1212 1004; x_wconf 86' lang='lat' dir='ltr'>decedit.</span> <span class='ocrx_word' id='word_1_304' title='bbox 1229 975 1305 1004; x_wconf 84' lang='lat' dir='ltr'>Uxor</span> <span class='ocrx_word' id='word_1_305' title='bbox 1330 977 1394 1011; x_wconf 85' lang='lat' dir='ltr'>ejus</span> <span class='ocrx_word' id='word_1_306' title='bbox 1410 975 1512 1010; x_wconf 79' lang='lat' dir='ltr'>legatis</span> <span class='ocrx_word' id='word_1_307' title='bbox 1532 975 1568 1003; x_wconf 85' lang='lat' dir='ltr'>ad</span> <span class='ocrx_word' id='word_1_308' title='bbox 1585 974 1793 1010; x_wconf 84' lang='lat' dir='ltr'>imperatorem</span> 
     </span>
    </p>
   </div>
   <div class='ocr_carea' id='block_1_45' title="bbox 970 1015 1794 1056">
    <p class='ocr_par' dir='ltr' id='par_1_45' title="bbox 970 1015 1794 1056">
     <span class='ocr_line' id='line_1_45' title="bbox 970 1015 1794 1056; baseline -0.006 -8"><span class='ocrx_word' id='word_1_309' title='bbox 970 1020 1114 1056; x_wconf 83' lang='lat' dir='ltr'>donisque</span> <span class='ocrx_word' id='word_1_310' title='bbox 1128 1020 1204 1048; x_wconf 75' lang='lat'>489</span> <span class='ocrx_word' id='word_1_311' title='bbox 1222 1020 1323 1048; x_wconf 87' lang='lat' dir='ltr'>missis</span> <span class='ocrx_word' id='word_1_312' title='bbox 1334 1015 1450 1048; x_wconf 78' lang='lat' dir='ltr'>fcederis</span> <span class='ocrx_word' id='word_1_313' title='bbox 1465 1017 1680 1047; x_wconf 87' lang='lat' dir='ltr'>renovationem</span> <span class='ocrx_word' id='word_1_314' title='bbox 1691 1019 1719 1045; x_wconf 91' lang='lat' dir='ltr'>et</span> <span class='ocrx_word' id='word_1_315' title='bbox 1734 1016 1794 1044; x_wconf 84' lang='lat' dir='ltr'>ﬁlio</span> 
     </span>
    </p>
   </div>
   <div class='ocr_carea' id='block_1_46' title="bbox 970 1061 1794 1101">
    <p class='ocr_par' dir='ltr' id='par_1_46' title="bbox 970 1061 1794 1101">
     <span class='ocr_line' id='line_1_46' title="bbox 970 1061 1794 1101; baseline -0.005 -9"><span class='ocrx_word' id='word_1_316' title='bbox 970 1073 1024 1092; x_wconf 93' lang='lat' dir='ltr'>suo</span> <span class='ocrx_word' id='word_1_317' title='bbox 1041 1065 1191 1093; x_wconf 81' lang='lat' dir='ltr'>Pancratio</span> <span class='ocrx_word' id='word_1_318' title='bbox 1206 1065 1361 1101; x_wconf 86' lang='lat' dir='ltr'>conjugem</span> <span class='ocrx_word' id='word_1_319' title='bbox 1379 1064 1460 1100; x_wconf 85' lang='lat' dir='ltr'>petit.</span> <span class='ocrx_word' id='word_1_320' title='bbox 1475 1063 1528 1092; x_wconf 88' lang='lat' dir='ltr'>Cui</span> <span class='ocrx_word' id='word_1_321' title='bbox 1544 1070 1684 1090; x_wconf 81' lang='lat' dir='ltr'>assensus</span> <span class='ocrx_word' id='word_1_322' title='bbox 1699 1061 1794 1097; x_wconf 46' lang='lat' dir='ltr'>impe‘</span> 
     </span>
    </p>
   </div>
   <div class='ocr_carea' id='block_1_47' title="bbox 970 1105 1792 1144">
    <p class='ocr_par' dir='ltr' id='par_1_47' title="bbox 970 1105 1792 1144">
     <span class='ocr_line' id='line_1_47' title="bbox 970 1105 1792 1144; baseline -0.005 -7"><span class='ocrx_word' id='word_1_323' title='bbox 970 1112 1049 1138; x_wconf 84' lang='lat' dir='ltr'>rator</span> <span class='ocrx_word' id='word_1_324' title='bbox 1064 1110 1158 1137; x_wconf 75' lang='lat' dir='ltr'>fmdus</span> <span class='ocrx_word' id='word_1_325' title='bbox 1175 1110 1283 1144; x_wconf 86' lang='lat' dir='ltr'>ﬁrmat,</span> <span class='ocrx_word' id='word_1_326' title='bbox 1307 1109 1505 1144; x_wconf 84' lang='lat' dir='ltr'>Helenamque</span> <span class='ocrx_word' id='word_1_327' title='bbox 1521 1108 1565 1136; x_wconf 92' lang='lat' dir='ltr'>sui</span> <span class='ocrx_word' id='word_1_328' title='bbox 1582 1107 1681 1135; x_wconf 78' lang='lat' dir='ltr'>fratris</span> <span class='ocrx_word' id='word_1_329' title='bbox 1703 1105 1792 1134; x_wconf 82' lang='lat' dir='ltr'>ﬁliam</span> 
     </span>
    </p>
   </div>
   <div class='ocr_carea' id='block_1_48' title="bbox 970 1152 1797 1191">
    <p class='ocr_par' dir='ltr' id='par_1_48' title="bbox 970 1152 1797 1191">
     <span class='ocr_line' id='line_1_48' title="bbox 970 1152 1797 1191; baseline -0.005 -9"><span class='ocrx_word' id='word_1_330' title='bbox 970 1155 1000 1182; x_wconf 89' lang='lat' dir='ltr'>in</span> <span class='ocrx_word' id='word_1_331' title='bbox 1017 1154 1176 1190; x_wconf 83' lang='lat' dir='ltr'>Abasgiam</span> <span class='ocrx_word' id='word_1_332' title='bbox 1192 1156 1318 1191; x_wconf 88' lang='lat' dir='ltr'>nuptum</span> <span class='ocrx_word' id='word_1_333' title='bbox 1345 1153 1447 1189; x_wconf 85' lang='lat' dir='ltr'>mittit,</span> <span class='ocrx_word' id='word_1_334' title='bbox 1462 1155 1489 1181; x_wconf 87' lang='lat' dir='ltr'>et</span> <span class='ocrx_word' id='word_1_335' title='bbox 1506 1152 1693 1181; x_wconf 83' lang='lat' dir='ltr'>Pancratium</span> <span class='ocrx_word' id='word_1_336' title='bbox 1709 1158 1797 1179; x_wconf 89' lang='lat' dir='ltr'>curo-</span> 
     </span>
    </p>
   </div>
   <div class='ocr_carea' id='block_1_49' title="bbox 970 1198 1346 1234">
    <p class='ocr_par' dir='ltr' id='par_1_49' title="bbox 970 1198 1346 1234">
     <span class='ocr_line' id='line_1_49' title="bbox 970 1198 1346 1234; baseline -0.003 -8"><span class='ocrx_word' id='word_1_337' title='bbox 970 1198 1076 1234; x_wconf 71' lang='lat' dir='ltr'>palatas</span> <span class='ocrx_word' id='word_1_338' title='bbox 1093 1199 1200 1226; x_wconf 87' lang='lat' dir='ltr'>honore</span> <span class='ocrx_word' id='word_1_339' title='bbox 1215 1199 1346 1234; x_wconf 86' lang='lat' dir='ltr'>insignit.</span> 
     </span>
    </p>
   </div>
   <div class='ocr_carea' id='block_1_50' title="bbox 92 1237 1795 1279">
    <p class='ocr_par' dir='ltr' id='par_1_50' title="bbox 92 1237 1795 1279">
     <span class='ocr_line' id='line_1_50' title="bbox 92 1237 1795 1279; baseline 0.001 -14"><span class='ocrx_word' id='word_1_340' title='bbox 92 1237 139 1274; x_wconf 87' lang='grc' dir='ltr'>υίῷ</span> <span class='ocrx_word' id='word_1_341' title='bbox 153 1238 319 1276; x_wconf 84' lang='grc' dir='ltr'>Παγκρατίῳ</span> <span class='ocrx_word' id='word_1_342' title='bbox 332 1240 382 1273; x_wconf 78' lang='grc' dir='ltr'>τὴν</span> <span class='ocrx_word' id='word_1_343' title='bbox 400 1241 623 1276; x_wconf 76' lang='grc' dir='ltr'>συνοικήσουσαν.</span> <span class='ocrx_word' id='word_1_344' title='bbox 646 1242 697 1272; x_wconf 89' lang='grc' dir='ltr'>Ἦς</span> <span class='ocrx_word' id='word_1_345' title='bbox 722 1242 770 1277; x_wconf 83' lang='grc' dir='ltr'>τήν</span> <span class='ocrx_word' id='word_1_346' title='bbox 796 1239 939 1279; x_wconf 73' lang='grc' dir='ltr'>πρεσϐείαν</span> <span class='ocrx_word' id='word_1_347' title='bbox 963 1241 1162 1278; x_wconf 70' lang='grc' dir='ltr'>ἀποδεξάμενος</span> <span class='ocrx_word' id='word_1_348' title='bbox 1185 1243 1199 1269; x_wconf 84' lang='grc' dir='ltr'>ὁ</span> <span class='ocrx_word' id='word_1_349' title='bbox 1217 1241 1345 1279; x_wconf 81' lang='grc' dir='ltr'>βασιλεὺς</span> <span class='ocrx_word' id='word_1_350' title='bbox 1359 1240 1407 1273; x_wconf 82' lang='grc' dir='ltr'>τᾶς</span> <span class='ocrx_word' id='word_1_351' title='bbox 1422 1252 1451 1269; x_wconf 88' lang='grc' dir='ltr'>τε</span> <span class='ocrx_word' id='word_1_352' title='bbox 1467 1240 1584 1272; x_wconf 75' lang='grc' dir='ltr'>σπονδὰς</span> <span class='ocrx_word' id='word_1_353' title='bbox 1598 1240 1726 1279; x_wconf 74' lang='grc' dir='ltr'>ἐκύρωσε,</span> <span class='ocrx_word' id='word_1_354' title='bbox 1748 1240 1795 1267; x_wconf 71' lang='grc' dir='ltr'>καὶ</span> 
     </span>
    </p>
   </div>
   <div class='ocr_carea' id='block_1_51' title="bbox 87 1282 1794 1326">
    <p class='ocr_par' dir='ltr' id='par_1_51' title="bbox 87 1282 1794 1326">
     <span class='ocr_line' id='line_1_51' title="bbox 87 1282 1794 1326; baseline 0 -14"><span class='ocrx_word' id='word_1_355' title='bbox 87 1282 198 1318; x_wconf 72' lang='grc' dir='ltr'>Ἑλένην</span> <span class='ocrx_word' id='word_1_356' title='bbox 213 1283 266 1317; x_wconf 83' lang='grc' dir='ltr'>τήν</span> <span class='ocrx_word' id='word_1_357' title='bbox 283 1283 379 1311; x_wconf 68' lang='grc' dir='ltr'>ἑαυτοῦ</span> <span class='ocrx_word' id='word_1_358' title='bbox 395 1284 517 1321; x_wconf 75' lang='grc' dir='ltr'>ἀνεψιὰν,</span> <span class='ocrx_word' id='word_1_359' title='bbox 530 1286 580 1320; x_wconf 76' lang='grc' dir='ltr'>τὴν</span> <span class='ocrx_word' id='word_1_360' title='bbox 597 1286 731 1324; x_wconf 74' lang='grc' dir='ltr'>θυγατίρα</span> <span class='ocrx_word' id='word_1_361' title='bbox 745 1288 792 1313; x_wconf 91' lang='grc' dir='ltr'>τοῦ</span> <span class='ocrx_word' id='word_1_362' title='bbox 806 1285 925 1325; x_wconf 76' lang='grc' dir='ltr'>ἀδελφοῦ</span> <span class='ocrx_word' id='word_1_363' title='bbox 941 1287 1025 1314; x_wconf 83' lang='grc' dir='ltr'>αὐτοῦ</span> <span class='ocrx_word' id='word_1_364' title='bbox 1040 1286 1190 1325; x_wconf 75' lang='grc' dir='ltr'>βασιλείου,</span> <span class='ocrx_word' id='word_1_365' title='bbox 1210 1286 1320 1326; x_wconf 80' lang='grc' dir='ltr'>νύμφην</span> <span class='ocrx_word' id='word_1_366' title='bbox 1344 1287 1383 1319; x_wconf 78' lang='grc' dir='ltr'>εἷς</span> <span class='ocrx_word' id='word_1_367' title='bbox 1404 1284 1548 1324; x_wconf 78' lang='grc' dir='ltr'>Ἀϐασγίαν</span> <span class='ocrx_word' id='word_1_368' title='bbox 1572 1284 1724 1322; x_wconf 74' lang='grc' dir='ltr'>ἀπέστειλε,</span> <span class='ocrx_word' id='word_1_369' title='bbox 1749 1285 1794 1313; x_wconf 83' lang='grc' dir='ltr'>τὸν</span> 
     </span>
    </p>
   </div>
   <div class='ocr_carea' id='block_1_52' title="bbox 87 1327 1046 1369">
    <p class='ocr_par' dir='ltr' id='par_1_52' title="bbox 87 1327 1046 1369">
     <span class='ocr_line' id='line_1_52' title="bbox 87 1327 1046 1369; baseline 0.006 -15"><span class='ocrx_word' id='word_1_370' title='bbox 87 1327 198 1367; x_wconf 69' lang='grc' dir='ltr'>νυμφίον</span> <span class='ocrx_word' id='word_1_371' title='bbox 213 1329 386 1367; x_wconf 73' lang='grc' dir='ltr'>Παγκράτιον</span> <span class='ocrx_word' id='word_1_372' title='bbox 403 1328 431 1360; x_wconf 67' lang='grc' dir='ltr'>ὗς</span> <span class='ocrx_word' id='word_1_373' title='bbox 444 1331 498 1357; x_wconf 87' lang='grc' dir='ltr'>τῶν</span> <span class='ocrx_word' id='word_1_374' title='bbox 512 1328 726 1367; x_wconf 83' lang='grc' dir='ltr'>κουροπαλᾶτων</span> <span class='ocrx_word' id='word_1_375' title='bbox 742 1328 906 1363; x_wconf 68' lang='grc' dir='ltr'>ἀναϐιϐάσας</span> <span class='ocrx_word' id='word_1_376' title='bbox 921 1331 952 1360; x_wconf 83' lang='grc' dir='ltr'>τὸ</span> <span class='ocrx_word' id='word_1_377' title='bbox 968 1331 1046 1369; x_wconf 71' lang='grc' dir='ltr'>ὕψος.</span> 
     </span>
    </p>
   </div>
   <div class='ocr_carea' id='block_1_53' title="bbox 123 1381 915 1421">
    <p class='ocr_par' dir='ltr' id='par_1_53' title="bbox 123 1381 915 1421">
     <span class='ocr_line' id='line_1_53' title="bbox 123 1381 915 1421; baseline 0.005 -13"><span class='ocrx_word' id='word_1_378' title='bbox 123 1381 195 1409; x_wconf 80' lang='grc' dir='ltr'>Κατὰ</span> <span class='ocrx_word' id='word_1_379' title='bbox 208 1383 306 1409; x_wconf 82' lang='grc' dir='ltr'>τοῦτον</span> <span class='ocrx_word' id='word_1_380' title='bbox 319 1382 364 1409; x_wconf 85' lang='grc' dir='ltr'>τὸν</span> <span class='ocrx_word' id='word_1_381' title='bbox 380 1381 482 1420; x_wconf 89' lang='grc' dir='ltr'>χρόνον</span> <span class='ocrx_word' id='word_1_382' title='bbox 506 1383 602 1421; x_wconf 73' lang='grc' dir='ltr'>γέγονὲ</span> <span class='ocrx_word' id='word_1_383' title='bbox 625 1394 651 1411; x_wconf 91' lang='grc' dir='ltr'>τι</span> <span class='ocrx_word' id='word_1_384' title='bbox 665 1384 806 1421; x_wconf 83' lang='grc' dir='ltr'>τεράστιον</span> <span class='ocrx_word' id='word_1_385' title='bbox 834 1384 859 1412; x_wconf 74' lang='grc' dir='ltr'>ἐν</span> <span class='ocrx_word' id='word_1_386' title='bbox 876 1387 915 1421; x_wconf 80' lang='grc' dir='ltr'>τῷ</span> 
     </span>
    </p>
   </div>
   <div class='ocr_carea' id='block_1_54' title="bbox 90 1424 914 1466">
    <p class='ocr_par' dir='ltr' id='par_1_54' title="bbox 90 1424 914 1466">
     <span class='ocr_line' id='line_1_54' title="bbox 90 1424 914 1466; baseline 0.005 -14"><span class='ocrx_word' id='word_1_387' title='bbox 90 1424 180 1462; x_wconf 76' lang='grc' dir='ltr'>θίματι</span> <span class='ocrx_word' id='word_1_388' title='bbox 217 1428 276 1453; x_wconf 83' lang='grc' dir='ltr'>τῶν</span> <span class='ocrx_word' id='word_1_389' title='bbox 313 1427 474 1464; x_wconf 81' lang='grc' dir='ltr'>Θρᾳκησίων</span> <span class='ocrx_word' id='word_1_390' title='bbox 501 1426 663 1465; x_wconf 73' lang='grc' dir='ltr'>πορᾳδοξον,</span> <span class='ocrx_word' id='word_1_391' title='bbox 693 1429 756 1466; x_wconf 89' lang='grc' dir='ltr'>περὶ</span> <span class='ocrx_word' id='word_1_392' title='bbox 785 1429 832 1460; x_wconf 75' lang='grc' dir='ltr'>τὰς</span> <span class='ocrx_word' id='word_1_393' title='bbox 862 1429 914 1456; x_wconf 83' lang='grc' dir='ltr'>ὑπ-</span> 
     </span>
    </p>
   </div>
   <div class='ocr_carea' id='block_1_55' title="bbox 90 1470 914 1511">
    <p class='ocr_par' dir='ltr' id='par_1_55' title="bbox 90 1470 914 1511">
     <span class='ocr_line' id='line_1_55' title="bbox 90 1470 914 1511; baseline 0.007 -15"><span class='ocrx_word' id='word_1_394' title='bbox 90 1470 181 1507; x_wconf 88' lang='grc' dir='ltr'>ωρείας</span> <span class='ocrx_word' id='word_1_395' title='bbox 199 1472 249 1497; x_wconf 90' lang='grc' dir='ltr'>τοῦ</span> <span class='ocrx_word' id='word_1_396' title='bbox 266 1470 345 1508; x_wconf 82' lang='grc' dir='ltr'>ὅρους</span> <span class='ocrx_word' id='word_1_397' title='bbox 360 1473 411 1498; x_wconf 86' lang='grc' dir='ltr'>τοῦ</span> <span class='ocrx_word' id='word_1_398' title='bbox 427 1473 561 1508; x_wconf 75' lang='grc' dir='ltr'>Κουζηνῖι,</span> <span class='ocrx_word' id='word_1_399' title='bbox 592 1471 617 1499; x_wconf 74' lang='grc' dir='ltr'>ἐν</span> <span class='ocrx_word' id='word_1_400' title='bbox 648 1473 670 1509; x_wconf 85' lang='grc' dir='ltr'><strong>ᾧ</strong></span> <span class='ocrx_word' id='word_1_401' title='bbox 686 1474 762 1511; x_wconf 81' lang='grc' dir='ltr'>πηγή</span> <span class='ocrx_word' id='word_1_402' title='bbox 780 1473 834 1501; x_wconf 70' lang='grc' dir='ltr'>ἔστι</span> <span class='ocrx_word' id='word_1_403' title='bbox 849 1473 914 1502; x_wconf 85' lang='grc' dir='ltr'>καλ-</span> 
     </span>
    </p>
   </div>
   <div class='ocr_carea' id='block_1_56' title="bbox 90 1513 914 1554">
    <p class='ocr_par' dir='ltr' id='par_1_56' title="bbox 90 1513 914 1554">
     <span class='ocr_line' id='line_1_56' title="bbox 90 1513 914 1554; baseline 0.006 -13"><span class='ocrx_word' id='word_1_404' title='bbox 90 1513 178 1542; x_wconf 88' lang='grc' dir='ltr'>λίστου</span> <span class='ocrx_word' id='word_1_405' title='bbox 216 1514 264 1542; x_wconf 83' lang='grc' dir='ltr'>καὶ</span> <span class='ocrx_word' id='word_1_406' title='bbox 303 1513 420 1547; x_wconf 84' lang='grc' dir='ltr'>διειδοῦς</span> <span class='ocrx_word' id='word_1_407' title='bbox 450 1515 559 1547; x_wconf 74' lang='grc' dir='ltr'>ὕδατος.</span> <span class='ocrx_word' id='word_1_408' title='bbox 589 1518 672 1553; x_wconf 80' lang='grc' dir='ltr'>Φωνή</span> <span class='ocrx_word' id='word_1_409' title='bbox 701 1528 741 1549; x_wconf 88' lang='grc' dir='ltr'>τις</span> <span class='ocrx_word' id='word_1_410' title='bbox 771 1517 914 1554; x_wconf 74' lang='grc' dir='ltr'>ἒξηκούετο</span> 
     </span>
    </p>
   </div>
   <div class='ocr_carea' id='block_1_57' title="bbox 89 1559 915 1601">
    <p class='ocr_par' dir='ltr' id='par_1_57' title="bbox 89 1559 915 1601">
     <span class='ocr_line' id='line_1_57' title="bbox 89 1559 915 1601; baseline 0.006 -15"><span class='ocrx_word' id='word_1_411' title='bbox 89 1559 179 1597; x_wconf 67' lang='grc' dir='ltr'>οἷκτρὰ</span> <span class='ocrx_word' id='word_1_412' title='bbox 201 1560 272 1596; x_wconf 85' lang='grc' dir='ltr'>μετά</span> <span class='ocrx_word' id='word_1_413' title='bbox 296 1559 419 1597; x_wconf 79' lang='grc' dir='ltr'>ὀδυρμοῦ</span> <span class='ocrx_word' id='word_1_414' title='bbox 443 1561 487 1588; x_wconf 85' lang='grc' dir='ltr'>καὶ</span> <span class='ocrx_word' id='word_1_415' title='bbox 514 1562 576 1589; x_wconf 78' lang='grc' dir='ltr'>οὐαὶ</span> <span class='ocrx_word' id='word_1_416' title='bbox 600 1563 645 1590; x_wconf 85' lang='grc' dir='ltr'>καὶ</span> <span class='ocrx_word' id='word_1_417' title='bbox 670 1564 777 1600; x_wconf 79' lang='grc' dir='ltr'>θρήνων</span> <span class='ocrx_word' id='word_1_418' title='bbox 809 1574 915 1601; x_wconf 85' lang='grc' dir='ltr'>παρεμ-</span> 
     </span>
    </p>
   </div>
   <div class='ocr_carea' id='block_1_58' title="bbox 1005 1385 1794 1422">
    <p class='ocr_par' dir='ltr' id='par_1_58' title="bbox 1005 1385 1794 1422">
     <span class='ocr_line' id='line_1_58' title="bbox 1005 1385 1794 1422; baseline -0.001 -9"><span class='ocrx_word' id='word_1_419' title='bbox 1005 1386 1064 1413; x_wconf 90' lang='lat' dir='ltr'>Hoc</span> <span class='ocrx_word' id='word_1_420' title='bbox 1078 1388 1209 1422; x_wconf 85' lang='lat' dir='ltr'>tempore</span> <span class='ocrx_word' id='word_1_421' title='bbox 1220 1386 1250 1414; x_wconf 92' lang='lat' dir='ltr'>in</span> <span class='ocrx_word' id='word_1_422' title='bbox 1261 1386 1419 1414; x_wconf 84' lang='lat' dir='ltr'>Thracensi</span> <span class='ocrx_word' id='word_1_423' title='bbox 1432 1385 1580 1422; x_wconf 84' lang='lat' dir='ltr'>provincia</span> <span class='ocrx_word' id='word_1_424' title='bbox 1595 1385 1794 1421; x_wconf 74' lang='lat' dir='ltr'>prodigiosum</span> 
     </span>
    </p>
   </div>
   <div class='ocr_carea' id='block_1_59' title="bbox 970 1430 1794 1467">
    <p class='ocr_par' dir='ltr' id='par_1_59' title="bbox 970 1430 1794 1467">
     <span class='ocr_line' id='line_1_59' title="bbox 970 1430 1794 1467; baseline -0.002 -9"><span class='ocrx_word' id='word_1_425' title='bbox 970 1431 1123 1467; x_wconf 87' lang='lat' dir='ltr'>quippiam</span> <span class='ocrx_word' id='word_1_426' title='bbox 1140 1430 1255 1465; x_wconf 87' lang='lat' dir='ltr'>accidit,</span> <span class='ocrx_word' id='word_1_427' title='bbox 1265 1431 1341 1466; x_wconf 88' lang='lat' dir='ltr'>apud</span> <span class='ocrx_word' id='word_1_428' title='bbox 1352 1431 1465 1458; x_wconf 81' lang='lat' dir='ltr'>radices</span> <span class='ocrx_word' id='word_1_429' title='bbox 1477 1430 1587 1458; x_wconf 90' lang='lat' dir='ltr'>montis</span> <span class='ocrx_word' id='word_1_430' title='bbox 1603 1431 1732 1464; x_wconf 63' lang='lat' dir='ltr'>Cuzent‘e,</span> <span class='ocrx_word' id='word_1_431' title='bbox 1745 1430 1794 1457; x_wconf 91' lang='lat' dir='ltr'>ubi</span> 
     </span>
    </p>
   </div>
   <div class='ocr_carea' id='block_1_60' title="bbox 971 1474 1794 1511">
    <p class='ocr_par' dir='ltr' id='par_1_60' title="bbox 971 1474 1794 1511">
     <span class='ocr_line' id='line_1_60' title="bbox 971 1474 1794 1511; baseline -0.001 -9"><span class='ocrx_word' id='word_1_432' title='bbox 971 1475 1036 1503; x_wconf 87' lang='lat' dir='ltr'>fons</span> <span class='ocrx_word' id='word_1_433' title='bbox 1051 1477 1095 1503; x_wconf 88' lang='lat' dir='ltr'>est</span> <span class='ocrx_word' id='word_1_434' title='bbox 1110 1484 1192 1511; x_wconf 71' lang='lat' dir='ltr'>aquae</span> <span class='ocrx_word' id='word_1_435' title='bbox 1207 1475 1434 1511; x_wconf 70' lang='lat' dir='ltr'>limpidissimaa.</span> <span class='ocrx_word' id='word_1_436' title='bbox 1446 1474 1508 1502; x_wconf 80' lang='lat' dir='ltr'>Vox</span> <span class='ocrx_word' id='word_1_437' title='bbox 1518 1474 1596 1502; x_wconf 89' lang='lat' dir='ltr'>enim</span> <span class='ocrx_word' id='word_1_438' title='bbox 1610 1474 1648 1502; x_wconf 85' lang='lat' dir='ltr'>ibi</span> <span class='ocrx_word' id='word_1_439' title='bbox 1661 1474 1794 1510; x_wconf 78' lang='lat' dir='ltr'>quaedam</span> 
     </span>
    </p>
   </div>
   <div class='ocr_carea' id='block_1_61' title="bbox 970 1518 1796 1555">
    <p class='ocr_par' dir='ltr' id='par_1_61' title="bbox 970 1518 1796 1555">
     <span class='ocr_line' id='line_1_61' title="bbox 970 1518 1796 1555; baseline -0.004 -7"><span class='ocrx_word' id='word_1_440' title='bbox 970 1520 1107 1548; x_wconf 83' lang='lat' dir='ltr'>exaudita</span> <span class='ocrx_word' id='word_1_441' title='bbox 1123 1522 1167 1547; x_wconf 90' lang='lat' dir='ltr'>est</span> <span class='ocrx_word' id='word_1_442' title='bbox 1176 1520 1364 1554; x_wconf 81' lang='lat' dir='ltr'>miserabilis,</span> <span class='ocrx_word' id='word_1_443' title='bbox 1375 1519 1535 1555; x_wconf 78' lang='lat' dir='ltr'>ejulatibus</span> <span class='ocrx_word' id='word_1_444' title='bbox 1546 1522 1574 1546; x_wconf 87' lang='lat' dir='ltr'>et</span> <span class='ocrx_word' id='word_1_445' title='bbox 1586 1518 1722 1546; x_wconf 81' lang='lat' dir='ltr'>lamentis</span> <span class='ocrx_word' id='word_1_446' title='bbox 1735 1527 1796 1554; x_wconf 85' lang='lat' dir='ltr'>per-</span> 
     </span>
    </p>
   </div>
   <div class='ocr_carea' id='block_1_62' title="bbox 971 1563 1795 1600">
    <p class='ocr_par' dir='ltr' id='par_1_62' title="bbox 971 1563 1795 1600">
     <span class='ocr_line' id='line_1_62' title="bbox 971 1563 1795 1600; baseline -0.002 -8"><span class='ocrx_word' id='word_1_447' title='bbox 971 1566 1072 1599; x_wconf 86' lang='lat' dir='ltr'>mixta,</span> <span class='ocrx_word' id='word_1_448' title='bbox 1081 1564 1164 1600; x_wconf 86' lang='lat' dir='ltr'>quasi</span> <span class='ocrx_word' id='word_1_449' title='bbox 1172 1564 1362 1599; x_wconf 71' lang='lat' dir='ltr'>gemebundre</span> <span class='ocrx_word' id='word_1_450' title='bbox 1375 1564 1521 1598; x_wconf 85' lang='lat' dir='ltr'>mulieris;</span> <span class='ocrx_word' id='word_1_451' title='bbox 1535 1571 1628 1599; x_wconf 90' lang='lat' dir='ltr'>neque</span> <span class='ocrx_word' id='word_1_452' title='bbox 1640 1563 1694 1590; x_wconf 90' lang='lat' dir='ltr'>hoc</span> <span class='ocrx_word' id='word_1_453' title='bbox 1706 1563 1795 1590; x_wconf 87' lang='lat' dir='ltr'>semel</span> 
     </span>
    </p>
   </div>
   <div class='ocr_carea' id='block_1_63' title="bbox 89 1602 915 1645">
    <p class='ocr_par' dir='ltr' id='par_1_63' title="bbox 89 1603 908 1645">
     <span class='ocr_line' id='line_1_63' title="bbox 89 1603 908 1645; baseline 0.006 -14"><span class='ocrx_word' id='word_1_454' title='bbox 89 1605 168 1642; x_wconf 77' lang='grc' dir='ltr'>φερὴς</span> <span class='ocrx_word' id='word_1_455' title='bbox 182 1603 338 1643; x_wconf 77' lang='grc' dir='ltr'>ὀλοφυρμῷ</span> <span class='ocrx_word' id='word_1_456' title='bbox 352 1606 489 1644; x_wconf 84' lang='grc' dir='ltr'>γυναικός.</span> <span class='ocrx_word' id='word_1_457' title='bbox 506 1607 556 1634; x_wconf 83' lang='grc' dir='ltr'>Καὶ</span> <span class='ocrx_word' id='word_1_458' title='bbox 577 1607 630 1645; x_wconf 78' lang='grc' dir='ltr'>οὐχ</span> <span class='ocrx_word' id='word_1_459' title='bbox 646 1608 714 1643; x_wconf 77' lang='grc' dir='ltr'>ἅπαξ</span> <span class='ocrx_word' id='word_1_460' title='bbox 730 1608 748 1644; x_wconf 79' lang='grc' dir='ltr'>ἢ</span> <span class='ocrx_word' id='word_1_461' title='bbox 764 1607 805 1639; x_wconf 88' lang='grc' dir='ltr'>δίς</span> <span class='ocrx_word' id='word_1_462' title='bbox 819 1611 908 1638; x_wconf 80' lang='grc' dir='ltr'>τοῦτο.</span> 
     </span>
    </p>
   </div>
   <div class='ocr_carea' id='block_1_64' title="bbox 1005 1602 1797 1645">
    <p class='ocr_par' dir='ltr' id='par_1_64' title="bbox 1007 1609 1797 1645">
     <span class='ocr_line' id='line_1_64' title="bbox 1007 1609 1797 1645; baseline -0.003 -8"><span class='ocrx_word' id='word_1_463' title='bbox 1007 1609 1150 1644; x_wconf 82' lang='lat' dir='ltr'>titerum,</span> <span class='ocrx_word' id='word_1_464' title='bbox 1168 1610 1218 1637; x_wconf 90' lang='lat' dir='ltr'>sed</span> <span class='ocrx_word' id='word_1_465' title='bbox 1236 1611 1336 1637; x_wconf 86' lang='lat' dir='ltr'>noctes</span> <span class='ocrx_word' id='word_1_466' title='bbox 1360 1609 1483 1645; x_wconf 82' lang='lat' dir='ltr'>diesque</span> <span class='ocrx_word' id='word_1_467' title='bbox 1509 1609 1648 1636; x_wconf 88' lang='lat' dir='ltr'>continuo</span> <span class='ocrx_word' id='word_1_468' title='bbox 1663 1616 1679 1635; x_wconf 87' lang='lat' dir='ltr'>a</span> <span class='ocrx_word' id='word_1_469' title='bbox 1695 1615 1797 1635; x_wconf 82' lang='lat' dir='ltr'>mense</span> 
     </span>
    </p>
   </div>
   <div class='ocr_carea' id='block_1_65' title="bbox 91 1647 915 1689">
    <p class='ocr_par' dir='ltr' id='par_1_65' title="bbox 91 1647 915 1689">
     <span class='ocr_line' id='line_1_65' title="bbox 91 1647 915 1689; baseline 0.006 -13"><span class='ocrx_word' id='word_1_470' title='bbox 91 1647 149 1676; x_wconf 79' lang='grc' dir='ltr'>ἀλλ’</span> <span class='ocrx_word' id='word_1_471' title='bbox 171 1648 224 1676; x_wconf 80' lang='grc' dir='ltr'>ἀπὸ</span> <span class='ocrx_word' id='word_1_472' title='bbox 241 1649 366 1687; x_wconf 83' lang='grc' dir='ltr'>Μαρτίου</span> <span class='ocrx_word' id='word_1_473' title='bbox 381 1650 480 1687; x_wconf 39' lang='grc' dir='ltr'>,μηνὸς</span> <span class='ocrx_word' id='word_1_474' title='bbox 509 1649 590 1689; x_wconf 72' lang='grc' dir='ltr'>ἄχρις</span> <span class='ocrx_word' id='word_1_475' title='bbox 623 1652 735 1680; x_wconf 81' lang='grc' dir='ltr'>Ἰουνίου</span> <span class='ocrx_word' id='word_1_476' title='bbox 757 1653 840 1680; x_wconf 79' lang='grc' dir='ltr'>αὐτοῦ</span> <span class='ocrx_word' id='word_1_477' title='bbox 855 1654 915 1681; x_wconf 87' lang='grc' dir='ltr'>καθ’</span> 
     </span>
    </p>
   </div>
   <div class='ocr_carea' id='block_1_66' title="bbox 89 1692 913 1733">
    <p class='ocr_par' dir='ltr' id='par_1_66' title="bbox 89 1692 913 1733">
     <span class='ocr_line' id='line_1_66' title="bbox 89 1692 913 1733; baseline 0.006 -13"><span class='ocrx_word' id='word_1_478' title='bbox 89 1693 187 1730; x_wconf 72' lang='grc' dir='ltr'>ἡμέραν</span> <span class='ocrx_word' id='word_1_479' title='bbox 202 1692 248 1721; x_wconf 78' lang='grc' dir='ltr'>καί</span> <span class='ocrx_word' id='word_1_480' title='bbox 263 1694 356 1723; x_wconf 84' lang='grc' dir='ltr'>νύκτα.</span> <span class='ocrx_word' id='word_1_481' title='bbox 381 1694 535 1723; x_wconf 86' lang='grc' dir='ltr'>Ἀπιόντων</span> <span class='ocrx_word' id='word_1_482' title='bbox 555 1694 584 1723; x_wconf 67' lang='grc' dir='ltr'>δὲ</span> <span class='ocrx_word' id='word_1_483' title='bbox 599 1706 680 1724; x_wconf 89' lang='grc' dir='ltr'>τινων</span> <span class='ocrx_word' id='word_1_484' title='bbox 697 1696 740 1724; x_wconf 70' lang='grc' dir='ltr'>ἰπὶ</span> <span class='ocrx_word' id='word_1_485' title='bbox 765 1697 804 1733; x_wconf 77' lang='grc' dir='ltr'>τῷ</span> <span class='ocrx_word' id='word_1_486' title='bbox 829 1708 913 1725; x_wconf 86' lang='grc' dir='ltr'>κατα-</span> 
     </span>
    </p>
   </div>
   <div class='ocr_carea' id='block_1_67' title="bbox 91 1738 914 1780">
    <p class='ocr_par' dir='ltr' id='par_1_67' title="bbox 91 1738 914 1780">
     <span class='ocr_line' id='line_1_67' title="bbox 91 1738 914 1780; baseline 0.007 -16"><span class='ocrx_word' id='word_1_487' title='bbox 91 1741 219 1773; x_wconf 82' lang='grc' dir='ltr'>σκοπῆσαι</span> <span class='ocrx_word' id='word_1_488' title='bbox 243 1738 291 1766; x_wconf 84' lang='grc' dir='ltr'>τὸν</span> <span class='ocrx_word' id='word_1_489' title='bbox 305 1739 389 1766; x_wconf 88' lang='grc' dir='ltr'>τόπον</span> <span class='ocrx_word' id='word_1_490' title='bbox 418 1739 481 1772; x_wconf 75' lang='grc' dir='ltr'>ἔνθα</span> <span class='ocrx_word' id='word_1_491' title='bbox 506 1741 523 1775; x_wconf 82' lang='grc' dir='ltr'><strong>ἡ</strong></span> <span class='ocrx_word' id='word_1_492' title='bbox 541 1741 616 1780; x_wconf 84' lang='grc' dir='ltr'>φωνή</span> <span class='ocrx_word' id='word_1_493' title='bbox 634 1741 771 1779; x_wconf 71' lang='grc' dir='ltr'>ἐξηχεῖτο,</span> <span class='ocrx_word' id='word_1_494' title='bbox 787 1741 914 1780; x_wconf 82' lang='grc' dir='ltr'>ἀλλαχοῦ</span> 
     </span>
    </p>
   </div>
   <div class='ocr_carea' id='block_1_68' title="bbox 92 1781 913 1824">
    <p class='ocr_par' dir='ltr' id='par_1_68' title="bbox 92 1781 913 1824">
     <span class='ocr_line' id='line_1_68' title="bbox 92 1781 913 1824; baseline 0.006 -15"><span class='ocrx_word' id='word_1_495' title='bbox 92 1781 246 1818; x_wconf 69' lang='grc' dir='ltr'>μετέπιπτεν</span> <span class='ocrx_word' id='word_1_496' title='bbox 262 1784 279 1817; x_wconf 85' lang='grc' dir='ltr'><strong>ἡ</strong></span> <span class='ocrx_word' id='word_1_497' title='bbox 294 1782 431 1821; x_wconf 82' lang='grc' dir='ltr'>ὀλολυγή.</span> <span class='ocrx_word' id='word_1_498' title='bbox 458 1785 545 1813; x_wconf 82' lang='grc' dir='ltr'>Τοῦτο</span> <span class='ocrx_word' id='word_1_499' title='bbox 566 1784 604 1819; x_wconf 65' lang='grc' dir='ltr'>δὲ,</span> <span class='ocrx_word' id='word_1_500' title='bbox 622 1786 659 1816; x_wconf 86' lang='grc' dir='ltr'>ὡς</span> <span class='ocrx_word' id='word_1_501' title='bbox 677 1785 760 1820; x_wconf 67' lang='grc' dir='ltr'>ἔοικε,</span> <span class='ocrx_word' id='word_1_502' title='bbox 787 1788 913 1824; x_wconf 83' lang='grc' dir='ltr'>προεμή-</span> 
     </span>
    </p>
   </div>
   <div class='ocr_carea' id='block_1_69' title="bbox 89 1827 912 1868">
    <p class='ocr_par' dir='ltr' id='par_1_69' title="bbox 89 1827 912 1868">
     <span class='ocr_line' id='line_1_69' title="bbox 89 1827 912 1868; baseline 0.005 -14"><span class='ocrx_word' id='word_1_503' title='bbox 89 1837 130 1854; x_wconf 82' lang='grc' dir='ltr'>νυι</span> <span class='ocrx_word' id='word_1_504' title='bbox 142 1827 190 1862; x_wconf 79' lang='grc' dir='ltr'>τὴν</span> <span class='ocrx_word' id='word_1_505' title='bbox 207 1828 344 1866; x_wconf 70' lang='grc' dir='ltr'>φθάσασαν</span> <span class='ocrx_word' id='word_1_506' title='bbox 371 1829 487 1867; x_wconf 83' lang='grc' dir='ltr'>ῥηθῆναι</span> <span class='ocrx_word' id='word_1_507' title='bbox 515 1829 629 1867; x_wconf 77' lang='grc' dir='ltr'>ἀτυχίαν</span> <span class='ocrx_word' id='word_1_508' title='bbox 645 1832 699 1857; x_wconf 80' lang='grc' dir='ltr'>τῶν</span> <span class='ocrx_word' id='word_1_509' title='bbox 724 1831 869 1868; x_wconf 89' lang='grc' dir='ltr'>Ῥωμαίων</span> <span class='ocrx_word' id='word_1_510' title='bbox 887 1830 912 1858; x_wconf 82' lang='grc' dir='ltr'>ἐν</span> 
     </span>
    </p>
   </div>
   <div class='ocr_carea' id='block_1_70' title="bbox 90 1870 915 1914">
    <p class='ocr_par' dir='ltr' id='par_1_70' title="bbox 90 1870 915 1914">
     <span class='ocr_line' id='line_1_70' title="bbox 90 1870 915 1914; baseline 0.007 -16"><span class='ocrx_word' id='word_1_511' title='bbox 90 1873 122 1907; x_wconf 81' lang='grc' dir='ltr'>τῇ</span> <span class='ocrx_word' id='word_1_512' title='bbox 136 1870 224 1907; x_wconf 89' lang='grc' dir='ltr'>Κοίλη</span> <span class='ocrx_word' id='word_1_513' title='bbox 254 1872 350 1910; x_wconf 82' lang='grc' dir='ltr'>Συρίᾳ.</span> <span class='ocrx_word' id='word_1_514' title='bbox 375 1875 427 1900; x_wconf 82' lang='grc' dir='ltr'>Τοῦ</span> <span class='ocrx_word' id='word_1_515' title='bbox 454 1873 506 1912; x_wconf 84' lang='grc' dir='ltr'>γὰρ</span> <span class='ocrx_word' id='word_1_516' title='bbox 536 1874 671 1911; x_wconf 75' lang='grc' dir='ltr'>βασιλέως</span> <span class='ocrx_word' id='word_1_517' title='bbox 691 1875 852 1914; x_wconf 74' lang='grc' dir='ltr'>Νικηφόρου</span> <span class='ocrx_word' id='word_1_518' title='bbox 867 1877 915 1907; x_wconf 83' lang='grc' dir='ltr'>τὰς</span> 
     </span>
    </p>
   </div>
   <div class='ocr_carea' id='block_1_71' title="bbox 90 1914 914 1957">
    <p class='ocr_par' dir='ltr' id='par_1_71' title="bbox 90 1914 914 1957">
     <span class='ocr_line' id='line_1_71' title="bbox 90 1914 914 1957; baseline 0.006 -14"><span class='ocrx_word' id='word_1_519' title='bbox 90 1914 212 1948; x_wconf 74' lang='grc' dir='ltr'>πλείστας</span> <span class='ocrx_word' id='word_1_520' title='bbox 239 1916 340 1954; x_wconf 85' lang='grc' dir='ltr'>Συρίας</span> <span class='ocrx_word' id='word_1_521' title='bbox 364 1918 410 1945; x_wconf 83' lang='grc' dir='ltr'>καὶ</span> <span class='ocrx_word' id='word_1_522' title='bbox 435 1918 566 1954; x_wconf 78' lang='grc' dir='ltr'>Φοινίκης</span> <span class='ocrx_word' id='word_1_523' title='bbox 580 1916 678 1951; x_wconf 77' lang='grc' dir='ltr'>πόλεις</span> <span class='ocrx_word' id='word_1_524' title='bbox 701 1921 914 1957; x_wconf 87' lang='grc' dir='ltr'>παραστησαμὲ-</span> 
     </span>
    </p>
   </div>
   <div class='ocr_carea' id='block_1_72' title="bbox 91 1961 914 2002">
    <p class='ocr_par' dir='ltr' id='par_1_72' title="bbox 91 1961 914 2002">
     <span class='ocr_line' id='line_1_72' title="bbox 91 1961 914 2002; baseline 0.007 -15"><span class='ocrx_word' id='word_1_525' title='bbox 91 1969 143 1994; x_wconf 73' lang='lat' dir='ltr'>voc,</span> <span class='ocrx_word' id='word_1_526' title='bbox 164 1961 210 1988; x_wconf 78' lang='grc' dir='ltr'>καὶ</span> <span class='ocrx_word' id='word_1_527' title='bbox 233 1963 283 1989; x_wconf 84' lang='grc' dir='ltr'>τοῦ</span> <span class='ocrx_word' id='word_1_528' title='bbox 309 1963 367 1998; x_wconf 84' lang='grc' dir='ltr'>μετ’</span> <span class='ocrx_word' id='word_1_529' title='bbox 391 1962 473 1990; x_wconf 81' lang='grc' dir='ltr'>αὐτὸν</span> <span class='ocrx_word' id='word_1_530' title='bbox 489 1963 616 1990; x_wconf 76' lang='grc' dir='ltr'>Ἰωάννου</span> <span class='ocrx_word' id='word_1_531' title='bbox 639 1964 674 1991; x_wconf 75' lang='grc' dir='ltr'>τὰ.</span> <span class='ocrx_word' id='word_1_532' title='bbox 695 1963 837 1992; x_wconf 72' lang='grc' dir='ltr'>ἑαλωκότα</span> <span class='ocrx_word' id='word_1_533' title='bbox 851 1975 914 2002; x_wconf 82' lang='grc' dir='ltr'>κρα-</span> 
     </span>
    </p>
   </div>
   <div class='ocr_carea' id='block_1_73' title="bbox 90 2005 912 2047">
    <p class='ocr_par' dir='ltr' id='par_1_73' title="bbox 90 2005 912 2047">
     <span class='ocr_line' id='line_1_73' title="bbox 90 2005 912 2047; baseline 0.007 -16"><span class='ocrx_word' id='word_1_534' title='bbox 90 2005 232 2042; x_wconf 75' lang='grc' dir='ltr'>τυναμένου</span> <span class='ocrx_word' id='word_1_535' title='bbox 269 2006 314 2034; x_wconf 73' lang='grc' dir='ltr'>καὶ</span> <span class='ocrx_word' id='word_1_536' title='bbox 346 2006 439 2045; x_wconf 75' lang='grc' dir='ltr'>,μέχρι</span> <span class='ocrx_word' id='word_1_537' title='bbox 478 2010 624 2044; x_wconf 85' lang='grc' dir='ltr'>Δαμασκοῦ</span> <span class='ocrx_word' id='word_1_538' title='bbox 659 2009 708 2043; x_wconf 77' lang='grc' dir='ltr'>τὴν</span> <span class='ocrx_word' id='word_1_539' title='bbox 742 2009 912 2047; x_wconf 71' lang='grc' dir='ltr'>ἐπικράτειαν</span> 
     </span>
    </p>
   </div>
   <div class='ocr_carea' id='block_1_74' title="bbox 91 2049 913 2089">
    <p class='ocr_par' dir='ltr' id='par_1_74' title="bbox 91 2049 913 2089">
     <span class='ocr_line' id='line_1_74' title="bbox 91 2049 913 2089; baseline 0.007 -13"><span class='ocrx_word' id='word_1_540' title='bbox 91 2049 306 2086; x_wconf 79' lang='grc' dir='ltr'>παρατείναντος,</span> <span class='ocrx_word' id='word_1_541' title='bbox 344 2050 453 2089; x_wconf 68' lang='grc' dir='ltr'>ἐπείπερ</span> <span class='ocrx_word' id='word_1_542' title='bbox 489 2053 503 2079; x_wconf 84' lang='grc' dir='ltr'>ὁ</span> <span class='ocrx_word' id='word_1_543' title='bbox 544 2055 601 2089; x_wconf 80' lang='grc' dir='ltr'>μετ’</span> <span class='ocrx_word' id='word_1_544' title='bbox 636 2053 734 2086; x_wconf 81' lang='grc' dir='ltr'>αὐτοὺς</span> <span class='ocrx_word' id='word_1_545' title='bbox 772 2054 913 2086; x_wconf 87' lang='grc' dir='ltr'>Βασίλειος</span> 
     </span>
    </p>
   </div>
   <div class='ocr_carea' id='block_1_75' title="bbox 91 2093 915 2136">
    <p class='ocr_par' dir='ltr' id='par_1_75' title="bbox 91 2093 915 2136">
     <span class='ocr_line' id='line_1_75' title="bbox 91 2093 915 2136; baseline 0.008 -16"><span class='ocrx_word' id='word_1_546' title='bbox 91 2093 214 2132; x_wconf 82' lang='grc' dir='ltr'>πρότερον</span> <span class='ocrx_word' id='word_1_547' title='bbox 246 2095 294 2132; x_wconf 74' lang='grc' dir='ltr'>μὲν</span> <span class='ocrx_word' id='word_1_548' title='bbox 312 2096 363 2124; x_wconf 86' lang='grc' dir='ltr'>ὑπὸ</span> <span class='ocrx_word' id='word_1_549' title='bbox 391 2099 445 2124; x_wconf 82' lang='grc' dir='ltr'>τῶν</span> <span class='ocrx_word' id='word_1_550' title='bbox 476 2097 619 2136; x_wconf 79' lang='grc' dir='ltr'>ἐμφυλίων</span> <span class='ocrx_word' id='word_1_551' title='bbox 642 2098 851 2136; x_wconf 77' lang='grc' dir='ltr'>ἀσχολούμενος</span> <span class='ocrx_word' id='word_1_552' title='bbox 866 2109 915 2126; x_wconf 92' lang='grc' dir='ltr'>πο-</span> 
     </span>
    </p>
   </div>
   <div class='ocr_carea' id='block_1_76' title="bbox 92 2136 915 2181">
    <p class='ocr_par' dir='ltr' id='par_1_76' title="bbox 92 2136 915 2181">
     <span class='ocr_line' id='line_1_76' title="bbox 92 2136 915 2181; baseline 0.009 -17"><span class='ocrx_word' id='word_1_553' title='bbox 92 2136 189 2174; x_wconf 75' lang='grc' dir='ltr'>λέμων,</span> <span class='ocrx_word' id='word_1_554' title='bbox 218 2139 330 2178; x_wconf 74' lang='grc' dir='ltr'>ὕστερον</span> <span class='ocrx_word' id='word_1_555' title='bbox 348 2139 377 2168; x_wconf 72' lang='grc' dir='ltr'>δὲ</span> <span class='ocrx_word' id='word_1_556' title='bbox 391 2141 436 2169; x_wconf 81' lang='grc' dir='ltr'>καὶ</span> <span class='ocrx_word' id='word_1_557' title='bbox 455 2144 514 2173; x_wconf 83' lang='grc' dir='ltr'>τοῖς</span> <span class='ocrx_word' id='word_1_558' title='bbox 529 2143 599 2170; x_wconf 83' lang='grc' dir='ltr'>κατά</span> <span class='ocrx_word' id='word_1_559' title='bbox 610 2145 660 2170; x_wconf 89' lang='grc' dir='ltr'>τοῦ</span> <span class='ocrx_word' id='word_1_560' title='bbox 677 2143 810 2180; x_wconf 82' lang='grc' dir='ltr'>Σαμουὴλ</span> <span class='ocrx_word' id='word_1_561' title='bbox 826 2154 915 2181; x_wconf 80' lang='grc' dir='ltr'>εργοις</span> 
     </span>
    </p>
   </div>
   <div class='ocr_carea' id='block_1_77' title="bbox 91 2182 914 2225">
    <p class='ocr_par' dir='ltr' id='par_1_77' title="bbox 91 2182 914 2225">
     <span class='ocr_line' id='line_1_77' title="bbox 91 2182 914 2225; baseline 0.01 -17"><span class='ocrx_word' id='word_1_562' title='bbox 91 2182 282 2221; x_wconf 83' lang='grc' dir='ltr'>προσλιπαρῶν</span> <span class='ocrx_word' id='word_1_563' title='bbox 298 2184 340 2222; x_wconf 85' lang='grc' dir='ltr'>[Ρ.</span> <span class='ocrx_word' id='word_1_564' title='bbox 356 2185 422 2222; x_wconf 86' lang='grc'>725]</span> <span class='ocrx_word' id='word_1_565' title='bbox 438 2185 490 2213; x_wconf 82' lang='grc' dir='ltr'>οὐκ</span> <span class='ocrx_word' id='word_1_566' title='bbox 503 2184 583 2224; x_wconf 77' lang='grc' dir='ltr'>ἔσχεν</span> <span class='ocrx_word' id='word_1_567' title='bbox 599 2186 735 2225; x_wconf 79' lang='grc' dir='ltr'>εὐκαιρίαν</span> <span class='ocrx_word' id='word_1_568' title='bbox 759 2187 853 2219; x_wconf 84' lang='grc' dir='ltr'>καλῶς</span> <span class='ocrx_word' id='word_1_569' title='bbox 868 2188 914 2216; x_wconf 84' lang='grc' dir='ltr'>καὶ</span> 
     </span>
    </p>
   </div>
   <div class='ocr_carea' id='block_1_78' title="bbox 92 2225 916 2271">
    <p class='ocr_par' dir='ltr' id='par_1_78' title="bbox 92 2225 916 2271">
     <span class='ocr_line' id='line_1_78' title="bbox 92 2225 916 2271; baseline 0.008 -17"><span class='ocrx_word' id='word_1_570' title='bbox 92 2225 125 2271; x_wconf 63' lang='lat' dir='ltr'>ti):</span> <span class='ocrx_word' id='word_1_571' title='bbox 147 2225 285 2266; x_wconf 70' lang='grc' dir='ltr'>ἐνεδέχετο</span> <span class='ocrx_word' id='word_1_572' title='bbox 312 2229 346 2256; x_wconf 83' lang='grc' dir='ltr'>τὰ</span> <span class='ocrx_word' id='word_1_573' title='bbox 374 2228 400 2257; x_wconf 77' lang='grc' dir='ltr'>ἐν</span> <span class='ocrx_word' id='word_1_574' title='bbox 426 2231 460 2266; x_wconf 82' lang='grc' dir='ltr'>τῇ</span> <span class='ocrx_word' id='word_1_575' title='bbox 489 2231 546 2267; x_wconf 83' lang='grc' dir='ltr'>Ἐῳ</span> <span class='ocrx_word' id='word_1_576' title='bbox 562 2230 823 2271; x_wconf 75' lang='grc' dir='ltr'>κατασφαλίσασοαι,</span> <span class='ocrx_word' id='word_1_577' title='bbox 850 2232 916 2261; x_wconf 85' lang='grc' dir='ltr'>ἀλλ’</span> 
     </span>
    </p>
   </div>
   <div class='ocr_carea' id='block_1_79' title="bbox 91 2269 953 2324">
    <p class='ocr_par' dir='ltr' id='par_1_79' title="bbox 91 2269 953 2324">
     <span class='ocr_line' id='line_1_79' title="bbox 91 2269 953 2324; baseline 0.009 -27"><span class='ocrx_word' id='word_1_578' title='bbox 91 2269 146 2324; x_wconf 44' lang='lat' dir='ltr'>fere?</span> <span class='ocrx_word' id='word_1_579' title='bbox 169 2271 195 2299; x_wconf 71' lang='grc' dir='ltr'>ἐν</span> <span class='ocrx_word' id='word_1_580' title='bbox 220 2273 353 2324; x_wconf 66' lang='grc' dir='ltr'>φαντασίᾳ</span> <span class='ocrx_word' id='word_1_581' title='bbox 373 2274 520 2324; x_wconf 70' lang='grc' dir='ltr'>γενόμενος</span> <span class='ocrx_word' id='word_1_582' title='bbox 542 2274 639 2310; x_wconf 70' lang='grc' dir='ltr'>ἐκεῖσε,</span> <span class='ocrx_word' id='word_1_583' title='bbox 654 2269 710 2303; x_wconf 20' lang='grc' dir='ltr'>Ἴκαὶ</span> <span class='ocrx_word' id='word_1_584' title='bbox 735 2277 772 2308; x_wconf 86' lang='grc' dir='ltr'>ὡς</span> <span class='ocrx_word' id='word_1_585' title='bbox 789 2277 803 2303; x_wconf 86' lang='grc' dir='ltr'>ὁ</span> <span class='ocrx_word' id='word_1_586' title='bbox 819 2277 914 2315; x_wconf 84' lang='grc' dir='ltr'>καιρὸς</span> <span class='ocrx_word' id='word_1_587' title='bbox 929 2292 953 2324; x_wconf 85' lang='lat' dir='ltr'><strong>D</strong></span> 
     </span>
    </p>
   </div>
   <div class='ocr_carea' id='block_1_80' title="bbox 92 2313 913 2358">
    <p class='ocr_par' dir='ltr' id='par_1_80' title="bbox 92 2313 913 2358">
     <span class='ocr_line' id='line_1_80' title="bbox 92 2313 913 2358; baseline 0.009 -16"><span class='ocrx_word' id='word_1_588' title='bbox 92 2313 182 2351; x_wconf 76' lang='grc' dir='ltr'>ἀπῄτει</span> <span class='ocrx_word' id='word_1_589' title='bbox 202 2318 288 2344; x_wconf 84' lang='grc' dir='ltr'>ταῦτα</span> <span class='ocrx_word' id='word_1_590' title='bbox 311 2319 562 2355; x_wconf 75' lang='grc' dir='ltr'>καταστησάμενος,</span> <span class='ocrx_word' id='word_1_591' title='bbox 595 2320 643 2352; x_wconf 70' lang='grc' dir='ltr'>εἷθ’</span> <span class='ocrx_word' id='word_1_592' title='bbox 671 2320 841 2358; x_wconf 77' lang='grc' dir='ltr'>ὑποστρέψας</span> <span class='ocrx_word' id='word_1_593' title='bbox 868 2313 913 2349; x_wconf 74' lang='grc' dir='ltr'>καὶ</span> 
     </span>
    </p>
   </div>
   <div class='ocr_carea' id='block_1_81' title="bbox 92 2357 913 2404">
    <p class='ocr_par' dir='ltr' id='par_1_81' title="bbox 92 2357 913 2404">
     <span class='ocr_line' id='line_1_81' title="bbox 92 2357 913 2404; baseline 0.01 -18"><span class='ocrx_word' id='word_1_594' title='bbox 92 2357 217 2397; x_wconf 75' lang='grc' dir='ltr'>ἀσχολίαν</span> <span class='ocrx_word' id='word_1_595' title='bbox 247 2359 368 2398; x_wconf 74' lang='grc' dir='ltr'>ιμμονον</span> <span class='ocrx_word' id='word_1_596' title='bbox 385 2361 457 2401; x_wconf 76' lang='grc' dir='ltr'>ἔχων</span> <span class='ocrx_word' id='word_1_597' title='bbox 471 2364 515 2391; x_wconf 81' lang='grc' dir='ltr'>καὶ</span> <span class='ocrx_word' id='word_1_598' title='bbox 530 2363 660 2403; x_wconf 74' lang='grc' dir='ltr'>φροντίδα</span> <span class='ocrx_word' id='word_1_599' title='bbox 674 2366 705 2393; x_wconf 82' lang='grc' dir='ltr'>τὸ</span> <span class='ocrx_word' id='word_1_600' title='bbox 720 2357 774 2393; x_wconf 80' lang='grc' dir='ltr'>τῶν</span> <span class='ocrx_word' id='word_1_601' title='bbox 789 2357 913 2404; x_wconf 71' lang='grc' dir='ltr'>Βιιυλγά-</span> 
     </span>
    </p>
   </div>
   <div class='ocr_carea' id='block_1_82' title="bbox 94 2404 913 2448">
    <p class='ocr_par' dir='ltr' id='par_1_82' title="bbox 94 2404 913 2448">
     <span class='ocr_line' id='line_1_82' title="bbox 94 2404 913 2448; baseline 0.01 -17"><span class='ocrx_word' id='word_1_602' title='bbox 94 2412 142 2448; x_wconf 73' lang='grc' dir='ltr'>ρων</span> <span class='ocrx_word' id='word_1_603' title='bbox 166 2404 294 2442; x_wconf 76' lang='grc' dir='ltr'>ὑποτάξαι</span> <span class='ocrx_word' id='word_1_604' title='bbox 320 2407 407 2444; x_wconf 70' lang='grc' dir='ltr'>γένος,</span> <span class='ocrx_word' id='word_1_605' title='bbox 437 2408 548 2446; x_wconf 77' lang='grc' dir='ltr'>ἀφορμὴ</span> <span class='ocrx_word' id='word_1_606' title='bbox 571 2409 666 2447; x_wconf 77' lang='grc' dir='ltr'>γὲγονε</span> <span class='ocrx_word' id='word_1_607' title='bbox 689 2412 738 2438; x_wconf 90' lang='grc' dir='ltr'>τοῦ</span> <span class='ocrx_word' id='word_1_608' title='bbox 761 2411 807 2438; x_wconf 86' lang='grc' dir='ltr'>τὸν</span> <span class='ocrx_word' id='word_1_609' title='bbox 834 2411 913 2448; x_wconf 85' lang='grc' dir='ltr'>ζυγὸν</span> 
     </span>
    </p>
   </div>
   <div class='ocr_carea' id='block_1_83' title="bbox 93 2445 911 2491">
    <p class='ocr_par' dir='ltr' id='par_1_83' title="bbox 93 2445 911 2491">
     <span class='ocr_line' id='line_1_83' title="bbox 93 2445 911 2491; baseline 0.009 -15"><span class='ocrx_word' id='word_1_610' title='bbox 93 2445 233 2486; x_wconf 75' lang='grc' dir='ltr'>ἆπορῥῖψαι</span> <span class='ocrx_word' id='word_1_611' title='bbox 270 2450 319 2483; x_wconf 73' lang='grc' dir='ltr'>τὰς</span> <span class='ocrx_word' id='word_1_612' title='bbox 359 2445 544 2490; x_wconf 73' lang='grc' dir='ltr'>δυνατωτέρας</span> <span class='ocrx_word' id='word_1_613' title='bbox 655 2454 763 2482; x_wconf 88' lang='grc' dir='ltr'>πόλεων</span> <span class='ocrx_word' id='word_1_614' title='bbox 788 2455 834 2482; x_wconf 85' lang='grc' dir='ltr'>καὶ</span> <span class='ocrx_word' id='word_1_615' title='bbox 861 2445 911 2491; x_wconf 59' lang='grc' dir='ltr'>¹τὴν</span> 
     </span>
    </p>
   </div>
   <div class='ocr_carea' id='block_1_84' title="bbox 94 2490 912 2536">
    <p class='ocr_par' dir='ltr' id='par_1_84' title="bbox 94 2490 912 2536">
     <span class='ocr_line' id='line_1_84' title="bbox 94 2490 912 2536; baseline 0.011 -17"><span class='ocrx_word' id='word_1_616' title='bbox 94 2490 186 2520; x_wconf 68' lang='grc' dir='ltr'>ἑαυτῶν</span> <span class='ocrx_word' id='word_1_617' title='bbox 213 2495 379 2531; x_wconf 81' lang='grc' dir='ltr'>ἀναζητῆσαι</span> <span class='ocrx_word' id='word_1_618' title='bbox 395 2496 559 2535; x_wconf 63' lang='grc' dir='ltr'>ἕλευθερίαν.</span> <span class='ocrx_word' id='word_1_619' title='bbox 591 2498 672 2526; x_wconf 85' lang='grc' dir='ltr'>Ἀλλ’</span> <span class='ocrx_word' id='word_1_620' title='bbox 695 2498 748 2531; x_wconf 62' lang='grc' dir='ltr'>ἕως</span> <span class='ocrx_word' id='word_1_621' title='bbox 765 2500 812 2536; x_wconf 74' lang='grc' dir='ltr'>μὶν</span> <span class='ocrx_word' id='word_1_622' title='bbox 834 2500 912 2532; x_wconf 79' lang='grc' dir='ltr'>οὗτος</span> 
     </span>
    </p>
   </div>
   <div class='ocr_carea' id='block_1_85' title="bbox 94 2538 911 2581">
    <p class='ocr_par' dir='ltr' id='par_1_85' title="bbox 94 2538 911 2581">
     <span class='ocr_line' id='line_1_85' title="bbox 94 2538 911 2581; baseline 0.012 -18"><span class='ocrx_word' id='word_1_623' title='bbox 94 2540 193 2581; x_wconf 58' lang='grc' dir='ltr'>περιῆν,</span> <span class='ocrx_word' id='word_1_624' title='bbox 220 2538 366 2576; x_wconf 76' lang='grc' dir='ltr'>ἔμελετᾶτο</span> <span class='ocrx_word' id='word_1_625' title='bbox 393 2542 441 2578; x_wconf 79' lang='grc' dir='ltr'>μὶν</span> <span class='ocrx_word' id='word_1_626' title='bbox 457 2543 475 2576; x_wconf 84' lang='grc' dir='ltr'>ἡ</span> <span class='ocrx_word' id='word_1_627' title='bbox 498 2542 657 2579; x_wconf 82' lang='grc' dir='ltr'>ἀπόστασις,</span> <span class='ocrx_word' id='word_1_628' title='bbox 673 2542 795 2581; x_wconf 76' lang='grc' dir='ltr'>κρύϐδην</span> <span class='ocrx_word' id='word_1_629' title='bbox 822 2543 851 2572; x_wconf 74' lang='grc' dir='ltr'>δὲ</span> <span class='ocrx_word' id='word_1_630' title='bbox 865 2545 911 2573; x_wconf 79' lang='grc' dir='ltr'>καὶ</span> 
     </span>
    </p>
   </div>
   <div class='ocr_carea' id='block_1_86' title="bbox 95 2579 910 2626">
    <p class='ocr_par' dir='ltr' id='par_1_86' title="bbox 95 2579 910 2626">
     <span class='ocr_line' id='line_1_86' title="bbox 95 2579 910 2626; baseline 0.009 -16"><span class='ocrx_word' id='word_1_631' title='bbox 95 2579 123 2607; x_wconf 74' lang='grc' dir='ltr'><strong>οὗ</strong></span> <span class='ocrx_word' id='word_1_632' title='bbox 144 2586 272 2626; x_wconf 64' lang='grc' dir='ltr'>φανερῶς.</span> <span class='ocrx_word' id='word_1_633' title='bbox 301 2586 408 2614; x_wconf 84' lang='grc' dir='ltr'>Τούτου</span> <span class='ocrx_word' id='word_1_634' title='bbox 437 2585 466 2614; x_wconf 74' lang='grc' dir='ltr'>δὶ</span> <span class='ocrx_word' id='word_1_635' title='bbox 493 2587 524 2615; x_wconf 87' lang='grc' dir='ltr'>τὸ</span> <span class='ocrx_word' id='word_1_636' title='bbox 552 2588 643 2626; x_wconf 87' lang='grc' dir='ltr'>χρεὼν</span> <span class='ocrx_word' id='word_1_637' title='bbox 659 2579 849 2623; x_wconf 73' lang='grc' dir='ltr'>ἀποτίσαντος,</span> <span class='ocrx_word' id='word_1_638' title='bbox 864 2591 910 2617; x_wconf 81' lang='grc' dir='ltr'>καὶ</span> 
     </span>
    </p>
   </div>
   <div class='ocr_carea' id='block_1_87' title="bbox 94 2624 910 2671">
    <p class='ocr_par' dir='ltr' id='par_1_87' title="bbox 94 2624 910 2671">
     <span class='ocr_line' id='line_1_87' title="bbox 94 2624 910 2671; baseline 0.011 -18"><span class='ocrx_word' id='word_1_639' title='bbox 94 2626 137 2652; x_wconf 78' lang='grc' dir='ltr'>τοῦ</span> <span class='ocrx_word' id='word_1_640' title='bbox 150 2624 265 2667; x_wconf 79' lang='grc' dir='ltr'>ἀδελφοῦ</span> <span class='ocrx_word' id='word_1_641' title='bbox 280 2629 362 2658; x_wconf 71' lang='grc' dir='ltr'>αὐτοῦ</span> <span class='ocrx_word' id='word_1_642' title='bbox 386 2624 587 2660; x_wconf 68' lang='grc' dir='ltr'>Κωνσταντίνου</span> <span class='ocrx_word' id='word_1_643' title='bbox 612 2632 724 2670; x_wconf 79' lang='grc' dir='ltr'>ἀμελῶς</span> <span class='ocrx_word' id='word_1_644' title='bbox 751 2633 910 2671; x_wconf 78' lang='grc' dir='ltr'>βασιλεύον-</span> 
     </span>
    </p>
   </div>
   <div class='ocr_carea' id='block_1_88' title="bbox 970 1652 1796 1690">
    <p class='ocr_par' dir='ltr' id='par_1_88' title="bbox 970 1652 1796 1690">
     <span class='ocr_line' id='line_1_88' title="bbox 970 1652 1796 1690; baseline -0.002 -8"><span class='ocrx_word' id='word_1_645' title='bbox 970 1654 1073 1682; x_wconf 84' lang='lat' dir='ltr'>Martio</span> <span class='ocrx_word' id='word_1_646' title='bbox 1081 1662 1175 1690; x_wconf 88' lang='lat' dir='ltr'>usque</span> <span class='ocrx_word' id='word_1_647' title='bbox 1186 1654 1316 1682; x_wconf 76' lang='lat' dir='ltr'>adJuniu</span> <span class='ocrx_word' id='word_1_648' title='bbox 1323 1662 1348 1681; x_wconf 93' lang='lat' dir='ltr'>m</span> <span class='ocrx_word' id='word_1_649' title='bbox 1355 1675 1361 1682; x_wconf 93' lang='lat'>.</span> <span class='ocrx_word' id='word_1_650' title='bbox 1373 1654 1504 1689; x_wconf 85' lang='lat' dir='ltr'>Cumque</span> <span class='ocrx_word' id='word_1_651' title='bbox 1511 1652 1645 1681; x_wconf 89' lang='lat' dir='ltr'>nonnulli</span> <span class='ocrx_word' id='word_1_652' title='bbox 1655 1652 1796 1680; x_wconf 87' lang='lat' dir='ltr'>accessis-</span> 
     </span>
    </p>
   </div>
   <div class='ocr_carea' id='block_1_89' title="bbox 969 1697 1795 1734">
    <p class='ocr_par' dir='ltr' id='par_1_89' title="bbox 969 1697 1795 1734">
     <span class='ocr_line' id='line_1_89' title="bbox 969 1697 1795 1734; baseline -0.002 -8"><span class='ocrx_word' id='word_1_653' title='bbox 969 1701 1035 1726; x_wconf 84' lang='lat' dir='ltr'>sent</span> <span class='ocrx_word' id='word_1_654' title='bbox 1046 1698 1227 1734; x_wconf 84' lang='lat' dir='ltr'>speculatum</span> <span class='ocrx_word' id='word_1_655' title='bbox 1239 1698 1335 1726; x_wconf 89' lang='lat' dir='ltr'>loeum</span> <span class='ocrx_word' id='word_1_656' title='bbox 1349 1699 1426 1726; x_wconf 89' lang='lat' dir='ltr'>unde</span> <span class='ocrx_word' id='word_1_657' title='bbox 1437 1706 1488 1725; x_wconf 86' lang='lat' dir='ltr'>vox</span> <span class='ocrx_word' id='word_1_658' title='bbox 1500 1698 1650 1729; x_wconf 80' lang='lat' dir='ltr'>edebatur,</span> <span class='ocrx_word' id='word_1_659' title='bbox 1663 1697 1719 1725; x_wconf 86' lang='lat' dir='ltr'>alio</span> <span class='ocrx_word' id='word_1_660' title='bbox 1730 1698 1776 1732; x_wconf 90' lang='lat' dir='ltr'>eju</span> <span class='ocrx_word' id='word_1_661' title='bbox 1786 1712 1795 1717; x_wconf 89' lang='lat'><strong>-</strong></span> 
     </span>
    </p>
   </div>
   <div class='ocr_carea' id='block_1_90' title="bbox 969 1742 1792 1779">
    <p class='ocr_par' dir='ltr' id='par_1_90' title="bbox 969 1742 1792 1779">
     <span class='ocr_line' id='line_1_90' title="bbox 969 1742 1792 1779; baseline -0.002 -9"><span class='ocrx_word' id='word_1_662' title='bbox 969 1743 1048 1771; x_wconf 86' lang='lat' dir='ltr'>latus</span> <span class='ocrx_word' id='word_1_663' title='bbox 1060 1743 1108 1770; x_wconf 87' lang='lat' dir='ltr'>isti</span> <span class='ocrx_word' id='word_1_664' title='bbox 1120 1743 1332 1770; x_wconf 83' lang='lat' dir='ltr'>Iransiverunt.</span> <span class='ocrx_word' id='word_1_665' title='bbox 1348 1743 1594 1770; x_wconf 68' lang='lat' dir='ltr'>Praemonstrabat</span> <span class='ocrx_word' id='word_1_666' title='bbox 1608 1744 1717 1779; x_wconf 84' lang='lat' dir='ltr'>autem,</span> <span class='ocrx_word' id='word_1_667' title='bbox 1730 1742 1792 1777; x_wconf 89' lang='lat' dir='ltr'>opi-</span> 
     </span>
    </p>
   </div>
   <div class='ocr_carea' id='block_1_91' title="bbox 969 1786 1794 1824">
    <p class='ocr_par' dir='ltr' id='par_1_91' title="bbox 969 1786 1794 1824">
     <span class='ocr_line' id='line_1_91' title="bbox 969 1786 1794 1824; baseline -0.004 -9"><span class='ocrx_word' id='word_1_668' title='bbox 969 1796 1034 1822; x_wconf 87' lang='lat' dir='ltr'>nor,</span> <span class='ocrx_word' id='word_1_669' title='bbox 1045 1788 1100 1815; x_wconf 85' lang='lat' dir='ltr'>hoc</span> <span class='ocrx_word' id='word_1_670' title='bbox 1112 1790 1279 1824; x_wconf 77' lang='lat' dir='ltr'>portentum</span> <span class='ocrx_word' id='word_1_671' title='bbox 1295 1787 1406 1815; x_wconf 81' lang='lat' dir='ltr'>cladem</span> <span class='ocrx_word' id='word_1_672' title='bbox 1420 1787 1618 1814; x_wconf 79' lang='lat' dir='ltr'>Romanorum</span> <span class='ocrx_word' id='word_1_673' title='bbox 1630 1786 1660 1813; x_wconf 93' lang='lat' dir='ltr'>in</span> <span class='ocrx_word' id='word_1_674' title='bbox 1671 1786 1794 1822; x_wconf 72' lang='lat' dir='ltr'>Coalesy-</span> 
     </span>
    </p>
   </div>
   <div class='ocr_carea' id='block_1_92' title="bbox 969 1830 1795 1868">
    <p class='ocr_par' dir='ltr' id='par_1_92' title="bbox 969 1830 1795 1868">
     <span class='ocr_line' id='line_1_92' title="bbox 969 1830 1795 1868; baseline -0.004 -8"><span class='ocrx_word' id='word_1_675' title='bbox 969 1832 1013 1860; x_wconf 83' lang='lat' dir='ltr'>ria</span> <span class='ocrx_word' id='word_1_676' title='bbox 1026 1835 1186 1868; x_wconf 84' lang='lat' dir='ltr'>acceptam.</span> <span class='ocrx_word' id='word_1_677' title='bbox 1203 1831 1315 1860; x_wconf 88' lang='lat' dir='ltr'>Etenim</span> <span class='ocrx_word' id='word_1_678' title='bbox 1331 1831 1512 1867; x_wconf 82' lang='lat' dir='ltr'>Nicephorus</span> <span class='ocrx_word' id='word_1_679' title='bbox 1533 1831 1692 1866; x_wconf 80' lang='lat' dir='ltr'>imperator</span> <span class='ocrx_word' id='word_1_680' title='bbox 1706 1830 1795 1858; x_wconf 79' lang='lat' dir='ltr'>urbes</span> 
     </span>
    </p>
   </div>
   <div class='ocr_carea' id='block_1_93' title="bbox 969 1876 1794 1913">
    <p class='ocr_par' dir='ltr' id='par_1_93' title="bbox 969 1876 1794 1913">
     <span class='ocr_line' id='line_1_93' title="bbox 969 1876 1794 1913; baseline -0.004 -9"><span class='ocrx_word' id='word_1_681' title='bbox 969 1877 1058 1913; x_wconf 67' lang='lat' dir='ltr'>Syriae</span> <span class='ocrx_word' id='word_1_682' title='bbox 1075 1885 1108 1904; x_wconf 89' lang='lat' dir='ltr'>ac</span> <span class='ocrx_word' id='word_1_683' title='bbox 1123 1876 1278 1904; x_wconf 57' lang='lat' dir='ltr'>Phoeniciis</span> <span class='ocrx_word' id='word_1_684' title='bbox 1289 1876 1443 1912; x_wconf 84' lang='lat' dir='ltr'>plerasque</span> <span class='ocrx_word' id='word_1_685' title='bbox 1456 1879 1572 1911; x_wconf 83' lang='lat' dir='ltr'>ceperat</span> <span class='ocrx_word' id='word_1_686' title='bbox 1587 1878 1615 1903; x_wconf 92' lang='lat' dir='ltr'>et</span> <span class='ocrx_word' id='word_1_687' title='bbox 1629 1876 1665 1902; x_wconf 87' lang='lat' dir='ltr'>ab</span> <span class='ocrx_word' id='word_1_688' title='bbox 1682 1883 1715 1902; x_wconf 93' lang='lat' dir='ltr'>eo</span> <span class='ocrx_word' id='word_1_689' title='bbox 1731 1883 1794 1910; x_wconf 86' lang='lat' dir='ltr'>par-</span> 
     </span>
    </p>
   </div>
   <div class='ocr_carea' id='block_1_94' title="bbox 970 1921 1795 1955">
    <p class='ocr_par' dir='ltr' id='par_1_94' title="bbox 970 1921 1795 1955">
     <span class='ocr_line' id='line_1_94' title="bbox 970 1921 1795 1955; baseline -0.001 -6"><span class='ocrx_word' id='word_1_690' title='bbox 970 1924 1000 1949; x_wconf 84' lang='lat' dir='ltr'>ta</span> <span class='ocrx_word' id='word_1_691' title='bbox 1014 1922 1173 1949; x_wconf 83' lang='lat' dir='ltr'>Tzimiscas</span> <span class='ocrx_word' id='word_1_692' title='bbox 1197 1929 1350 1949; x_wconf 85' lang='lat' dir='ltr'>successor</span> <span class='ocrx_word' id='word_1_693' title='bbox 1364 1921 1563 1955; x_wconf 85' lang='lat' dir='ltr'>conﬁrmarat,</span> <span class='ocrx_word' id='word_1_694' title='bbox 1580 1921 1795 1955; x_wconf 87' lang='lat' dir='ltr'>imperiumque</span> 
     </span>
    </p>
   </div>
   <div class='ocr_carea' id='block_1_95' title="bbox 969 1964 1793 2001">
    <p class='ocr_par' dir='ltr' id='par_1_95' title="bbox 969 1964 1793 2001">
     <span class='ocr_line' id='line_1_95' title="bbox 969 1964 1793 2001; baseline -0.001 -8"><span class='ocrx_word' id='word_1_695' title='bbox 969 1966 1004 1994; x_wconf 85' lang='lat' dir='ltr'>ad</span> <span class='ocrx_word' id='word_1_696' title='bbox 1024 1967 1198 1994; x_wconf 83' lang='lat' dir='ltr'>Damascum</span> <span class='ocrx_word' id='word_1_697' title='bbox 1225 1974 1319 2001; x_wconf 89' lang='lat' dir='ltr'>usque</span> <span class='ocrx_word' id='word_1_698' title='bbox 1343 1964 1514 2001; x_wconf 86' lang='lat' dir='ltr'>protulerat.</span> <span class='ocrx_word' id='word_1_699' title='bbox 1542 1964 1667 1992; x_wconf 79' lang='lat' dir='ltr'>Basilius</span> <span class='ocrx_word' id='word_1_700' title='bbox 1683 1966 1793 1998; x_wconf 84' lang='lat' dir='ltr'>autem,</span> 
     </span>
    </p>
   </div>
   <div class='ocr_carea' id='block_1_96' title="bbox 970 2009 1795 2047">
    <p class='ocr_par' dir='ltr' id='par_1_96' title="bbox 970 2009 1795 2047">
     <span class='ocr_line' id='line_1_96' title="bbox 970 2009 1795 2047; baseline -0.002 -9"><span class='ocrx_word' id='word_1_701' title='bbox 970 2010 1020 2046; x_wconf 90' lang='lat' dir='ltr'>qui</span> <span class='ocrx_word' id='word_1_702' title='bbox 1036 2012 1102 2047; x_wconf 90' lang='lat' dir='ltr'>post</span> <span class='ocrx_word' id='word_1_703' title='bbox 1115 2010 1169 2038; x_wconf 86' lang='lat' dir='ltr'>hos</span> <span class='ocrx_word' id='word_1_704' title='bbox 1185 2010 1350 2046; x_wconf 80' lang='lat' dir='ltr'>imperavit,</span> <span class='ocrx_word' id='word_1_705' title='bbox 1360 2009 1495 2038; x_wconf 86' lang='lat' dir='ltr'>civilibus</span> <span class='ocrx_word' id='word_1_706' title='bbox 1512 2009 1640 2046; x_wconf 86' lang='lat' dir='ltr'>primum</span> <span class='ocrx_word' id='word_1_707' title='bbox 1655 2009 1740 2037; x_wconf 90' lang='lat' dir='ltr'>bellis</span> <span class='ocrx_word' id='word_1_708' title='bbox 1750 2017 1795 2036; x_wconf 84' lang='lat' dir='ltr'>oc-</span> 
     </span>
    </p>
   </div>
   <div class='ocr_carea' id='block_1_97' title="bbox 969 2054 1793 2091">
    <p class='ocr_par' dir='ltr' id='par_1_97' title="bbox 969 2054 1793 2091">
     <span class='ocr_line' id='line_1_97' title="bbox 969 2054 1793 2091; baseline -0.002 -8"><span class='ocrx_word' id='word_1_709' title='bbox 969 2058 1105 2091; x_wconf 85' lang='lat' dir='ltr'>cupatus,</span> <span class='ocrx_word' id='word_1_710' title='bbox 1113 2055 1218 2082; x_wconf 86' lang='lat' dir='ltr'>deinde</span> <span class='ocrx_word' id='word_1_711' title='bbox 1229 2057 1308 2083; x_wconf 87' lang='lat' dir='ltr'>totus</span> <span class='ocrx_word' id='word_1_712' title='bbox 1318 2054 1393 2082; x_wconf 86' lang='lat' dir='ltr'>bello</span> <span class='ocrx_word' id='word_1_713' title='bbox 1403 2054 1566 2082; x_wconf 84' lang='lat' dir='ltr'>Samuelico</span> <span class='ocrx_word' id='word_1_714' title='bbox 1580 2054 1721 2087; x_wconf 87' lang='lat' dir='ltr'>intentus,</span> <span class='ocrx_word' id='word_1_715' title='bbox 1736 2062 1793 2081; x_wconf 86' lang='lat' dir='ltr'>non</span> 
     </span>
    </p>
   </div>
   <div class='ocr_carea' id='block_1_98' title="bbox 969 2098 1794 2135">
    <p class='ocr_par' dir='ltr' id='par_1_98' title="bbox 969 2098 1794 2135">
     <span class='ocr_line' id='line_1_98' title="bbox 969 2098 1794 2135; baseline -0.004 -7"><span class='ocrx_word' id='word_1_716' title='bbox 969 2100 1113 2128; x_wconf 86' lang='lat' dir='ltr'>habuerat</span> <span class='ocrx_word' id='word_1_717' title='bbox 1124 2102 1375 2135; x_wconf 87' lang='lat' dir='ltr'>opportunitatem</span> <span class='ocrx_word' id='word_1_718' title='bbox 1387 2099 1515 2127; x_wconf 84' lang='lat' dir='ltr'>Orientis</span> <span class='ocrx_word' id='word_1_719' title='bbox 1526 2107 1573 2126; x_wconf 88' lang='lat' dir='ltr'>res</span> <span class='ocrx_word' id='word_1_720' title='bbox 1583 2098 1794 2132; x_wconf 87' lang='lat' dir='ltr'>constituendi,</span> 
     </span>
    </p>
   </div>
   <div class='ocr_carea' id='block_1_99' title="bbox 970 2143 1793 2179">
    <p class='ocr_par' dir='ltr' id='par_1_99' title="bbox 970 2143 1793 2179">
     <span class='ocr_line' id='line_1_99' title="bbox 970 2143 1793 2179; baseline -0.001 -8"><span class='ocrx_word' id='word_1_721' title='bbox 970 2144 1020 2171; x_wconf 89' lang='lat' dir='ltr'>sed</span> <span class='ocrx_word' id='word_1_722' title='bbox 1035 2144 1118 2179; x_wconf 88' lang='lat' dir='ltr'>quasi</span> <span class='ocrx_word' id='word_1_723' title='bbox 1132 2151 1182 2179; x_wconf 90' lang='lat' dir='ltr'>per</span> <span class='ocrx_word' id='word_1_724' title='bbox 1197 2143 1439 2179; x_wconf 82' lang='lat' dir='ltr'>imaginationem</span> <span class='ocrx_word' id='word_1_725' title='bbox 1456 2150 1489 2170; x_wconf 84' lang='lat' dir='ltr'>eo</span> <span class='ocrx_word' id='word_1_726' title='bbox 1500 2143 1648 2170; x_wconf 89' lang='lat' dir='ltr'>interdum</span> <span class='ocrx_word' id='word_1_727' title='bbox 1661 2143 1793 2170; x_wconf 84' lang='lat' dir='ltr'>animum</span> 
     </span>
    </p>
   </div>
   <div class='ocr_carea' id='block_1_100' title="bbox 969 2187 1795 2224">
    <p class='ocr_par' dir='ltr' id='par_1_100' title="bbox 969 2187 1795 2224">
     <span class='ocr_line' id='line_1_100' title="bbox 969 2187 1795 2224; baseline -0.001 -9"><span class='ocrx_word' id='word_1_728' title='bbox 969 2189 1136 2224; x_wconf 83' lang='lat' dir='ltr'>trajecerat,</span> <span class='ocrx_word' id='word_1_729' title='bbox 1151 2190 1179 2216; x_wconf 90' lang='lat' dir='ltr'>et</span> <span class='ocrx_word' id='word_1_730' title='bbox 1202 2191 1351 2224; x_wconf 89' lang='lat' dir='ltr'>utcunque</span> <span class='ocrx_word' id='word_1_731' title='bbox 1367 2189 1444 2216; x_wconf 76' lang='lat'>490</span> <span class='ocrx_word' id='word_1_732' title='bbox 1460 2187 1568 2215; x_wconf 85' lang='lat' dir='ltr'>curatis</span> <span class='ocrx_word' id='word_1_733' title='bbox 1592 2187 1629 2215; x_wconf 86' lang='lat' dir='ltr'>iis</span> <span class='ocrx_word' id='word_1_734' title='bbox 1653 2189 1748 2215; x_wconf 90' lang='lat' dir='ltr'>totum</span> <span class='ocrx_word' id='word_1_735' title='bbox 1764 2196 1795 2214; x_wconf 78' lang='lat' dir='ltr'>se</span> 
     </span>
    </p>
   </div>
   <div class='ocr_carea' id='block_1_101' title="bbox 969 2231 1795 2269">
    <p class='ocr_par' dir='ltr' id='par_1_101' title="bbox 969 2231 1795 2269">
     <span class='ocr_line' id='line_1_101' title="bbox 969 2231 1795 2269; baseline -0.002 -9"><span class='ocrx_word' id='word_1_736' title='bbox 969 2232 1129 2269; x_wconf 80' lang='lat' dir='ltr'>Bulgaricze</span> <span class='ocrx_word' id='word_1_737' title='bbox 1145 2232 1223 2269; x_wconf 83' lang='lat' dir='ltr'>genti</span> <span class='ocrx_word' id='word_1_738' title='bbox 1235 2232 1404 2268; x_wconf 61' lang='lat' dir='ltr'>subigendae</span> <span class='ocrx_word' id='word_1_739' title='bbox 1416 2233 1545 2260; x_wconf 87' lang='lat' dir='ltr'>dederat.</span> <span class='ocrx_word' id='word_1_740' title='bbox 1558 2233 1597 2260; x_wconf 87' lang='lat' dir='ltr'>Ea</span> <span class='ocrx_word' id='word_1_741' title='bbox 1612 2231 1667 2259; x_wconf 81' lang='lat' dir='ltr'>fuit</span> <span class='ocrx_word' id='word_1_742' title='bbox 1681 2233 1795 2260; x_wconf 83' lang='lat' dir='ltr'>occasio</span> 
     </span>
    </p>
   </div>
   <div class='ocr_carea' id='block_1_102' title="bbox 969 2277 1793 2312">
    <p class='ocr_par' dir='ltr' id='par_1_102' title="bbox 969 2277 1793 2312">
     <span class='ocr_line' id='line_1_102' title="bbox 969 2277 1793 2312; baseline -0.002 -7"><span class='ocrx_word' id='word_1_743' title='bbox 969 2277 1093 2305; x_wconf 89' lang='lat' dir='ltr'>urbibus</span> <span class='ocrx_word' id='word_1_744' title='bbox 1121 2277 1334 2312; x_wconf 87' lang='lat' dir='ltr'>potentioribus</span> <span class='ocrx_word' id='word_1_745' title='bbox 1358 2277 1485 2304; x_wconf 88' lang='lat' dir='ltr'>Orientis</span> <span class='ocrx_word' id='word_1_746' title='bbox 1507 2277 1611 2312; x_wconf 86' lang='lat' dir='ltr'>jugum</span> <span class='ocrx_word' id='word_1_747' title='bbox 1630 2278 1793 2304; x_wconf 80' lang='lat' dir='ltr'>Romanum</span> 
     </span>
    </p>
   </div>
   <div class='ocr_carea' id='block_1_103' title="bbox 969 2321 1793 2358">
    <p class='ocr_par' dir='ltr' id='par_1_103' title="bbox 969 2321 1793 2358">
     <span class='ocr_line' id='line_1_103' title="bbox 969 2321 1793 2358; baseline -0.001 -9"><span class='ocrx_word' id='word_1_748' title='bbox 969 2322 1133 2349; x_wconf 78' lang='lat' dir='ltr'>excutiendi</span> <span class='ocrx_word' id='word_1_749' title='bbox 1159 2329 1303 2358; x_wconf 86' lang='lat' dir='ltr'>suamque</span> <span class='ocrx_word' id='word_1_750' title='bbox 1325 2322 1518 2358; x_wconf 83' lang='lat' dir='ltr'>recuperandi</span> <span class='ocrx_word' id='word_1_751' title='bbox 1543 2321 1721 2349; x_wconf 84' lang='lat' dir='ltr'>libertatem.</span> <span class='ocrx_word' id='word_1_752' title='bbox 1738 2321 1793 2349; x_wconf 88' lang='lat' dir='ltr'>Sed</span> 
     </span>
    </p>
   </div>
   <div class='ocr_carea' id='block_1_104' title="bbox 967 2365 1796 2395">
    <p class='ocr_par' dir='ltr' id='par_1_104' title="bbox 967 2365 1796 2395">
     <span class='ocr_line' id='line_1_104' title="bbox 967 2365 1796 2395; baseline -0.001 0"><span class='ocrx_word' id='word_1_753' title='bbox 967 2375 1006 2395; x_wconf 84' lang='lat' dir='ltr'>eae</span> <span class='ocrx_word' id='word_1_754' title='bbox 1021 2375 1088 2395; x_wconf 90' lang='lat' dir='ltr'>cum</span> <span class='ocrx_word' id='word_1_755' title='bbox 1104 2367 1217 2395; x_wconf 84' lang='lat' dir='ltr'>vivente</span> <span class='ocrx_word' id='word_1_756' title='bbox 1232 2366 1328 2395; x_wconf 85' lang='lat' dir='ltr'>adhuc</span> <span class='ocrx_word' id='word_1_757' title='bbox 1351 2366 1459 2394; x_wconf 88' lang='lat' dir='ltr'>Basilio</span> <span class='ocrx_word' id='word_1_758' title='bbox 1474 2365 1667 2394; x_wconf 83' lang='lat' dir='ltr'>defectionem</span> <span class='ocrx_word' id='word_1_759' title='bbox 1681 2365 1796 2394; x_wconf 85' lang='lat' dir='ltr'>occulte</span> 
     </span>
    </p>
   </div>
   <div class='ocr_carea' id='block_1_105' title="bbox 966 2410 1796 2445">
    <p class='ocr_par' dir='ltr' id='par_1_105' title="bbox 966 2410 1796 2445">
     <span class='ocr_line' id='line_1_105' title="bbox 966 2410 1796 2445; baseline -0.002 -5"><span class='ocrx_word' id='word_1_760' title='bbox 966 2414 1081 2440; x_wconf 84' lang='lat' dir='ltr'>tantum</span> <span class='ocrx_word' id='word_1_761' title='bbox 1098 2411 1281 2445; x_wconf 86' lang='lat' dir='ltr'>molirentur,</span> <span class='ocrx_word' id='word_1_762' title='bbox 1291 2420 1324 2440; x_wconf 88' lang='lat' dir='ltr'>eo</span> <span class='ocrx_word' id='word_1_763' title='bbox 1340 2410 1456 2440; x_wconf 85' lang='lat' dir='ltr'>sublato</span> <span class='ocrx_word' id='word_1_764' title='bbox 1466 2413 1495 2439; x_wconf 86' lang='lat' dir='ltr'>et</span> <span class='ocrx_word' id='word_1_765' title='bbox 1505 2410 1697 2439; x_wconf 85' lang='lat' dir='ltr'>Constantino</span> <span class='ocrx_word' id='word_1_766' title='bbox 1708 2411 1796 2438; x_wconf 81' lang='lat' dir='ltr'>fratre</span> 
     </span>
    </p>
   </div>
   <div class='ocr_carea' id='block_1_106' title="bbox 966 2455 1794 2492">
    <p class='ocr_par' dir='ltr' id='par_1_106' title="bbox 966 2455 1794 2492">
     <span class='ocr_line' id='line_1_106' title="bbox 966 2455 1794 2492; baseline -0.004 -8"><span class='ocrx_word' id='word_1_767' title='bbox 966 2456 1123 2492; x_wconf 85' lang='lat' dir='ltr'>imperium</span> <span class='ocrx_word' id='word_1_768' title='bbox 1148 2456 1331 2492; x_wconf 72' lang='lat' dir='ltr'>negligenter</span> <span class='ocrx_word' id='word_1_769' title='bbox 1356 2458 1483 2492; x_wconf 85' lang='lat' dir='ltr'>gerente,</span> <span class='ocrx_word' id='word_1_770' title='bbox 1502 2456 1597 2491; x_wconf 88' lang='lat' dir='ltr'>iisque</span> <span class='ocrx_word' id='word_1_771' title='bbox 1619 2455 1706 2483; x_wconf 89' lang='lat' dir='ltr'>modo</span> <span class='ocrx_word' id='word_1_772' title='bbox 1722 2463 1794 2491; x_wconf 80' lang='lat' dir='ltr'>quas</span> 
     </span>
    </p>
   </div>
   <div class='ocr_carea' id='block_1_107' title="bbox 966 2500 1794 2529">
    <p class='ocr_par' dir='ltr' id='par_1_107' title="bbox 966 2500 1794 2529">
     <span class='ocr_line' id='line_1_107' title="bbox 966 2500 1794 2529; baseline -0.002 0"><span class='ocrx_word' id='word_1_773' title='bbox 966 2502 1152 2529; x_wconf 87' lang='lat' dir='ltr'>ostendimus</span> <span class='ocrx_word' id='word_1_774' title='bbox 1169 2502 1256 2528; x_wconf 88' lang='lat' dir='ltr'>rebus</span> <span class='ocrx_word' id='word_1_775' title='bbox 1281 2501 1380 2528; x_wconf 84' lang='lat' dir='ltr'>dedito</span> <span class='ocrx_word' id='word_1_776' title='bbox 1396 2501 1528 2528; x_wconf 91' lang='lat' dir='ltr'>omnium</span> <span class='ocrx_word' id='word_1_777' title='bbox 1551 2500 1675 2528; x_wconf 89' lang='lat' dir='ltr'>aliorum</span> <span class='ocrx_word' id='word_1_778' title='bbox 1692 2508 1794 2528; x_wconf 87' lang='lat' dir='ltr'>secure</span> 
     </span>
    </p>
   </div>
   <div class='ocr_carea' id='block_1_108' title="bbox 966 2545 1794 2582">
    <p class='ocr_par' dir='ltr' id='par_1_108' title="bbox 966 2545 1794 2582">
     <span class='ocr_line' id='line_1_108' title="bbox 966 2545 1794 2582; baseline 0 -8"><span class='ocrx_word' id='word_1_779' title='bbox 966 2546 1117 2582; x_wconf 86' lang='lat' dir='ltr'>repudiata</span> <span class='ocrx_word' id='word_1_780' title='bbox 1131 2554 1212 2579; x_wconf 88' lang='lat' dir='ltr'>cura,</span> <span class='ocrx_word' id='word_1_781' title='bbox 1225 2545 1362 2574; x_wconf 83' lang='lat' dir='ltr'>Saraceni</span> <span class='ocrx_word' id='word_1_782' title='bbox 1381 2545 1529 2574; x_wconf 86' lang='lat' dir='ltr'>licentiam</span> <span class='ocrx_word' id='word_1_783' title='bbox 1546 2545 1641 2581; x_wconf 83' lang='lat' dir='ltr'>adepti</span> <span class='ocrx_word' id='word_1_784' title='bbox 1656 2545 1794 2581; x_wconf 68' lang='lat' dir='ltr'>praesidia</span> 
     </span>
    </p>
   </div>
   <div class='ocr_carea' id='block_1_109' title="bbox 966 2590 1795 2627">
    <p class='ocr_par' dir='ltr' id='par_1_109' title="bbox 966 2590 1795 2627">
     <span class='ocr_line' id='line_1_109' title="bbox 966 2590 1795 2627; baseline -0.001 -8"><span class='ocrx_word' id='word_1_785' title='bbox 966 2591 1084 2619; x_wconf 89' lang='lat' dir='ltr'>urbium</span> <span class='ocrx_word' id='word_1_786' title='bbox 1109 2593 1351 2627; x_wconf 85' lang='lat' dir='ltr'>expugnaverunt</span> <span class='ocrx_word' id='word_1_787' title='bbox 1375 2592 1461 2626; x_wconf 85' lang='lat' dir='ltr'>atque</span> <span class='ocrx_word' id='word_1_788' title='bbox 1486 2590 1704 2618; x_wconf 77' lang='lat' dir='ltr'>interfecerunt.</span> <span class='ocrx_word' id='word_1_789' title='bbox 1732 2590 1795 2618; x_wconf 80' lang='lat' dir='ltr'>Prae</span> 
     </span>
    </p>
   </div>
   <div class='ocr_carea' id='block_1_110' title="bbox 965 2634 1794 2672">
    <p class='ocr_par' dir='ltr' id='par_1_110' title="bbox 965 2634 1794 2672">
     <span class='ocr_line' id='line_1_110' title="bbox 965 2634 1794 2672; baseline -0.002 -9"><span class='ocrx_word' id='word_1_790' title='bbox 965 2635 1089 2671; x_wconf 86' lang='lat' dir='ltr'>reliquis</span> <span class='ocrx_word' id='word_1_791' title='bbox 1105 2643 1166 2663; x_wconf 92' lang='lat' dir='ltr'>rem</span> <span class='ocrx_word' id='word_1_792' title='bbox 1182 2636 1276 2672; x_wconf 80' lang='lat' dir='ltr'>gessit</span> <span class='ocrx_word' id='word_1_793' title='bbox 1291 2635 1409 2671; x_wconf 84' lang='lat' dir='ltr'>Cbalepi</span> <span class='ocrx_word' id='word_1_794' title='bbox 1434 2635 1479 2671; x_wconf 84' lang='lat' dir='ltr'>(ea</span> <span class='ocrx_word' id='word_1_795' title='bbox 1493 2636 1537 2663; x_wconf 89' lang='lat' dir='ltr'>est</span> <span class='ocrx_word' id='word_1_796' title='bbox 1552 2634 1697 2670; x_wconf 70' lang='lat' dir='ltr'>Berrhma)</span> <span class='ocrx_word' id='word_1_797' title='bbox 1719 2643 1794 2670; x_wconf 74' lang='lat' dir='ltr'>prie-</span> 
     </span>
    </p>
   </div>
   <div class='ocr_carea' id='block_1_111' title="bbox 686 2712 1192 2743">
    <p class='ocr_par' dir='ltr' id='par_1_111' title="bbox 686 2712 1192 2743">
     <span class='ocr_line' id='line_1_111' title="bbox 686 2712 1192 2743; baseline 0.004 -3"><span class='ocrx_word' id='word_1_798' title='bbox 686 2712 864 2742; x_wconf 78' lang='lat' dir='ltr'>XYLANDRI</span> <span class='ocrx_word' id='word_1_799' title='bbox 882 2713 929 2742; x_wconf 86' lang='lat' dir='ltr'><strong>ET</strong></span> <span class='ocrx_word' id='word_1_800' title='bbox 948 2714 1057 2742; x_wconf 85' lang='lat' dir='ltr'>GOARl</span> <span class='ocrx_word' id='word_1_801' title='bbox 1079 2714 1192 2743; x_wconf 70' lang='lat' dir='ltr'>NOTAE.</span> 
     </span>
    </p>
   </div>
   <div class='ocr_carea' id='block_1_112' title="bbox 128 2761 526 2801">
    <p class='ocr_par' dir='ltr' id='par_1_112' title="bbox 128 2761 526 2801">
     <span class='ocr_line' id='line_1_112' title="bbox 128 2761 526 2801; baseline 0.02 -10"><span class='ocrx_word' id='word_1_802' title='bbox 128 2761 182 2801; x_wconf 83' lang='grc'>(81)</span> <span class='ocrx_word' id='word_1_803' title='bbox 197 2764 417 2798; x_wconf 77' lang='lat' dir='ltr'>Monasterium.</span> <span class='ocrx_word' id='word_1_804' title='bbox 434 2769 526 2799; x_wconf 71' lang='lat' dir='ltr'>Goaa.</span> 
     </span>
    </p>
   </div>
  </div>
