1919 3048
119 83 177 113 223

795 79 955 110 GEORGII
976 79 1148 110 CEDRENI

1799 77 1867 107 224

119 149 222 181 fectus,
233 147 283 184 qui
297 146 519 175 continentibus
531 146 755 175 incursionibus
763 146 877 174 Antiocl

1111 146 1119 173 ὶ
1148 146 1286 185 ῥᾳθυμῶς,
1310 145 1354 173 καὶ
1377 145 1418 173 ἐπ’
1434 145 1547 176 ἐκείνοις
1571 142 1702 183 ἔχοντος
1720 143 1776 172 τὸν
1794 153 1869 171 σκο-

117 202 151 222 ac
167 193 260 221 vicina.
274 192 414 220 Romanis
427 192 547 220 subdita
559 192 689 220 vexabat.
706 191 855 220 Adversus
867 191 946 219 hunc

118 238 280 274 Spondyles
288 237 447 265 Antiochiae
458 237 473 264 d
480 245 517 264 ux
526 237 639 265 vivente
648 236 745 264 adhuc
756 236 946 264 Constantino

118 283 332 320 expeditionem
360 282 439 315 fecit,
466 281 639 318 praclarum
664 280 805 309 nimirum
827 280 947 316 aliquod

119 329 254 356 editurus
265 327 396 360 facinus;
413 334 571 362 pugnaque
582 326 749 358 commissa,
762 334 869 360 magna
880 333 946 352 cum

119 381 239 401 suorum
256 372 338 399 clade
357 373 524 407 superatus,
540 371 666 406 turpiter
682 370 867 398 Antiochiam
884 377 948 405 per-

119 417 204 452 fugit.
223 416 343 452 Deccpit
364 417 425 443 arte
450 416 529 443 hunc
546 415 723 451 Spondylam
749 414 837 442 etiam
853 414 948 442 Arabs

119 463 239 498 quidam
271 461 467 497 Musaraphus
497 461 626 494 nomine,
656 461 685 488 in
715 459 791 488 bello
814 468 830 487 a
856 459 948 487 Potho

118 509 228 543 Argyro
245 509 348 542 captus
371 513 404 533 ac
420 505 579 533 Antiochize
604 506 633 532 in
659 505 785 533 vinculis
801 505 946 532 detentus.

119 552 148 580 Is
163 550 342 587 Spondylam
367 550 392 578 ei
420 550 485 577 urbi
511 550 682 586 praelectum
711 549 948 577 animadvertens

118 596 269 624 hominem
285 603 350 623 esse
364 594 513 630 mobilem,
526 603 557 622 se
573 594 729 630 magniﬁce
745 594 948 622 commodatu-

120 649 186 669 rum
202 640 350 677 pollicitus
366 641 411 667 est
421 639 574 672 Romanis,
584 640 609 667 si
623 639 748 667 vinculis
764 639 947 671 liberaretur,

120 686 278 722 omniaque
288 693 389 713 eorum
403 684 527 712 consilia
538 684 756 719 expediturum,
765 685 794 711 et
803 682 949 710 Arabibus

119 730 279 767 plurimum
296 729 396 757 damni
422 729 574 756 daturum.
599 729 674 756 491
706 729 812 756 Locum
833 735 949 764 quoque

120 774 306 809 monstravit,
323 773 352 801 in
369 782 427 810 quo
452 774 477 801 si
493 772 647 801 castellum
662 774 863 801 exstrueretur
878 772 949 800 sibi-

120 828 177 856 que
193 813 448 865 committeretur,
472 826 533 865 rem
559 818 720 845 Romanam
747 817 825 845 haud
847 816 949 865 leviter
965 833 988 865 B

119 866 198 892 esset
211 864 379 899 adjuturus.
397 862 560 898 Spondyles
579 863 644 897 ejus
660 862 777 890 fallacia
792 870 850 890 non
865 861 949 889 intel-

119 909 195 936 lecta
223 907 348 935 vinculis
375 907 525 935 hominem
550 906 646 940 solvit,
668 906 882 942 castellumque
906 906 948 934 uti

119 955 253 981 suaserat
267 951 411 985 condidit,
424 954 453 979 et
477 951 558 979 mille
575 951 716 980 Romanis
743 951 871 987 praesidii
886 950 949 978 loco

121 996 267 1033 impositis
294 996 505 1032 Musaraphum
535 996 561 1023 ei
588 996 725 1031 praefecit.
753 995 949 1031 Musaraphus

121 1042 298 1069 consecutus
313 1040 392 1076 quod
418 1039 545 1073 volebat,
561 1040 674 1068 occulte
689 1048 755 1068 cum
771 1048 869 1068 amara
884 1040 947 1068 Tri-

122 1086 198 1122 polis
212 1087 240 1113 et
254 1085 383 1113 Tusbero
400 1093 516 1113 summo
531 1084 657 1121 [Egyptii
673 1085 815 1120 principis
830 1085 903 1112 duce
918 1093 949 1112 re

122 1131 295 1166 composita,
313 1129 438 1157 missum
455 1130 490 1158 ab
507 1130 544 1157 iis
562 1129 721 1158 exercitum
739 1130 768 1157 in
793 1128 948 1157 castellum

123 1175 256 1209 admisit,
273 1175 464 1210 Romanoque
484 1173 620 1210 praesidio
636 1182 710 1201 caeso
726 1174 800 1210 ipsis
815 1174 947 1201 tradidit.

123 1220 231 1248 Exinde
259 1228 377 1256 semper
398 1219 609 1247 Saracenorum
633 1227 680 1247 res
704 1219 799 1255 potior
820 1219 949 1246 Romana

121 1264 186 1298 fuit,
203 1273 297 1300 neque
313 1264 405 1292 ullam
421 1264 515 1292 fecere
537 1264 566 1291 in
583 1263 733 1298 Syriacam
748 1263 947 1291 Romanorum

121 1309 262 1337 ditionem
279 1308 434 1344 grassandi
451 1308 713 1344 intercapedinem.

1001 193 1051 220 πὸν
1069 192 1135 230 ἀπερ
1167 193 1181 219 ὁ
1211 191 1294 230 λόγος
1323 191 1423 231 φθάσας
1453 191 1706 230 ὲστηλογράφησε,
1741 191 1803 216 τῶν
1841 187 1867 216 δ’

1002 236 1096 265 ἄλλων
1110 236 1260 275 ἀλιγωρίαν
1274 235 1523 267 κατασκεδάσαντος
1551 235 1581 263 οὐ
1601 237 1659 270 τήν
1690 236 1866 272 τυχοῦσαν.

1001 280 1092 313 ἀδείας
1109 282 1135 309 οἱ
1151 282 1304 320 Σαρακηνοὶ
1321 279 1470 317 λαϐόμενοι
1493 281 1542 311 τάς
1557 290 1586 308 τε
1611 280 1642 308 ἐν
1664 282 1737 310 ταῖς
1753 276 1868 306 πὸλισι

1002 326 1120 365 φρουρὰς
1150 326 1342 364 ἐξεπόρθησαν,
1359 325 1499 356 ἀνελόντες
1519 324 1564 352 καὶ
1587 324 1659 356 τοὺς
1690 322 1866 365 φρουροὺς,

1002 372 1060 398 κατ’
1082 371 1212 409 ἐξαίρετον
1242 369 1270 398 δὲ
1299 371 1313 398 ὁ
1340 372 1390 402 τῆς
1417 369 1546 408 Βεῤῥοίας
1561 369 1712 407 ἀρχηγὸς,
1743 368 1780 402 ἦν
1814 361 1866 394 καιὶ

1001 415 1098 444 Χάλεπ
1112 415 1252 443 καλοῦσιν·
1282 413 1417 452 ἐκδρομάς
1442 425 1471 442 τε
1495 414 1546 452 γὰρ
1576 413 1670 441 ἐποίει
1707 414 1866 450 συνεχεῖς,

1001 461 1046 488 καὶ
1068 461 1119 495 τὴν
1142 461 1315 498 Ἀντιόχειαν
1345 459 1442 487 ἐγάκου
1466 459 1512 486 καὶ
1535 458 1568 486 τᾶι
1592 459 1773 496 ὁμοροῦντα
1791 454 1862 492 ἔθνη

1001 505 1046 532 καὶ
1061 505 1196 543 πρόσοικα
1214 505 1248 532 τὰ
1268 507 1326 535 τοῖς
1350 503 1499 540 Ῥωμαίοις
1513 504 1632 538 ὑπήκοα.
1666 502 1753 539 Πρὸς
1788 500 1820 529 δν
1849 502 1864 528 ὁ

1003 549 1165 585 Σπονδύλης
1192 553 1242 584 τῆς
1270 548 1453 586 ’Δντιοχείας,
1483 549 1520 579 ὡς
1548 547 1674 585 εἴρηται,
1694 547 1860 584 κατάρχων

1003 593 1169 631 ἐκστρατεύει
1199 592 1238 621 ἔτι
1265 593 1408 631 περιόντος
1439 594 1487 620 τοῦ
1517 591 1750 625 Κωνσταντίνου,
1789 591 1862 625 βου-

1003 638 1122 675 λόμενος
1148 639 1222 676 τάχα
1251 637 1371 665 νεανικόν
1400 648 1426 664 τι
1452 637 1498 664 καὶ
1513 639 1636 674 γενναῖον
1658 635 1860 671 ἐνδείξασθαι.

1003 684 1052 711 Καὶ
1070 681 1218 720 συμϐαλὼν
1232 683 1272 719 τῷ
1296 684 1347 714 τῆς
1370 681 1498 720 Βερῥοίας
1515 680 1702 719 ἐξηγουμένῳ
1719 683 1860 716 ἧττᾶται,

1003 728 1047 756 καὶ
1070 727 1158 759 πολὺς
1185 728 1233 764 μὲν
1256 727 1356 766 γίνεται
1371 729 1425 754 τῶν
1442 725 1489 754 σὺν
1512 725 1586 763 αὐτῷ
1611 725 1741 766 φθόρος,
1770 725 1860 757 αὐτὸς

1004 772 1033 800 δὲ
1057 771 1185 810 αἶ’σχιστα
1207 772 1245 803 είς
1269 769 1438 809 Ἀντιόχειαν
1468 769 1642 806 διασώζεται.
1674 773 1860 807 Κατεστρατ-

1005 819 1090 855 ήγησε
1128 816 1151 845 δ’
1185 817 1266 845 αὐτὸν
1300 816 1344 844 καί
1382 826 1423 847 τις
1456 817 1559 853 Ἄραψ,
1598 815 1768 854 Μουσὰραφ
1808 815 1862 850 τὴν

1003 862 1200 901 προσηγορίαν,
1225 861 1320 899 τρόπῳ
1339 859 1448 897 τοιῷδε.
1475 861 1561 891 Οὗτος
1588 860 1642 898 γὰρ
1660 860 1677 887 ὁ
1693 859 1859 898 Μουσάραφ

1004 905 1179 944 δορυάλωτος
1193 906 1377 944 κατεχόμενος
1406 905 1443 932 ἐν’
1466 905 1621 943 Ἀντιοχείᾳ
1640 906 1689 941 (ἦν
1718 904 1777 943 γὰρ
1806 914 1858 931 κα-

1003 951 1144 989 τασχεθεὶς
1161 951 1213 978 ὑπὸ
1228 951 1317 979 ΙΙόθου
1339 950 1560 987 τοῦἈργυροῦ),
1584 949 1704 987 ἐπείπερ
1739 949 1770 976 αἱ
1801 951 1856 984 τῆς

1002 996 1150 1034 ἡγεμονίας
1165 995 1239 1031 ήνίαι
1254 995 1292 1026 εἰς
1305 995 1351 1022 τὸν
1373 993 1536 1030 Σπονδύλην
1563 994 1736 1031 μετέπεσον,
1766 1004 1856 1021 κατα-

1003 1041 1140 1075 νενοηκὼς
1154 1042 1201 1067 τὺν
1218 1039 1359 1078 ἄνθρωπον
1375 1039 1540 1077 εὖρίπιστον,
1564 1038 1710 1076 ὑπέσχεοο
1740 1037 1856 1077 μεγάλα

1003 1087 1190 1123 γ-ρησιμεῦσαι
1204 1084 1363 1121 Ῥωμαίοις,
1380 1083 1402 1111 εἷ
1422 1083 1527 1119 ἀνεθείη
1551 1086 1605 1111 τῶν
1638 1082 1773 1120 δεσμῶν,
1807 1081 1856 1110 καὶ

1003 1130 1090 1157 πάντα
1101 1128 1263 1156 ἐπιτελέσειν
1293 1128 1326 1156 τὰ
1347 1129 1415 1156 κατὰ
1440 1127 1549 1156 σκοπόν·
1580 1128 1615 1155 τά
1637 1138 1670 1155 τε
1692 1128 1749 1166 γὰρ
1777 1127 1852 1164 ὁμό-

1004 1173 1077 1212 φαλα
1102 1176 1223 1201 κακῶσαι
1238 1171 1490 1211 κατεπηγγέλλετο,
1507 1171 1553 1200 καὶ
1567 1172 1655 1200 τόπον
1676 1171 1856 1208 ἐπιδεικνὺς,

1003 1218 1027 1245 εἴ
1052 1218 1181 1258 φρούριον
1197 1217 1222 1245 ἐν
1239 1217 1312 1254 αὗτῷ
1327 1216 1462 1254 δομηοείη
1486 1217 1532 1245 καὶ
1556 1218 1633 1254 αὑτῷ
1658 1215 1853 1254 παραδοθείη,

1003 1263 1034 1290 οὐ
1064 1263 1159 1301 μικρὸν
1188 1262 1287 1302 δφελος
1311 1261 1417 1294 ἔσεσθαι
1444 1262 1609 1299 Ῥωμαίοις.
1645 1262 1689 1290 Οὗ
1725 1262 1777 1293 τὰς
1808 1261 1856 1300 ρᾳ-

1004 1306 1142 1345 διουργίας
1168 1308 1206 1344 μὴ
1223 1307 1309 1338 συνεὶς
1325 1307 1339 1334 ὁ
1356 1305 1517 1342 Σπονδύλης
1532 1309 1587 1334 τῶν
1612 1317 1645 1334 τε
1667 1308 1780 1334 κλοιῶν
1797 1306 1849 1344 ἀφ-

123 1355 187 1387 ῆκεν
204 1352 294 1387 αὐτὸν,
311 1352 356 1379 καὶ
371 1352 401 1379 τὸ
415 1351 544 1391 φρούριον
561 1352 597 1382 ὡς
614 1351 750 1379 ἐκέλευσεν
766 1350 933 1387 ἐδομήσατο,
948 1351 992 1379 καὶ
1006 1352 1079 1389 αὐτῷ
1093 1352 1142 1386 τὴν
1159 1351 1282 1391 φυλακήν
1299 1351 1473 1389 ἐπετρέψατο,
1489 1351 1599 1389 χιλίους
1627 1351 1777 1391 φρουροὺς
1805 1350 1849 1388 ἐγ-

124 1397 294 1431 καταστήσας
310 1396 336 1423 ἐν
351 1396 439 1432 τούτῳ
460 1396 620 1433 Ῥωμαίους.
636 1396 664 1423 Ὁ
680 1394 708 1423 δὲ
719 1394 866 1435 Μουσέίραφ
880 1396 973 1434 τυχὼν
990 1397 1072 1434 οὗπερ
1089 1395 1191 1434 ηὔχετο
1207 1398 1313 1435 καιροῦ,
1331 1396 1418 1434 λᾰὶθρα
1431 1398 1471 1432 τῷ
1481 1395 1641 1433 Τριπόλεως
1670 1396 1774 1433 ἀμηρᾷ
1801 1394 1848 1423 καὶ

126 1438 244 1477 Τούσϐερ
259 1443 300 1476 τῷ
315 1441 526 1479 ἀρχιστρατήγῳ
540 1443 588 1468 τοῦ
607 1440 756 1478 Αἷ’γυπτίου
771 1439 999 1478 προσδιαλεχθεὶς
1015 1440 1080 1469 λαὸν
1097 1442 1142 1469 ὑπ’
1157 1441 1244 1469 αὐτῶν
1261 1441 1418 1481 πεμφθέντα
1428 1440 1571 1478 δεξόίμενος
1585 1441 1653 1472 τούς
1677 1451 1710 1469 τε
1734 1439 1850 1478 χιλίους

127 1485 232 1522 ἀναιρεῖ
245 1485 289 1512 καὶ
306 1486 335 1512 τὸ
351 1485 481 1523 φρούριον
496 1485 588 1516 αὐτοῖς
603 1483 783 1522 παραδίδωσι.
804 1486 853 1513 Καὶ
869 1485 900 1513 οὐ
917 1484 1038 1514 διέλιπον
1050 1486 1075 1522 ἐξ
1099 1485 1202 1514 ἐκείνου
1215 1486 1241 1522 ἐξ
1268 1485 1429 1524 ὑπερδεξίων
1456 1485 1602 1525 φερόμενοι
1629 1486 1657 1514 οἱ
1685 1484 1848 1523 Σαρακηνοὶ

125 1529 288 1569 διαφθείρειν
304 1532 336 1557 τὰ
353 1530 379 1557 ἐν
396 1529 480 1568 Συρίᾳ
502 1529 651 1566 Ῥωμαίοις
670 1531 778 1566 ὑπήκοα
792 1530 837 1558 καὶ
854 1530 1041 1567 λυμαίνεσθαι.

161 1595 311 1621 Romanus
327 1601 396 1629 ergo
411 1592 557 1629 Spondyle
576 1592 640 1620 loco
656 1595 735 1621 moto
751 1601 951 1622 successorem
968 1595 989 1628 C

127 1637 218 1665 mittit
253 1637 479 1666 Constantinum
517 1638 724 1670 Carantenum,
754 1638 863 1666 sororis
893 1647 952 1666 suas

126 1682 286 1716 maritum;
311 1685 339 1710 et
363 1683 426 1718 ipse
451 1690 517 1709 eum
548 1682 692 1718 sequitur,
718 1683 814 1718 adque
842 1683 952 1711 bellum

125 1726 278 1755 Saracenis
295 1727 480 1754 inferendum
497 1734 561 1754 sese
576 1729 736 1762 comparat.
752 1727 815 1755 Jam
831 1728 865 1755 ad
884 1727 952 1754 Phi-

125 1771 268 1799 lomilium
286 1773 456 1807 pervenerat
478 1771 638 1804 Romanus,
663 1779 726 1799 eum
751 1770 838 1807 legati
854 1780 871 1799 a
886 1772 952 1799 Ber-

125 1815 206 1843 rhoaa
220 1818 380 1844 occurrunt
395 1823 463 1843 cum
479 1815 662 1850 muneribus,
677 1815 792 1844 veniam
809 1818 951 1852 petentes,

126 1862 155 1888 et
170 1868 201 1888 se
218 1860 374 1896 pristinam
390 1860 561 1888 servitutem
588 1861 747 1888 servituros
772 1869 804 1889 ac
821 1869 952 1888 annuum

125 1905 269 1933 tributum
283 1913 349 1933 cum
363 1905 439 1933 bona
449 1905 545 1941 gratia
562 1905 761 1941 persoluturos
777 1906 952 1942 promitten-

126 1952 180 1977 tes.
197 1949 328 1977 Erantin
341 1950 469 1977 exercitu
479 1949 602 1977 Romani
617 1949 702 1977 multi
716 1950 790 1978 bello
805 1950 876 1978 clari
888 1950 952 1984 viri,

126 1994 261 2029 interque
277 1994 330 2022 hos
345 1994 475 2022 Joannes
489 1994 613 2022 Chuldas
630 1994 781 2030 patricius,
795 1995 842 2030 qui
861 1995 953 2031 impe-

126 2039 215 2066 ratori
238 2039 403 2066 suadebant
430 2041 462 2066 ut
487 2039 685 2066 conditionem
711 2039 864 2074 acciperet,
882 2048 953 2068 neve

126 2085 228 2110 instate
245 2082 273 2110 in
290 2082 402 2118 Syriam
420 2083 549 2116 duceret,
565 2091 624 2118 quo
639 2085 770 2119 tempore
784 2083 821 2111 iis
836 2084 865 2112 in
881 2083 953 2112 locis

127 2134 205 2161 aqua
221 2126 319 2154 deﬁcit
344 2129 373 2154 et
388 2127 497 2155 Arabes
521 2127 643 2155 subsisti
670 2130 829 2163 nequeunt,
845 2128 953 2164 quippe

127 2171 204 2199 492
221 2171 332 2199 assueti
347 2179 447 2199 earum
472 2172 626 2207 regionum
647 2172 772 2200 calorem
789 2175 953 2209 metumque

127 2218 156 2244 et
171 2216 305 2244 ardorem
321 2215 393 2244 solis
418 2215 552 2249 tolerare,
570 2217 721 2250 Romanis,
746 2219 848 2253 utpote
872 2218 952 2254 gravi

127 2261 277 2287 armatura
292 2260 455 2292 utentibus,
481 2259 708 2287 intolerabilem.
730 2260 785 2288 Sed
803 2261 952 2290 Romanus

127 2304 201 2332 nihil
217 2312 318 2332 eorum
335 2304 458 2332 consilia
483 2307 626 2338 moratus,
644 2304 775 2340 priorum
799 2305 954 2342 imperato-

127 2356 193 2376 rum
211 2349 353 2377 memoria
369 2349 499 2377 recolens
510 2358 555 2377 res
571 2348 706 2384 praeiere
717 2352 826 2385 gestas,
836 2351 953 2386 cupien-

127 2400 201 2428 sque
225 2393 289 2429 ipse
313 2389 402 2422 etiam
428 2394 502 2422 forte
529 2393 647 2429 aliquod
673 2394 757 2422 edere
783 2395 907 2429 facinus,
922 2396 952 2423 in

127 2436 241 2473 Syriam
258 2437 349 2471 abiit;
365 2446 399 2466 ac
414 2440 510 2466 castra
530 2438 628 2473 posuit
643 2438 679 2465 ad
696 2439 831 2467 Azazinm
848 2440 952 2468 castel-

126 2481 200 2515 lum,
217 2481 300 2509 bidui
316 2482 419 2510 itinere
434 2491 451 2511 a
468 2482 604 2510 Berrhtsa
620 2482 769 2511 dissitum.
786 2483 895 2513 Exinde
910 2485 953 2513 rei

127 2527 260 2563 gerendas
277 2527 418 2562 intentus,
442 2529 568 2556 Leonem
583 2528 839 2565 Chmrosphaetam
861 2531 953 2566 putri-

127 2571 217 2606 cium,
234 2571 435 2600 excubitorum
450 2573 565 2608 ducem,
578 2581 642 2601 cum
661 2582 715 2601 sua
730 2574 848 2603 cohorte
864 2575 954 2603 mittit

127 2616 322 2652 speculatum,
340 2626 482 2645 numnam
505 2618 615 2646 Arabes
631 2619 810 2655 accederent,
823 2622 852 2648 et
863 2628 952 2656 quor-

129 2669 195 2688 sum
210 2662 367 2690 translerre
392 2665 488 2690 castra
503 2663 689 2691 conduceret.
714 2665 822 2692 Verum
838 2665 863 2692 is
880 2665 950 2693 insi-

127 2705 184 2733 diis
213 2706 339 2735 Arabum
369 2707 536 2744 interjectas
561 2707 698 2744 planities
723 2710 951 2738 custodientium

127 2752 215 2787 atque
240 2750 338 2787 ipsum
364 2755 448 2789 capto
478 2755 610 2789 tempore
634 2753 731 2783 subito
755 2754 950 2784 adorientium

969 2283 991 2315 D

1044 1593 1132 1622 Ἀλλὰ
1147 1596 1241 1622 τοῦτον
1260 1594 1306 1630 μὶν
1329 1594 1342 1621 ό
1369 1594 1511 1631 Ῥωμανὸς
1534 1592 1682 1630 μεθίστησι
1712 1594 1766 1625 τῆς
1795 1591 1847 1629 ἂρ-

1008 1642 1074 1676 χῆς,
1089 1637 1218 1676 διάδοχον
1232 1638 1305 1674 αὐτῷ
1333 1639 1442 1675 πέμψας
1455 1638 1501 1665 τὸν
1530 1637 1570 1666 ἐπ’
1586 1636 1700 1678 ἀδελφῇ
1715 1634 1846 1675 γαμϐρὸν

1008 1684 1091 1711 αὐτοῦ
1129 1685 1330 1711 Κωνσταντῑνον
1364 1683 1410 1711 τὸν
1447 1683 1620 1720 Καραντηνὸν
1661 1681 1847 1721 ἐὐτρεπίζετο

1009 1727 1037 1756 δὶ
1060 1727 1105 1756 καὶ
1138 1727 1219 1759 αὐτὸς
1256 1727 1369 1756 κατόπιν
1402 1726 1528 1755 ἀπελθεῖν
1564 1729 1618 1754 τῶν
1658 1727 1845 1765 Σαρακηνῶν,

1008 1773 1050 1810 [Ρ.
1066 1774 1131 1808 726]
1147 1772 1218 1808 Ἤδη
1236 1771 1265 1800 δὲ
1278 1773 1309 1800 τὸ
1335 1771 1502 1809 Φιλομίλιον
1526 1769 1737 1803 καταλαϐόντος
1760 1770 1846 1798 αὐτοῦ

1007 1817 1092 1852 ἦλθον
1109 1815 1235 1854 πρέσϐεις
1255 1817 1285 1845 ἐκ
1308 1817 1438 1855 Βερῥοίας
1457 1817 1524 1854 μετὰ
1540 1815 1636 1854 δώρων
1653 1816 1696 1844 ὅτι
1713 1814 1842 1849 πολλῶν,

1007 1861 1228 1898 παρακαλοῦντες
1253 1861 1419 1898 συμπαθείας
1441 1864 1535 1899 τυχεῖν
1561 1861 1606 1888 καὶ
1629 1862 1684 1896 τήν
1700 1860 1767 1898 πρὶν
1780 1859 1843 1887 δου-

1008 1905 1082 1934 λείαν
1116 1904 1324 1941 ἐπαναδέξασθαι
1349 1905 1395 1932 καὶ
1418 1905 1482 1936 τοὺς
1503 1905 1629 1940 ἐτησίους
1656 1904 1840 1943 εὐγνωμόνως

1007 1951 1169 1989 προσφέρειν
1193 1950 1303 1988 φόρους,
1328 1949 1446 1978 Πολλῶν
1463 1949 1492 1977 δὲ
1511 1949 1639 1987 κάγαθῶν
1665 1950 1840 1988 στρατιωτῶν

1008 1995 1261 2034 συστρατευομένων
1285 1995 1358 2024 αὖτῷ
1382 1994 1612 2032 παρακαλούντων
1633 1995 1687 2028 τήν
1714 1991 1840 2031 πρόκλη-

1008 2050 1049 2067 σιν
1073 2039 1206 2075 δέξασθαι,
1233 2040 1269 2067 ὦν
1291 2041 1329 2070 εἷς
1345 2041 1377 2074 ἦν
1402 2039 1447 2066 καὶ
1464 2040 1478 2066 ό
1502 2039 1647 2077 πατρίκιος
1672 2039 1804 2073 Ἰωάννης
1826 2037 1840 2064 ὁ

1008 2083 1130 2120 Χάλδας,
1145 2084 1190 2111 καὶ
1217 2085 1255 2120 μή
1281 2083 1467 2122 ἐκστρατεῦσαι
1490 2084 1559 2111 κατὰ
1583 2083 1685 2121 Συρίας
1701 2082 1727 2110 ἐν
1754 2082 1841 2119 καιρῷ

1008 2129 1114 2167 θέρους,
1134 2129 1216 2156 ὁπότε
1236 2129 1266 2156 τό
1288 2139 1318 2157 τε
1341 2128 1414 2166 ὕδωρ
1440 2128 1466 2156 ἐν
1498 2128 1566 2165 αὗτῇ
1589 2127 1714 2162 σπανίζει
1736 2126 1781 2154 καὶ
1808 2125 1839 2153 τὸ

1008 2175 1056 2212 μὲν
1081 2172 1207 2212 Ἀράϐων
1221 2172 1295 2206 ἔθνος
1322 2174 1508 2202 ἀνυπόστατόν
1534 2174 1605 2202 ἐστιν
1621 2175 1668 2201 οἳα
1691 2171 1839 2208 ένειθισμέ-

1006 2230 1050 2247 νον
1068 2218 1157 2258 φέρειν
1173 2219 1299 2257 γενναίως
1320 2219 1353 2246 τὰ
1368 2219 1490 2257 ἐγχώρια
1505 2218 1597 2254 θάλπη
1622 2219 1667 2246 val
1684 2217 1749 2248 τοὺς
1769 2215 1835 2255 φλο-

1006 2263 1092 2302 γμοὺς
1115 2264 1160 2291 καὶ
1174 2263 1239 2296 τοὺς
1250 2263 1401 2299 καύσωνας,
1417 2265 1443 2291 οἳ
1460 2263 1489 2291 δὶ
1512 2265 1647 2300 Ῥωμαῖοι
1669 2260 1834 2290 πανοπλῖται

1006 2309 1190 2346 τυγχάνοντες
1215 2309 1249 2336 οὗ
1277 2307 1427 2344 τληπαθῶς
1451 2307 1546 2346 ἔχουσι
1575 2308 1644 2345 πρὸς
1669 2308 1719 2342 τήν
1750 2306 1832 2342 ὥραν,

1011 2351 1128 2390 μηδενὸς
1154 2352 1320 2392 ἐπιστροφὴν
1350 2354 1546 2390 ποιησᾶμενος,
1575 2351 1638 2380 ἀλλ’
1667 2352 1692 2388 ἐξ
1714 2349 1834 2387 ὑπογύου

1006 2397 1040 2424 τά
1053 2399 1107 2424 τῶν
1128 2397 1181 2435 πρὸ
1208 2398 1305 2425 ἑαυτοῦ
1335 2397 1469 2435 βασιλέων
1493 2395 1565 2435 ἔχων
1594 2395 1829 2434 ἀνδραγαθήματα.

1006 2441 1051 2469 καὶ
1074 2440 1195 2469 σπεύδων
1228 2442 1273 2470 καὶ
1305 2442 1386 2474 αὐτὸς
1422 2441 1530 2480 ἀνδρῶᾶ
1556 2451 1617 2469 τινα
1642 2439 1830 2474 ἐπιδείξασθαι,

1007 2485 1111 2515 ἄπεισιν
1137 2486 1162 2514 ἐν
1193 2487 1288 2525 Συρίᾳ.
1318 2486 1368 2516 Καὶ
1393 2485 1601 2526 στρατοπεδείαν
1629 2486 1781 2522 ηξᾶμενος
1803 2481 1829 2509 ἲν

1006 2541 1059 2558 τινι
1084 2530 1205 2569 φρουρίῳ
1228 2530 1275 2559 δύο
1309 2532 1422 2570 ἡμερῶν
1457 2529 1518 2559 ὁδὸν
1544 2530 1672 2569 Βερῥοίας
1702 2528 1829 2565 ἀπέχοντι

1007 2575 1140 2612 (Ἀζᾶζιον
1158 2573 1246 2612 ὄνομα
1260 2578 1300 2613 τῷ
1315 2576 1450 2616 φρουρίῳ)
1474 2575 1581 2603 ἐσκόπει
1600 2576 1632 2603 τὸ
1658 2573 1768 2612 μέλλον.
1787 2572 1826 2616 ’ξῖν

1007 2620 1030 2656 ᾧ
1055 2620 1295 2657 κατεηηνωμένος
1318 2614 1363 2649 τὸν
1397 2623 1447 2649 τῶ.
1468 2618 1629 2656 ἐξκουϐίτων
1645 2618 1762 2657 ἄρχοντα
1783 2614 1826 2642 τὸν

1006 2664 1147 2702 πατρίκιον
1178 2666 1278 2693 Λέοντα
1303 2666 1349 2694 τὸν
1385 2666 1592 2705 Χοιροσφᾶκτην
1627 2664 1692 2701 μετὰ
1714 2663 1760 2689 τοῦ
1784 2659 1822 2686 οἱ-

1006 2709 1079 2737 κείου
1098 2709 1237 2748 τᾶγματος
1266 2710 1310 2738 ἐπὶ
1340 2721 1498 2747 κατασκοπῃ
1524 2708 1642 2744 στέλλει,
1670 2707 1696 2735 εἷ’
1706 2706 1773 2735 τινές
1794 2712 1822 2730 τι

1007 2753 1106 2782 ἐπίοιεν
1136 2756 1335 2793 κατοψόμενον.
1350 2752 1479 2794 ”Αρῃϐες,
1493 2755 1538 2783 καὶ
1564 2754 1614 2791 δαη
1640 2752 1672 2788 δὴ
1688 2747 1820 2784 λυσιτελὲς
