1919 3048
57 96 112 126 229

619 91 891 123 HISTORIARUM
913 91 993 122 CUM
999 91 1182 123 PENDIUM.

1692 93 1753 124 S30

58 160 99 191 δος
121 161 169 187 τοῦ
197 156 356 197 Μουσάραφ,
383 157 430 186 καὶ
462 155 552 196 ἕτερον
568 157 697 197 φρούριον
724 156 768 185 ἐπὶ
796 167 855 185 τινο

965 156 1073 186 beravit
1105 157 1194 186 etiam
1223 157 1484 194 Chmrosphaotum
1523 159 1552 186 et
1588 158 1651 187 suis
1685 159 1750 188 red-

54 203 190 241 ἀποτόμου
212 203 334 240 κείμενον
365 203 475 240 πέτρας,
503 203 534 230 τὸ
560 202 708 240 λεγόμενον
740 201 872 240 ’Δργυρό-

53 250 266 286 καστρον.’1“αὖτα
295 246 324 275 δὶ
365 245 436 274 οὕτω
477 247 713 283 καταστησάμενος

928 202 1014 230 didit.

755 247 769 274 6
812 246 970 277 Θεόκτιστος
1010 246 1135 279 εἰσῆλθεν
1172 246 1210 278 εἰς
1244 247 1294 281 τήν
1326 245 1463 284 βασιλίδα,
1493 245 1659 284 ἐπαγόμενος
1685 257 1748 282 μευ-

54 294 141 322 tau-:05
155 292 198 320 καὶ
222 292 309 330 Ἀλᾶιχ
335 293 381 319 τὸν
410 293 458 320 τοῦ
484 293 623 330 Ηινζαρᾶχ
656 292 724 326 υἰὸν,
753 291 781 318 ὃν
808 292 852 318 καὶ
883 291 1094 328 πατρικιότητος
1122 292 1136 319 ὁ
1165 291 1340 329 αὐτοκράτωρ
1370 291 1480 328 ἠξίωσε.
1498 291 1614 318 Κατόπιν
1632 290 1661 318 δὲ
1682 291 1751 326 ἦλθε

54 338 94 366 καὶ
119 339 132 365 ὁ
156 337 305 375 Πινζαράγ,
330 340 561 375 προπεμπόμενος
587 337 631 364 καὶ
662 335 896 374 δορυφορούμενος

54 384 118 418 κήτα
141 384 189 410 τοῦ
216 382 246 409 ἐκ
275 381 405 412 Μισθείας
423 390 429 397 ·
458 381 487 409 ’ὸν
517 382 531 408 6
563 381 689 418 βασιλεὺς
717 380 891 420 φιλοφρόνως

924 336 996 373 παρᾶ
1024 338 1072 363 τοῦ
1101 336 1321 374 χρηματίσαντος
1351 335 1485 374 ἄρχοντος
1511 335 1680 374 Ἀντιοχείας
1702 339 1750 362 Νι-

925 379 1128 417 ἆποδεξάμενος
1161 380 1207 408 καὶ
1237 379 1336 417 δώροις
1362 381 1406 408 καὶ
1433 380 1594 418 εὐεργεσίαις
1625 378 1751 415 δεξιωσά-

56 437 127 464 μενος
153 426 185 453 οὐ
211 428 321 464 μικραῖς
350 424 443 453 οἴκαδε
471 425 605 464 χαίροντα
633 425 828 461 ἐξαπέστειλεν.
863 423 1056 463 Ἐλοτρώσατο
1083 423 1112 452 δὲ
1139 425 1184 453 καὶ
1219 424 1249 452 ἐκ
1274 428 1324 460 τῆς
1351 423 1548 462 αἰχμαλωσίας
1577 424 1622 452 τὸν
1651 425 1753 462 Χοιρο-

56 472 167 509 σφάκτην
181 471 226 498 καὶ
243 473 300 501 τοῖς
316 469 429 501 οἴκείοις
450 469 582 499 ἀπέδωκε.

85 517 134 543 Τοῦ
148 515 391 553 πρωτοσπαθαρίου
417 514 445 543 δὲ
461 516 599 553 Ὀρέστνο,
613 514 641 542 ὃν
659 515 709 543 ὑπὸ
724 514 869 544 Βασιλείου

55 563 97 589 τοῦ
113 559 245 598 βασιλέως
267 560 293 588 ἐν
318 558 431 596 Σικελίᾳ
454 564 611 599 πεμφθῆναι
626 561 640 587 ὁ
665 559 747 597 λόγος
761 558 868 594 ἐδήλω-

55 616 92 633 σεν
108 604 220 638 ἄνωθεν,
248 604 365 643 ἀπείρως
389 602 504 642 ἔχοντος
530 605 640 643 περὶτὰ
667 604 808 641 πολεμικὰ
822 604 866 631 καὶ

56 649 168 687 ἀτέχνως
197 649 400 688 ἐπιχειροῦντος
421 652 480 680 τοῖς
505 649 672 687 πράγμασιν,
697 648 722 676 οἷ
748 648 777 676 ἐχ
791 652 866 676 Σικε-

56 695 122 726 λείας
146 695 299 732 Σαρακηνοὶ
333 695 614 732 καιροφυκακήσαντες
654 693 699 721 καὶ
732 692 866 732 «leuam

959 518 997 544 At
1011 516 1040 543 in
1058 515 1157 544 Sicilia
1181 516 1299 544 Orestes
1325 515 1590 552 protospalharius,
1607 523 1695 551 quem
1719 523 1752 543 eo

923 561 1110 595 pramissum
1130 560 1222 588 fuisse
1247 569 1263 588 a
1288 561 1396 588 Basilio
1420 561 1560 595 diximus,
1577 560 1617 588 rei
1641 560 1752 588 bellicas

923 605 1090 641 imperitus.
1106 613 1173 632 cum
1190 605 1341 641 negotium
1366 605 1463 640 inepte
1486 607 1566 633 esset
1581 613 1750 641 aggressus,

922 649 1057 676 Saraceni
1074 654 1159 686 capto
1185 652 1317 685 tempore
1339 651 1485 677 Romanos
1515 649 1611 676 subito
1639 649 1746 682 adorti,

923 694 972 729 qui
997 694 1127 730 plerique
1157 694 1271 721 luxuria
1292 694 1444 722 cmliacum
1474 694 1608 721 morbum
1635 696 1751 721 contra-

56 739 202 776 ἐπιθέμενοι
229 741 288 770 τοῖς
313 739 471 776 Ῥωμαίοις,
501 737 555 773 ἤδη
571 739 614 766 καὶ
642 738 775 774 κοιλιακῷ
789 739 857 774 νοσή

965 742 1035 773 rant,
1057 739 1135 766 haud
1164 739 1268 775 exigua
1297 747 1346 766 eos
1376 738 1458 766 clade
1487 738 1657 766 affecerunt.
1675 738 1748 765 497

58 794 114 821 ματι
128 783 180 811 ἀπὸ
204 787 309 822 τρυφῆς
333 786 548 821 κατασχεοεῦιν,
573 781 686 821 ὄλεθρον
712 782 762 810 οὐκ
777 782 871 821 ὀλίγον

56 828 218 867 εἱργάσαντο,
249 828 455 866 Ἀνακτώμενος
479 827 508 856 δὲ
535 828 566 856 τὸ
586 828 696 866 γεγονὸς
712 827 844 865 ἀτύχημα
858 827 872 854 ὁ

57 872 177 911 βασιλεὺς
190 872 305 910 δύναμιν
331 872 483 910 ἀξιόμαχον
510 873 554 909 [Ρ.
572 873 636 909 729]
652 870 682 899 ἔκ
695 882 724 900 τε
740 870 872 903 Ἐλλάδος

57 918 98 945 καὶ
117 916 285 950 Μακεδονίας
313 917 438 955 ἀθροίσας
467 917 493 945 ἐν
524 917 626 953 Ἰταλίᾳ
654 916 796 954 ἐκπέμπει,
825 916 872 944 κᾶν

62 961 130 990 οὐδέν
144 973 170 990 τι
199 965 322 1000 γενναῖον
339 961 433 1000 δρᾶσαι
459 961 568 1000 ἴσχυσεν
593 961 707 1001 ἀφελείᾳ
733 962 778 989 καὶ
793 961 874 989 κακό-

58 1017 115 1043 τητι
131 1008 178 1034 τοῦ
191 1009 357 1045 στρατηγοῦ.

85 1051 173 1088 Τούτῳ
197 1054 238 1088 τῷ
265 1050 317 1080 ἔτει
347 1051 432 1091 ¹ςφλθ¹
448 1052 622 1090 τυγχάνοντι,
647 1049 815 1082 ἰνδικτιῶνος
833 1049 874 1085 ιδ’,

56 1096 96 1124 καὶ
124 1097 138 1123 6
167 1097 335 1134 Προυσιανὸς
374 1097 505 1127 ἑκουσίως
545 1096 716 1134 ἀποκείρεται
743 1096 877 1132 μοναχὸς,

59 1141 97 1168 καὶ
112 1142 129 1176 ἡ
146 1142 238 1178 μήτηρ
267 1141 349 1169 αὐτοῦ
373 1141 404 1169 ἐκ
430 1140 591 1169 Μαντινείου
618 1151 667 1175 της
684 1140 709 1168 ἐν
720 1140 878 1168 Βουκελλα-

61 1186 106 1223 ρίῳ
123 1188 207 1222 μονῆς
234 1186 273 1217 εἷς
294 1186 463 1224 Θρᾳκησίους
487 1182 706 1223 μεταϐιϐάζεται,
725 1185 770 1213 καὶ
799 1186 876 1213 Κων-

61 1233 190 1262 σταντῖνος
219 1231 365 1267 πατρίκιος
391 1231 405 1258 6
431 1229 559 1268 Διογένης
583 1227 725 1265 ἐκϐληθεῖς
746 1232 794 1257 τοῦ
809 1229 877 1268 πύρ-

59 1285 105 1312 γου
119 1275 143 1302 tv
158 1277 192 1312 τῇ
210 1277 283 1312 μονῇ
311 1277 366 1303 τῶν
389 1273 523 1303 Στουδίου
551 1274 724 1312 ἀποκείρεται
743 1275 876 1312 μοναχός.

59 1320 84 1348 Ὀ
99 1318 126 1347 δὲ
154 1319 284 1358 βασιλεὺς
306 1320 447 1357 Ῥωμανὸς
473 1320 519 1347 τὸν
545 1320 619 1347 οἷκον
647 1322 695 1346 τοῦ
711 1321 879 1356 Τριακοντα-

60 1364 158 1403 φύλλου
189 1364 395 1402 ἐξωνησάμενος
435 1364 473 1396 εἷς
505 1365 685 1401 μοναστήριον
717 1363 878 1401 μετεσκεύα-

61 1419 98 1436 σεν
113 1408 150 1436 ἐπ’
168 1409 286 1446 ὀνόματι
311 1413 361 1444 τῆς
386 1409 533 1445 Δεσποίνης
556 1410 637 1446 ἡμῶν
662 1409 805 1443 Θεοτόκου,
823 1420 875 1446 μη-

60 1451 145 1490 δεμιᾶς
172 1453 353 1485 πολυτελείας
393 1455 565 1491 φεισάμενος,
605 1453 749 1490 συντρίψας
785 1453 877 1490 μέντοι

59 1500 88 1535 τῇ
103 1499 234 1536 προφάσει
265 1499 348 1536 ταύτῃ
377 1498 408 1526 οὐ
439 1500 543 1535 μικρῶς
568 1498 599 1526 τὸ
627 1498 749 1534 ὑπήκοον
770 1499 814 1526 καὶ
830 1509 878 1527 κα-

59 1543 141 1574 κώσας
155 1541 181 1571 ἔν
210 1554 241 1572 τε
262 1546 322 1576 ταῖς
348 1546 404 1571 τῶν
426 1542 511 1575 λίθων
537 1543 582 1570 καὶ
610 1545 664 1570 τῶν
693 1542 786 1571 ἄλλων
800 1542 879 1571 είδῶν

60 1586 237 1624 διακομιδαῇ.
269 1587 496 1626 Καταλαμπρύνει
530 1586 559 1615 δὲ
584 1587 629 1615 καὶ
658 1587 691 1615 τὰ
718 1585 880 1626 κιονόκρανα

59 1635 103 1667 τῆς
127 1632 259 1670 Μεγάλης
282 1632 445 1668 Ἐκκλησίας
469 1633 513 1660 καὶ
536 1635 586 1667 τῆς
612 1632 757 1670 ὑπεραγίας
779 1636 879 1660 Θεοτο-

59 1687 103 1704 κου
117 1680 168 1705 τῶν
189 1677 357 1715 Βλαχερνῶν
383 1676 492 1715 ἀργύρῳ
515 1677 560 1704 καὶ
585 1679 692 1714 χρυσῷ.
718 1676 833 1705 Μέλλων
851 1676 880 1705 δὶ

59 1722 150 1750 καὶτὸ
179 1723 372 1760 θυσιαστήριον
410 1721 595 1749 ἐπιποιεῖσθαι
629 1724 682 1749 τῶν
716 1721 878 1761 Βλαχερνῶν

61 1766 113 1804 εὗρε
139 1767 316 1804 κρεμαμένην
344 1765 434 1794 εἰκόνα
466 1765 596 1800 παλαιὰν,
626 1766 659 1801 ἢν
686 1766 879 1802 ἀνακαινισθῆ-

59 1821 96 1838 ναι
118 1811 290 1850 προσέταξεν.
319 1811 555 1849 Ἐξαργυρωμὲνον
587 1809 615 1838 δὲ
645 1811 676 1838 τὸ
703 1813 751 1838 τοῦ
782 1811 879 1849 τοίχου

59 1856 156 1893 χρίσμα
180 1858 238 1893 (85)
266 1854 331 1883 ἰδών
360 1856 551 1893 καθαιρεθῆναι
577 1854 723 1892 προσὲναξε
750 1856 793 1883 καῗ
819 1856 878 1883 νέον

59 1899 183 1936 γενέσθαι.
209 1900 423 1938 Καθαιρεθὲντος
463 1898 491 1926 δὲ
527 1898 575 1926 τοῦ
605 1899 759 1937 χρίσματος
783 1900 877 1938 εὐρέϐη

60 1943 132 1972 εῗκὼν
162 1944 348 1983 ὑλογραφικὴ,
385 1943 505 1972 σανίδιον
540 1943 696 1979 ἐπιστήθιον
726 1945 879 1982 κρατούσης

60 1991 103 2023 τῆς
119 1989 253 2017 Θεοτόκου
268 1989 313 2016 τὸν
336 1988 437 2027 Κύριον
465 1989 508 2016 καὶ
539 1989 603 2016 Θεὸν
630 1989 723 2025 ἡμῶν,
754 1988 908 2026 ἀμόλυντος

61 2033 136 2066 τῆσδε
148 2038 200 2070 τῆς
214 2033 334 2071 ἡμέρας,
352 2033 419 2062 ἐτῶν
436 2032 599 2066 διελθόντων
614 2034 787 2071 τριακοσίων.

92 2081 136 2116 Τῷ
151 2078 189 2116 Si,
205 2079 280 2118 ¹ςφμ¹
303 2077 367 2113 ἔτει,
397 2077 565 2109 ίνδικτιῶνος
596 2082 634 2113 ιε’,
661 2079 727 2116 μηνὶ
754 2082 878 2116 Σεπτεμ-

61 2120 134 2161 ϐρίῳ,
145 2123 216 2159 ἦλθε
233 2124 303 2161 πρὸς
330 2124 375 2151 τὸν
404 2122 516 2160 βασιλέα
542 2124 681 2160 Ῥωμανὸν
700 2124 767 2160 μετὰ
783 2122 878 2160 δώρων

60 2168 164 2196 πολλῶν
195 2169 209 2196 6
238 2171 289 2196 τοῦ
307 2167 463 2196 Χαλεπίκου
485 2168 544 2200 υἱὸς
565 2169 664 2206 Ἀμερ,
691 2167 800 2204 ἐξαιτῶν
816 2169 879 2196 ἀνα-

60 2215 148 2240 νιῶσαι
165 2214 217 2248 τὴν
249 2212 360 2251 εἰρήνην
384 2212 429 2240 καὶ
453 2212 517 2243 τοὺς
541 2218 657 2249 προσθεν
687 2212 817 2250 παρέχειν
834 2212 880 2251 φό-

60 2267 127 2293 ρους.
156 2258 206 2286 Καὶ
237 2256 272 2292 δὴ
303 2257 446 2285 στέλλεται
476 2256 665 2296 Θιοφύλακτος
690 2258 879 2295 προτοσπαθά-

60 2312 112 2339 ριος
127 2303 141 2331 6
154 2303 305 2338 Αθηναῖος,
332 2302 378 2330 καὶ
405 2304 454 2333 τάς
481 2312 511 2329 τε
539 2300 656 2333 σπονδὰς
672 2299 819 2330 ἐϐεϐαίωσε
833 2302 879 2329 καὶ

60 2347 244 2385 κοινοπραγίαν
268 2347 336 2383 μετὰ
367 2348 420 2374 τῶν
459 2345 622 2374 Χαλεπιτῶν
645 2345 730 2379 ἔθετο.
760 2347 822 2381 Ζωή
852 2345 880 2374 δὶ

61 2391 76 2426 ἡ
101 2391 205 2430 βασιλις
236 2391 305 2429 μετᾶ
332 2392 382 2427 τὴν
416 2391 518 2428 ὕψωσιν
557 2393 605 2420 τοῦ
641 2391 733 2429 τιμίου
763 2393 879 2428 σταυροῦ

62 2435 192 2475 αἲφνίδιογ
231 2436 388 2469 ἀπελθοῦσα
416 2436 454 2467 εἰς
490 2435 521 2464 τὸ
557 2435 669 2474 Πετρίον
703 2437 753 2471 τήν
782 2436 879 2471 εαυτῆς

925 784 1020 816 Quam
1054 786 1087 811 ut
1122 784 1278 811 exsarciret
1317 783 1485 819 imperator,
1519 791 1554 810 ex
1588 782 1698 810 Gracia
1726 785 1755 809 et

928 828 1097 856 Macedonia
1114 827 1268 856 collectum
1290 828 1438 864 egregium
1456 827 1614 856 exercitum
1638 827 1668 854 in
1695 827 1754 855 Ita-

928 873 998 901 liam
1029 873 1125 907 misit;
1153 873 1202 908 qui
1233 875 1329 900 tamen
1360 873 1423 908 ipse
1453 880 1570 908 quoque
1599 871 1672 899 nihil
1702 879 1754 908 po-

928 917 985 945 tuit
1000 918 1170 953 praeclarum
1195 917 1309 945 efﬁcere
1334 917 1370 945 ob
1395 916 1479 945 ducis
1503 916 1650 945 inscitiam
1666 918 1755 952 atque

930 961 1083 989 malitiam.

968 1050 1026 1078 Hoc
1041 1049 1104 1086 ipso
1125 1058 1201 1078 anno
1225 1049 1327 1078 mundi
1350 1050 1430 1084 6539,
1448 1049 1606 1078 indictione
1624 1051 1666 1084 14,
1684 1052 1756 1079 Pru-

932 1095 1034 1123 sianus
1063 1104 1114 1131 pro
1144 1095 1289 1122 monacho
1317 1095 1441 1130 raditur,
1468 1095 1592 1130 ejusque
1621 1097 1713 1123 mater
1740 1103 1758 1122 a

931 1140 1078 1168 Mantineo
1093 1139 1248 1168 Bucellarii
1261 1140 1436 1167 monasterio
1452 1140 1480 1166 in
1493 1140 1646 1168 Thraciam
1662 1143 1757 1167 trans-

933 1186 1034 1219 fertur,
1054 1186 1082 1212 et
1106 1184 1317 1212 Constantinus
1344 1184 1485 1219 patricius
1511 1184 1665 1220 Diogenes,
1681 1184 1756 1211 turri

932 1230 1056 1257 eductus
1073 1228 1206 1256 monachi
1233 1228 1335 1256 habitu
1352 1229 1380 1255 in
1398 1229 1574 1256 Studianum
1600 1229 1757 1264 collegium

934 1274 1108 1302 detruditur.
1122 1274 1269 1301 Romanus
1281 1281 1365 1309 porro
1379 1273 1499 1300 domum
1511 1273 1758 1309 Triacontophylli

933 1322 1062 1354 emptam
1081 1319 1109 1345 in
1128 1317 1336 1345 monasterium
1363 1317 1505 1345 convertit
1530 1326 1547 1345 a
1572 1318 1692 1353 Deipara
1707 1319 1757 1345 de-

934 1363 1130 1397 nominatum,
1148 1362 1237 1390 nullis
1253 1370 1374 1398 parcens
1390 1362 1568 1398 sumptibus,
1586 1370 1755 1398 quanquam

893 1416 914 1451 C
933 1409 998 1444 ejus
1013 1407 1215 1435 aedilicationis
1240 1408 1376 1442 praetextu
1392 1406 1526 1434 subditos
1551 1406 1628 1433 haud
1645 1407 1754 1434 medio-

934 1453 1021 1481 criter
1036 1453 1166 1488 gravavit
1179 1451 1310 1487 lapidum
1327 1459 1360 1478 ac
1377 1451 1493 1486 reliqua:
1512 1451 1639 1478 materias
1655 1459 1757 1486 conge-

933 1498 1029 1525 renda:
1045 1496 1196 1524 molestiis.
1214 1495 1369 1523 Exornavit
1388 1495 1475 1523 etiam
1491 1495 1588 1531 capita
1603 1494 1756 1523 columna-

934 1550 998 1571 rum
1024 1541 1121 1576 Magni
1138 1539 1251 1576 Templi
1276 1542 1304 1567 et
1328 1539 1550 1567 Blachernensis
1574 1548 1644 1567 auro
1669 1542 1758 1575 atque

934 1589 1064 1622 argento.
1076 1587 1208 1621 Cumque
1228 1593 1309 1612 aram
1324 1583 1548 1612 Blachernensis
1563 1584 1622 1611 fani
1638 1584 1756 1612 reficere

933 1631 1030 1664 vellet,
1046 1632 1172 1658 veterem
1189 1629 1349 1665 imaginem
1363 1636 1539 1664 suspensam
1555 1628 1667 1656 invenit
1680 1637 1757 1657 eam-

934 1684 991 1711 que
1006 1674 1138 1703 renovari
1159 1674 1261 1709 jussit.
1273 1673 1402 1708 Cumque
1418 1673 1527 1701 videret
1542 1673 1619 1700 muri
1642 1673 1757 1701 incrus-

935 1720 1073 1748 tationem
1094 1721 1214 1754 argento
1238 1717 1461 1753 tectam,jussit
1484 1717 1575 1745 adimi
1600 1720 1629 1745 et
1653 1724 1756 1745 novam

934 1765 1006 1794 ﬁeri.
1031 1764 1161 1792 Tectorio
1186 1770 1272 1799 opere
1300 1765 1408 1796 amoto,
1431 1762 1548 1789 inventa
1575 1764 1621 1790 est
1648 1761 1759 1797 imago,

934 1810 964 1838 in
993 1809 1100 1837 tabella
1128 1808 1275 1836 coloribus
1303 1807 1428 1843 depicta,
1455 1807 1584 1842 Dciparae
1608 1806 1758 1834 Christum

934 1855 970 1883 ad
988 1857 1089 1890 pectus
1109 1853 1288 1889 applicatum
1305 1851 1448 1885 tenentis;
1469 1859 1531 1886 quae
1546 1859 1562 1879 a
1578 1851 1759 1886 Copronymo

934 1900 963 1928 in
982 1900 1070 1927 istum
1084 1906 1177 1933 usque
1188 1897 1265 1925 diem
1282 1904 1334 1932 per
1348 1904 1442 1924 annos
1453 1898 1594 1924 trecentos
1604 1895 1761 1923 duraverat

934 1946 1059 1980 integra.

943 1987 1102 2025 διαμείνασα
1129 1986 1182 2013 ἀπὸ
1209 1987 1263 2014 τῶν
1290 1985 1400 2023 ἡμερῶν
1425 1986 1473 2011 τοῦ
1503 1982 1690 2022 Κοπρωνύμού
1707 1981 1759 2015 ἕως

969 2078 1045 2106 498
1065 2078 1148 2105 Anno
1174 2075 1276 2103 mundi
1301 2075 1382 2107 6540,
1405 2074 1564 2102 indictione
1587 2074 1631 2108 15,
1657 2081 1760 2102 mense

933 2122 1106 2160 Septembri,
1123 2122 1159 2149 ad
1177 2121 1382 2156 imperatorem
1398 2120 1562 2147 Romanum
1579 2118 1681 2147 multis
1692 2126 1760 2146 cum

934 2168 1020 2196 donis
1044 2167 1122 2195 venit
1145 2167 1242 2197 Amer,
1260 2164 1380 2200 Chalepi
1404 2163 1530 2200 praefecti
1555 2163 1644 2195 lilius,
1668 2163 1762 2190 imdus

934 2212 1091 2250 pristinum
1115 2210 1244 2238 renovari
1272 2211 1373 2244 petens
1389 2211 1417 2236 et
1438 2208 1591 2244 antiquum
1617 2207 1761 2235 tributum

934 2266 965 2286 se
986 2256 1205 2293 persoluturum
1229 2253 1413 2289 promittens.
1430 2253 1472 2280 Ad
1499 2261 1562 2280 eam
1582 2260 1643 2279 rem
1667 2251 1760 2279 conﬁ-

934 2301 1065 2330 ciendam
1101 2300 1211 2327 missus
1239 2297 1474 2333 Theophylactus
1504 2295 1759 2333 protospatharius

935 2344 1119 2374 Atheniensis
1145 2344 1240 2371 {cedas
1265 2341 1373 2375 sanxit,
1388 2345 1416 2369 et
1443 2350 1511 2370 cum
1531 2340 1762 2377 Chelepensibus

935 2391 1104 2419 societatem
1124 2386 1299 2424 composuit.
1316 2386 1458 2414 Ceterum
1474 2386 1528 2413 Zoe
1543 2385 1674 2420 Augusta
1698 2386 1764 2420 post

934 2433 1140 2464 exaltationem
1165 2431 1261 2460 crucis
1285 2430 1382 2458 subito
1404 2430 1432 2458 in
1453 2429 1579 2457 Pettium
1604 2428 1666 2463 ivit,
1679 2437 1762 2457 soro-

647 2521 829 2550 XYLANDRI
848 2521 895 2549 ET
915 2518 1025 2549 GOARI
1045 2518 1163 2547 NOTE.

93 2586 147 2622 (85)
162 2586 264 2623 Capita
280 2586 481 2619 columnarum,
500 2586 591 2623 Locus
615 2587 660 2623 est
683 2594 756 2623 non_
769 2585 880 2623 summi

63 2621 209 2658 momenti;
226 2624 256 2650 et
277 2623 431 2650 obscurus.
449 2621 615 2658 Κιονόκρανα
629 2622 671 2650 sic
685 2621 769 2655 verti,
785 2621 881 2657 capita

63 2657 272 2695 columnarum»,
302 2657 409 2695 χρίσμα
433 2657 678 2695 incrustationem
712 2665 763 2685 seu
790 2659 880 2695 tecto:

63 2693 134 2734 rium
145 2703 231 2734 opus,
241 2692 425 2733 ὁλογραφὶκόν
435 2694 582 2723 coloribus
593 2694 717 2734 pictum.
726 2695 827 2734 Neque
836 2692 881 2734 vel

64 2729 145 2759 nimis
159 2728 245 2759 anxie
260 2728 391 2759 sectatus
406 2738 472 2759 sum
484 2728 882 2766 vocum—proprietatevael

64 2767 231 2796 contendere
245 2766 333 2796 velim
357 2774 405 2795 me
427 2766 527 2796 omnia
541 2764 799 2795 esse—assecutum.
814 2764 883 2794 Χῐι..

933 2583 1018 2610 -Τὸ
1031 2583 1079 2609 τοῦ
1102 2580 1200 2618 τοίχου
1224 2579 1331 2618 χρίσμα
1355 2579 1532 2618 interpretor
1552 2578 1637 2618 muri
1663 2579 1761 2618 [aeiem

936 2619 1080 2648 bracleolis
1105 2614 1377 2653 ανρἑηίεἰέρίοιονίο
1401 2614 1477 2643 more
1505 2615 1626 2653 linitam,
1655 2614 1761 2652 χρίσμα

935 2655 1081 2691 siquidem
1109 2651 1333 2691 pictorumlest,‘
1348 2651 1682 2691 nonmargentariorum;
1700 2658 1762 2691 nec

936 2686 1094 2728 quisquam
1106 2686 1252 2728 argenteis
1266 2686 1609 2728 laminisBlachernense
1618 2686 1760 2723 templum

936 2724 1187 2757 circumvestitum
1204 2727 1356 2752 memorat.
1372 2724 1463 2752 Gem.
