1919 3048
45 106 101 136 233

609 101 880 133 HlSTORIARUM
903 101 1179 133 COMPENDIUM.

1688 101 1747 132 234

43 174 90 205 τῆς
116 170 252 208 προτέρας
283 169 366 196 αὐτοῦ
387 168 512 206 γυναικὸς
536 167 649 204 Ἑλένης
673 167 863 202 ἀποθανούσης

968 168 1020 196 )ris
1036 168 1151 196 Helenae
1176 176 1276 196 recens
1300 170 1422 196 mortuis
1443 175 1581 204 magnam
1608 168 1749 205 eiargitus

47 214 165 252 μεγάλας
192 213 325 245 διαδόσεις
343 213 409 251 ὑπὲρ
427 213 511 246 αὐτῆς
533 212 690 248 ἐποιήσατο.
707 213 804 248 Τούτῳ
827 214 867 248 τῷ

45 259 93 286 ἔτει
106 259 176 286 κατὰ
190 259 240 293 τὴν
253 259 298 293 κη’
317 260 366 285 τοῦ
386 255 573 295 Φεϐρουαρίου
599 258 685 294 μηνὸς
711 258 756 284 καὶ
779 257 866 293 ἀστὴρ

46 303 131 338 διῇξεν
147 303 201 330 ἀπὸ
223 301 310 340 βορῥᾶ
336 301 405 338 πρὸς
435 298 607 339 μεσημϐρίαν
639 303 695 338 μετ’
715 300 789 338 ἤχου
821 299 867 327 καὶ

44 348 154 375 κτύπου·
183 346 307 386 ἐφαίνετο
336 345 365 374 δὲ
393 345 459 384 ἄχρι
492 349 541 381 τῆς
571 346 598 373 ιε’
629 345 760 383 Μαρτίου,
789 345 866 380 τόξον

47 393 154 429 ὕπερθεν
191 390 276 429 ἔχων.
316 390 432 429 Μαρτίῳ
471 389 499 418 δὲ
537 394 569 426 ς’,
598 390 689 428 ἡμέρᾳ
715 391 750 428 γ’,
775 390 868 428 γέγονε

49 437 164 473 σεισμός.

80 482 201 519 Ἐγένετο
226 479 254 508 δὲ
277 481 345 508 κατᾶ
376 482 471 507 τοῦτον
495 480 540 508 τὸν
555 479 656 517 χρόνον
675 478 720 506 καὶ
745 477 867 514 ἐκδρομή

46 530 151 564 “Aspim!
194 525 373 563 Σαρακηνῶν,
402 524 507 552 πλοίων
551 523 665 562 χιλίων,
698 524 868 560 πολεμιστὰς

49 572 142 609 ἕλοντα
173 570 299 607 μυρίους,
328 570 426 600 οἳτινες
455 568 549 597 πολλὰ
562 569 609 600 τὰς
622 569 721 604 νήσους
736 568 780 595 καὶ
796 578 868 605 παρ-

46 616 134 646 αλίους
153 615 304 642 ἐκάκωσαν.
329 617 375 641 Ὧν
401 613 475 651 μέρει
498 613 551 640 τινὶ
581 613 752 650 βυμπλακεὶς
779 616 868 648 an;-

47 660 124 699 ετίρος
151 661 165 687 6
195 659 368 697 Καραντηνός
396 658 525 696 ἐτρέψατο
554 659 597 694 [Ρ.
614 658 677 694 731]
706 658 749 685 καὶ
770 667 865 684 πεντα-

46 705 149 735 κοσίους
178 703 384 740 πεπεδημένους
414 702 590 740 Σαρακηνοὺς
612 705 652 738 τῷ
682 702 799 730 Βασιλεῖ
826 701 866 738 ἐξ·

47 748 195 777 απέστειλε.
222 748 319 784 Τούτῳ
341 750 381 784 τῷ
405 745 457 775 ἔτει
481 747 525 775 καὶ
553 747 686 785 Γεώργιος
715 757 868 784 προτοσπα-

48 796 135 832 inpio;
158 794 172 821 6
189 793 342 828 Μανιάκης,
372 793 386 820 6
415 791 561 820 Γουδιλίου
582 793 631 819 τοῦ
657 792 781 826 Μανιάκη
798 792 866 826 υίὸς,

47 841 97 866 τῶν
117 836 354 877 παρευφρατιδίων
377 839 536 874 στρατηγῶν
568 836 676 864 πόλεων
702 835 746 864 καὶ
776 836 802 864 ἐν
818 839 869 864 Σα-
884 855 908 888 Β

107 883 112 888 ι
218 883 224 888 ι
285 882 291 888 ι
323 883 329 888 ι
416 878 428 888 II
528 884 542 888 .-
644 882 650 888 I
694 882 706 888 -ο
733 881 760 888 In
853 883 862 888 -

51 883 173 919 μοαάτοις
195 883 245 913 τὰς
267 882 388 918 οῗκήσεις
415 878 487 919 ἔχων
509 884 559 915 τῆς
582 882 655 918 παρά
674 882 707 918 τῇ
733 881 868 919 Ὀτι-ροηνῇ

48 927 121 955 πὶλει
154 927 324 964 ἀπεπειράθη
356 924 497 960 Ἐδέσσης·
527 925 628 960 ταύτης
656 925 707 963 γὰρ
736 926 786 959 τὴν
813 925 870 953 ἐπι-

52 971 153 999 στασίαν
192 970 359 1008 ΣαΛαμάνης
392 970 465 1008 ἔχων
507 971 521 997 6
558 972 686 1007 Τοῦρκος,
722 970 795 1007 παρὰ
821 972 870 997 τοῦ

52 1017 138 1054 ὁμηρᾶ
178 1014 435 1053 Μαρτυρουπόλεως
476 1013 538 1049 ἤτοι
574 1015 741 1052 Μιεφερκεῖμ
782 1014 868 1042 ἐπιτε-

50 1061 200 1098 τραμμένθς
229 1059 315 1096 αὐτῷ,
351 1059 397 1086 καὶ
425 1057 524 1096 δώροις
559 1059 603 1086 καὶ
638 1059 799 1096 ὑποσχέσεσι
823 1059 869 1086 καὶ

50 1108 136 1142 τμαῖς
170 1103 330 1142 διαφθαρεὶς
364 1102 532 1140 παραδίδωσι
566 1105 606 1139 τῷ
635 1104 770 1140 Μανιάκῃ,
801 1103 869 1141 ἀωρὶ

52 1153 99 1177 τῶν
121 1151 237 1184 νυκτῶν,
265 1149 296 1180 ’ὸς
324 1150 397 1185 τρεῖς
430 1147 549 1186 πύργους
583 1146 644 1174 λίαν
675 1147 868 1185 ἀχυρωτάτους

53 1193 188 1232 κατασχὼν
227 1193 357 1231 εὖψύγως
394 1191 458 1223 τοὺς
491 1192 708 1230 πολιορκοῦντας
736 1191 868 1228 ἠμύνετο,

56 1240 174 1277 βοήθειαν
209 1236 306 1274 ἔξωθεν
343 1236 569 1273 ἐπικαλούμενος.
603 1236 814 1274 Ἀπομερμάνης
842 1235 871 1264 δὲ

56 1286 67 1311 ὀ
90 1285 140 1311 τῶν
166 1282 339 1322 Μιεφερκεὶμ
366 1282 486 1319 ἆμηρᾶς,
514 1282 564 1316 τὴν
588 1280 689 1308 ἅλωσιν
717 1282 809 1318 μαθὼν
825 1281 869 1308 καὶ

55 1328 111 1363 ἆξὺς
134 1327 275 1367 ἐπιφανεὶς
299 1327 367 1364 μετὰ
393 1325 535 1362 δυνάμεως
559 1326 610 1353 οὐκ
641 1325 738 1364 ὀλίγης
763 1325 871 1364 ἐπεχεί-

58 1383 116 1409 ρησε
140 1372 186 1408 μὶν
216 1373 253 1408 τῇ
288 1370 436 1408 πολιορκίᾳ
462 1373 516 1398 τῶν
543 1370 664 1408 πύργων,
688 1370 814 1407 γενναίως
843 1369 871 1397 δὲ

58 1417 213 1447 ὑποστάντος
228 1417 278 1443 τοῦ
304 1415 441 1453 Γεωργίου
463 1414 658 1452 ἀποκρουσθεὶς
677 1414 722 1442 καὶ
741 1416 777 1451 μή
799 1413 870 1453 ἔχων

57 1462 68 1488 ὗ
85 1472 107 1488 τι
121 1460 165 1488 καὶ
186 1459 318 1498 δράσειεν,
346 1458 490 1497 ἀποκείρας
508 1458 542 1486 τὰ
556 1457 690 1486 κάλλιστα
712 1461 765 1486 τῶν
791 1459 872 1494 οἴκη-

59 1506 141 1540 nith
163 1504 208 1532 καὶ
241 1502 398 1543 διαφθείρας
421 1503 468 1530 τὸν
494 1506 543 1538 τῆς
567 1503 675 1535 πόλεως
700 1503 803 1540 κόσμον
827 1503 871 1531 καὶ

920 215 965 240 est
980 212 1144 248 pecuniam.
1158 213 1265 240 Eodem
1281 221 1369 245 anno,
1380 212 1428 240 die
1443 212 1593 240 Februarii
1604 213 1650 246 28,
1663 212 1750 240 stella

920 266 937 285 ιι
952 257 1150 292 septentrione
1165 265 1267 285 versus
1279 257 1432 285 meridiem
1443 257 1560 293 trajecit
1568 265 1634 285 cum
1649 257 1750 285 sonitu

921 310 954 329 ac
988 302 1102 338 fragore
1127 311 1134 336 ;
1168 305 1196 330 et
1228 302 1292 330 visa
1325 304 1370 329 est
1402 309 1498 338 usque
1531 302 1568 330 ad
1602 301 1749 330 decimum

921 346 1058 382 quintum
1087 347 1194 380 Martii,
1227 354 1357 382 superne
1385 346 1498 374 habens
1524 354 1639 374 arcum.
1672 347 1749 374 Mar-

921 390 955 418 tii
983 391 1030 419 die
1058 391 1086 423 6,
1119 399 1184 428 quas
1216 391 1288 419 feria
1317 391 1372 418 fuit
1402 391 1500 425 tertia,
1532 393 1616 419 terra
1650 392 1749 419 motus

921 436 1045 464 exstitit.

956 483 1011 508 Per
1024 480 1101 508 idem
1127 482 1245 516 tempus
1268 480 1328 508 At‘ri
1353 480 1491 509 Saraceni
1513 488 1580 508 eum
1597 479 1677 508 mille
1692 488 1748 508 na-

920 524 1006 552 vibus
1021 527 1049 553 et
1062 524 1228 553 innumeris
1243 525 1402 554 classiariis
1417 526 1531 553 insulas
1545 533 1671 561 orasque
1683 532 1747 552 ma-

922 569 1038 597 ritimas
1061 571 1170 597 multas
1198 570 1421 598 infestaverunt.
1446 570 1518 598 Cum
1543 578 1645 598 eorum
1665 571 1749 606 parte

922 621 1099 650 congressus
1114 614 1214 650 praelia
1238 614 1421 651 Nicephorus
1436 616 1620 643 Carantenus
1635 623 1685 642 eos
1700 615 1750 642 fu-

923 658 976 692 dit,
993 667 1026 686 ac
1042 658 1215 694 quingentos
1231 659 1259 686 in
1277 659 1468 695 compedibus
1482 659 1517 687 ad
1540 660 1747 695 imperatorem

923 703 1015 730 misit.
1031 703 1140 731 Eodem
1162 711 1239 731 anno
1254 703 1396 739 Geni-gius
1419 703 1673 739 protospstharius
1687 704 1749 732 Ma-

924 749 1033 782 niaces,
1053 748 1167 776 Gudclii
1185 749 1321 776 Maniacae
1345 748 1436 781 ﬁlius,
1462 749 1615 784 praefectus
1630 747 1749 776 urbium

924 793 959 821 ad
975 793 1150 828 Euphratem
1161 793 1295 826 sitarum,
1304 792 1466 821 Samosatis
1474 792 1596 828 degens,
1608 793 1750 820 Edessam

924 838 1058 866 Osrnenw
1074 838 1175 865 urbem
1192 837 1326 871 tentavit,
1343 837 1389 865 cui
1414 846 1430 865 a
1454 836 1659 874 Martyropolis
1674 837 1750 873 (quo

925 885 953 910 et
968 882 1172 918 Miepheikim)
1198 890 1295 910 amara
1319 883 1472 918 praefectus
1496 883 1559 909 erat
1580 881 1750 910 Salamanel

924 928 1047 955 Turcns.
1064 929 1158 962 Atque
1174 927 1222 954 hic
1238 927 1323 954 donis
1338 935 1371 954 ac
1383 926 1645 962 pollicitationibus
1655 926 1750 954 hono-

924 980 989 1000 rum
1007 974 1162 1006 corruptus
1177 971 1315 999 Maniacm
1330 971 1506 1007 intempesta
1523 973 1607 999 nocte
1621 973 1681 998 tres
1697 979 1750 999 ur-

925 1016 970 1044 bis
985 1017 1048 1051 ejus
1064 1016 1280 1043 munitissimus
1291 1017 1387 1043 turres
1396 1015 1538 1049 tradidit;
1553 1015 1627 1044 501
1640 1015 1751 1051 quibus

924 1060 973 1088 ille
986 1061 1137 1096 occupatis
1153 1060 1399 1096 oppugnationem
1412 1060 1626 1096 oppidanorum
1638 1059 1753 1088 fortiter

924 1105 1066 1133 sustinuit
1078 1107 1106 1132 et
1121 1107 1285 1132 exterorum
1302 1104 1411 1132 auxilia
1423 1103 1600 1140 imploravit.
1615 1104 1670 1132 Sed
1679 1105 1754 1140 Apo-

925 1157 1091 1177 mermanes
1118 1149 1319 1185 Martyropolis
1343 1157 1459 1177 emeras
1483 1157 1514 1177 re
1538 1149 1656 1184 cognita
1674 1148 1754 1176 illico

925 1202 993 1222 cum
1010 1194 1088 1222 haud
1105 1202 1194 1229 parvo
1220 1193 1348 1221 exercitu
1374 1193 1476 1228 adfuit,
1491 1195 1645 1229 turresque
1660 1201 1677 1222 a
1692 1193 1753 1221 Ma-

925 1238 1009 1266 niaco
1038 1240 1196 1274 occupatas
1224 1237 1426 1274 oppugnavit:
1445 1237 1557 1265 fortiter
1586 1240 1684 1265 autem
1708 1245 1754 1266 re-

926 1283 1041 1319 pulsus,
1057 1291 1121 1310 cum
1138 1282 1211 1310 nihil
1227 1290 1259 1310 se
1273 1283 1387 1310 efficere
1404 1282 1537 1317 sentiret,
1552 1282 1753 1318 pulcherrima

927 1335 1050 1364 qumque
1064 1327 1187 1355 mdificia
1201 1327 1333 1362 diripuit,
1349 1335 1528 1362 omnemque
1543 1327 1649 1355 Edessa
1665 1334 1752 1354 orna-

926 1375 989 1400 tum
1015 1372 1168 1408 ipsiusque
1192 1372 1279 1399 etiam
1301 1371 1395 1406 Magni
1419 1371 1522 1406 templi
1547 1371 1694 1406 perdidit;
1719 1379 1754 1399 ac

927 1416 1150 1452 pretiosissimis
1159 1416 1326 1452 quibusque
1335 1416 1422 1443 rebus
1431 1415 1460 1443 in
1471 1415 1596 1443 camelos
1606 1415 1754 1451 impositis

927 1464 955 1489 et
969 1461 1029 1497 igni
1047 1461 1076 1488 in
1102 1460 1215 1496 reliqua
1241 1460 1324 1488 urbis
1347 1460 1454 1495 injecto
1476 1459 1684 1496 Martyropolin
1709 1467 1754 1488 ro-

928 1505 1020 1533 duxit.
1038 1505 1192 1532 Liberatus
1213 1508 1412 1541 oppugnatore
1436 1504 1584 1532 Maniacss
1610 1512 1707 1532 arcem
1723 1503 1754 1532 in

55 1549 130 1584 αότῆς
144 1552 194 1584 τῆς
210 1541 343 1586 Μεγάλης
357 1546 532 1583 Ἑκκλησίας,
546 1547 591 1574 καὶ
615 1547 754 1584 καμήλοις
770 1548 871 1578 ἐπιθεὶς

968 1550 1027 1578 adio
1060 1549 1143 1577 urbis
1177 1549 1263 1577 sitam
1303 1549 1333 1576 in
1367 1549 1446 1576 edita
1478 1557 1552 1584 rupe
1590 1548 1755 1584 occupavit,

55 1594 84 1621 τὶ
109 1593 254 1628 κάλλιστα,
282 1593 325 1620 καὶ
350 1593 383 1620 τὰ
415 1591 563 1630 περίλοιπα
590 1595 640 1627 τῆς
669 1591 777 1623 πόλεως
807 1593 870 1631 πυρὶ

56 1637 194 1676 παραδοὺς,
226 1637 407 1675 ὖπεχώθησεν
437 1636 475 1667 είς
503 1636 742 1674 Μαρτυρούτιολιν.
766 1635 874 1668 ’Λδείας

57 1682 80 1709 δὲ
104 1683 194 1720 τυχὼν
225 1683 240 1710 6
271 1681 422 1717 Μανιάκης,
437 1681 482 1708 τὸν
499 1681 524 1708 έν
542 1681 616 1718 μέσῳ
630 1685 680 1716 τῆς
697 1680 805 1712 πόλεως
819 1681 875 1709 κεί-

60 1738 129 1763 μενον
159 1726 290 1766 φρούριον
329 1726 355 1754 ἐν
386 1724 507 1755 λοοώδει
531 1725 616 1763 πέτρᾳ
642 1726 799 1764 κατασχὼν,
830 1724 876 1753 δύ-

928 1597 956 1622 et
978 1594 1078 1622 ascitis
1104 1594 1224 1622 aliunde
1252 1593 1370 1621 auxiliis
1399 1593 1502 1621 urbem
1530 1595 1624 1621 totam
1647 1593 1756 1622 tenuit.

929 1639 1081 1666 Inventam
1111 1646 1229 1674 quoque
1266 1646 1355 1666 manu
1391 1637 1499 1666 Christi
1537 1637 1691 1673 epistolam
1720 1638 1756 1666 ad

930 1686 1081 1719 Angarnm
1109 1682 1249 1718 scriptam
1277 1682 1446 1718 imperatori
1470 1682 1638 1718 Byzantium
1659 1685 1757 1710 trans—

933 1727 1025 1755 misit.

55 1771 127 1807 ναμίν
144 1783 172 1799 τε
196 1771 296 1807 ἔξωθεν
324 1770 591 1809 προσκαλεσάμενος,
616 1770 746 1808 ἀσφαλῶς
768 1771 817 1805 την
847 1770 928 1798 πόλιν
950 1771 1090 1809 κατέσχεν.
1115 1771 1208 1808 Εὑρὼν
1228 1769 1255 1798 δὲ
1279 1770 1323 1798 καὶ
1347 1771 1395 1805 τὴν
1419 1769 1577 1809 ἷδιόγραφον
1605 1769 1755 1805 ἐπιστολὴν

59 1818 101 1843 ’οὖ
124 1816 260 1844 Δεσπότου
290 1815 334 1844 καὶ
359 1815 461 1853 Κυρίου
485 1817 567 1852 ἡμῶν
587 1816 677 1850 Ἰησοῦ
702 1817 830 1852 Χριστοῦ,
856 1817 906 1851 τήν
921 1816 989 1854 πρὸς
1014 1814 1139 1854 Λῦγαρον
1167 1816 1346 1854 πεμφθεῖσαν,
1367 1817 1408 1852 τῷ
1434 1814 1541 1853 βασιλεῖ
1568 1815 1594 1842 ὲν
1619 1815 1756 1852 Βυζαντίῳ

61 1861 216 1890 ἀπέστειλεν,

90 1915 179 1950 Ἀξίου
214 1913 244 1942 δὲ
274 1916 323 1942 τοῦ
359 1913 511 1952 Αἰγυπτίου
551 1913 679 1950 μανέντος
715 1913 759 1940 καὶ
784 1912 878 1941 πολλὰ

60 1959 121 1986 κακὲ
145 1959 181 1990 εἷς
206 1958 385 1997 Χριστιανοὺς
415 1957 618 1995 ἐνδειξαμένου,
646 1958 877 1996 καταστρέψαντος

62 2002 86 2030 δὲ
110 2004 152 2031 καὶ
179 2004 223 2031 τὸν
257 2001 501 2042 ένἹεροσολύμοις
532 2003 595 2030 ναὸν
624 2004 672 2030 τοῦ
702 2002 804 2040 Κυρίου
833 2002 878 2030 καὶ

63 2051 182 2086 Σωτῆρος
223 2048 305 2084 ἡμῶν
346 2048 438 2080 Ἰησοῦ
473 2047 602 2083 Χριστοῦ,
643 2046 700 2073 εἶτα
723 2047 768 2073 καί
798 2046 879 2074 αὐτοῦ

63 2090 179 2130 αἴσχιστα
210 2090 414 2123 καταλύσαντος
449 2091 500 2125 τὴν
533 2091 618 2126 ζωὴν,
654 2091 669 2118 6
698 2091 756 2122 υἱὸς
785 2090 879 2125 αὐτοῦ,

63 2136 109 2164 ἀπό
137 2147 210 2168 τινος
242 2136 382 2173 Ῥωμαίοις
410 2135 538 2174 γυναικὸς
563 2134 746 2173 αἷχμαλώτου
773 2135 880 2174 τεχθεὶς

967 1915 1033 1942 Vita
1058 1915 1183 1951 turpiter
1212 1914 1349 1942 defuncto
1379 1913 1446 1942 Azio
1473 1913 1617 1950 Egyptio,
1647 1913 1696 1950 qui
1724 1913 1756 1942 in

932 1959 1115 1988 Christianos
1139 1959 1272 1987 saevierat
1295 1959 1496 1995 templumque
1521 1958 1638 1987 Chlisto
1658 1959 1760 1986 Hiero-

933 2003 1055 2040 solymis
1070 2004 1238 2031 dedicatum
1263 2005 1414 2038 everterat,
1432 2002 1511 2031 filius
1535 2003 1598 2039 ejus
1624 2005 1712 2032 natus
1726 2011 1762 2031 ex

935 2049 1062 2084 qundam
1093 2049 1235 2083 Romana,
1265 2048 1381 2085 captiva
1410 2048 1487 2084 ejus,
1516 2047 1762 2076 instaurationem

935 2092 1054 2120 liberam
1070 2093 1147 2121 fecit.
1172 2092 1215 2121 Ad
1232 2101 1295 2121 eam
1313 2100 1370 2120 rem
1391 2100 1461 2120 suas
1478 2091 1559 2120 misit
1580 2092 1740 2128 imperator
1755 2101 1763 2121 :

933 2138 984 2165 sed
1001 2145 1034 2165 eo
1051 2140 1144 2166 morte
1168 2139 1314 2174 praevento
1339 2144 1493 2166 successor
1507 2136 1671 2165 Michaelus
1690 2145 1766 2174 opus

64 2180 138 2217 αὑτῷ,
153 2181 282 2219 ἐπέτρεψε
295 2171 352 2212 τοῖς
370 2171 551 2219 βουλομένοις
567 2171 725 2217 οίκοδομεῖν
743 2181 788 2208 τὸν
805 2171 888 2216 Ἰναὸν,
904 2171 926 2204 D
942 2182 1075 2210 absolvit.

61 2225 85 2252 δν
99 2225 282 2256 ἀποστείλαςδ
293 2223 420 2262 βασιλεὺς
436 2224 592 2262 φιλοτίμως
608 2224 792 2261 οἰκοδομῆσαι
811 2224 955 2263 ἠπείγετο.
972 2224 1059 2254 Ἀλλὰ
1075 2226 1176 2264 φθάσαν
1192 2226 1223 2254 τὸ
1237 2226 1327 2264 χρεὼν
1343 2224 1491 2262 ἐνεπόδισε,
1506 2225 1551 2253 καὶ
1567 2226 1582 2253 6
1608 2228 1665 2263 μετ’
1685 2224 1765 2253 αὐτὸν

67 2269 175 2307 Μιχαὴλ
190 2269 375 2306 έκπληρωτής
390 2271 439 2296 τοῦ
455 2267 534 2308 ἔργου
550 2268 664 2307 ἐγένετο.

99 2323 145 2350 Καὶ
160 2324 174 2350 6
191 2324 340 2362 μάγιστρος
351 2322 380 2350 δὲ
395 2322 549 2357 Βασίλειος,
560 2323 574 2350 ὁ
587 2322 629 2350 ἐπ’
640 2321 743 2362 ἀδελφῇ
758 2321 883 2361 γαμϐρὸς

67 2369 110 2394 τοῦ
124 2367 268 2405 βασιλέως,
283 2369 298 2394 ὁ
314 2366 453 2405 Σκληρὸς,
478 2367 551 2405 παρὰ
575 2367 781 2396 Κωνσταντίνου
805 2367 885 2396 ἐκτυ-

70 2412 187 2449 φλωθεῖς,
204 2411 318 2440 ἄστατον
335 2412 450 2450 γνώμην
477 2409 548 2451 ἔχων
572 2412 618 2440 καὶ
642 2411 885 2450 ἀλλοπρόσαλλον,

71 2456 90 2483 εἷ
116 2457 158 2485 καὶ
188 2457 336 2495 μάγιστρος
363 2456 506 2494 ἐτετίμητο
525 2457 568 2485 καὶ
585 2456 698 2485 πολλῶν
726 2457 884 2496 εὐεργεσιῶν

71 2501 162 2537 ἠξίωτο
176 2502 250 2540 παρά
272 2503 322 2529 τοῦ
345 2501 498 2538 ⁸Ρωμανοῦ,
519 2501 596 2538 ὅμως
619 2499 768 2537 ἐπιϐουλὴν
785 2501 886 2538 μελετᾷ

70 2549 120 2574 κατ’
146 2546 236 2575 αὐτοῦ.
267 2544 358 2574 Ἀλλά
374 2546 509 2585 φωραθεὶς
523 2550 573 2582 τῆς
596 2545 705 2578 πόλεως
721 2543 885 2574 ἐκϐάλλεται

71 2589 109 2617 σὺν
131 2593 164 2628 τῇ
179 2591 297 2629 γυναικί·

103 2635 253 2664 Ἀπέστειλε
293 2635 322 2664 δὲ
359 2637 403 2665 καὶ
434 2636 459 2673 ἐξ
484 2634 613 2672 Ἐδέσσης
639 2637 653 2663 6
677 2635 820 2670 Μανιάκης
847 2638 887 2672 τῷ

74 2679 172 2716 βασιλεῖ
190 2679 324 2708 ἐνιαύσιον
355 2680 449 2720 φόρον,
480 2679 576 2719 λίτρας
604 2681 783 2716 πεντήκοντα.
811 2680 887 2708 Καὶὸ

72 2726 114 2758 τῆς
139 2724 300 2762 Τριπόλιως
326 2723 355 2753 δὲ
376 2725 486 2763 ἆμηρᾶς
516 2726 530 2753 6
560 2725 711 2763 ΙΙινζαράχ,
740 2725 886 2762 κατισχυύι

75 2778 146 2804 μινος
176 2770 251 2809 παρὰ
277 2772 331 2798 τῶν
360 2769 537 2809 Αἰγυπτίων,
568 2769 653 2810 φυγὰς
678 2770 727 2806 τὴν
760 2768 888 2808 βασιλίδα

224 2834 355 2866 Panos.
380 2835 435 2866 Gs.
460 2834 580 2866 CXXII.

975 2324 1062 2353 Porro
1078 2325 1205 2353 Basilius
1220 2324 1327 2358 Durus,
1344 2324 1454 2353 sororis
1473 2324 1660 2360 imperatoris
1675 2324 1767 2352 mari-

939 2369 999 2402 tus,
1015 2377 1032 2396 a
1046 2369 1239 2397 Constantino
1251 2368 1326 2396 502
1338 2367 1432 2396 oculis
1444 2368 1586 2404 privatus,
1598 2375 1768 2403 quanquam

940 2415 968 2440 et
984 2413 1116 2449 magistri
1133 2413 1243 2440 honore
1254 2415 1283 2440 et
1298 2412 1400 2440 multis
1411 2421 1428 2440 a
1441 2414 1572 2440 Romano
1586 2412 1708 2440 atiectus
1718 2412 1769 2440 be-

941 2457 1064 2491 neficiis,
1080 2461 1179 2486 tamen
1204 2457 1291 2485 homo
1316 2457 1495 2485 inconstanti
1521 2457 1619 2485 animo
1646 2457 1771 2485 insidias

940 2502 1109 2538 imperatori
1134 2503 1258 2536 struxit;
1287 2502 1394 2538 quibus
1415 2502 1606 2538 deprehensis
1630 2502 1703 2530 urbe
1725 2503 1771 2530 est
1791 2525 1794 2528 .

941 2555 1004 2575 cum
1018 2549 1106 2576 uxore
1120 2549 1242 2583 ejectus.

977 2637 1017 2664 Ab
1033 2637 1142 2664 Edessa
1165 2636 1312 2664 Maniaces
1336 2635 1506 2672 imperatori
1530 2644 1582 2672 pro
1608 2643 1707 2663 annuo
1721 2634 1771 2663 tri-

941 2681 1012 2709 buto
1041 2680 1122 2708 misit
1152 2681 1367 2717 quinquaginta
1391 2680 1492 2708 libras.
1518 2681 1551 2708 Et
1575 2679 1772 2708 Pinzarachus

942 2725 1066 2761 Tripolis
1083 2733 1208 2761 ameras,
1231 2726 1429 2762 IEgyptiorum
1454 2724 1513 2753 vim
1537 2734 1595 2753 non
1612 2725 1774 2761 perferens,

941 2770 1045 2808 Cpolin
1074 2770 1213 2807 profugit.
1243 2771 1335 2804 Quem
1358 2769 1520 2807 imperator
1545 2777 1613 2799 cum
1641 2769 1773 2798 maximo

1593 2833 1613 2864 8
