1919 3048
178 133 242 164 239
861 133 1018 163 GEORGII
1043 133 1211 162 Cl‘lDltENl
1831 134 1887 164 240

181 198 310 235 εδοίαζεν.
327 198 437 228 Ἀλλ’ὁ
467 199 594 235 Ἰωάννης
624 199 667 226 ab»
697 201 732 237 τῇ
762 201 824 236 Ζωῇ
854 200 1023 234 πεντήκοντα
1054 199 1102 235 μὶν
1128 197 1245 237 χρυσίου
1261 196 1356 235 λίτρας
1369 195 1408 233 τῷ
1424 196 1590 236 πατριάρχῃ,
1607 199 1777 234 πεντήκοντα
1793 197 1821 226 δέ
1848 202 1886 237 τῷ

179 244 277 283 κληρῳ
307 243 369 275 δοὺς
397 243 498 272 ἔπεισεν
530 243 726 282 ἱεροτελεστίας
755 244 916 279 καταξιῶσαι
941 243 1050 274 αὐτούς.
1066 243 1108 276 [Ρ.
1124 245 1188 280 734]
1203 243 1253 270 Τὸν
1269 242 1383 281 ῥηθέντα
1397 241 1425 270 δὲ
1439 242 1539 280 τρόπον
1556 243 1706 282 ἀναιρεθεὶς
1721 244 1857 280 Ῥωμανὸς
1873 245 1886 272 ὁ

183 289 309 327 βασιλεὺς
325 290 451 322 θάπτεται
467 289 492 317 ἐν
508 291 542 326 τῇ
558 289 620 325 παρ’
636 288 717 316 αὐτοῦ
731 289 926 327 νεουργηθείσῄ
941 292 990 324 τῆς
1006 285 1190 325 περιϐλέπτου
1206 289 1260 325 (97)
1279 287 1427 324 μονῇ,κατ’
1443 287 1528 322 αὐτὴν
1541 288 1591 323 τὴν
1609 289 1685 326 ἁγίαν
1702 288 1748 316 καὶ
1767 288 1885 326 μεγάλην

181 335 365 372 παρασκευήν.

215 381 252 408 At
266 388 332 408 vero
347 380 402 407 Zoe
417 388 485 407 cum
500 379 529 407 in
546 378 733 415 imperatorio
747 379 820 407 solio
829 378 972 407 Michaelu

1144 377 1204 411 Ζιυή
1222 375 1251 404 δὲ
1265 377 1310 404 τὸν
1326 376 1443 414 Μιχαὴλ
1467 376 1511 404 ἐπὶ
1539 377 1585 405 τὸν
1618 376 1759 415 βασίλειον
1784 376 1885 415 ἐνιδρύ-

181 424 363 460 collocasset,
387 424 522 460 sperabat
544 432 575 452 se
605 423 668 452 loco
693 423 746 451 viri
768 426 797 451 et
820 423 939 460 impera1

1147 421 1241 459 θρόνον
1271 421 1353 458 ᾠήφη
1385 422 1433 458 μὲν
1463 422 1521 449 ἀντὶ
1553 421 1647 458 ἀνδρὸς
1677 422 1724 449 καὶ
1756 422 1886 460 βασιλέως

179 469 363 504 mancipium
379 477 412 497 ac
429 468 573 496 famulum
586 468 763 503 habituram,
775 468 899 504 ideoque
912 476 937 504 pl

1128 477 1161 493 κον
1185 466 1231 493 καὶ
1254 465 1379 493 διάκονον
1404 464 1544 502 ἓξειν,καῖ
1573 465 1627 502 ἤδη
1656 466 1722 497 τοὺς
1750 467 1886 505 πατρῴους

180 513 227 542 nis
243 513 388 542 eunuchis
403 513 431 541 in
447 513 545 541 aulam
559 513 680 541 adscitis
696 521 757 541 rem
773 513 898 548 graviter
908 519 1007 548 aggre-

181 558 326 586 diebatur.
343 558 399 587 Sed
415 558 567 594 perspicue
583 557 608 585 ei
624 558 724 586 omnia
739 565 824 586 secus
838 558 1008 585 evenerunt.

181 603 296 632 Etenim
312 603 449 638 Joannes
475 602 662 639 imperatoris
687 602 786 637 frater,
811 602 899 630 homo
919 601 1008 629 indu-

181 648 273 678 strius
298 649 387 684 atque
408 647 522 683 efﬁcax,
548 646 728 683 simulatque
753 648 781 675 in
807 647 903 675 aulam
920 646 1008 681 venit,

181 693 265 721 fratri
280 701 333 720 suo
350 694 484 720 metuens
495 692 680 727 (movebatur
691 692 769 720 enim
782 691 904 720 Romani
915 699 1009 719 exem-

181 737 241 773 plo)
254 739 283 765 et
296 737 448 765 eunuchos
471 738 610 772 Augustas
634 736 743 772 palatio
759 736 844 772 ejecit
858 738 886 764 et
901 735 1009 764 ﬁdissi-

183 790 243 810 mas
260 782 323 818 ejus
339 781 461 810 ancillas
477 781 593 816 amovit,
606 781 744 809 mulieres
759 781 815 809 sibi
827 789 931 817 genere
943 789 1008 817 pro-

181 826 308 863 pinquas
323 826 461 854 custodite
472 826 542 854 Zoes
554 825 699 859 adhibuit,
711 826 813 861 utjam
825 833 917 860 neque
925 833 1010 861 agere

181 871 344 908 quidquam
353 879 387 899 ea
395 871 438 899 vel
448 878 589 906 magnum
602 870 646 898 vel
657 879 778 906 parvum
790 870 883 906 ipsius
895 870 933 905 inj
940 878 1009 898 ussu

182 918 281 952 posset
295 917 323 943 et
338 924 440 944 omnes
455 916 519 951 ejus
541 917 665 943 conatus
687 915 912 951 impedirentur,
928 923 960 943 ac
976 923 1012 942 ne

184 961 214 988 in
237 960 375 989 balneum
399 960 519 996 quidem
544 959 601 987 nisi
624 960 719 996 ipsius
745 960 891 996 permissu
915 959 1012 987 venire

183 1007 301 1042 posset;
318 1005 458 1040 omnique
467 1013 588 1041 prorsus
598 1004 792 1032 oblectatione
808 1003 934 1040 spoliata
947 1004 1012 1036 fuit,

1063 510 1209 548 εὐνούχους
1236 510 1416 548 εἷσαγαγοῦσα
1445 511 1484 542 εἷς
1512 511 1547 539 τὰ
1577 511 1713 549 ἀνάκτορα
1739 511 1886 548 γενναιότει

1064 566 1109 593 ρον
1139 555 1240 590 ἥπτετο
1279 557 1333 583 τῶν
1367 556 1559 594 πραγμάτων·
1589 555 1653 584 ἀλλ’
1684 553 1773 591 ἀπέϐη
1804 556 1888 583 πάντα

1061 600 1146 638 ταύτῃ
1163 599 1202 632 είς
1215 599 1368 627 τούναντίον
1383 599 1530 638 λαμπρῶς.
1546 601 1574 627 Ὀ
1593 599 1643 638 γὰρ
1674 602 1724 627 τοῦ
1756 599 1886 637 βασιλέως

1064 643 1181 684 ἁδελφὸς
1195 645 1333 680 Ἰωάννης,
1360 643 1508 682 πρακτικὸς
1531 645 1674 683 ἄνθρωπος
1700 644 1738 672 ὣν
1762 644 1807 672 καὶ
1831 644 1888 682 δρα-

1064 689 1186 726 στήριος,
1203 690 1259 726 ἅμα
1286 699 1315 717 τε
1340 687 1424 725 ἐπὲόη
1454 691 1507 717 τῶν
1538 689 1698 728 βασιλείων,
1720 689 1765 717 καὶ
1795 687 1886 721 δεδιὼς

1063 734 1124 771 περὶ
1153 736 1201 761 τοῦ
1230 733 1348 773 ἀδελφοῦ
1377 734 1461 772 (ἑώρα
1488 734 1540 773 γὰρ
1575 734 1613 766 εἷς
1641 732 1817 773 παράδειγμα
1841 736 1886 762 τοῦ

1063 779 1217 816 Ῥωμανοῦ)
1234 780 1270 816 μή
1288 789 1313 806 τι
1335 779 1381 807 καὶ
1406 779 1478 816 πάθῃ
1508 777 1604 815 δεινὸν,
1620 778 1687 808 τοὺς
1718 779 1766 816 μὶν
1796 778 1886 807 εύνού-

1064 834 1132 861 χους
1150 827 1199 859 τῆς
1231 822 1372 861 βασιλίδος
1401 821 1578 859 καταϐιϐάζει
1604 825 1654 851 τοῦ
1683 822 1816 852 παλατίου
1844 823 1886 851 καὶ

1063 869 1112 899 τὰς
1153 869 1352 899 πιστικωτάτας
1395 870 1449 896 τῶν
1485 867 1682 906 θεραπαινίδων
1721 867 1789 905 αὐτῇ
1825 869 1886 896 ἀπο-

1065 913 1232 948 σκευάζεται,
1246 915 1374 950 γυναῖκας
1391 911 1419 940 δὲ
1434 911 1487 940 τῶν
1509 913 1575 941 κατᾶ
1598 914 1678 951 γένος
1703 913 1780 950 αὑτῷ
1807 923 1885 950 προσ-

1066 958 1188 994 ηκόντων
1205 957 1339 996 φρουροὺς
1356 958 1480 996 ἐφίστησι
1494 960 1527 995 τῇ
1546 957 1668 995 βασιλίδι
1683 959 1728 985 καὶ
1758 957 1885 995 φύλακας.

1067 1003 1116 1030 Καὶ
1132 1001 1209 1030 οὐδὲν
1241 1003 1336 1040 μικρὸν
1356 1003 1370 1038 ἢ
1388 1003 1457 1040 μέγα
1482 1003 1515 1038 ἦν
1530 1003 1544 1030 ’ὸ
1562 1003 1600 1039 μὴ
1619 1003 1688 1039 μετὰ
1715 1003 1827 1041 γνώμης
1843 1002 1884 1030 αύ-

186 1050 233 1078 Sic
249 1050 336 1078 rebus
352 1049 381 1077 in
392 1049 458 1078 aula
468 1048 756 1077 constitutislitteras
766 1057 815 1084 per
828 1057 944 1076 omnem

1148 1046 1331 1084 διεπράττετο·
1362 1048 1519 1085 περιπάτων
1547 1058 1576 1075 τε
1603 1049 1655 1085 γάρ
1682 1047 1817 1075 ἐκωλύετο
1844 1047 1884 1075 καὶ

184 1095 256 1130 perii
274 1094 414 1122 ditionem
441 1094 559 1129 emittit,
575 1094 772 1130 omnibusque
788 1093 936 1130 significat
952 1093 1008 1120 Ro-

184 1147 305 1167 manum
329 1139 461 1167 debitum
487 1140 598 1166 naturae
623 1138 809 1174 persolvisse,
834 1137 1008 1165 Michaelum

183 1183 389 1220 imperatorem
399 1183 585 1218 designatum
598 1182 647 1210 illo
663 1183 758 1210 adhuc
775 1183 889 1210 vivente
901 1191 932 1210 ac
944 1191 1008 1218 pcr-

184 1228 327 1264 mittente,
344 1230 372 1255 et
387 1230 447 1255 Zoe:
463 1227 652 1255 matrimonio
664 1227 812 1263 junctum.
827 1227 865 1254 Ad
882 1227 935 1255 hoc
946 1235 1008 1254 om-

182 1281 234 1301 nes
259 1281 323 1301 sese
350 1272 541 1308 inclinarunt,
567 1271 731 1308 faustisque
758 1271 907 1299 ominibus
937 1279 1008 1299 novo

181 1318 350 1354 imperatori
366 1321 435 1346 sunt
447 1317 597 1353 gratulati.
614 1317 699 1345 Solus
711 1317 852 1353 patricius
865 1318 1009 1345 Constan-

181 1363 262 1391 tinus
277 1363 454 1391 Dalassenus
470 1362 550 1390 domi
566 1362 676 1398 degens
692 1362 766 1390 507
791 1370 848 1390 non
864 1361 932 1389 tulit
949 1370 1004 1389 me-

183 1407 322 1435 diocriter
334 1407 413 1435 hunc
429 1407 576 1442 nuntium,
590 1407 640 1434 sed
658 1407 845 1434 abominatus
856 1408 911 1440 est,
923 1408 1010 1442 atque

182 1452 253 1480 adeo
267 1452 390 1480 miratus
407 1460 465 1487 qua
481 1452 598 1479 tandem
621 1451 736 1479 ratione
753 1451 884 1487 plebeius
900 1451 955 1479 iste
978 1459 1011 1479 ac

182 1495 349 1525 triobolaris
361 1497 449 1524 homo
462 1497 600 1524 omnibus
611 1496 678 1524 aliis
689 1498 767 1523 esset
783 1495 931 1531 praelatus,
943 1504 1009 1524 cum

181 1541 452 1577 exstarentplurimi
459 1540 695 1577 praestantissimi
707 1548 739 1568 ac
751 1540 871 1568 familiis
885 1540 1010 1568 summis

181 1586 244 1614 nati
258 1586 321 1620 viri,
330 1594 363 1614 ac
377 1586 517 1614 dominus
530 1585 725 1620 etimperator
737 1585 1009 1621 designatus,quod

181 1633 214 1658 ut
229 1630 346 1658 rescivit
357 1630 498 1665 Joannes,
514 1629 645 1662 tametsi,
658 1630 700 1656 uti
710 1637 762 1665 par
770 1631 843 1663 erat,
856 1629 1011 1658 vehemen-

180 1678 225 1703 ter
240 1675 478 1711 perturbabatur,
495 1676 593 1702 tamen
609 1674 757 1710 quomodo
774 1673 866 1701 istum
881 1674 911 1701 in
925 1682 1009 1702 suam

180 1719 310 1748 alliceret
325 1727 444 1747 nassam
466 1719 613 1755 cogitavit.
631 1719 756 1746 Mittitur
770 1727 837 1754 ergo
853 1719 889 1747 ad
905 1719 1006 1747 Delas-

1067 1091 1216 1130 βαλανείων
1247 1092 1278 1119 οὐ
1311 1095 1421 1129 μετεῖχε
1451 1092 1489 1129 μὴ
1521 1091 1602 1119 αὖτοῦ
1624 1092 1828 1129 ἐπιτρέψαντος⁷
1843 1092 1884 1119 καὶ

1063 1137 1136 1168 ὅλως
1158 1136 1309 1174 περιῄρητο
1326 1136 1393 1173 αὐτῇ
1411 1139 1482 1164 πᾶσα
1498 1137 1674 1175 ψυχαγωγία.
1694 1138 1784 1165 Πάντα
1803 1135 1830 1164 δὲ
1855 1137 1885 1164 τά

1063 1181 1137 1209 ἔνδον
1165 1182 1404 1217 καταστησάμενος
1434 1182 1582 1220 γράμματα
1619 1183 1689 1210 κατᾶ
1726 1182 1812 1217 πάσης
1847 1181 1884 1209 ἐκ·

1063 1226 1164 1263 πέμπει
1183 1229 1233 1261 τῆς
1263 1226 1438 1262 οἰκουμένης,
1457 1227 1626 1264 γνωρίζοντα
1657 1229 1716 1258 τοῖς
1744 1230 1822 1254 πᾶσιν
1850 1227 1884 1257 ὡς

1064 1270 1106 1306 εἶή
1121 1271 1167 1307 μὲν
1182 1271 1321 1307 Ῥωμανὸς
1339 1271 1352 1298 ὁ
1370 1270 1496 1308 βασιλεὺς
1510 1271 1541 1298 τὸ
1570 1271 1683 1310 φυσικὸν
1709 1269 1883 1301 ἀποδεδωκὼς

1063 1316 1155 1354 χρέος,
1172 1315 1351 1353 ἀνηγόρευται
1368 1314 1397 1342 δὲ
1413 1316 1426 1342 ὁ
1443 1313 1560 1353 Μιχαὴλ
1578 1314 1708 1353 βασιλεὺς
1733 1314 1771 1343 ἔτι
1789 1318 1882 1350 ζῶντος

1063 1359 1165 1387 ἐκείνου
1193 1360 1238 1387 καὶ
1267 1359 1473 1397 ἐπιτρέποντος,
1502 1360 1547 1387 καὶ
1574 1362 1609 1397 τῇ
1641 1359 1764 1398 βασιλίδι
1798 1360 1882 1394 συζεύ-

1062 1415 1164 1442 γνυται.
1183 1405 1253 1442 Πρὸς
1270 1405 1338 1442 ὁίπερ
1353 1405 1452 1436 πάντες
1471 1406 1516 1441 μὲν
1536 1405 1714 1433 ὑπεκλίνοντο
1740 1405 1766 1432 οἱ
1794 1404 1882 1440 ἄλλοι,

1063 1449 1108 1477 καὶ
1125 1448 1159 1477 δι’
1174 1449 1299 1487 εὐφήμου
1319 1450 1412 1488 φωνῆς
1426 1450 1472 1477 τὸν
1488 1450 1547 1477 νεὸν
1564 1449 1733 1488 ἑμεγάλυνον
1764 1449 1880 1488 βασιλέα·

1066 1494 1148 1530 μόνος
1187 1492 1216 1521 δὶ
1251 1495 1457 1525 Κωνσταντῖνος
1486 1494 1629 1531 πατρίκιος
1662 1495 1676 1522 6
1705 1493 1882 1530 Δαλασσγμὸς,

1064 1537 1155 1566 οἴκαδε
1185 1536 1342 1576 διατρίϐων,
1372 1538 1423 1566 οὐκ
1449 1537 1547 1576 ἤνεγκε
1575 1538 1672 1574 πράως
1700 1539 1750 1574 τήν
1792 1539 1882 1573 ἀκοήν,

1065 1582 1137 1611 ἀλλά
1160 1582 1205 1610 καὶ
1235 1581 1438 1619 αττεδυσπὲτησε
1467 1583 1536 1621 πρὸς
1563 1584 1596 1611 τὰ
1625 1584 1812 1622 φημιζόμινα,
1840 1583 1882 1610 καὶ

1065 1627 1109 1656 διὰ
1121 1628 1258 1665 θαύματος
1270 1628 1331 1666 ἦγε,
1346 1630 1405 1659 πῶς
1421 1627 1558 1656 πλείστων
1575 1629 1702 1667 κάγαθῶν
1733 1627 1815 1656 ὅντων
1841 1628 1880 1656 ἆν-

1065 1672 1136 1711 δρῶν
1152 1672 1177 1708 ἐξ
1193 1672 1275 1700 οἷ’κων
1306 1672 1440 1710 λαμπρῶν
1467 1672 1515 1700 καί
1541 1673 1683 1710 ἐπισήμου
1711 1674 1813 1711 γένους,
1833 1683 1880 1711 χυ-

1065 1717 1140 1749 δαῖος
1154 1718 1197 1745 καὶ
1213 1715 1431 1756 τριωϐολιμαῖος
1456 1716 1598 1756 ἄνθρωπος
1610 1720 1667 1746 τῶν
1697 1717 1788 1746 ἄλλων
1818 1727 1880 1756 προ-

180 1773 285 1793 senum
299 1764 459 1800 Ergodotes
470 1763 634 1799 eunuchus,
645 1764 680 1791 ad
690 1764 740 1799 huj
747 1763 861 1791 usmodi
872 1763 938 1791 mini

1119 1773 1190 1799 μητο
1205 1752 1311 1790 πάντων
1326 1752 1371 1790 καὶ
1389 1752 1523 1798 δεσπότης
1550 1762 1596 1790 καὶ
1627 1762 1756 1800 βασιλεὺς
1784 1752 1877 1800 ἀνηγό-

180 1809 223 1836 ria
231 1808 414 1844 aptissimus,
425 1808 475 1844 qui
485 1807 616 1844 praestita
628 1807 1005 1844 acceptoquejurejurando

179 1861 246 1881 eum
262 1853 297 1880 ad
313 1853 519 1888 imperatorem
536 1852 704 1880 adduceret.
718 1853 830 1880 Interea
840 1851 968 1879 Joannes
978 1853 1007 1879 et

180 1900 325 1933 senatum,
338 1897 492 1933 primarios
501 1905 602 1925 eorum
613 1897 648 1924 ad
659 1896 847 1924 sublimiores
858 1896 1005 1924 evehendo

180 1942 348 1978 dignitates,
367 1950 454 1970 suum
472 1942 551 1974 facit,
567 1943 596 1969 et
611 1941 783 1969 muneribus
798 1950 830 1969 ac
846 1941 1006 1977 largitioni-

180 1987 235 2015 bus
252 1986 450 2014 multitudinis
469 1985 703 2014 benevolentiam
719 1988 826 2021 captat,
837 1986 936 2021 itaque
946 1994 1007 2013 om-

181 2039 233 2060 nes
248 2031 383 2059 subditos
399 2030 455 2059 sibi
471 2030 616 2058 conciliat.
633 2030 824 2066 Displicuisse
837 2033 933 2058 autem
946 2030 1006 2058 haec

180 2076 255 2104 facta
273 2075 329 2103 Deo
345 2075 418 2103 satis
433 2075 498 2111 ipsa
519 2074 637 2102 exordia
652 2076 751 2110 aperte
766 2074 940 2102 docuerunt.
956 2075 1004 2102 Et-

178 2119 256 2147 enim
273 2119 429 2148 undecima
443 2119 516 2147 hora
531 2121 642 2147 sancta
667 2121 696 2146 et
721 2127 833 2155 magna:
848 2119 1005 2147 Dominicis

177 2164 287 2200 grando
310 2164 419 2199 impetu
445 2163 624 2192 intolerabili
650 2163 746 2191 delata
771 2172 827 2191 non
848 2163 1006 2199 frugiferas

177 2210 262 2237 modo
271 2208 443 2244 sterilesque
453 2209 571 2236 arbores
584 2208 790 2243 confregit,sed
803 2208 890 2236 etiam
903 2209 1005 2236 domos

175 2254 280 2290 dejecit
294 2256 323 2282 st
345 2253 450 2289 templa
474 2261 507 2281 ac
531 2255 648 2289 segetes
669 2253 801 2288 vitesque
825 2253 887 2281 solo
902 2253 1002 2282 allisit.

176 2300 275 2335 Itaque
290 2307 323 2327 eo
338 2307 415 2326 anno
429 2306 546 2326 summa
562 2298 620 2325 fuit
643 2297 796 2325 sterilitas.
814 2297 905 2325 Stella
919 2298 1007 2326 etiam

176 2343 326 2372 Dominico
343 2343 393 2379 qui
416 2343 528 2370 Pascha
555 2341 724 2377 insequitur
750 2342 808 2376 die,
826 2342 897 2370 hora
911 2343 1006 2371 noctis

174 2389 270 2422 tertia,
280 2387 404 2423 trajecit,
419 2387 531 2423 fulgore
547 2395 600 2414 suo
614 2386 779 2414 luminibus
792 2387 924 2414 omnium
936 2388 1004 2415 alia-

1060 1817 1148 1845 ρευτο.
1177 1809 1261 1834 Τοῦτο
1302 1805 1330 1834 δὲ
1370 1806 1523 1843 πυθόμενος
1553 1807 1567 1834 ὁ
1596 1806 1725 1842 Ἰωάννης
1759 1806 1877 1842 ἐπλήσθη

1062 1852 1120 1888 μὲν,
1147 1852 1184 1883 ὡς
1213 1851 1295 1886 εἰκὸς,
1327 1848 1444 1888 θορύϐου
1473 1852 1519 1878 καὶ
1546 1855 1685 1889 ταραχῆς,
1715 1851 1826 1889 ἐμελέτα
1852 1849 1878 1878 δὲ

1059 1897 1102 1924 καὶ
1118 1895 1259 1924 ἐσκέπτετο
1275 1898 1335 1927 πῶς
1351 1895 1381 1923 ἂν
1396 1895 1441 1923 καὶ
1460 1895 1539 1924 τόνδε
1566 1896 1612 1923 τὸν
1639 1895 1725 1933 ἄνδρα
1755 1896 1805 1924 ὑπὸ
1831 1895 1876 1930 τὴν

1061 1941 1156 1968 ἑαυτοῦ
1173 1944 1245 1973 θεῖτο
1259 1941 1389 1978 σαγήνην.
1407 1940 1456 1967 Καὶ
1472 1939 1506 1975 δὴ
1535 1939 1679 1969 στέλλεται
1709 1942 1775 1979 πρὸς
1803 1940 1878 1967 αὐτὸν

1061 1987 1099 2018 εἵς
1127 1988 1181 2013 τῶν
1207 1985 1346 2023 εὐνούχων
1375 1986 1388 2013 ὁ
1416 1984 1564 2022 λεγόμενος
1588 1985 1768 2024 Ἑργοδότης,
1792 1985 1877 2019 ἐπιτή-

1061 2029 1132 2062 δειος
1156 2030 1299 2068 ὑπηρετεῑι
1316 2029 1354 2062 εἲς
1367 2029 1400 2057 τὰ
1415 2031 1538 2065 τοιαῦτα,
1555 2030 1596 2069 ἐφ’
1611 2030 1634 2066 ᾦ
1664 2030 1761 2069 ὅρκους
1790 2028 1876 2057 δοῦναί

1058 2085 1088 2102 τε
1115 2075 1160 2102 καὶ
1189 2072 1282 2102 λαϐεῖν
1309 2075 1353 2102 καί
1382 2075 1489 2112 ἀγαγεῖν
1512 2075 1556 2102 τὸν
1586 2073 1672 2113 ἄνδρα
1701 2074 1727 2106 ἐς
1759 2073 1874 2112 βασιλέα.

1060 2120 1109 2147 Καὶ
1124 2120 1138 2147 ὸ
1156 2120 1202 2156 μὲν
1218 2118 1324 2147 ἄπεισιν
1340 2118 1365 2150 ἃς
1388 2119 1434 2146 τὸν
1461 2118 1646 2154 Δαλασσηνὸν,
1664 2120 1678 2147 ὁ
1697 2120 1822 2154 Ἰωάννης
1850 2116 1875 2144 δὲ

1059 2165 1108 2200 τήν
1124 2175 1153 2192 τε
1166 2163 1316 2202 σύγκλητον
1335 2164 1491 2191 ὑπεποιεῖτο
1517 2164 1562 2190 καὶ
1585 2164 1616 2191 τὸ
1644 2165 1744 2199 κοινὸν,
1759 2163 1802 2191 καί
1830 2162 1876 2195 τὴν

1058 2212 1112 2237 τῶν
1129 2208 1243 2237 πολλῶν
1260 2208 1393 2236 ἐπεσπᾶτο
1408 2207 1524 2242 εὔνοιαν,
1543 2208 1660 2246 βαθμοῖς
1691 2209 1737 2245 μὲν
1767 2208 1798 2235 αὗ
1816 2206 1874 2236 τοὺς

1059 2257 1110 2289 τῆς
1139 2253 1293 2292 συγκλήτου
1322 2251 1494 2290 προῦχοντας
1523 2252 1685 2289 ἀξιωμάτων
1712 2253 1795 2290 ὑψῶν,
1825 2250 1875 2278 δωο

1061 2301 1127 2337 ρεῶν
1145 2298 1173 2326 δὲ
1190 2298 1332 2335 διανομαῖς
1346 2297 1391 2325 καὶ
1406 2298 1500 2335 χάρισι
1514 2297 1723 2335 μειλισσόμενος
1734 2298 1765 2325 τὸ
1779 2295 1874 2328 κοινὸν,

1060 2344 1104 2372 καὶ
1127 2343 1246 2378 καθάπαξ
1275 2342 1460 2379 οἰκειούμενος
1488 2343 1518 2369 τὸ
1549 2343 1682 2378 ὑπήκοον.
1698 2344 1756 2369 Ὅτι
1785 2340 1813 2369 δὲ
1837 2340 1872 2377 μὴ

1063 2388 1160 2427 ἀρεστά
1187 2388 1221 2415 τὰ
1246 2387 1378 2426 γεγονότα
1402 2388 1435 2422 ἧν
1464 2389 1504 2423 τῷ
1520 2389 1589 2423 Θεῷ,
1607 2381 1745 2425 διεδείγοη
1774 2387 1872 2423 τρανῶς

173 2442 240 2462 rum
257 2433 411 2461 stellarum
432 2432 578 2466 ofﬁciens,
597 2431 637 2459 ita
653 2433 684 2459 ut
710 2431 794 2458 multi
818 2432 931 2467 opinare

1113 2432 1268 2471 προοιμίων
1297 2432 1395 2459 αὐτῶν·
1425 2433 1465 2468 [Ρ.
1495 2433 1558 2468 735]
1587 2432 1656 2459 κατὰ
1683 2432 1732 2470 γάρ
1760 2431 1807 2465 τὴν
1842 2428 1871 2456 ια¹

172 2478 264 2506 solem
278 2477 359 2505 oriri.
375 2476 468 2503 Malus
481 2476 570 2503 etiam
582 2476 695 2503 damon
708 2476 913 2512 imperatorem
926 2477 1002 2506 508

171 2522 290 2557 invasit,
308 2529 401 2556 neque
427 2523 493 2548 ante
519 2520 606 2548 ﬁnem
623 2520 687 2548 vitae
713 2520 838 2548 missum
855 2521 932 2549 fecit.
949 2522 1003 2554 Qui

171 2567 302 2604 specioso
327 2565 446 2594 nomine
465 2564 576 2593 malum
604 2565 631 2592 id
648 2565 784 2593 volebant
804 2565 909 2600 velare,
923 2566 1002 2595 insa-

1060 2478 1131 2516 ὥροιν
1146 2481 1195 2512 τῆς
1213 2477 1289 2514 ἁγίας
1305 2477 1349 2504 καὶ
1368 2475 1490 2514 μεγάλης
1518 2479 1654 2513 Κυριακῆς
1683 2475 1789 2514 χάλαζα
1815 2484 1873 2501 κατ-

1058 2523 1161 2560 ηνέχθη
1189 2522 1326 2560 ἀφόρητος
1354 2521 1399 2548 καὶ
1429 2519 1554 2559 ῥαγδαία.
1570 2520 1607 2552 ὡς
1634 2517 1804 2559 συντριϐῆναι
1835 2518 1871 2554 μὴ

1060 2567 1140 2604 μόνον
1159 2567 1193 2594 τὰ
1209 2564 1303 2603 δένδρα
1318 2565 1443 2603 κάρπιμά
1461 2575 1490 2592 τε
1505 2565 1549 2592 καὶ
1577 2564 1694 2603 ἄκαρπα,
1711 2563 1780 2592 ἀλλὰ
1808 2561 1873 2597 δῆτα

760 2614 954 2643 XYLANDRI
971 2617 1017 2645 ET
1036 2617 1147 2645 GOARI
1166 2617 1285 2645 NOTAE.

204 2661 261 2701 (97)
276 2660 310 2701 Id_
324 2658 495 2701 vocabulum
511 2659 567 2701 nisi
581 2660 635 2701 est,
651 2659 729 2701 quod
744 2667 809 2701 ‘non
827 2662 908 2694 puto,
938 2669 1002 2696 pro-

169 2695 278 2735 prium,
295 2696 505 2735 deestnomen
515 2695 884 2735 divwin_cu‘jus_bonorem
897 2695 1000 2725 mona-

169 2730 291 2767 iterium
305 2731 478 2759 condiderit.
488 2732 542 2759 Sed
553 2734 581 2759 et
597 2731 672 2758 infra
683 2730 712 2758 in
724 2730 884 2766 Calaphata
895 2736 940 2760 est
949 2735 999 2767 τῆ)

1055 2662 1123 2697 gine
1145 2661 1234 2689 habet
1257 2660 1386 2696 epitheta
1400 2659 1416 2687 ἀ
1435 2669 1523 2697 γυροπ
1541 2658 1617 2696 άτοιι,
1634 2659 1709 2696 quod
1733 2656 1873 2694 signiﬁcat

1056 2701 1177 2724 argento
1193 2698 1354 2724 venditum.
1371 2698 1400 2724 et
1416 2669 1551 2724 ἕαιμονίῗυ
1566 2696 1696 2724 κατόγου.
1713 2695 1761 2724 qui
1773 2702 1788 2721 ο
1799 2691 1870 2720 malo

1056 2691 1177 2733 argento
1193 2691 1354 2730 venditum,
1371 2698 1400 2733 et
1416 2691 1551 2733 δαιμονίῳ
1566 2691 1696 2733 κατόχου,
1713 2691 1788 2730 (μιίό
1799 2691 1870 2733 malo

1054 2729 1133 2762 esset
1147 2735 1308 2770 occupatus
1324 2729 1420 2770 genio,
1438 2729 1471 2762 ut
1483 2729 1584 2770 postea
1606 2729 1752 2761 Cédrenus
1767 2729 1869 2758 narrat.

166 2765 353 2809 περι-ϐλεπτου
365 2768 468 2809 μονῆς,
485 2776 542 2809 non
559 2767 664 2809 procul.
675 2776 692 2794 a
706 2765 924 2809 Sigmateztzaetl

365 2768 468 2809 μονῆς,
485 2776 542 2809 non
559 2767 664 2809 procul.
675 2776 692 2794 a
706 2765 1000 2809 Sigmateztzaeterum
1051 2770 1123 2798 ΧΠ..

168 2802 327 2836 Michaelus
343 2802 389 2832 hic
404 2802 567 2840 imperator
580 2802 722 2840 Paphlago
738 2802 794 2830 fuit
808 2811 815 2838 ;
831 2804 860 2831 et
875 2804 904 2832 in
916 2812 996 2834 mar-
