1933 3048
59 151 112 181 241
633 145 906 178 IlISTOllIAllUM
930 145 1203 177 COMI'ENDIUM.
1706 147 1767 178 242

58 217 102 246 καὶ
118 215 209 247 οἰκίας
225 216 384 243 καταπεσεῖν
407 213 452 241 καὶ
475 212 554 244 ναοὺς
570 211 614 240 καὶ
631 211 664 240 τὰ
679 211 746 248 λήϊα
767 211 813 239 καὶ
836 211 884 242 τὰς

969 212 1021 240 Sum
1043 212 1133 241 animi
1160 212 1371 250 appellabant:
1392 221 1464 242 sane
1487 221 1582 250 neque
1605 212 1767 243 humanum

63 261 205 300 ἀμπέλους
223 259 319 297 μέχρις
336 257 461 298 ἐδάφους,
477 257 515 289 ὠς
538 255 722 293 ἐπισυμϐἦναι
741 257 810 284 κατὰ
823 259 885 284 τοῦ·

969 265 1035 293 sque
1055 258 1186 286 divinum
1212 258 1352 286 auxilium
1378 258 1598 287 miserabilibus
1622 267 1689 287 eum
1705 259 1770 288 istis

59 318 105 336 τον
135 305 181 333 τὸν
208 304 307 342 χρόνον
336 303 473 330 παντοίων
498 304 610 340 καρπῶν
630 302 743 340 ἀφορίαν
757 301 885 340 γενέσθαι.

969 303 1123 331 'uciatibus
1139 311 1172 331 ac
1187 303 1309 330 torturis
1324 303 1442 339 eripuit.

60 352 157 389 Γέγονε
184 348 214 377 δὲ
240 349 283 376 καὶ
313 348 392 386 χύσις
421 348 530 385 ἀστέρος
555 347 622 374 κατὰ
648 347 698 380 τὴν
729 346 864 383 Κυριακὴν
891 345 940 380 τήν
970 347 1037 382 μετὰ
1061 346 1091 374 τὸ
1112 347 1217 385 Πάσχα,
1243 347 1304 384 περὶ
1330 346 1401 384 ὥραν
1424 347 1519 385 τρίτην
1540 350 1591 381 τῆς
1607 347 1769 384 νυκτὸς,τῇ

63 395 232 434 μαρμαρυγῇ
255 397 304 428 τῆς
329 392 526 430 λαμπρότητος
552 391 616 423 τοὺς
645 391 758 429 ἀστέρας
786 390 886 421 πάντας
911 390 1092 428 καλύψαντος,
1119 392 1156 422 ὡς
1185 392 1229 418 καὶ
1254 390 1366 426 δόκησιν
1386 395 1535 430 παρασχεῖν
1565 395 1623 423 τοῖς
1652 392 1771 423 πολλοῖς

60 440 140 476 ἡλίου
167 438 316 473 ἀνατολῆς.
347 437 470 474 Ἐλήφθη
496 435 524 464 δὲ
538 437 583 464 καὶ
608 437 622 464 ὁ
649 435 775 473 βασιλεὺς
792 434 934 472 δατμονίῳ’
951 436 964 462 ὃ
981 435 1207 472 σεμνολογοῦντες
1223 437 1249 463 οἱ
1264 436 1325 474 περί
1349 438 1443 464 τοῦτον
1473 437 1586 473 μανικὸν
1615 436 1768 465 ἀπεκάλουν

61 485 179 521 νόσημα,
206 483 252 511 καὶ
281 483 442 520 παρέμεινεν
473 481 538 519 ἄχρι
561 480 660 512 τέλους
684 484 734 515 τῆς
748 481 830 508 αὺτοῦ
847 481 953 518 βιοτῆς,
971 481 1036 517 μήθ’
1053 481 1103 508 ὑπὸ
1119 481 1190 513 θείας
1204 480 1342 518 δτνάμεως
1360 482 1425 518 μήθ’
1442 482 1493 509 ὑπὸ
1509 481 1608 520 ἰατρῶν
1627 481 1770 520 θεραπείαν

61 527 164 565 λαϐὼν,
181 527 247 557 ἀλλ’
263 526 389 558 ἐλεεινῶς
404 525 628 562 κατατεινόμενος
642 526 687 553 καὶ
705 525 926 563 βασανιζόμενος.

95 576 174 613 ’Ἄρτι
210 573 240 600 δὲ
265 575 314 600 τοῦ
343 570 508 610 Ἐργοδὸτου
536 571 604 609 πρὸς
630 570 677 598 τὸν
713 569 884 605 Δαλασσηνὸν

61 619 241 657 ἀφικομένου,
257 619 396 645 πιστεῦσαι
421 618 468 653 μὶν
492 617 570 648 οὗτος
592 618 650 647 τοῖς
669 614 764 653 ὅρκοις
779 615 823 642 καὶ
839 614 885 642 σὺν

60 665 132 700 αὖτῷ
156 663 286 691 ἀπελθεῖν
309 662 359 690 οὐκ
382 661 516 697 ἠθέλησεν
540 660 567 688 ὲν
591 663 632 696 τῷ
655 659 806 695 Βυζαντίῳ,
831 661 886 686 τῶν

57 720 116 738 τινα
132 707 161 736 δὲ
176 708 286 745 πέμψας
310 706 479 734 πιστοτάτων
503 705 576 741 αὖτῷ
601 704 699 741 ὅρκους
713 715 742 732 τε
764 704 888 741 ἀπῄτησα

61 753 184 790 μείζονας
214 754 263 780 τοῦ
288 752 326 787 μή
350 762 376 778 τι
403 751 496 778 παθεῖν
527 749 664 788 χαλεπὸν,
689 748 733 776 καὶ
759 748 885 780 ἀπελθεῖν

58 797 252 836 ἐπηγγείλατο.
279 797 418 833 Ηὲμπεται
442 794 533 822 τοίνυν
562 796 760 824 Κωνσταντῖνος
788 794 802 820 ὁ
831 795 887 820 Φα-

59 843 150 881 γίτζης
177 841 322 879 εὐνοῦχος,
349 839 490 878 ἅνθρωπος
518 838 670 878 Παφλαγὼν
695 839 740 866 καὶ
767 838 886 873 συνήθης

59 890 96 923 τῷ
123 885 243 926 βασιλεῖ,
272 886 306 913 τά
333 896 363 913 τε
390 884 469 921 τίμια
493 883 661 922 ἐπαγόμενος
692 882 759 918 ξύλα
785 883 830 910 καὶ
856 882 888 910 τὸ

61 933 136 970 ἆγιον
165 931 311 968 ἐκμαγεῖον
341 929 387 958 καὶ
409 929 459 963 τήν
485 929 553 966 πρὸς
579 927 703 966 Αὕγαρον
729 926 886 966 ἴδιόγραφον

61 975 208 1011 ἰπιστολην
222 977 271 1003 τοῦ
296 974 396 1013 Κυρίου
421 974 467 1001 καὶ
493 975 560 1002 Θεοῦ
582 973 627 1000 καὶ
654 973 782 1010 Σωτῆρος
808 973 888 1007 ἡμῶν

60 1024 147 1058 Ἰησοῦ
171 1022 292 1058 Χριστοῦ
315 1020 360 1047 καὶ
392 1018 484 1046 εἰκόνα
506 1019 556 1053 τῆς
582 1017 729 1056 ὑπεραγίας
745 1017 889 1045 Θεοτόκου·

59 1068 87 1098 ὃς
111 1065 252 1101 ἀπελθὼν,
277 1065 321 1092 καὶ
347 1064 446 1101 ὅρκους
469 1065 510 1100 τῷ
535 1061 731 1098 Κωνσταντίνῳ
757 1060 821 1092 δοὺς
845 1058 890 1088 καὶ

59 1109 160 1147 λαϐὼν,
185 1108 298 1148 ἔρχεται
328 1109 385 1146 μετ’
410 1108 492 1136 αὐτοῦ
517 1107 557 1139 εἷς
579 1108 611 1134 τὸ
641 1106 798 1142 Βυζάντιον.
825 1105 891 1134 Ἑλ-

59 1157 137 1188 θόντα
162 1153 190 1182 δὲ
215 1155 314 1182 τοῦτον
339 1152 513 1192 φιλοφρόνως
537 1152 551 1179 ὁ
578 1150 706 1189 βασιλεὺς
730 1149 888 1185 ὑπεδέξατο,

58 1201 100 1227 καὶ
115 1199 268 1227 ἀνθύπατον
293 1199 412 1235 τιμήσας
435 1197 480 1224 καὶ
508 1195 609 1234 δώροις
635 1196 773 1234 μεγίστοις
795 1194 888 1230 δεξιω-

59 1245 171 1280 σάμενος
197 1243 301 1274 ἀνέτως
327 1242 372 1270 καὶ
388 1241 475 1273 ἀδεῶς
500 1241 647 1279 προσέταξε
671 1239 772 1277 διάγειν
795 1239 823 1266 ἑν
849 1241 890 1275 τῷ

60 1287 113 1316 ὄντι
128 1289 196 1316 κατὰ
213 1289 247 1316 τὰ
263 1287 350 1324 Κύρου
367 1286 436 1323 οἷ’κῳ
451 1286 545 1314 αὐτοῦ.

93 1333 190 1370 Τούτῳ
202 1335 244 1368 τῷ
266 1332 361 1370 χρόνῳ
382 1331 428 1358 καὶ
444 1330 514 1358 ἄλλο
537 1341 563 1358 τι
580 1326 675 1364 συνέϐη
692 1328 887 1368 ἀξιαφήγητον.

61 1380 116 1406 Τῶν
131 1377 169 1409 εἰς
194 1375 418 1415 παραχειμασίαν
444 1375 470 1403 ἐν
485 1377 524 1411 τῷ
549 1375 644 1411 θὲμαιι
661 1376 713 1401 τῶν
730 1373 890 1410 Θρᾳκησίων

65 1421 266 1461 διεσπαρμένων
298 1421 446 1458 Βαράγγων
472 1421 529 1456 (98)
545 1419 658 1457 γυναῖκά
683 1429 724 1450 τις
750 1418 887 1455 ἐγχωρίαν

65 1468 147 1505 εὑρὼν
173 1466 218 1494 ἐπ’
242 1465 356 1504 ἐρημίας
381 1465 545 1502 ἀπεπειρᾶτο
568 1467 618 1499 τῆς
643 1462 821 1500 σωφροσύνης
841 1461 889 1489 αὐ-

63 1515 119 1547 τῆς·
136 1512 172 1543 ὡς
187 1510 219 1539 δὲ
233 1511 285 1538 οὐκ
308 1507 408 1546 ἔπειθε,
424 1509 469 1537 καὶ
486 1509 546 1547 βίαν
559 1507 613 1543 ἤδη
640 1508 749 1546 ἐπῆγεν,
766 1507 783 1542 ἡ
800 1505 829 1534 δὶ
843 1507 888 1534 τὸν

63 1556 185 1590 ἀκινάκην
214 1556 270 1592 (99)
301 1555 459 1590 σπασαμένη
484 1552 597 1592 τάνδρὸς
626 1552 698 1580 παίει
726 1552 794 1579 κατὰ
822 1561 887 1589 καρ-

63 1599 119 1632 δίας
132 1601 177 1628 τὸν
213 1597 348 1638 βάρϐαρον
374 1598 418 1626 καὶ
443 1598 522 1630 εὐθὺς
545 1599 658 1635 ἀναιρεῖ.
685 1599 738 1624 Τοῦ
761 1595 789 1624 δὲ
805 1594 887 1634 ἔργου

977 572 1116 598 Cmtcrum
1141 571 1330 606 Dalassenus,
1346 571 1489 608 Ergodata
1511 572 1547 600 ad
1571 580 1602 600 se
1624 572 1768 600 veniente.

942 615 1060 643 credere
1075 617 1138 651 ejus
1150 616 1344 651 jurejurando
1360 618 1388 644 et
1404 625 1462 644 una
1483 617 1655 652 Byzantium
1671 616 1769 645 venire

943 659 1038 687 noluit
1053 668 1059 687 ε
1077 661 1126 688 sed
1143 661 1301 695 quemdam
1319 669 1440 688 suorum
1455 661 1661 689 ﬁdelissimum
1676 661 1767 692 misit,

943 712 993 740 per
1008 712 1093 740 quem
1111 705 1307 733 salictioribus
1319 705 1375 732 sibi
1388 706 1565 740 juramentis
1575 705 1670 733 caveri
1687 708 1766 742 pete«

943 748 1002 781 bat,
1017 757 1109 784 coque
1126 750 1201 777 facto
1218 752 1373 777 venturum
1387 758 1418 777 se
1431 751 1630 786 promittebat.
1644 750 1768 778 Mittitur

943 792 1034 828 igitur
1049 794 1084 821 ad
1103 794 1294 822 Dnlassenum
1310 794 1520 822 Constantinus
1537 794 1691 830 Phagitzes
1715 803 1766 822 eu-

943 837 1058 865 nuchus
1083 838 1238 875 Paphlago,
1266 839 1421 866 familiaris
1445 839 1641 875 imperatoris,
1666 848 1766 867 secum

944 882 1040 910 ferens
1054 883 1221 911 veneranda
1244 883 1340 911 crucis
1359 883 1449 920 ligna,
1465 886 1494 912 et
1519 883 1642 912 linteum
1657 883 1766 911 Christi

944 927 1103 963 imaginem
1120 927 1232 956 habens
1247 936 1428 964 expressam,
1443 937 1477 956 ac
1497 928 1652 964 epistolam
1668 930 1768 956 Servu-

946 972 1017 999 toris
1035 980 1122 1000 manu
1147 973 1183 1000 ad
1209 974 1354 1009 Augnrum
1378 973 1528 1009 scriptam,
1553 981 1586 1002 ac
1609 973 1767 1009 imaginem

947 1017 1085 1053 Deiparae.
1103 1017 1130 1045 ls
1147 1017 1216 1045 data
1229 1020 1405 1054 acceptaque
1416 1018 1473 1046 fide
1489 1017 1680 1046 Dalassenum
1697 1018 1769 1054 Cpo-

945 1061 987 1089 lin
1004 1070 1105 1090 secum
1131 1062 1274 1098 perducit.
1298 1062 1469 1090 Venientem
1494 1063 1653 1098 imperator
1675 1062 1769 1090 amice

945 1106 1068 1142 excepit,
1086 1107 1271 1142 proconsulis
1287 1107 1396 1135 honore
1411 1107 1548 1142 dignatus
1564 1109 1619 1142 est,
1636 1115 1669 1135 ac
1684 1107 1769 1135 donis

946 1150 1140 1187 amplissimis
1155 1151 1262 1185 all‘ecit,
1274 1152 1424 1188 jnssitque
1435 1151 1525 1180 libere
1535 1154 1563 1180 et
1577 1152 1690 1188 absque
1706 1160 1768 1180 me-

944 1197 976 1224 tu
994 1195 1022 1223 in
1038 1196 1125 1224 domo
1141 1196 1245 1232 ipsius,
1261 1205 1326 1232 quas
1341 1199 1405 1224 erat
1419 1197 1455 1224 ad
1471 1196 1549 1233 Cyri,
1564 1197 1678 1233 degere.

980 1329 1089 1357 Accidit
1111 1338 1144 1357 eo
1168 1331 1300 1365 tempore
1323 1330 1402 1358 aliud
1427 1330 1580 1366 quidpiam
1605 1333 1769 1359 memoratu

943 1374 1076 1409 dignum.
1093 1375 1292 1410 Barangorum
1305 1383 1356 1410 per
1367 1375 1545 1411 provinciam
1556 1375 1769 1404 Thracensium

945 1419 974 1446 in
990 1419 1113 1446 hiberna
1128 1419 1327 1454 dispersorum
1347 1420 1470 1456 quidam
1486 1418 1640 1448 mulierem
1656 1420 1771 1457 indige-

944 1473 1012 1492 nam
1023 1464 1115 1492 solam
1127 1467 1231 1492 nactus
1240 1465 1275 1492 de
1285 1467 1388 1501 stupro
1398 1464 1567 1501 appellavit,
1579 1473 1612 1493 ac
1623 1466 1770 1494 recusanti

943 1509 1000 1536 vim
1016 1509 1124 1536 inferre
1139 1516 1297 1545 aggressus
1321 1512 1375 1537 est.
1401 1510 1440 1537 Ea
1465 1510 1622 1538 barbarum
1639 1513 1772 1546 correpto

943 1553 997 1580 viri
1013 1553 1130 1581 acinace
1143 1553 1173 1580 in
1189 1561 1239 1581 cor
1255 1553 1320 1582 ferit
1334 1562 1367 1582 ac
1379 1554 1479 1582 statim
1491 1555 1568 1583 509
1585 1559 1678 1583 necat.
1690 1556 1771 1588 Quod

944 1598 1053 1626 factum
1069 1606 1136 1626 cum
1146 1606 1198 1634 per
1206 1598 1342 1626 viciniam
1352 1599 1540 1632 innotuisset,
1551 1599 1664 1628 coivere
1675 1599 1773 1628 caeteri

67 1633 235 1677 διαδοθέντος
249 1633 280 1671 ’ὲν
361 1643 512 1681 περιχώρῳ
537 1633 771 1680 συναθροισθέντες
792 1642 818 1668 οἱ
835 1633 885 1669 Βά-

969 1643 1078 1679 urangi,
1095 1645 1123 1670 et
1149 1642 1302 1671 mulierem
1329 1651 1513 1678 coronavere,
1530 1644 1668 1672 omnibus
1683 1644 1771 1672 etiam

63 1700 154 1727 ραγγοι
181 1690 235 1723 τήν
261 1699 290 1716 τε
317 1690 429 1726 γυναῖκα
459 1689 637 1726 στεφανοῦσι,
668 1685 788 1717 διδόντες
818 1685 886 1722 αὖτῇ

62 1734 103 1761 καὶ
118 1735 167 1769 τὴν
182 1734 289 1761 ἅπασαν
305 1733 400 1761 οὐσίαν
424 1734 473 1760 τοῦ
490 1732 614 1769 βιαστοῦ,
635 1731 758 1758 κάκεῖνον
785 1729 885 1769 ἄταφον

63 1778 183 1817 ῥίπτουσι
200 1779 270 1806 κατὰ
294 1777 340 1805 τὸν
364 1779 418 1804 τῶν
447 1777 614 1814 βιοθανάτων
638 1775 721 1812 νόμον
744 1776 792 1811 (1).
808 1775 845 1801 Τὰ
858 1773 887 1802 δὲ

62 1826 109 1858 τῆς
124 1821 235 1861 ἀκρίδπ
260 1820 437 1860 στρατόπεδα,
454 1821 492 1853 ὡς
516 1819 571 1856 ἤδη
597 1819 742 1858 φθάσαντες
763 1818 886 1856 εἷ’πομεν,

62 1868 126 1896 κατᾶ
147 1869 197 1903 τήν
228 1867 255 1895 ιν
285 1866 483 1902 Ἑλλησπόντῳ
513 1864 660 1904 αἰγιαλῖτιν
687 1865 800 1902 ψάμμον
829 1863 886 1891 δια-

64 1912 194 1951 φθαρέντα
219 1912 296 1944 αὖθις
321 1910 423 1949 ἀνεφύη
448 1910 611 1946 αὐτομάτως
626 1909 670 1937 καὶ
687 1910 737 1944 τήν
753 1907 886 1946 παράλιον

62 1961 108 1992 τῆς
131 1956 341 1992 Ἑλλησπόντου
367 1954 449 1982 πάλιν
477 1954 660 1991 κατέμαρπτε,
688 1954 731 1981 καὶ
758 1953 802 1980 ἐπὶ
826 1963 886 1990 τρι-

63 2002 131 2029 ετίαν
157 2001 227 2036 ὅλην
253 2000 387 2032 διετέλεσε
410 1999 569 2037 κεραΐζοντα
591 1999 623 2027 τὸ
649 1998 718 2035 θὲμα
742 2000 795 2025 τῶν
818 2001 887 2034 Θρᾳ-

62 2042 172 2081 κησίὼν,
194 2045 239 2073 καὶ
265 2044 291 2072 ἐν
313 2045 451 2082 Περγάμῳ
475 2043 607 2082 γενόμενα
624 2042 765 2082 διεφθάρη,
793 2043 886 2069 θεασα-

64 2091 141 2126 μένου
157 2089 185 2118 δὲ
200 2100 274 2122 τινος
287 2087 419 2128 πρότερον
435 2090 490 2116 τῶν
507 2090 548 2125 [Ρ.
569 2089 633 2125 736]
658 2087 887 2123 ὑπηρετουμένων

61 2138 97 2171 τῷ
112 2135 255 2171 ὲπισκόπῳ
272 2133 359 2170 θέαμα
382 2133 432 2161 οὐκ
457 2131 520 2170 ὄναρ
545 2132 608 2160 ἀλλ’
629 2131 698 2169 ὕπαρ
713 2133 764 2168 (2).
780 2130 887 2160 Ἐδόκει

63 2180 110 2218 γὰρ
137 2180 203 2218 ὸρᾷν
228 2178 358 2216 εὐνοῦχόν
385 2188 447 2206 τινα
469 2177 646 2215 λευχείμονα,
675 2176 890 2214 ἐξαστράπτοντα

62 2225 108 2258 τήν
128 2224 248 2262 μορφήν.
278 2223 325 2251 Καὶ
353 2222 384 2254 ’ὸς
406 2224 490 2260 τριῶν
514 2221 717 2260 παρακειμίνων
735 2220 886 2258 ἔμπροσθεν

63 2268 141 2296 αὐτοῦ
170 2268 276 2296 σάκκων
304 2267 383 2295 λῦσαι
413 2267 589 2304 προσετάχθη
618 2266 663 2293 τὸν
691 2264 738 2293 ἕνα
765 2265 810 2293 καὶ
841 2275 885 2292 κε-

941 1687 1026 1716 bonis
1042 1688 1106 1723 ejus
1121 1688 1173 1723 qui
1195 1687 1289 1724 ipsum
1315 1688 1447 1716 voluerat
1471 1688 1578 1716 violare
1601 1689 1740 1717 donatam
1758 1697 1765 1717 :

941 1732 1039 1768 ipsum
1057 1734 1155 1760 autem
1174 1731 1356 1768 insepultum
1382 1733 1563 1768 abjecerunt,
1580 1735 1613 1761 ut
1628 1733 1673 1762 lex
1686 1733 1774 1769 jubet

941 1785 991 1805 eos
1006 1776 1055 1812 qui
1072 1777 1128 1804 sibi
1145 1779 1268 1805 mortem
1281 1777 1494 1805 consciverunt.
1506 1778 1622 1806 Interim
1634 1778 1770 1806 examina

942 1821 1124 1849 locustarum
1140 1829 1204 1857 qua:
1220 1830 1270 1857 per
1285 1821 1466 1858 Hellesponti
1491 1830 1609 1850 arenam
1626 1823 1655 1850 in
1671 1823 1769 1850 littore

943 1866 1032 1893 sitam
1049 1866 1182 1901 dispersa
1198 1866 1320 1902 periisse
1343 1867 1510 1901 docuimus,
1527 1869 1631 1903 sponte
1655 1876 1709 1895 sua
1725 1876 1770 1895 re-

941 1910 1076 1938 vixerunt
1091 1912 1120 1939 et
1129 1911 1228 1938 omnia
1240 1910 1419 1947 Hellesponti
1430 1911 1627 1945 infestarunt;
1643 1919 1770 1948 cumque

943 1955 1122 1991 provinciam
1144 1955 1340 1983 Thracensem
1365 1963 1416 1991 per
1437 1956 1582 1992 integrum
1609 1956 1769 1984 triennium

943 1999 1081 2036 populata
1095 2002 1204 2035 essent,
1219 2000 1297 2036 apud
1315 2002 1489 2035 Pergamum
1505 2001 1664 2036 perierunt.
1681 2002 1768 2029 Ante-

943 2053 1031 2080 quam
1050 2045 1076 2072 id
1095 2045 1188 2078 fieret,
1205 2044 1321 2072 cuidam
1347 2045 1382 2072 de
1410 2045 1554 2073 ministris
1578 2046 1708 2082 episcopi
1724 2046 1769 2073 in-

943 2089 1086 2117 somnium
1108 2089 1240 2117 oblatum
1268 2090 1372 2122 fuerat,
1389 2098 1511 2126 prorsus
1536 2098 1596 2118 rem
1613 2091 1706 2126 ipsam
1725 2099 1768 2118 re-

943 2135 1132 2169 praesentans.
1163 2134 1250 2162 Visus
1279 2136 1341 2161 erat
1379 2134 1436 2162 sibi
1472 2134 1570 2162 videre
1597 2135 1765 2162 eunuchum

942 2178 1100 2213 quemdam
1113 2177 1187 2205 albis
1197 2178 1329 2205 vestibus
1338 2178 1489 2214 amictum,
1498 2179 1592 2206 forma
1601 2178 1766 2214 elfulgcnte,

942 2223 992 2258 qui
1008 2223 1103 2251 tribus
1114 2223 1169 2258 ipsi
1186 2223 1330 2259 appositis
1339 2223 1432 2252 saccis
1441 2224 1543 2252 ordine
1551 2232 1601 2252 eos
1613 2224 1768 2259 juberetur

942 2267 1055 2303 aperire
1070 2275 1103 2295 ac
1119 2275 1269 2296 evacuare.
1295 2268 1425 2303 Cumque
1440 2268 1470 2296 id
1493 2268 1611 2303 faceret,
1632 2276 1647 2296 ο
1671 2269 1766 2304 primo

65 2315 155 2348 νῶσαι,
181 2314 237 2341 εἶτα
259 2312 305 2340 τὸν
329 2311 452 2350 δεύτερον
478 2311 522 2339 καὶ
543 2311 637 2350 ἑφεξῆς
652 2311 698 2338 τὸν
718 2310 820 2349 τρίτον.
834 2312 885 2337 Τοῦ

971 2320 998 2339 m
1015 2314 1196 2348 serpentum,
1211 2312 1378 2348 viperarum
1388 2315 1416 2340 et
1424 2312 1611 2348 scorpionum
1623 2313 1766 2349 erupisse,

65 2356 92 2386 δὲ
105 2359 142 2390 ὡς
156 2356 299 2393 ἐκελεύσθη
315 2357 493 2392 ποιήσαντος,
510 2356 524 2384 ὁ
541 2356 588 2392 μὲν
610 2357 718 2392 πρῶτος
744 2353 818 2394 ὄφεις
840 2355 884 2382 καὶ

66 2401 173 2440 ἱχίδνας
188 2402 233 2429 καὶ
258 2400 406 2439 σκορπίους
432 2397 582 2438 ἐξὲϐρασεν,
598 2399 612 2427 ὀ
629 2399 658 2427 δὲ
679 2398 802 2437 δεύτερος
817 2399 884 2438 φρύ-

940 2364 975 2384 ex
985 2356 1076 2384 altero
1093 2357 1223 2390 rubetas,
1239 2357 1535 2393 aspides,basiliscos,
1551 2359 1680 2386 cerastes
1695 2360 1724 2385 et
1737 2366 1766 2385 a-

939 2401 995 2430 lius
1007 2404 1162 2430 venenatas
1171 2401 1290 2436 bestias,
1300 2410 1334 2430 ex
1345 2401 1429 2429 tertio
1439 2402 1636 2436 cantharides,
1644 2402 1765 2436 culices,

65 2457 123 2478 νους
145 2446 190 2474 καὶ
215 2445 328 2477 ἀσπίδας
353 2445 398 2473 καὶ
424 2444 598 2484 βασιλίσκους
623 2443 668 2472 καὶ
692 2444 821 2480 κεράστας
840 2446 885 2472 καί

969 2454 1043 2482 espas
1059 2445 1171 2481 aliaque
1187 2445 1320 2474 aculeata
1335 2445 1482 2474 animalia.
1495 2446 1555 2474 Sibi
1566 2455 1634 2475 cum
1645 2447 1681 2475 ad
1696 2454 1765 2483 spe-

63 2489 137 2529 ’ἑτερα
152 2489 262 2526 ἱοϐόλα,
277 2491 292 2519 ὁ
308 2489 336 2518 δὶ
359 2489 452 2528 τρίτος
474 2490 626 2528 κανθάρους
647 2489 691 2516 καὶ
714 2491 825 2521 σκνῖπας
840 2489 884 2516 καὶ

941 2490 1089 2519 ctaculum
1113 2491 1322 2525 obmutuisset,
1339 2491 1528 2527 splendidum
1554 2492 1645 2520 istum
1669 2491 1763 2520 virum

654 2570 843 2598 XYLANDRI
863 2571 909 2598 ET
929 2571 1038 2599 GOARI
1058 2571 1172 2599 ΝΟΤιΕ.

99 2635 153 2677 (98)
168 2637 208 2664 Ex
223 2635 364 2677 Choniata
376 2636 496 2677 apparet
507 2634 561 2677 bos
573 2634 663 2677 fixisse
680 2634 825 2677 satellites
833 2643 884 2677 seu

976 2635 1014 2670 (1)
1031 2634 1121 2674 νρείιίι,
1138 2635 1186 2670 qui
1198 2639 1315 2674 _m_0rtem
1336 2636 1390 2664 sibi
1412 2638 1595 2674 consciscunt,
1611 2637 1689 2674 quod
1706 2645 1764 2666 non

66 2670 217 2707 stipatores
232 2670 423 2708 imperatoris
433 2671 463 2698 in
479 2671 886 2708 bello,_bipennit‘eros.rUnde
940 2670 1163 2708 putoqormnibus
1179 2671 1303 2700 violenta
1315 2675 1406 2700 morte
1419 2674 1570 2701 exstinctis
1583 2670 1656 2701 hanc
1673 2673 1764 2702 fuisse

67 2709 94 2748 et
106 2706 162 2748 qui
172 2706 285 2748 fuerint
295 2707 452 2748 nescire-se
467 2709 518 2748 aut
535 2706 642 2748 saltem
660 2707 797 2748 explicari
811 2707 885 2748 velle

941 2706 1134 2734 conditionem
1152 2708 1316 2742 impositam
1331 2717 1337 2741 ;
1355 2709 1404 2736 sed
1421 2709 1469 2736 illc
1484 2709 1538 2737 sibi
1554 2710 1674 2737 exitium
1689 2710 1754 2738 asci-

68 2742 201 2772 librarius
217 2743 342 2772 ostendit
366 2742 450 2771 initio
466 2742 635 2779 Stratiotici,
651 2742 700 2771 ubi
717 2751 818 2771 eorum
832 2743 887 2772 fuit
938 2746 1029 2770 verat.
1047 2742 1115 2769 XYL.

69 2780 185 2807 mentio.
201 2779 266 2807 XYL.

101 2815 156 2852 (99)
171 2815 259 2844 Suine
274 2814 372 2843 mariti
388 2822 424 2844 an
439 2814 564 2851 Βενεοεί
575 2814 589 2841 ?
605 2814 670 2842 Χγι..

976 2779 1014 2814 (2)
1030 2778 1067 2806 Ex
1084 2778 1200 2806 Homeri
1216 2779 1319 2815 Odyss.
1335 2779 1367 2814 T,
1383 2780 1446 2808 549.
1464 2782 1534 2808 Χνι.
