1919 3048
57 122 125 152 249

639 121 910 153 HlSTORIARUM
933 122 1205 153 COMPENDIUM.

1716 121 1776 152 250

56 186 181 215 σκόπου.
211 185 285 214 ἀλλὰ
315 187 380 225 βοῦν
404 186 522 226 άφωνίας
538 187 582 215 ἐπὶ
595 189 630 225 τῇ
649 187 761 226 γλώσσῃ
791 187 890 226 φέρων.

995 189 1053 216 sset
1069 196 1176 224 magna
1189 189 1217 216 et
1231 188 1299 216 totis
1316 196 1365 216 sex
1377 187 1528 216 mensibus
1544 196 1601 215 non
1618 188 1775 224 potuisset,

57 231 184 270 Αὖχμοῦ
215 230 244 259 δὲ
273 232 422 269 γενομένου
448 233 486 263 ὡς
511 232 553 260 ἐπὶ
585 236 672 270 μῆνας
688 232 771 263 ὅλους
797 231 824 267 ἓξ
857 232 894 269 μὴ

54 276 271 315 καταῤῥαγῆναι
301 277 397 311 ὑετὸν,
438 276 572 305 λιτανείαν
605 277 767 313 ἐποιήσαντο
796 277 823 304 οἱ
847 275 895 303 τοῦ

57 320 204 359 βασιλέως
229 320 353 360 ἀδελφοὶ,
371 321 385 348 ὁ
403 322 450 358 μὲν
475 321 601 358 Ἰωάννης
619 321 758 360 βαστάζων
772 321 804 349 τὸ
819 321 894 360 ἅγιον

55 363 215 401 μανδύλιον
231 366 282 402 (5),
299 365 313 392 ὁ
341 365 424 402 μέγας
441 363 601 402 δομέστικος
624 366 664 402 (6)
692 366 741 399 τὴν
756 365 823 402 πρὸς
840 363 895 393 Αὕ-

54 419 148 448 γαρον
166 408 316 444 ἒπιστολήν
331 410 371 446 (7)
385 412 434 437 τοῦ
449 410 567 447 Χριστοῦ
589 410 634 437 καὶ
664 410 677 437 ὁ
693 407 896 444 πρωτοϐεστιά-

55 464 108 491 ρος
140 454 176 482 τὰ
203 454 268 492 ἅγια
304 455 452 492 σπάργανα’
481 455 524 482 καὶ
556 456 625 489 πεζῇ
655 453 812 485 ὁδεύσαντες
842 453 895 481 ἀπὸ

54 501 108 527 τοῦ
127 498 254 536 μεγάλου
282 497 419 526 παλατίου
441 498 572 538 ἀφίκοντο
596 497 662 536 ἄχρι
689 500 738 526 τοῦ
753 500 816 526 ναοῦ
844 501 894 532 τῆς

54 543 212 582 ὁπεραγίας
251 542 384 571 Θεοτόκου
420 545 474 571 τῶν
504 542 681 581 Βλαχερνῶν.
707 543 836 578 Ἐποίησε
866 542 895 570 δὲ

54 588 104 616 καὶ
138 589 231 626 ἑτέραν
263 587 344 623 λιτὴν
371 590 412 623 (8)
441 588 455 616 ὁ
471 589 644 626 πατριάρχης
669 587 715 615 συν
731 590 771 624 τῷ
785 586 892 625 κλήρῳ.

54 633 98 661 Οὑ
127 633 213 670 μόνον
231 631 258 660 δὲ
284 632 333 660 οὐκ
356 630 472 671 ἔϐρεξεν,
498 632 572 660 ἀλλά
587 633 632 660 καὶ
647 632 756 670 χάλαζα
781 643 894 669 παμμε-

52 678 144 715 γέθης
168 677 368 716 καταρραγεῖσα
394 678 536 716 συνέτριψε
563 678 596 705 τὰ
637 676 732 715 δένδρα
760 677 804 704 καὶ
831 688 895 708 τους

53 722 204 759 κεράμους
217 726 267 757 τῆς
284 722 402 754 πόλεως.
424 721 564 753 Σιτοδείας
580 721 609 750 δὶ
632 722 823 760 κατασχούσης
843 722 894 756 τήν

951 232 1147 269 supplicatum
1156 235 1199 261 est
1208 242 1224 261 ιι
1234 233 1374 261 fratribus
1383 232 1578 269 imperatoris,
1591 233 1776 269 gestantibus

949 279 1061 306 Joanne
1084 286 1199 306 sacrum
1225 277 1409 314 mandylium
1436 277 1496 305 sive
1519 277 1653 312 linteum,
1670 286 1776 313 magno

951 322 1110 350 domestico
1125 322 1278 358 epistolam
1296 322 1402 350 Christi
1418 322 1452 350 ad
1468 323 1629 358 Augarum,
1648 324 1777 358 protove‘

950 366 1051 394 stiario
1068 366 1190 403 Georgio
1205 375 1304 395 sacras
1315 375 1457 394 cunarum
1470 366 1591 400 fascias;
1603 366 1776 402 peditesque

950 414 1156 447 processerunt
1171 420 1188 439 ει
1203 420 1309 449 magno
1318 411 1425 448 palatio
1437 419 1531 447 usque
1547 411 1582 439 ad
1598 410 1697 438 fanum
1710 410 1776 438 Dei-

950 464 1027 492 paras
1038 456 1263 485 Blachernense.
1274 457 1361 484 Aliud
1375 465 1491 493 quoque
1502 455 1680 492 supplicium
1692 464 1709 484 a
1723 464 1774 492 pa-

949 501 1078 528 triarcha
1096 503 1245 537 peractum
1271 505 1299 530 et
1323 501 1409 530 clero.
1424 502 1479 529 Sed
1503 509 1561 529 non
1578 502 1694 528 tantum
1717 509 1774 528 non

949 545 1034 581 pluit,
1051 554 1151 574 verum
1168 548 1196 574 et
1211 546 1322 582 grando
1338 546 1441 582 ingens
1453 545 1549 573 delata
1563 546 1682 573 arbores
1698 553 1777 573 com-

950 589 1057 617 minuit
1072 592 1100 617 et
1115 590 1230 627 tegulas
1252 591 1406 618 domorum
1433 590 1525 618 urbis.
1543 590 1614 617 Cum
1632 591 1730 617 autem
1747 589 1776 617 in

950 635 1020 662 urbe
1045 634 1121 662 fame
1146 635 1341 671 laboraretur,
1366 635 1495 663 Joannes
1519 634 1582 662 suis
1606 633 1738 662 dimissis
1763 642 1779 661 c

950 678 1150 715 Peloponneso
1166 682 1195 707 et
1207 680 1316 707 Graecia
1333 679 1498 707 modiorum
1516 678 1656 706 frumenti
1671 678 1778 705 100000

951 724 1070 758 coemit,
1085 724 1180 760 iisque
1197 725 1321 752 miserisa
1337 724 1446 752 civium
1463 731 1546 759 opem
1563 723 1641 750 tulit.

55 765 146 793 πόλιν
163 766 327 797 ἀποστείλας
341 767 354 794 ὁ
371 767 501 802 Ἰωάννης
516 766 669 803 ἐξωνήσατο
686 767 739 794 ἀπὸ
755 766 965 802 Πελοποννήσου
979 767 1027 795 καῖ
1042 766 1174 799 Ἑλλάδος
1190 767 1267 795 σίτου
1281 767 1412 806 χιλιάδας
1434 768 1466 805 ρ’,
1481 767 1526 795 καὶ
1542 766 1575 795 δι’
1597 766 1687 794 αὐτῶν
1715 764 1778 796 τοὺς

57 810 184 842 πολίτας
199 811 423 849 παρεμυθήσατο.

94 857 142 892 [Ρ.
159 857 225 893 740]
241 857 285 884 Ἐν
317 854 345 883 δὲ
367 854 481 892 Σικελίᾳ
506 857 560 883 τῶν
577 855 625 884 δύο
645 855 780 896 ἀδελφῶν,
804 857 842 888 ὡς
857 856 894 885 εἶ’-

995 859 1018 886 ἷι]
1037 858 1135 887 Sicilia
1150 858 1276 894 duobus,
1288 858 1331 886 uti
1347 859 1457 886 dictum
1470 859 1524 892 est,
1535 857 1674 885 fratribus
1691 857 1778 886 dissi-

58 910 159 938 ρηται,
187 899 385 935 στασιαζόντων
402 901 446 928 καὶ
461 902 510 928 τοῦ
524 900 690 939 Ἀπολάφαρ
716 901 897 940 ὑπερισχύον-

62 955 127 981 τος,
157 942 251 982 ἕτερος
277 947 331 972 τῶν
362 943 486 984 ἀδελφῶν
516 945 562 973 τὸν
590 946 640 980 τῆς
657 946 789 984 Ἀφρικῆς
810 944 898 984 ἅμερα

65 989 163 1027 Οὕμερ
177 988 215 1020 εἷς
230 988 372 1027 συνεργίαν
390 988 477 1017 καλεῖ·
506 990 549 1018 καὶ
574 989 603 1021 ὅς
633 989 804 1028 ὑπισχνεῖται
830 1001 898 1027 συμ-

66 1034 222 1071 μαχήσειν,
257 1033 280 1061 εἰ
308 1033 472 1071 κατάσχεσιν
501 1034 528 1062 ἐν
556 1036 590 1072 τῇ
620 1035 697 1071 νήσῳ
725 1032 798 1073 λάϐῃ
826 1036 897 1064 τινά.

63 1077 223 1114 Προθῦμως
252 1077 281 1105 δὲ
310 1077 358 1106 τοῦ
387 1078 504 1106 Σικελοῦ
531 1079 743 1110 κατανεύσαντος
764 1079 801 1110 εἷς
817 1081 897 1107 τοῦτο

61 1122 231 1160 ἀφικνεῖται,
258 1122 303 1150 καὶ
332 1122 503 1158 συμπλακεὶς
532 1125 572 1159 τῷ
600 1122 759 1163 Ἀπολάφαρ
788 1122 826 1151 ἔτι
850 1123 897 1151 δυ-

65 1168 178 1204 νάμεως
192 1170 242 1202 τῆς
267 1167 334 1203 μετὰ
353 1169 402 1194 ἰοὖ
427 1167 572 1205 πατρικίου
600 1168 739 1206 Γεωργίου
771 1168 898 1206 ὑστερού-

70 1223 124 1247 σης
154 1213 203 1239 τοῦ
233 1212 360 1247 Μανιάκη
389 1215 440 1246 τῆς
469 1211 508 1243 εἷς
538 1213 698 1250 συμμαχίαν
716 1212 814 1240 τούτου
828 1224 899 1249 πεμ-

67 1255 196 1294 φθείσης,
220 1255 345 1294 τρέπεται
369 1258 465 1284 τοῦτον
492 1257 560 1284 κατὰ
587 1258 697 1294 κράτος.
727 1258 755 1284 ’0
778 1256 807 1284 δὶ
830 1257 899 1295 πρὸς

66 1301 113 1328 τὸν
146 1299 266 1338 ἄρχοντα
294 1298 493 1338 Λογγιόαρδίας
530 1302 691 1339 καταφυγὼν
725 1303 825 1329 Λέοντα
851 1302 897 1330 τὸν

68 1347 157 1373 Ὠπον
187 1343 247 1382 ᾔτει
276 1345 415 1383 βοήθειαν·
445 1345 490 1373 καὶ
519 1345 548 1377 ὅς
561 1346 594 1381 ἦν
611 1346 669 1384 εἶχε
684 1345 797 1383 δύναμιν
808 1346 837 1374 ἐκ
850 1348 898 1374 τοῦ

68 1389 248 1427 παρείκοντος
284 1389 458 1427 συναοροίσας
494 1393 655 1428 περαιοῦται
689 1391 728 1423 εἲς
759 1391 898 1426 Σικελίαν,

68 1434 115 1462 καὶ
131 1432 270 1466 πολλάκις
293 1432 441 1471 συμϐαλὼν
456 1437 496 1471 τῷ
509 1437 564 1462 τῶν
578 1437 691 1475 ’Ἀφρων
716 1436 831 1474 ἀρχηγῷ
853 1436 897 1463 καὶ

71 1479 261 1517 ὑπερτερήσας
299 1480 412 1516 ἀνέκοψε
448 1482 543 1508 τοῦτον
573 1484 623 1516 τῆς
651 1480 769 1519 ἀσχέτου
798 1481 898 1519 ὁρμῆς.

953 903 1102 937 dentibus,
1119 903 1299 939 Apolapharo
1316 905 1482 939 superante,
1495 902 1568 931 alter
1583 903 1682 930 Africa;
1698 910 1779 931 ame-

953 956 1015 976 ram
1028 948 1168 976 Umerum
1178 948 1207 975 in
1219 948 1359 975 auxilium
1369 949 1463 981 vocat,
1477 947 1555 983 quod
1567 947 1592 975 is
1603 947 1738 983 promisit
1746 955 1780 975 ea

953 992 1120 1020 conditione
1143 994 1177 1020 ut
1200 991 1256 1019 sibi
1279 991 1378 1028 aliqua
1401 992 1431 1019 in
1455 991 1554 1019 Sicilia
1578 991 1780 1027 assignaretur

954 1037 1110 1073 possessio.
1136 1037 1232 1073 Atque
1246 1036 1300 1064 hac
1315 1036 1483 1064 conditione
1506 1036 1630 1072 probata
1645 1035 1734 1070 venit,
1751 1038 1780 1063 et

954 1081 1053 1118 pretio
1067 1080 1138 1108 vicit
1162 1081 1390 1116 Apolapharum,
1408 1081 1484 1117 quod
1500 1081 1632 1108 nondum
1657 1082 1779 1108 venerat

953 1134 986 1154 eo
1008 1134 1074 1153 cum
1101 1125 1293 1154 auxiliaribus
1318 1126 1410 1162 copiis
1434 1126 1591 1154 Maniaces.
1616 1126 1718 1153 Victus
1742 1126 1776 1154 ad

954 1171 1028 1199 517
1050 1171 1172 1198 Leonem
1188 1173 1282 1207 Opum
1299 1171 1500 1207 Longibardiw
1513 1170 1666 1207 prasidem
1679 1170 1780 1198 confu-

954 1216 1005 1251 git,
1022 1215 1058 1243 ab
1073 1224 1165 1251 eoque
1176 1215 1317 1243 auxilium
1329 1216 1408 1252 petit.
1422 1216 1478 1243 Leo
1489 1215 1581 1251 copiis
1598 1216 1670 1248 suis,
1684 1223 1779 1250 quan-

955 1262 1016 1287 tum
1035 1268 1162 1295 presens
1177 1262 1292 1295 tempus
1304 1260 1423 1292 ferebat,
1436 1259 1593 1287 contractis
1608 1259 1637 1286 in
1650 1259 1777 1286 Siciliam

953 1304 1078 1339 trajecit,
1091 1313 1123 1332 ac
1139 1304 1246 1340 saepius
1258 1313 1323 1332 cum
1337 1306 1353 1330 Δ
1363 1305 1403 1332 fro
1415 1305 1488 1332 duce
1499 1304 1571 1331 inita
1583 1312 1680 1339 pugna
1692 1311 1780 1338 supe-

954 1349 1014 1376 rior
1028 1348 1173 1381 discessit,
1185 1348 1308 1384 ejusque
1322 1348 1509 1376 vehementes
1519 1348 1627 1375 retudit
1638 1348 1776 1382 impetus.

955 1394 1058 1421 Postea
1066 1393 1182 1429 cognito
1195 1393 1299 1420 fratres
1312 1401 1411 1428 pacem
1421 1401 1595 1428 componere
1606 1394 1635 1420 et
1646 1391 1779 1419 insidiari

954 1438 1106 1473 Romanis,
1120 1446 1223 1465 rursus
1232 1438 1259 1465 in
1273 1437 1385 1465 Italiam
1398 1437 1523 1473 trajecit,
1535 1436 1669 1464 abductis
1681 1444 1779 1464 secum

955 1483 1128 1510 leillibus
1139 1482 1337 1510 Romanorum
1347 1481 1533 1518 captivis,qui
1544 1481 1651 1509 deinde
1661 1482 1781 1509 domum

72 1525 140 1553 Εἶτα
157 1525 250 1562 μαθὼν
268 1524 305 1556 ὡς
320 1525 345 1552 o't
361 1524 477 1563 ἀδελφοὶ
502 1524 659 1553 σπένδονται
686 1527 731 1553 καὶ
753 1525 900 1563 μέλλουσιν

995 1527 1039 1555 eri
1056 1527 1215 1554 redierunt.
1239 1526 1478 1562 Carthaginensis
1493 1526 1618 1554 Umerus
1632 1527 1710 1553 metu
1726 1525 1783 1552 ho-

72 1570 218 1601 ὲνωθέντες
235 1569 372 1602 ἐπιθέσθαι
401 1570 558 1606 Ῥωπαῑοις,
584 1569 789 1607 διαπεραιοῦται
817 1571 899 1599 πάλιν

1001 1552 1039 1555 ,..
1244 1552 1476 1562 πηηοηηηη
1499 1552 1616 1554 eam",
1668 1552 1673 1553 ,

998 1580 1046 1599 um
1069 1571 1221 1606 liberatus,
1235 1571 1363 1599 Siciliam
1385 1579 1487 1599 secure
1510 1579 1543 1598 ac
1565 1578 1713 1598 summam
1732 1577 1784 1606 prr

72 1614 110 1646 εἷς
140 1614 270 1649 Ἰταλίαν,
303 1613 492 1652 αἰχμαλώτων
525 1615 669 1652 Ῥωμαίων
703 1616 768 1655 ἐμφὶ
794 1616 843 1646 τὰς
874 1616 902 1643 ιε’

958 1615 1106 1644 licentiam
1122 1616 1246 1644 vexavit.

72 1658 206 1697 χιλιάδας
222 1659 247 1686 ἐν
264 1661 323 1690 τοῖς
335 1658 446 1690 πλοίοις
463 1659 689 1688 συνεισελοόντων
705 1660 835 1697 αὐτῷκαὶ
859 1659 1033 1692 ἀπελθόντων
1057 1659 1094 1691 εἷς
1117 1659 1233 1688 Ἰταλίαν
1258 1660 1301 1687 καὶ
1327 1659 1403 1691 αὖθις
1428 1658 1520 1687 σ’ίκαδε
1546 1657 1779 1696 διαπερασάντων.

71 1703 178 1735 Ἀδείας
198 1703 244 1731 οὖν
259 1702 425 1742 δραξάμενος
441 1705 454 1732 ὁ
470 1703 660 1743 Καρχηδόνιος
675 1705 794 1733 ἐπέκειτο
809 1708 844 1743 τῇ
862 1704 973 1742 Σικελίᾳ
985 1705 1109 1733 καὶκατᾶ
1123 1704 1232 1740 πολλὴν
1249 1704 1339 1733 ἄδειαν
1357 1706 1440 1739 αὐτὴν
1458 1704 1587 1742 ἐκεράϊζε.
1610 1704 1659 1732 Καὶ
1675 1703 1708 1731 τά
1736 1704 1783 1741 μὲν

71 1749 141 1777 κατὰ
155 1748 282 1776 Σικελίαν
299 1749 370 1787 εἶχεν
385 1748 482 1781 οὕτως.

107 1793 252 1825 Ἕκτόπως
282 1793 311 1821 δὲ
334 1796 383 1822 τοῦ
399 1794 524 1822 Ἰωάννου
549 1796 598 1822 τοῦ
627 1794 723 1831 θρόνου
751 1796 800 1822 τοῦ
826 1798 902 1822 Κων-

73 1838 326 1870 σταντινουπόλεως
355 1838 490 1877 ἐρῶντος,
518 1841 783 1878 κοινοπραγήσαντες
811 1841 825 1868 ὁ
852 1844 903 1876 τῆς

73 1884 193 1919 Κυζίκου
221 1884 405 1921 Δημήτριος,
441 1884 587 1915 ’Δντώνιος
621 1885 636 1911 ὁ
664 1883 858 1921 Νίκομηδείας,
888 1885 902 1912 ὁ

74 1933 124 1964 τῆς
155 1927 240 1964 Σίδης
267 1929 313 1956 καὶ
340 1927 475 1966 Ἀγκύρας
504 1929 530 1955 οἱ
546 1927 711 1968 αὐτάδελφοι
741 1929 786 1957 σὺν
804 1928 902 1960 ἄλλοις

76 1972 296 2011 μητροπολίταις
326 1970 523 2001 ἆϐουλιύσαντο
551 1975 600 2000 τοῦ
629 1974 726 2011 θρόνου
741 1977 900 2012 καταγαγεῖν

73 2019 119 2047 τὸν
146 2017 268 2053 Ἀλέξων
296 2018 340 2045 καὶ
367 2017 423 2045 ἀντ’
446 2018 530 2046 αὐτοῦ
544 2018 591 2045 τὸν
621 2017 750 2054 Ἰωάννην
763 2021 802 2055 τῷ
815 2018 903 2056 Θρόνῳ

74 2063 298 2102 ἐγκαταστῆσαι.
338 2062 410 2100 Πρὸς
449 2063 495 2090 οὕν
535 2061 656 2098 ’Δλέξιος
687 2063 701 2090 ὁ
729 2063 902 2101 πατριάρχης

75 2107 141 2146 μετὰ
168 2109 218 2134 τοῦ
249 2106 348 2135 λοιποῦ
380 2107 480 2145 μέρους
499 2110 549 2142 τῆς
579 2106 742 2143 Ἐκκλησίας
760 2107 903 2144 μηνύματα

73 2152 217 2190 ἐκπέμπει,
245 2150 393 2188 δηλοῦντα·
424 2163 438 2178 α
463 2151 588 2188 Ἐπειδὴ,
616 2152 652 2183 ὥς
678 2163 753 2191 φατε,
771 2153 802 2180 οὐ
818 2153 903 2192 ψήφῳ

74 2198 240 2236 ἀρχιερέων,
260 2195 335 2224 ἀλλὰ
361 2196 505 2234 προστάξει
532 2195 677 2225 Βασιλείου
700 2199 748 2224 τοῦ
769 2197 902 2235 βασιλέως

75 2240 175 2278 ιπέὸην
213 2243 263 2269 τοῦ
300 2240 397 2279 θρόνου
434 2241 628 2276 ἀκανονίστως,
665 2243 904 2279 καθαιρεθήτωσαν

60 2286 120 2319 .οῧς
137 2286 335 2324 ἐχειροτόνησα
360 2285 566 2324 μητροπολίτας
597 2285 640 2314 ἐπὶ
664 2285 758 2314 ἕνδεκα
781 2287 849 2324 πρὸς
863 2289 903 2324 τῷ

76 2331 170 2369 ἡμίσει
200 2331 320 2368 χρόνους
347 2331 398 2366 τὴν
429 2330 595 2366 Ἐκκλησίαν
624 2330 724 2368 ἷθύνας,
741 2331 903 2368 ἀναθεματι-

77 2377 218 2411 σθήτωσαν
245 2373 275 2402 δὲ
301 2375 344 2402 καὶ
384 2374 429 2406 οὕς
456 2373 553 2412 ἔστεψα
580 2378 653 2414 τρεῖς
684 2375 804 2414 βασιλεῖς
820 2398 827 2411 ,
858 2377 902 2404 καὶ

78 2421 216 2458 ἐξίσταμαι
243 2421 283 2456 τῷ
300 2418 463 2457 βουλομένῳ
477 2423 526 2447 τοῦ
539 2420 646 2458 θρόνου.
665 2432 679 2446 n
708 2420 815 2457 Ταύτην
830 2419 905 2456 δεξά-

79 2476 153 2503 μενοι
190 2464 240 2499 τὴν
280 2463 409 2501 ἀγγελίαν
439 2465 465 2491 οἱ
492 2465 555 2503 περὶ
583 2465 631 2493 τὸν
660 2466 830 2502 Δημήτριον,
857 2465 901 2493 καὶ

75 2509 206 2548 αἰσχύνης
229 2509 275 2537 καὶ
292 2507 369 2540 δέους
386 2507 549 2544 πλησθέντες
564 2510 642 2547 (ἦσαν
670 2510 721 2548 γὰρ
736 2510 762 2537 οἱ
791 2509 903 2543 πλείους

994 1796 1114 1824 Interim
1128 1804 1194 1824 cum
1207 1795 1424 1832 patriarchatus
1436 1795 1579 1832 Cpolitani
1591 1803 1673 1823 amor
1684 1795 1784 1822 absur-

958 1841 1014 1868 dus
1029 1840 1173 1868 Joannem
1190 1839 1375 1876 imperatoris
1393 1839 1509 1866 fratrem
1520 1838 1654 1874 cepisset,
1663 1846 1693 1866 re
1708 1846 1784 1865 com-

959 1885 1108 1913 municata
1140 1885 1286 1921 episcopi,-
1311 1883 1474 1912 Demetrius
1506 1882 1608 1919 Cyzici,
1639 1882 1783 1910 Antonius

958 1929 1145 1963 Nicomediae,
1161 1929 1235 1957 Sidae
1251 1931 1280 1956 et
1295 1929 1412 1965 Ancyrae
1435 1929 1538 1955 fratres
1552 1927 1697 1964 germani,
1713 1935 1780 1954 cum

958 1974 1023 2002 aliis
1035 1973 1228 2009 metropolitis
1239 1972 1590 2001 consultaruntdeAlexio
1601 1971 1782 1999 deturbando

957 2019 1043 2055 eique
1058 2018 1231 2047 sufﬁciendo
1243 2018 1365 2046 Joanne.
1376 2018 1416 2045 Ad
1433 2025 1482 2045 eos
1491 2016 1609 2044 Alexius
1625 2018 1654 2044 et
1669 2016 1784 2051 reliqua

958 2063 1086 2092 ecclesias
1116 2071 1184 2099 pars
1212 2062 1324 2090 litteras
1354 2062 1435 2095 dant,
1466 2061 1521 2089 hoc
1549 2060 1751 2097 signiﬁcantes
1775 2069 1781 2088 :

958 2120 971 2134 (ι
989 2109 1120 2142 Quando,
1138 2109 1169 2135 ut
1184 2116 1233 2135 vos
1250 2107 1357 2140 dicitis,
1370 2115 1428 2134 non
1440 2105 1587 2141 suffragiis
1599 2105 1782 2142 pontiﬁcum,

958 2153 1008 2181 sed
1020 2154 1108 2189 jussu
1119 2151 1218 2180 Basilii
1231 2151 1418 2188 imperatoris
1427 2159 1479 2187 ego
1489 2150 1543 2179 hoc
1559 2150 1666 2178 solium
1679 2152 1781 2177 contra

958 2206 1085 2226 canones
1108 2197 1274 2230 conscendi,
1300 2197 1424 2232 agedum
1455 2203 1529 2231 quos
1558 2203 1611 2231 ego
1640 2194 1782 2222 constitui

958 2241 1157 2278 metropolitas
1169 2241 1230 2277 jam
1246 2249 1298 2277 per
1319 2241 1348 2268 Η
1378 2249 1471 2268 annos
1487 2248 1520 2268 ac
1535 2239 1604 2267 anni
1621 2238 1779 2267 semissum

960 2287 1118 2315 Ecclesiam
1134 2286 1313 2322 gubernans.
1323 2286 1526 2321 deponantur;
1543 2283 1700 2312 anathema
1711 2291 1783 2319 quo-

958 2341 1013 2368 que
1028 2331 1219 2359 obnuntietur
1242 2330 1337 2358 tribus
1362 2328 1590 2364 imperatoribus
1605 2327 1714 2364 quibus
1730 2335 1782 2363 ego

958 2384 1079 2405 coronas
1094 2375 1210 2411 imperii
1226 2375 1364 2410 imposui.
1384 2374 1432 2401 His
1449 2373 1531 2401 factis
1547 2373 1618 2400 cedo
1633 2371 1741 2400 solium
1756 2372 1781 2398 ri

958 2421 1007 2457 qui
1024 2420 1100 2449 518
1125 2420 1186 2448 vult
1213 2419 1377 2447 succedere.
1401 2429 1413 2444 υ
1440 2418 1499 2446 Ηοο
1524 2419 1641 2453 accepto
1666 2417 1782 2451 nuntio,

958 2465 1121 2493 Demetrius
1146 2473 1213 2492 cum
1238 2463 1325 2492 sociis
1351 2465 1430 2490 metu
1457 2463 1631 2499 pudoreque
1656 2461 1783 2493 confusi,

957 2510 1035 2547 quod
1051 2509 1183 2546 plerique
1199 2509 1234 2536 ab
1250 2509 1314 2545 ipso
1325 2510 1407 2536 erant
1422 2507 1520 2542 creati,
1537 2506 1612 2535 nihil
1628 2506 1782 2542 antiquius

672 2590 858 2618 XYLANDRI
878 2591 924 2619 ET
943 2589 1052 2619 GOARI
1071 2589 1188 2617 NOT/E.

109 2654 148 2691 (5)
172 2649 352 2694 natatum,
372 2652 460 2689 vulgo
488 2654 635 2694 sudarium
663 2655 791 2694 mentite:
812 2654 903 2694 Ι’λέγων

78 2690 214 2728 έκραγεῖον
243 2690 356 2728 vocavit
375 2696 478 2728 _nuper
501 2692 612 2728 auctor,
639 2699 665 2726 p.
692 2690 904 2728 735._Lexicon

79 2723 255 2762 srioriymum
278 2723 352 2752 bibl.
375 2723 444 2761 Reg.
474 2733 480 2752 :
513 2723 661 2762 μανδόλιόν
691 2725 904 2763 χειρόμακτρον.

79 2763 264 2834 ῦείδῗῬνίωο
280 2795 328 2823 hic
343 2794 373 2824 in
391 2797 508 2826 auctore
517 2797 634 2834 legitur,
652 2797 707 2826 sub
723 2805 780 2834 quo
796 2797 904 2826 milita-

960 2653 1031 2681 bant
1047 2653 1074 2680 et
1095 2651 1143 2680 alii
1168 2652 1221 2677 τῶν
1239 2649 1433 2684 Ἀνατολικῶν,
1458 2651 1511 2677 τῶν
1529 2650 1647 2676 Δυτικῶν
1671 2646 1715 2674 καὶ
1731 2649 1784 2675 τῶν

960 2687 1129 2726 Θρᾳκηγσίων.
1147 2688 1235 2715 ΟΟΑΒ.

996 2721 1032 2759 (7)
1045 2721 1227 2760 ’Ἰδιόγραφονς
1243 2723 1351 2760 Auctor
1365 2721 1436 2749 ibid.
1453 2721 1542 2760 Goan.

996 2755 1032 2798 (8)
1049 2755 1204 2798 Xyla'ndén
1220 2758 1355 2786 hmrctice
1376 2762 1406 2798 _el
1430 2758 1567 2798 ambigue
1590 2755 1756 2792 supplicium
1774 2763 1783 2781 :

960 2793 1044 2834 plane
1060 2793 1088 2824 et
1101 2794 1247 2824 catholicae
1261 2794 1469 2831 processionem.
1485 2793 1574 2821 Goas.
