1919 3048
139 87 196 117 25!

816 85 975 138 GEORGII
997 85 1168 117 CEDRENI

1796 85 1874 116 252

137 152 255 183 silentio
271 155 299 181 et
313 152 412 190 quiete
436 152 622 187 habuerunt;
639 154 668 180 et
683 152 746 188 ipse
768 151 896 179 Joannes
912 159 955 179 cu-

1094 151 1175 180 αὖτοῦ
1203 151 1465 190 χειροτονηθέντες),
1485 150 1639 187 ἠσπάσαντο
1655 151 1781 189 σιωπὴν,
1812 157 1871 184 καὶ

137 199 292 236 piditatem
308 197 363 226 soli
379 197 552 234 patriarchae
567 197 596 225 in
613 199 763 234 posterum
780 196 902 225 dimisit.

176 303 255 330 Anno
267 301 372 331 mnnni
387 301 469 334 6546,
481 301 640 329 indictione
651 301 678 334 6,
695 300 742 328 die
757 299 927 328 Novembris
937 300 965 333 2,

137 348 324 375 lerrzemotus
340 346 395 374 fuit
410 346 488 374 circa
503 346 606 373 horam
629 345 686 373 diei
705 345 863 379 decimam,
878 345 965 372 dura-

137 392 235 427 vitque
253 400 347 427 usque
363 391 399 418 ad
415 391 591 418 Januarium
617 398 759 417 mensem.
776 389 862 417 Fame
876 389 966 417 etiam

137 435 304 464 laboratum
317 437 361 462 est
375 443 426 471 per
438 434 606 470 Thraciam,
618 434 826 468 Macedoniam,
838 434 966 470 Strymo-

139 489 216 513 nem,
225 479 513 513 Thessalonicam,et
526 487 618 515 usque
631 478 824 507 Thessaliam.
836 481 965 514 Conque—

138 524 271 553 rentibus
283 527 381 552 autem
392 524 607 552 Thessalonica:
617 523 732 552 clericis
743 524 778 551 de
787 524 964 559 Theophane

139 569 337 605 metropolita,
352 569 429 605 quod
441 569 622 596 frumentum
634 568 669 596 iis
681 568 758 604 quod
774 568 899 596 debebat
910 576 966 596 non

139 614 327 651 persolveret,
345 614 503 650 imperator
527 616 590 641 tum
606 613 819 641 Thessalonicae
836 621 966 641 commo-

139 668 207 687 rans
218 659 351 687 hortatus
367 659 537 694 episcopum
553 660 597 686 est
614 666 648 686 ne
664 657 786 686 clericos
799 657 834 685 iis
846 666 910 693 quia
926 657 967 685 eis

139 703 267 739 legitime
283 703 467 731 debebantur
488 703 687 730 defraudaret.
711 702 843 738 Cumque
859 702 883 730 is
900 703 966 730 obs-

139 751 264 784 treperet
281 756 374 784 neque
390 748 591 783 obtemperare
608 747 702 782 vellet,
719 747 823 774 statuit
839 747 965 782 impera-

139 795 185 820 tor
209 801 276 820 cum
304 793 405 820 fraude
433 791 644 819 circumvenire
673 794 701 819 et
730 790 882 819 avaritiam
904 792 968 827 ejus

1021 195 1118 224 λοιπὸν
1133 198 1147 224 ὁ
1161 198 1289 233 Ἰωάννης
1319 196 1418 235 ἐπέσχε
1433 197 1482 231 τὴν
1499 196 1542 224 ἐπὶ
1555 198 1590 234 τῇ
1609 196 1775 234 κατασχέσει
1813 199 1873 225 τοῦ

1021 241 1119 280 θρόνου
1135 240 1229 280 ὄρεξιν.

1055 303 1098 334 Τῷ
1128 299 1158 328 δὲ
1179 301 1267 339 ,ςφμξ
1292 298 1355 336 ἔτει,
1383 298 1553 331 ίνδικτιῶνος
1576 303 1607 334 ς’,
1637 299 1730 338 ἡμέρᾳ
1755 302 1871 337 Νοεμ-

1021 343 1099 382 ϐρίου
1117 346 1150 383 β’,
1170 346 1264 384 γέγονε
1292 346 1401 382 σεισμὸς
1427 345 1488 383 περὶ
1505 344 1577 383 ὥραν
1608 345 1623 371 ι’
1650 348 1700 379 τῆς
1728 345 1870 383 ἡμέρας,

1021 390 1064 417 καὶ
1091 388 1237 418 διετέλεσεν
1253 391 1270 425 ἡ
1296 391 1333 425 γῆ
1357 389 1483 426 σειομένη
1514 388 1594 427 ἄχρις
1623 388 1692 417 ὅλου
1718 391 1772 416 τοῦ
1806 389 1870 418 Ἰα-

1020 434 1147 472 νουαρίου
1179 433 1274 471 μηνός.
1303 435 1398 473 Γέγονε
1424 433 1453 462 δὲ
1478 434 1523 461 καὶ
1553 433 1635 470 λιμὸς
1648 434 1716 461 κατά
1730 443 1763 461 τε
1782 433 1868 471 Θρᾴ-

1021 489 1072 514 κην
1100 479 1144 507 καὶ
1171 478 1358 515 Μακεδονίαν,
1389 479 1531 515 Στρυμόνα
1559 478 1604 506 καὶ
1633 477 1868 513 Θεσσαλονίκην,

1021 524 1065 551 καί
1094 524 1176 561 μέχρι
1205 523 1361 555 Θετταλίας.
1390 521 1624 558 Καταϐοησάντων
1653 521 1681 550 δὲ
1707 525 1764 550 τῶν
1783 522 1867 557 κλη-

1023 571 1105 606 ρικῶν
1145 567 1344 602 Θεσσαλονίκης
1381 568 1532 606 Θεοιράνους
1561 570 1609 595 τοῦ
1640 566 1868 605 μητροπολίτου

1023 613 1060 644 ὡς
1089 613 1308 651 ἀποκρατοῦντος
1335 613 1383 644 τὰς
1409 613 1531 648 συνήθεις
1562 613 1682 647 σιτήσεις
1707 612 1816 648 αὐτῶν,
1852 613 1868 639 ὁ

1024 657 1152 696 βασιλεὺς
1181 660 1215 695 τῇ
1244 657 1426 695 Θεσσαλονίκῃ
1443 655 1617 695 ἐνδιατρίϐων
1636 656 1731 694 λόγοις
1749 667 1867 695 παραι-

1022 706 1139 734 νετικοῖς
1169 702 1303 741 ἐκέχρητο
1329 703 1398 740 πρὸς
1414 702 1504 736 αὐτὸν,
1533 702 1577 729 καὶ
1592 701 1708 739 παρῄνει
1727 702 1768 738 μὴ
1787 701 1867 729 ἀπο-

1023 750 1125 785 στερεῖν
1156 747 1201 774 τὸν
1223 751 1273 783 τῆς
1289 747 1436 783 ἐκκλησίας
1456 745 1521 774 λαὸν
1536 749 1591 774 τῶν
1617 746 1669 774 ἀπὸ
1693 746 1786 783 νόμου
1818 757 1866 773 σι-

1022 792 1176 829 τηρεσίων.
1207 793 1248 829 [Ρ.
1277 793 1341 828 741]
1367 794 1419 819 Τοῦ
1450 791 1479 819 δὲ
1501 791 1709 829 τραχυνομένου
1732 791 1783 818 καὶ
1820 792 1864 827 μή

140 845 336 872 compescere.
353 837 442 864 Mittit
464 837 553 872 igitur
568 836 726 872 quemdam
743 844 866 864 suorum
883 836 955 864 mini

1067 837 1196 873 εἴκοντος,
1225 835 1295 874 ἔγνω
1311 835 1364 864 δεῖν
1394 837 1408 864 ὁ
1436 835 1564 875 βασιλεὺς
1580 835 1670 873 ἀπάτῃ
1697 835 1864 874 περιελθεῖν

143 884 283 915 atrorum,
312 884 416 909 mutuo
447 881 502 909 sibi
529 881 591 908 dari
623 883 723 916 petens
753 889 845 908 unum
873 883 969 908 cente-

143 927 259 954 narium
276 926 367 954 donec
381 925 435 953 sibi
459 934 564 953 aurum
585 925 723 961 Byzantio
745 925 908 954 all'erretur.
925 927 971 953 In-

143 971 283 1007 terposito
294 970 490 1006 jurejurando
507 970 624 1005 negavit
645 969 800 1006 episcopus
817 969 924 998 habere
940 978 970 998 se

143 1016 220 1043 ultra
236 1015 355 1051 triginta
370 1015 470 1043 libras.
482 1015 520 1042 Eo
530 1015 666 1042 submoto
677 1014 835 1050 imperator
849 1014 970 1042 thesau-

144 1069 193 1089 ros
209 1060 304 1097 ipsius
319 1059 456 1095 excussit,
473 1059 641 1095 invenitque
657 1059 720 1087 auri
737 1060 902 1088 centenaria
918 1060 971 1087 tri-

145 1105 228 1142 ginta
242 1106 307 1133 tria.
325 1107 364 1132 De
386 1104 433 1132 his
459 1104 597 1140 persolvit
620 1104 732 1132 clericis
748 1113 811 1140 quae
835 1113 852 1132 ο.
878 1104 971 1140 primo

146 1149 334 1186 Theophanis
359 1149 628 1185 archiepiscopatus
655 1157 732 1176 anno
757 1149 786 1176 in
811 1157 877 1176 eum
894 1149 971 1177 519

149 1203 243 1230 usque
258 1194 335 1222 diem
352 1194 534 1222 debebantur
558 1193 669 1227 omnia,
686 1193 798 1229 reliqua
814 1193 887 1220 inter
903 1201 974 1229 pau-

148 1247 231 1275 peres
247 1238 360 1274 dividit,
376 1240 405 1266 et
421 1238 631 1274 Theophanem
647 1237 771 1266 ecclesia
791 1239 926 1266 abactum
942 1237 972 1265 in

148 1283 296 1319 quoddam
313 1282 453 1318 praedium
466 1282 600 1319 deportat
614 1290 620 1310 :
638 1282 840 1318 episcopatum
857 1284 973 1310 Prome-

146 1328 213 1356 theo
229 1327 396 1360 committit,
409 1327 589 1363 mandatque
605 1329 636 1355 ut
650 1327 820 1363 Theophani
835 1327 974 1355 alimenta

148 1373 276 1409 praebeat
293 1372 376 1408 isque
394 1371 523 1407 privatus
537 1371 624 1400 vivat.

1027 881 1108 909 αὑτὸν
1141 881 1187 909 καὶ
1221 880 1337 908 κολάσαι
1368 881 1418 916 τὴν
1446 880 1599 916 ἀπληστίαν
1624 879 1716 908 αὑτοῦ.
1746 879 1864 916 Πέμπει

1027 926 1072 954 οὖν
1097 937 1157 953 τινα
1171 928 1224 953 τῶν
1254 925 1459 964 ὑπηρετούντων
1487 925 1571 962 αὐτῷ,
1597 924 1705 960 ἰξαιτῶν
1730 923 1865 952 ἰκδανεῖ-

1026 971 1069 998 σαί
1094 971 1119 998 οἱ
1134 970 1309 1008 κεντηνάριον
1325 969 1364 1005 ἓν,
1393 970 1491 1008 μέχρις
1519 969 1549 997 ἂν
1577 969 1606 997 ἑκ
1621 968 1771 1004 Βυζαντίου
1787 979 1863 1007 χρυ-

1026 1016 1083 1043 σίον
1101 1014 1302 1052 διακομισθείη,
1331 1016 1362 1044 Ὁ
1392 1014 1420 1042 δὶ
1435 1014 1580 1051 ἐνωμότως
1601 1014 1780 1051 ἀπηρνήσατο
1818 1015 1861 1050 μή

1026 1059 1099 1097 ἔχειν
1125 1058 1199 1095 πλην
1223 1061 1370 1098 τριάκοντα
1381 1059 1493 1097 λιτρῶν.
1518 1058 1570 1088 Καὶ
1585 1061 1679 1086 τοῦτον
1699 1058 1747 1096 μὲν
1769 1058 1863 1086 ἐκπο-

1027 1104 1080 1132 δὼν
1112 1104 1268 1141 μεθίστησιν
1298 1104 1312 1132 ὀ
1343 1104 1482 1142 βασιλεὺς,
1506 1102 1670 1136 ἀποστείλας
1689 1102 1718 1131 δὲ
1745 1103 1792 1130 καὶ
1825 1103 1864 1130 τὰ

1025 1151 1137 1186 ταμιεῖα
1166 1149 1249 1176 αὑτοῦ
1280 1148 1521 1187 διερευνησάμενος
1557 1149 1618 1186 εὗρε
1656 1147 1774 1186 χρυσίου
1799 1158 1863 1175 xcv-

1026 1193 1142 1231 τηνάρια
1156 1194 1301 1231 τριάκοντα
1323 1193 1368 1221 καὶ
1390 1194 1462 1231 τρία·
1490 1192 1515 1228 ἐξ
1539 1193 1576 1220 ὧν
1603 1191 1697 1220 δίδωσι
1722 1192 1771 1230 μὶν
1794 1195 1860 1223 τοῖς

1027 1238 1173 1276 κληρικοῖς
1211 1238 1243 1266 τὰ
1282 1237 1448 1277 ὀφειλόμενα
1478 1237 1530 1265 ἀπὸ
1558 1237 1668 1275 πρώτου
1697 1235 1774 1268 ’ἔτους
1803 1240 1859 1272 τῆς

1028 1283 1235 1321 ἀρχιερωσύνης
1272 1283 1320 1310 τοῦ
1354 1283 1506 1321 Θεοφάνους
1544 1280 1597 1313 ἕως
1622 1285 1672 1316 τῆς
1702 1280 1858 1316 ἐνεστώσης

1029 1327 1111 1365 ὥραις,
1137 1327 1170 1354 τὰ
1192 1325 1221 1354 δὲ
1254 1325 1339 1355 λοιπὰ
1367 1326 1463 1362 πένησι
1481 1325 1611 1364 διανέμει,
1626 1326 1731 1354 καὶτὸν
1746 1336 1856 1364 μητρο-

1028 1370 1145 1407 πολίτην
1176 1371 1271 1407 ἐξωθεῖ
1298 1373 1348 1406 τῆς
1367 1370 1515 1407 ἐκκλησίας
1540 1372 1584 1399 καὶ
1607 1370 1633 1398 ἔν
1661 1381 1716 1399 τινι
1731 1372 1856 1408 κτήματι

147 1415 308 1454 περιορίζει.
323 1415 464 1454 Ἐφίστησι
481 1414 509 1443 δὲ
525 1415 673 1454 Προμηθέα
687 1417 721 1452 τῇ
741 1414 922 1454 μητροπόλει,
939 1416 1003 1454 παρ’
1019 1416 1050 1444 οὗ
1065 1416 1109 1444 καὶ
1127 1415 1206 1447 οὗτος
1232 1415 1371 1454 σιτηρέσια
1395 1413 1544 1452 λαμϐάνειν
1568 1416 1707 1444 τετύπωτο
1731 1416 1776 1444 καὶ
1792 1415 1858 1443 καθ’

148 1461 241 1488 ἑαυτὸν
255 1459 369 1498 διάγειν.

184 1534 255 1560 Cum
271 1533 368 1559 autem
386 1532 556 1559 Pancratius
581 1531 711 1567 Abssgize
733 1531 871 1559 dominus
886 1532 955 1560 vehe

1067 1532 1233 1570 Παγκρατίου
1272 1530 1300 1559 δὲ
1333 1534 1381 1559 τοῦ
1414 1531 1585 1568 ἐξουσιαστοῦ
1613 1528 1759 1568 Ἀϐασγίας
1784 1540 1857 1568 σφο-

148 1579 261 1605 menter
270 1578 386 1612 urgeret
398 1577 520 1604 Jasitam
533 1576 676 1612 superiori
688 1576 786 1604 Iberioa
799 1577 973 1613 principem,

147 1622 276 1649 Joannes
292 1624 394 1649 contra
409 1629 476 1648 cum
500 1621 608 1648 emittit
634 1621 860 1649 Constantinum
878 1622 975 1649 dome-

148 1666 258 1694 sticum
280 1665 460 1700 scholarum,
485 1666 603 1693 fratrem
628 1674 727 1699 suum,
744 1674 811 1693 cum
836 1666 974 1694 omnibus

149 1709 342 1738 orientalibus
357 1709 460 1745 copiis,
478 1709 627 1745 pollicitus
649 1710 675 1737 ei
693 1710 856 1738 missurum
873 1719 904 1738 se
919 1711 974 1739 Da-

148 1755 298 1783 lassenum
320 1755 522 1783 consiliarium
539 1763 572 1782 ac
592 1755 734 1791 collegam
757 1755 826 1783 belli
843 1755 974 1791 gerendi.

150 1800 230 1832 Quod
256 1807 322 1827 cum
348 1808 404 1828 non
429 1800 519 1835 fieret,
538 1808 568 1827 re
592 1800 699 1828 infectu
723 1800 903 1828 domesticus
919 1800 977 1828 dis-

155 1844 252 1873 cessit.

187 1949 258 1975 Cum
275 1950 372 1976 autem
389 1956 520 1984 purgans
536 1948 783 1976 medicamentum
801 1950 976 1983 accepturus

151 1993 375 2025 essetloanncs,
387 1995 440 2020 Zoe
455 1996 588 2028 Angusta
601 1992 707 2020 certior
722 1993 798 2020 facta
810 1992 977 2020 ﬁdelissimi

152 2046 272 2065 suorum
290 2038 491 2065 eunuchorum
504 2038 645 2072 Sguritzm
656 2045 744 2072 opera
759 2037 905 2064 medicum
919 2045 975 2065 non

150 2081 264 2117 exiguis
284 2081 456 2109 muneribus
475 2081 648 2116 corrumpit,
671 2081 798 2116 pollicita
811 2089 841 2109 se
856 2089 923 2109 eum
941 2082 977 2109 ad

150 2127 216 2154 vitae
228 2135 376 2154 summum
398 2126 585 2162 splendorem
601 2128 629 2152 et
644 2126 844 2161 amplissimas
861 2126 977 2154 divitias

152 2171 307 2203 elaturnm,
324 2171 349 2198 si
366 2170 580 2198 medicamento
596 2170 758 2197 admiscent
773 2170 879 2197 letbale
892 2179 976 2198 vene-

1029 1576 1100 1614 δρῶς
1129 1575 1301 1613 ἐπικειμένου
1328 1579 1368 1612 τῷ
1393 1577 1534 1604 κατεπάνω
1563 1574 1681 1612 Ἰϐηρίας
1709 1578 1748 1612 τῷ
1773 1574 1855 1604 Ἰασί-

1028 1632 1073 1659 τῃ,
1104 1622 1118 1648 ὁ
1142 1621 1271 1656 Ἰωάννης
1301 1621 1369 1658 μετὰ
1383 1624 1437 1650 τῶν
1452 1622 1597 1660 ταγμάτων
1611 1625 1662 1656 τῆς
1674 1622 1730 1648 “Em
1742 1619 1851 1647 πάντων

1028 1666 1074 1694 τὸν
1105 1665 1267 1703 δομέστικον
1295 1667 1498 1694 Κωνσταντῖνον
1527 1669 1580 1694 τῶν
1607 1665 1729 1704 σχολῶν,
1744 1665 1789 1693 τὸν
1805 1664 1855 1692 αὐ-

1028 1712 1076 1738 τοῦ
1101 1708 1229 1749 ἀδελφὸν,
1257 1710 1401 1747 ἐκπέμπει,
1430 1710 1673 1748 καθυποσχόμενος
1702 1709 1856 1746 συνεκπέμ-

1030 1757 1077 1792 ψαι
1105 1754 1194 1791 τούτῳ
1220 1754 1265 1782 καί
1293 1755 1338 1782 τὸν
1371 1754 1554 1791 Δαλασσηνὸν,
1585 1755 1622 1786 ὡς
1638 1754 1668 1782 ἂν
1690 1753 1741 1793 ἔχῃ
1756 1756 1854 1782 τοῦτον

1030 1797 1187 1836 σύμϐουλον
1204 1799 1248 1827 καὶ
1268 1799 1441 1838 παραστάτην
1464 1800 1490 1827 ἐν
1512 1803 1571 1831 τοῖς
1594 1799 1738 1836 πολέμοις.
1766 1801 1856 1827 Τοῦτο

1031 1842 1060 1871 δὲ
1073 1844 1122 1871 οὐκ
1142 1843 1265 1880 ἐποίησε,
1286 1854 1331 1871 και
1360 1844 1458 1872 λοιπὸν
1486 1845 1622 1881 ἄπρακτος
1652 1845 1666 1872 ὁ
1696 1843 1856 1881 δομέστικος

1032 1889 1207 1923 ὑπενόστησε.

1068 1946 1224 1978 Μέλλοντος
1255 1945 1284 1974 δὲ
1312 1949 1360 1974 τοῦ
1389 1947 1512 1975 Ἰωάννου
1537 1946 1682 1984 καθαρσίου
1712 1949 1854 1984 μετασχεῖν

1032 1992 1188 2030 φαρμάκου,
1218 1993 1318 2028 γνοῦσα
1343 1993 1424 2019 τοῦτο
1451 1992 1511 2026 Ζωὴ
1541 1992 1558 2026 ὴ
1587 1991 1694 2030 βασιλὶς
1715 1990 1758 2018 διά
1781 2001 1854 2022 τινος

1031 2037 1085 2062 τῶν
1125 2035 1300 2063 οἰκειοτάτων
1339 2036 1407 2072 αὐτῇ
1446 2035 1584 2074 εὐνούχων
1620 2038 1668 2064 τοῦ
1706 2036 1854 2073 λεγομένου

1033 2079 1196 2116 Σγουρίτζη,
1225 2079 1327 2116 δώροις
1341 2079 1495 2119 ὑποφθείρει
1506 2081 1552 2108 τὸν
1569 2081 1660 2118 ίατρὸν
1677 2080 1725 2108 οὐκ
1739 2079 1853 2118 ὀλίγοις,

1034 2124 1213 2162 ὑποσχομένη
1227 2124 1253 2156 ις
1272 2125 1333 2162 βίου
1354 2136 1382 2153 τε
1403 2126 1575 2164 περιφάνειαν
1602 2125 1671 2162 ἄξειν
1702 2125 1779 2152 αὑτὸν
1807 2126 1853 2152 καὶ

1032 2168 1153 2196 πλοότου
1192 2169 1343 2207 ὑπεροχὴν,
1385 2169 1406 2196 εἱ
1444 2170 1550 2207 κεράσαι
1579 2172 1619 2206 τῷ
1647 2169 1781 2208 φαρμάκῳ
1808 2171 1852 2197 καὶ

151 2224 233 2243 num.
250 2216 304 2243 Sed
323 2223 395 2250 puer
411 2214 530 2249 quidam
547 2214 650 2242 medici
668 2214 797 2241 famulus
812 2214 917 2242 Joanni
934 2215 955 2242 ii

1068 2213 1213 2250 λητήριον.
1243 2212 1391 2251 Παιδαρίου
1407 2212 1436 2241 δέ
1458 2224 1531 2245 τινος
1546 2216 1600 2242 τῶν
1627 2214 1852 2251 ὑπηρετουμένων

152 2261 243 2288 sidias
259 2259 387 2290 detexit;
402 2259 498 2294 iisque
510 2259 720 2286 demonstratis
735 2259 867 2287 medicus
878 2259 977 2287 Antio-

152 2305 259 2337 chiam,
274 2313 337 2340 quas
353 2304 378 2331 ei
396 2304 491 2331 fuerat
514 2303 617 2338 patria,
635 2303 791 2338 relegatur,
808 2303 977 2332 Constanti-

151 2357 208 2377 nus
224 2348 376 2384 Mucupela
393 2348 658 2383 protospatharius,
674 2348 725 2383 qui
750 2356 895 2376 venenum
920 2348 977 2376 mi-

152 2396 278 2425 scuerat,
296 2393 368 2420 urbe
383 2392 512 2427 ejicitur,
528 2394 557 2419 et
572 2392 608 2420 de
622 2393 755 2428 Augusta
770 2400 803 2420 eo
819 2392 977 2421 deteriores

152 2439 242 2466 auctas
258 2436 453 2473 suspiciones.

187 2535 265 2564 520
279 2537 317 2562 Ut
331 2534 360 2562 in
383 2533 510 2563 Siciliam
530 2534 644 2571 appulit
667 2534 805 2570 Georgius
820 2535 977 2572 Maniaoes,

152 2580 203 2615 qui
218 2588 281 2607 eam
299 2579 437 2607 tenebant
464 2579 578 2613 fratres,
596 2587 668 2615 pace
693 2579 767 2607 facta
792 2579 869 2607 inter
884 2588 915 2607 se
930 2587 977 2607 co-

151 2624 212 2652 nati
228 2626 298 2651 sunt
312 2631 377 2651 eum
394 2623 491 2651 insula
508 2623 612 2659 pellere
642 2624 753 2651 adscito
770 2633 803 2651 cx
817 2624 913 2651 Africa
930 2632 979 2652 su-

151 2668 220 2696 xilio
238 2668 365 2695 virorum
382 2669 480 2696 50000.
504 2668 677 2696 Conﬂictum
694 2669 728 2696 ad
745 2669 842 2696 locum
860 2669 905 2696 cui
923 2669 977 2696 Re-

153 2715 232 2741 mata
257 2721 374 2748 nomen,
395 2715 423 2741 et
448 2714 515 2741 victi
540 2714 795 2749 Carthaginenses,
818 2721 979 2749 eorumque

151 2759 234 2786 tanta
249 2757 326 2786 edita
337 2760 449 2795 strages
458 2761 490 2786 ut
498 2757 641 2794 sanguine
650 2767 766 2787 amnem
780 2758 978 2795 praeterﬂuen-

1031 2260 1071 2293 τῷ
1102 2257 1186 2294 ἰατρῷ
1208 2259 1376 2294 μηνύσαντος
1389 2259 1420 2286 τὸ
1436 2259 1601 2296 σκευώρημα
1616 2261 1655 2296 τῷ
1671 2259 1791 2296 Ἰωάννῃ,
1806 2260 1850 2286 καὶ

1031 2306 1082 2337 τῆς
1098 2300 1250 2337 ἐπιϐουλῆς
1265 2302 1453 2341 ἐλεγχθείσης,
1469 2304 1483 2330 ὁ
1501 2304 1548 2340 μὲν
1572 2303 1664 2341 ἰατρὸς
1685 2303 1723 2334 εἷς
1749 2303 1849 2331 Ἀντιό-

1032 2356 1109 2384 χειαν
1124 2348 1174 2382 τὴν
1189 2347 1271 2375 αὐτοῦ
1287 2346 1402 2384 πατρίδα
1413 2347 1586 2386 ἐξορίζεται,ὸ
1598 2347 1627 2376 δε
1641 2348 1671 2375 τὸ
1685 2346 1848 2385 δηλητήριον

1033 2392 1265 2428 συσκευασάμενος
1282 2395 1481 2424 Κωνσταντῗνος
1496 2392 1739 2430 πρωτοσπαθάριος
1754 2392 1766 2419 ὁ
1781 2392 1850 2420 Μου-

1032 2435 1172 2471 κουπέλης
1187 2436 1325 2471 ἐξωθεῖται
1339 2439 1390 2472 τῆς
1401 2436 1519 2471 πόλεως,
1535 2437 1580 2464 καὶ
1595 2438 1612 2472 ἡ
1628 2436 1736 2475 βασιλὶς
1750 2435 1773 2463 ιν
1789 2437 1850 2464 ὑπο-

1031 2480 1105 2517 ψίαις
1122 2479 1208 2508 ἔκειτο
1226 2480 1358 2517 μείζοσιν.

1067 2535 1147 2568 "Ap-rt
1187 2532 1216 2561 δὶ
1248 2535 1293 2562 καὶ
1323 2535 1464 2573 Γεωργίου
1487 2534 1630 2573 πατρικίου
1658 2536 1706 2562 τοῦ
1733 2533 1846 2570 Μανιάκη

1030 2579 1080 2613 τήν
1105 2577 1233 2606 Σικελίαν
1255 2577 1469 2614 καταλαϐόντος,
1490 2580 1516 2608 οἱ
1542 2579 1642 2615 ταύτης
1658 2578 1781 2618 ἄρχοντες
1805 2579 1845 2607 καὶ

1032 2622 1198 2662 αὐτάδελφοι
1236 2624 1411 2661 σπεισάμενοι
1449 2624 1520 2662 πρὸς
1555 2624 1698 2660 ἀλλήλους
1727 2621 1843 2651 ἔσπευδον

1032 2667 1165 2696 ἀπελάσαι
1199 2670 1296 2696 τοῦτον
1325 2672 1376 2704 τῆς
1404 2670 1500 2705 νήσου.
1518 2670 1564 2697 Διὸ
1592 2671 1637 2696 καὶ
1658 2668 1806 2706 συμμαχίαν
1820 2665 1843 2699 ἐξ

1033 2713 1167 2751 Ἀφρικῆς
1205 2714 1410 2751 μετεπέμψαντο
1449 2713 1578 2752 χιλιάδας
1603 2715 1786 2750 πεντήκοντα’
1811 2713 1842 2748 ἧς

1031 2757 1166 2793 ἐλθούσης
1196 2758 1298 2796 γίνεται
1323 2756 1451 2797 συμϐολὴ
1480 2759 1603 2797 κραταιὼ
1634 2758 1701 2788 κατὰ
1719 2759 1751 2786 τὰ
1772 2757 1841 2796 λεγό-
