1933 3048
141 99 198 130 255

813 97 970 128 GEORGII
993 96 1163 128 CEDRENI

1785 95 1864 126 256

175 167 259 196 Anno
282 166 364 201 6548,
391 165 550 194 indictione
572 165 599 200 8,
626 164 737 194 mensis
765 164 914 194 Februarii
934 166 938 191 τ

1101 160 1244 202 Ξρουαρίου
1274 161 1304 191 δὲ
1334 162 1420 200 μηνὸς
1452 162 1484 201 β’,
1512 160 1683 194 Ῑνδικτιῶνος
1711 164 1746 198 η’,
1769 160 1864 194 ἔτους

139 211 278 241 terribilis
294 211 349 239 fuit
363 213 560 246 terreamotus,
576 214 605 239 et
628 220 695 239 cum
709 211 766 239 alia
783 211 845 239 loca
861 211 963 238 urbes-

138 265 195 293 que
212 256 324 290 afﬂixit,
342 257 405 284 tum
430 258 559 292 Smyrnae
585 257 641 284 fuit
663 255 830 284 miserabile
850 257 963 291 specta-

139 300 250 336 culum,
268 299 404 336 collapsis
426 300 634 336 pulcherrimis
651 301 714 336 ejus
730 300 871 335 aediﬁciis,
887 300 964 328 mul-

140 346 180 373 tis
196 345 426 374 inhabitantium
443 345 590 381 oppressis
606 345 701 373 ruina.

176 453 317 481 Caeterum
334 453 392 480 dux
407 452 647 488 Carthaginensis
667 452 827 488 resumptis
842 452 966 486 viribus,

139 498 328 533 exercituque
354 497 444 524 multo
470 505 558 533 quam
583 499 650 525 ante
671 498 782 532 majore
806 499 965 531 contracto,

140 551 258 570 rursum
277 541 406 570 Siciliam
426 542 497 577 petit
521 545 549 569 et
575 542 735 569 Maniacem
760 541 903 577 expellere
919 549 966 568 co-

139 590 246 621 natur;
262 586 427 622 castrisque
438 586 468 613 in
482 586 590 622 supina
599 586 727 621 quadam
737 588 766 613 et
780 589 880 621 aperta
892 586 966 622 posi-

139 631 179 661 tis
195 631 326 667 planitie,
344 631 391 658 cui
417 639 523 658 nomen
547 631 689 666 Draginm,
705 631 740 658 de
765 631 966 666 opportunita-

140 677 222 704 tibus
237 675 277 703 rei
302 676 436 711 gerendze
462 675 579 711 cogitat.
606 675 664 702 Hoc
685 675 800 711 cognito
824 674 967 702 Maniaces

142 729 212 749 suos
241 719 267 747 ei
291 719 405 747 obviam
430 719 520 754 ducit,
550 720 688 748 mandato
715 720 796 755 prius
820 719 967 755 Stephano

142 765 277 802 patricio,
294 764 403 792 sororis
419 764 605 799 imperatoris
631 764 737 791 marito
763 766 790 792 et
805 763 919 797 classis,
937 764 969 790 ut

142 810 283 841 diximus,
305 809 448 844 praefecto,
464 811 497 836 ut
520 808 675 844 diligenter
690 817 771 836 oram
787 808 967 836 maritimam

1018 209 1120 247 ,qppm',
1145 209 1239 246 γέγονε
1271 209 1381 246 σεισμὸς
1412 206 1564 247 φρικώδης,
1591 208 1636 235 καὶ
1668 206 1764 235 ἔπαθον
1800 208 1860 244 μὲν

1018 253 1062 280 καὶ
1092 252 1175 280 ἄλλοι
1204 253 1284 281 τόποι
1314 253 1358 281 καὶ
1387 253 1494 287 πόλεις,
1511 253 1613 290 ἐγένετο
1642 251 1670 280 δὲ
1699 253 1716 287 ἡ
1734 252 1863 289 Σμύρνα

1019 297 1134 326 ἐλεεινὸν
1164 297 1261 334 θέαμα,
1277 298 1482 326 καταπεσόντων
1512 299 1567 325 τῶν
1596 296 1752 325 καλλίστων
1768 297 1859 324 οἶκο-

1020 341 1190 379 δομημάτων
1205 342 1288 378 αὐτῆς
1303 343 1347 370 καὶ
1376 342 1500 373 πολλοὺς
1523 345 1576 370 τῶν
1608 342 1759 380 οἰκητόρων
1781 342 1859 369 ἀνα-

1020 386 1166 415 λωσάντων
1174 408 1180 417 .

1057 451 1099 487 [Ρ.
1123 451 1186 486 743]
1212 451 1254 479 Ἐν
1286 449 1314 478 δὲ
1340 450 1453 486 Σικελίᾳ
1477 448 1619 478 ἀναλαϐὼν
1642 450 1724 478 πάλιν
1755 450 1862 477 ἑαυτέν

1022 495 1035 522 ὁ
1065 494 1266 533 Καρχηδόνιος,
1293 495 1338 522 καὶ
1367 494 1481 531 δύναμιν
1512 493 1611 530 πολλῷ
1651 494 1761 530 μείζονα
1799 498 1860 529 τῆς

1021 540 1155 578 προτέρας
1179 540 1318 578 ἀθροίσας,
1337 538 1447 578 ἔρχεται
1469 540 1536 577 πρὸς
1563 538 1690 567 Σικελίαν
1714 540 1758 566 τὸν
1789 540 1857 568 Μα-

1021 585 1115 617 νιάκην
1147 584 1247 612 ἐκεῖθεν
1286 583 1443 620 ἑξωθήσων.
1472 583 1521 611 Καὶ
1552 582 1862 621 στρατοπεδευσάμενος

1022 627 1048 656 ἕν
1074 640 1127 656 τινι
1153 627 1261 656 πεδιάδι
1293 629 1373 664 ὑπτία
1402 629 1447 656 καὶ
1475 628 1684 665 ἀναπεπταμένῃ
1711 629 1863 666 (Δραγῖνοι

1021 675 1040 708 ἡ
1056 672 1149 705 πεδιὰς
1164 672 1298 709 ἐκαλεῖτο)
1315 673 1506 711 ἐκαιροσκόπει
1535 673 1579 699 τὸν
1611 672 1745 709 πόλεμον.
1761 674 1858 701 Τοῦ-ιτ)

1024 716 1046 727 κ,
1135 718 1141 726 ι
1311 717 1316 725 ρ
1410 716 1422 726 ,ι
1518 717 1525 725 ι
1625 716 1632 726 ε
1685 717 1692 725 ι
1717 717 1723 725 ς
1837 716 1841 721 ι

1023 726 1051 745 οι
1072 718 1165 754 μαθων
1189 718 1202 744 ὁ
1230 720 1381 752 Μανιακης,
1408 727 1473 754 αρας
1496 727 1544 748 τας
1571 727 1633 754 περι
1664 727 1742 744 αυτον
1771 715 1860 744 δυνα-

1024 772 1094 798 μεις,
1125 761 1296 797 ὑπαντιάζει,
1325 760 1478 798 ἐπισκήψας
1515 761 1647 799 πρότερον
1686 763 1725 797 τῷ
1751 771 1861 798 πατρι-

1021 807 1074 842 κίῳ
1092 807 1219 844 Στεφάνῳ
1234 809 1274 842 τῷ
1294 808 1342 833 τοῦ
1369 805 1502 844 βασιλέως
1517 803 1646 844 γαμϐρῷ,
1660 808 1709 833 τοῦ
1738 805 1858 839 στόλου,

143 854 340 886 custodiat,ne
349 853 508 881 commissa
520 861 618 889 pugna
630 854 747 889 fugatus
759 852 906 888 Carthagii

1099 849 1207 887 ῗπομεν,
1224 850 1350 889 ἄρχοντι,
1364 850 1491 890 ἀσφαλῶς
1514 853 1606 888 τηρεῖν
1631 852 1680 885 τὴν
1703 850 1859 887 παράλιον,

142 899 184 927 sis
201 898 300 926 furtim
317 898 437 925 domum
453 897 548 932 possit
564 897 723 933 perfugere.
735 897 900 925 Commissa
915 905 967 932 pu-

144 942 325 980 gna,ingens
338 942 413 969 facta
424 941 700 978 Carthaginensium
713 944 836 977 strages,
844 941 970 976 cassique

145 988 222 1015 ultra
235 986 334 1014 50000.
361 987 425 1014 Dux
440 986 503 1022 ipse
527 995 542 1014 e
568 986 665 1022 praelio
690 986 809 1022 elapsus
833 986 869 1013 ad
885 986 970 1013 littus

145 1032 289 1069 pervenit,
305 1039 525 1066 conscensoque
537 1030 633 1058 lembo
649 1031 820 1058 custodibus
831 1030 970 1066 Stephani

146 1085 205 1104 non
229 1075 528 1103 animadvertentibus
552 1075 672 1103 domum
697 1075 798 1102 evasit.
814 1074 972 1110 [Egerrime

149 1121 205 1148 hoc
222 1119 291 1147 tulit
304 1119 461 1154 Maniaces,
477 1119 718 1155 Stephanumque
733 1120 809 1148 523
825 1121 860 1147 ad
878 1128 909 1147 se
925 1127 970 1146 ve-

150 1166 279 1192 nientem
308 1164 446 1191 conviciis
474 1163 635 1192 insectatus
663 1166 718 1197 est,
749 1167 778 1191 et
801 1164 974 1191 seiromasta

151 1209 267 1237 sublato
296 1207 409 1243 aliquot
437 1208 466 1235 in
495 1210 585 1244 caput
608 1208 672 1243 ejus
697 1207 798 1244 plagas
822 1207 973 1243 imposuit,

152 1253 302 1282 socordem
319 1261 385 1280 eum
403 1252 555 1288 appellans
570 1255 599 1280 et
617 1252 817 1280 effeminatum
834 1261 866 1280 ac
882 1253 974 1288 impe-

151 1298 257 1326 ratoris
285 1298 507 1325 commodorum
533 1297 720 1333 proditorem.
745 1299 781 1325 At
805 1297 973 1333 Stephanus

149 1342 355 1371 contumeliam
372 1341 448 1369 hanc
464 1350 521 1369 non
533 1350 719 1377 concoquens
728 1350 794 1369 mox
809 1342 844 1368 ad
861 1341 973 1377 Orpha-

149 1386 315 1422 notrophon
337 1385 448 1414 litteras
473 1386 532 1420 dat,
562 1386 734 1422 significans
755 1386 914 1414 Maniacem
930 1395 976 1414 res

154 1440 244 1458 novas
260 1430 356 1458 moliri
366 1431 507 1458 adversus
523 1430 739 1465 imperatorem.
757 1431 856 1466 Itaque
867 1431 977 1458 Munia-

153 1483 202 1504 ces
227 1475 328 1502 statim
354 1475 487 1510 captivus
510 1474 666 1502 adducitur
690 1475 873 1511 Byzantium,
899 1477 928 1502 et
949 1475 978 1502 in

153 1528 298 1548 carcerem
322 1519 478 1555 conjicitur
503 1527 569 1547 cum
596 1519 703 1547 Basilio
729 1519 852 1555 patricio
881 1519 976 1546 Theo—

152 1565 307 1593 dorocano.
336 1564 443 1591 Totum
471 1566 567 1591 autem
598 1563 637 1591 rei
663 1564 796 1599 gerendas
820 1563 975 1598 imperium

152 1609 301 1645 Stephano
317 1609 483 1642 mandatur,
506 1608 591 1644 eique
607 1607 717 1644 collega
742 1608 867 1635 mittitur
881 1616 975 1635 eunu-

153 1654 227 1682 chus
238 1653 360 1689 quidam
369 1652 494 1680 Basilius
506 1653 680 1689 praepositus
693 1652 866 1680 Pediadites.
877 1652 910 1680 Hi
920 1652 975 1679 exi-

152 1707 209 1735 guo
226 1697 366 1734 temporis
383 1698 477 1733 spatio
503 1705 563 1724 rem
591 1699 681 1724 totam
698 1697 974 1733 pessumdederunt,

153 1752 204 1780 per
219 1742 420 1779 rapacitatem,
439 1742 583 1778 ignaviam
600 1744 688 1777 atque
705 1742 848 1769 incuriam
866 1741 976 1770 amissa

151 1787 261 1815 Sicilia.
278 1787 391 1815 Etenim
405 1786 549 1814 Maniaces
558 1794 624 1814 cum
635 1787 722 1814 urbes
737 1786 839 1814 Sicilia:
850 1788 974 1822 caperet,

152 1840 234 1859 arces
249 1831 279 1859 in
294 1831 329 1859 iis
346 1831 515 1859 condiderat
525 1838 634 1867 easque
645 1831 736 1866 justis
751 1830 896 1866 praesidiis
907 1838 973 1857 mu-

152 1877 255 1910 nierat,
275 1885 309 1904 ne
325 1876 461 1912 oppidani
478 1884 527 1904 eas
550 1884 600 1912 per
615 1875 738 1903 insidias
765 1875 891 1910 recipere
907 1883 973 1910 pos-

151 1924 226 1949 sent.
243 1923 281 1948 Eo
296 1923 394 1949 autem
420 1921 449 1948 in
473 1920 611 1955 vinculis,
627 1922 661 1948 ut
683 1921 848 1955 docuimus,
864 1920 974 1956 Byzan-

152 1966 227 1994 tium
244 1966 380 2001 abducto,
395 1965 483 1993 Siculi
507 1965 626 1992 incuriae
651 1965 759 1992 ducum
776 1964 974 1993 Romanorum

152 2010 340 2044 insultantes,
367 2010 458 2037 ascito
487 2019 503 2037 a
529 2009 810 2044 Carthaginensibus
835 2009 974 2042 exercitu,

151 2054 325 2090 expugnatis
333 2054 478 2090 praesidiis
486 2062 567 2082 arces
577 2055 714 2089 ceperunt
721 2053 866 2089 urbesque
873 2062 975 2082 omnes

153 2100 271 2134 excepta
287 2098 422 2126 Messana
448 2100 666 2134 recuperarunt.
693 2100 832 2125 Messanae
852 2101 976 2134 prmerat

152 2143 296 2178 Catacalo,
325 2143 498 2179 cognomine
521 2143 695 2176 Ambustus,
721 2142 975 2178 protospatharius

152 2191 180 2217 et
202 2188 261 2216 dux
286 2188 463 2216 Armeniaca
488 2187 623 2224 legionis,
653 2195 753 2215 secum
782 2187 894 2215 habens
923 2187 975 2215 300

152 2233 265 2269 equites
280 2235 309 2261 et
324 2233 377 2260 500
395 2233 516 2269 pedites.
534 2232 622 2260 Siculi
639 2232 760 2267 proinde
775 2231 925 2267 cupientes
941 2241 976 2260 ne

152 2278 311 2306 scintillam
328 2278 447 2314 quidem
472 2278 671 2306 Romanorum
688 2277 765 2305 524
779 2276 810 2304 in
832 2285 865 2304 ea
879 2276 976 2305 insula

151 2323 317 2359 relinquere
333 2322 563 2357 delitescentem,
580 2321 719 2349 omnibus
737 2321 787 2357 qui
803 2329 886 2349 arma
902 2322 976 2349 ferre

151 2370 272 2403 possent
287 2366 426 2400 collectis,
439 2369 467 2394 et
483 2366 600 2394 auxiliis
611 2365 885 2402 Carthaginensium
896 2365 974 2394 haud

151 2411 275 2447 exiguis,
292 2412 457 2439 Messanam
482 2411 628 2439 obsident.
654 2410 707 2438 Per
729 2410 860 2438 triduum
877 2413 975 2447 portas

151 2456 267 2484 clausas
299 2456 396 2483 tenuit
429 2455 575 2489 Catacalo,
605 2463 700 2490 neque
728 2454 824 2483 ullum
853 2463 975 2483 suorum

150 2500 248 2536 egredi
264 2508 370 2536 passus
386 2502 431 2528 est
447 2508 454 2528 ι
472 2508 563 2536 eoque
578 2500 745 2528 timiditatis
757 2499 923 2536 opinionem
940 2501 976 2529 de

151 2553 182 2573 se
197 2545 226 2572 in
242 2545 349 2573 animis
365 2544 494 2573 hostium
519 2545 662 2573 excitavit.
688 2546 762 2581 Ergo
777 2545 912 2573 Saraceni
929 2553 975 2573 se-

151 2597 218 2617 cure
234 2589 382 2625 palabant,
400 2598 432 2618 ac
457 2589 521 2617 dies
546 2593 705 2626 noctesque
729 2589 806 2624 vino,
823 2589 932 2618 ﬁstulis
947 2592 976 2618 et

149 2634 292 2671 cymbalis
308 2636 459 2670 vacabant,
477 2634 579 2663 itidem
593 2635 725 2671 proxime
740 2635 914 2670 insequente
930 2634 976 2662 die

150 2688 181 2708 se
197 2680 341 2716 petituros
367 2680 438 2708 urbe
463 2683 624 2716 sperantes.
653 2681 761 2713 Quarta
785 2679 842 2715 die,
867 2687 925 2715 qua
940 2679 975 2707 de

151 2733 231 2753 more
247 2724 416 2752 Pentecoste
431 2725 604 2758 celebratur,
617 2725 776 2752 Ambustus
788 2724 974 2752 securitatem

151 2772 179 2799 et
194 2769 357 2799 socordiam
382 2770 595 2799 Saracenorum
617 2769 818 2803 considerans,
843 2770 934 2804 utque
953 2768 974 2796 ii

1027 896 1064 932 μή
1080 906 1139 926 πως
1154 894 1278 931 πολέμου
1295 895 1472 932 κροτηθὲντος
1493 895 1605 932 τραπεὶς
1621 896 1634 922 ὸ
1663 893 1859 932 Καρχηδόνιος

1024 939 1094 976 λάθῃ
1110 938 1219 977 διαδρὰς
1241 939 1286 966 καὶ
1310 938 1402 967 οἷ’καδε
1425 939 1622 976 παλινοστήσῃ,
1639 940 1689 969 Καὶ
1720 938 1753 974 δὴ
1784 950 1859 976 συμ-

1025 983 1118 1012 ϐαλὼν
1134 985 1261 1022 τρέπεται
1276 987 1370 1012 τοῦτον
1397 984 1447 1011 ἀνὰ
1473 984 1582 1020 κράτος.
1598 985 1652 1012 Καὶ
1680 984 1773 1012 πίπτει
1806 985 1859 1021 μὲν

1024 1032 1078 1056 τῶν
1095 1030 1203 1068 ’Ἄφρων
1231 1028 1338 1064 πλῆθος
1369 1029 1436 1066 ὑπὲρ
1459 1030 1506 1060 τὰς
1522 1032 1544 1056 ν’
1558 1027 1700 1066 χιλιάδας,
1716 1029 1795 1060 αὐτὸς
1828 1028 1861 1055 δὲ

1026 1074 1040 1101 ὁ
1053 1073 1156 1101 τούτων
1173 1073 1267 1111 ἅρχων
1285 1072 1397 1110 διαδρὰς
1421 1073 1466 1101 τὸν
1492 1072 1616 1101 κίνδυνον
1648 1072 1757 1111 ἔρχεται
1774 1073 1799 1101 ἐν
1816 1076 1863 1109 τῷ

1027 1117 1146 1156 αἰγιαλῷ
1174 1119 1219 1145 καὶ
1248 1118 1369 1154 κελητίῳ
1400 1116 1495 1150 ἐπιϐὰς
1523 1119 1568 1146 καὶ
1593 1118 1640 1149 τὰς
1654 1121 1702 1146 τοῦ
1719 1119 1862 1158 Στεφάνου

1028 1163 1118 1195 λαθὼν
1148 1162 1269 1202 φυλακὰς
1294 1162 1427 1200 ἁπέδρασι
1455 1163 1524 1201 πρὸς
1561 1165 1610 1198 τήν
1641 1162 1711 1191 ἰδίαν
1749 1163 1861 1201 χώραν,

1027 1208 1114 1245 ’Όπερ
1140 1207 1232 1243 μαθὼν
1259 1208 1273 1234 ὁ
1298 1206 1438 1242 Μανιάκης
1466 1207 1492 1235 ἐν
1522 1206 1601 1244 δεινῷ
1621 1218 1650 1235 τε
1665 1207 1796 1242 ἐποιεῖτο,
1812 1207 1862 1235 καὶ

1029 1252 1075 1279 τὸν
1093 1252 1227 1290 Στέφανον
1258 1251 1428 1288 συμμίξαντα
1456 1252 1545 1289 τούτῳ
1571 1250 1662 1290 ὕϐρεσί
1689 1263 1718 1279 τε
1745 1252 1863 1284 ἀτόποις

1030 1295 1178 1324 κατέκλυσε
1206 1297 1249 1323 καὶ
1280 1297 1326 1324 τὸν
1356 1296 1537 1334 σειρομάστην
1572 1297 1707 1328 ἀνατείνας
1749 1294 1861 1324 ἔπαισεν

1033 1340 1112 1368 αὐτὸν
1142 1341 1210 1368 κατά
1232 1344 1282 1375 τῆς
1311 1340 1433 1378 κεφαλῆς
1457 1341 1506 1368 οὐκ
1521 1341 1625 1379 ὀλίγας,
1642 1341 1761 1379 ῥᾴθυμον
1791 1343 1860 1369 ἁπο-

1032 1384 1125 1412 καλῶν
1141 1385 1185 1412 καὶ
1203 1383 1332 1423 ἄνανδρον
1362 1386 1407 1412 καὶ
1435 1387 1490 1413 τῶν
1505 1389 1554 1414 τοῦ
1572 1386 1705 1424 βασιλέως
1720 1387 1860 1426 προδότην

1032 1430 1212 1467 πραγμάτων.
1243 1430 1273 1458 Ὀ
1303 1429 1332 1457 δὲ
1361 1431 1399 1466 μή
1425 1429 1541 1467 ἐνεγκὼν
1572 1432 1688 1469 μετρίως
1712 1433 1758 1460 τὸν
1787 1442 1840 1470 προ

1033 1473 1209 1510 πηλακισμὸν
1238 1474 1283 1500 καὶ
1312 1474 1362 1508 τὴν
1391 1472 1468 1512 ὕϐριν
1495 1476 1642 1513 γράμματα
1657 1476 1758 1513 πέμπει
1787 1476 1860 1514 ταχὺ

1006 1537 1014 1549 ι
1034 1518 1103 1555 πρὸς
1114 1518 1159 1545 τὸν
1175 1518 1389 1557 ὀρφανοτρόφον,
1408 1519 1547 1556 μηνύοντα
1574 1521 1611 1552 ὡς
1639 1520 1785 1548 ἀπόστασιν
1815 1520 1857 1556 εἴη

1036 1562 1155 1598 μελετῶν
1186 1563 1200 1590 ὁ
1229 1562 1368 1598 Μανιάκης
1405 1563 1474 1590 κατὰ
1513 1566 1562 1591 τοῦ
1593 1564 1738 1602 βασιλέως.
1767 1565 1816 1593 Καὶ
1845 1566 1860 1593 ὁ

1034 1607 1080 1644 μὲν
1102 1607 1180 1638 εὐθὺς
1196 1605 1307 1643 δέσμιος
1336 1607 1374 1639 εἷς
1406 1609 1455 1643 τὴν
1489 1608 1616 1646 βασιλίδα
1651 1609 1786 1648 είσάγεται
1814 1610 1859 1637 καὶ

1031 1651 1219 1689 καθείργνυται
1249 1651 1294 1679 σὺν
1321 1652 1456 1689 Βασιλείῳ
1492 1655 1630 1691 πατρικίῳ
1655 1657 1694 1690 τῷ
1724 1654 1860 1692 Θεοδωρο-

1032 1697 1116 1732 κάνῳ,
1133 1697 1150 1731 ἡ
1168 1695 1196 1724 δὶ
1211 1699 1284 1724 πᾶσα
1298 1699 1348 1730 τῆς
1363 1697 1454 1735 ἀρχῆς
1470 1697 1577 1734 ἐξουσία
1602 1698 1629 1730 ἐς
1658 1699 1704 1727 τὸν
1722 1698 1857 1737 Στέφανον

1034 1740 1213 1777 μετατίθεται,
1246 1742 1497 1779 ουνεκπεμφθὲντος
1524 1742 1599 1779 αὐτῷ
1634 1743 1679 1770 καί
1713 1754 1787 1775 τινος
1810 1743 1853 1770 εὐ-

1032 1785 1134 1823 νούχου
1151 1785 1295 1814 Βασιλείου
1310 1786 1490 1824 πραιποσίτου
1507 1790 1554 1814 τοῦ
1570 1786 1741 1815 Πεδιαδίτου·
1759 1787 1854 1820 οἵτινες

1032 1831 1083 1857 οὐκ
1112 1829 1138 1858 ἐν
1167 1831 1266 1868 βραχεῖ
1291 1830 1325 1858 τὰ
1351 1830 1500 1868 πράγματα
1524 1830 1725 1870 διεφθάρκασιν,
1741 1832 1852 1870 αἰσχρο-

1031 1873 1139 1913 κερδείᾳ
1176 1875 1221 1902 καὶ
1262 1873 1350 1910 δειλίᾳ
1384 1876 1428 1903 καὶ
1476 1875 1599 1913 ῥᾳστώνῃ
1640 1875 1852 1915 καταπροδόντες

1031 1920 1081 1953 τὴν
1098 1918 1235 1948 Σικελίαν,
1252 1920 1283 1948 Ὀ
1305 1920 1355 1958 γὰρ
1380 1919 1516 1953 Μανιάκης
1545 1921 1628 1959 αἱρῶν
1655 1921 1703 1953 τὰς
1727 1925 1776 1957 τῆς
1804 1923 1852 1957 νή-

1033 1975 1080 1991 σου
1095 1963 1191 1995 πόλεις
1206 1963 1374 2001 ἀκροπόλεις
1389 1964 1415 1992 ἐν
1429 1965 1522 1997 αὑταῖς
1541 1965 1679 2003 ᾠκοδόμει
1703 1967 1747 1994 καὶ
1773 1977 1853 2004 φρου-

1032 2009 1096 2046 ροὺς
1125 2008 1218 2048 ἑφίστα
1243 2008 1496 2044 τοὺςῖκανοὺς,ἳνα
1525 2011 1563 2047 μὴ
1593 2011 1619 2038 οἱ
1648 2010 1778 2049 ἐγχώριοι
1807 2010 1852 2038 δύ-

1031 2052 1159 2081 ναιντ’ἃν
1189 2052 1214 2088 ἐξ
1241 2051 1392 2088 ἐπιϐουλῆς
1408 2054 1569 2087 ἀνακτᾶσθαι
1597 2055 1645 2088 τὰς
1662 2056 1767 2087 πόλεις·
1796 2057 1853 2083 τού-

1030 2108 1079 2125 του
1108 2096 1137 2125 δὲ
1165 2096 1288 2135 δεσμίου,
1309 2099 1346 2130 ὡς
1373 2098 1490 2136 εῖίρηται,
1510 2100 1548 2131 εἰς
1575 2100 1607 2128 τὸ
1635 2100 1780 2135 Βυζάντιον
1809 2101 1853 2128 ἆν-

1032 2142 1174 2180 αχθὲντος,
1189 2146 1240 2177 τῆς
1252 2142 1401 2182 ὀλιγωρίας
1416 2145 1460 2172 καὶ
1477 2143 1612 2183 ῥᾳθυμίας
1636 2147 1689 2173 τῶν
1717 2145 1852 2183 ἀρχόντων

1030 2185 1249 2225 καταδραμόντες
1281 2188 1307 2215 οἱ
1330 2187 1473 2226 ἐγχώριοι,
1489 2189 1533 2216 καὶ
1563 2188 1676 2225 δύναμιν
1710 2189 1853 2228 Καρχηδο-

1030 2231 1096 2259 νίων
1124 2231 1352 2270 προσειληφότες,
1382 2232 1543 2265 ἐπιτίθενται
1579 2237 1638 2265 ταῖς
1675 2234 1782 2269 πόλεσι,
1811 2236 1851 2262 καὶ

1029 2277 1078 2308 τάς
1106 2287 1135 2304 τε
1164 2277 1247 2312 ἄκρας
1276 2278 1444 2315 κατέσκαψαν
1473 2279 1526 2305 τὼν
1553 2280 1679 2317 φρουρῶν
1704 2280 1853 2316 κρατήσαν-

1029 2331 1083 2356 τες,
1103 2321 1148 2348 καὶ
1170 2320 1218 2351 τὰς
1236 2319 1332 2353 πόλεις
1362 2322 1449 2352 πάσας
1474 2321 1677 2350 ὲπανεσώσαντο
1699 2322 1771 2357 πλὴν
1799 2324 1851 2352 Με-

1032 2366 1128 2401 σήνης·
1145 2365 1244 2401 ταύτην
1274 2366 1324 2404 γὰρ
1355 2365 1440 2404 ἔλαχε
1467 2370 1594 2405 φρουρεῖν
1619 2368 1632 2395 ὁ
1657 2369 1852 2405 πρωτοσπαοά-

1032 2421 1089 2448 ριος
1111 2411 1125 2438 ὁ
1149 2411 1193 2438 καὶ
1221 2413 1270 2437 τοῦ
1294 2410 1432 2448 τάγματος
1460 2410 1552 2450 ἄρχων
1581 2414 1634 2439 τῶν
1661 2413 1850 2451 Ἀρμενιακῶν,

1031 2454 1195 2483 Κατακαλὼν
1224 2455 1238 2482 ὁ
1262 2455 1311 2489 τὴν
1347 2455 1505 2492 ἐπωνυμίαν
1537 2458 1718 2494 Κεκαυμένος,
1747 2468 1850 2496 τριακο-

1030 2499 1104 2531 σίους
1133 2499 1249 2531 ἱππότας
1279 2498 1350 2537 ἒχων
1379 2501 1437 2537 μεθ’
1467 2501 1561 2529 ἑαυτοῦ
1594 2501 1639 2529 καὶ
1665 2502 1850 2534 πεντακοσίους

1030 2543 1138 2579 πεζούς.
1157 2543 1323 2575 Σπεύδοντες
1348 2543 1393 2572 οὖν
1421 2545 1447 2572 οἳ
1472 2548 1604 2581 νησιῶται
1635 2545 1703 2583 μηδὶ
1732 2547 1850 2586 ζώπυρω

1033 2589 1230 2628 ὑπολειφθῆναι
1258 2589 1416 2626 Ῥωμαϊκῆς
1451 2589 1592 2628 δυνάμεως
1625 2591 1787 2631 ἐμφωλεῦον
1818 2595 1849 2629 τῇ

1030 2634 1117 2670 νήσῳ,
1147 2634 1234 2661 πάντα
1261 2634 1307 2661 τὸν
1338 2634 1424 2663 ὅπλον
1451 2639 1559 2671 κινῆσαι
1585 2635 1733 2673 δυνάμενον
1763 2637 1849 2675 ἀθροί-

1031 2689 1122 2710 σαντες
1152 2678 1196 2706 καί
1236 2680 1412 2717 συμμαχικὸν
1450 2680 1499 2708 οὐκ
1527 2679 1619 2719 ὀλίγον
1646 2682 1848 2719 Καρχησονίων,

1031 2723 1195 2755 ἀπελθόντες
1221 2723 1246 2751 ἐν
1277 2725 1388 2761 Mempr
1415 2725 1464 2759 τὴν
1503 2725 1584 2753 πόλιν
1626 2727 1847 2766 περιεστοίχισαν.

1030 2769 1082 2795 Τοῦ
1110 2767 1138 2795 δὲ
1161 2766 1319 2800 κλείσαντος
1343 2768 1391 2799 τὰς
1416 2768 1504 2800 πύλας
1530 2769 1574 2797 ἰπὶ
1594 2773 1667 2807 τριῖς
1683 2771 1787 2809 ἡμέρας
1807 2771 1847 2798 καὶ
