1919 3048
55 139 107 170 25⁵1

615 136 886 168 HISTORIARUM
910 135 1183 167 COMPENDIUM.

1689 140 1749 170 258

53 203 146 242 μηδένα
172 201 313 241 προπηδᾷν
344 203 445 233 ζῶντος
474 205 524 237 τῆς
553 202 667 242 τάφρου,
689 204 762 240 [744]
793 202 866 231 ἀλλὰ

966 203 1033 231 llam
1051 211 1152 231 eorum
1169 211 1242 240 quos
1254 203 1581 234 obsederantrationem
1597 206 1748 242 ducerent,

53 249 156 286 δόκμσιν
186 246 288 279 δειλίας
312 245 530 286 παρεσχηκότος,
564 249 816 287 καταφρονήσαντες
842 248 868 275 οἱ

53 292 196 332 Σαρακηνοὶ
225 290 310 323 ἀδεῶς
336 303 365 320 τε
399 291 589 320 ἐσκεδάννὺντο
613 292 658 320 καὶ
687 292 794 329 νύκτωρ
823 291 868 320 καὶ

56 339 107 376 μεθ’
133 336 235 375 ἡμέραν
264 336 291 364 έν
317 336 413 368 πότοις
440 337 485 365 καὶ
514 337 610 370 αὐλοῖς
636 337 680 365 καὶ
713 334 869 374 κυμϐάλοις

55 384 123 421 ᾖσαν,
138 383 174 414 ὼς
189 383 262 420 τάχα
277 385 327 417 τῆς
351 380 460 413 πόλεως
490 381 518 413 ἐς
537 382 586 416 τήν
603 379 696 419 αὔριον
712 380 869 418 μελλούσης

56 427 207 459 ἁλώσεσθαι.
237 425 343 462 Ἡμέρᾳ
370 424 399 453 δὲ
430 425 555 464 τετάρτῃ,
583 426 643 453 καθ’
671 424 703 460 ἤν
734 425 868 462 εἰώθειμεν

55 470 160 499 ἐκτελεῖν
184 470 234 504 τήν
267 471 469 506 Πεντηκοστῆν,
499 471 667 506 κατανοήσας
695 471 709 498 ὁ
732 469 868 506 Κεκαυμέ-

55 527 94 549 νος
106 516 152 550 τὴν
175 514 305 552 ἀμέλειαν
330 515 374 543 καὶ
401 514 535 553 ῥᾳθυμίαν
558 518 612 543 τῶν
630 517 807 553 Σαρακηνῶν,
823 514 869 541 καὶ

55 562 91 588 iit:
104 560 128 588 ἰν
141 558 235 596 πολλῇ
266 558 416 596 ἀμεριμνίᾳ
445 558 583 598 διάγουσιν
604 558 702 588 οὐδένα
717 559 799 598 λόγον
814 561 867 586 τῶν

57 605 120 636 ἐντὸς
133 603 180 632 τοό
205 604 317 642 τείχους
341 603 517 641 ποιούμενοι,
540 605 586 632 τὸν
613 605 708 632 ἑαυτοῦ
729 603 869 642 παραθαρ-

57 650 127 687 Αίλᾶνας
148 649 213 677 λαὸν
242 649 287 676 καὶ
315 650 364 684 τὴν
385 649 550 686 ἀναίμακτον
575 652 635 681 τοῖς
648 649 763 688 ἱερεῦσιν
784 647 871 676 ἐπιτε-

57 695 123 722 λέσαι
137 692 265 725 κελεύσας
280 693 383 728 θυσίαν,
408 693 453 721 καὶ
473 696 527 722 τῶν
553 694 632 726 θείων
656 693 712 731 ἅμα
724 696 789 721 πᾶσι
806 703 869 730 μετ-

57 738 173 776 εσχηκὼς
201 738 371 777 μυστηρίων,
401 739 463 776 περὶ
501 739 573 777 ὥραν
608 737 720 776 ἀρίστου
744 738 792 769 τὰς
818 741 870 773 τῆς

55 783 153 814 πόλεως
183 783 273 815 πύλας
296 784 463 814 ἀναπετάσας
491 785 694 822 προσρήγνυται
725 783 793 820 μετὰ
823 793 869 819 με·

55 829 141 866 γίστης
162 827 253 866 ῥύμης
277 830 336 859 τοῖς
364 827 496 860 ἐναντίοις
525 828 653 865 μεθύουσι
682 828 727 856 καὶ
748 825 871 864 καρηϐα-

58 875 151 909 ςοῦσιν,
179 872 261 904 αὐτὸς
290 875 399 910 πρῶτος
429 872 497 909 μετὰ
515 874 570 901 τῶν
593 872 639 900 σὺν
665 873 738 909 αὺτῷ
762 871 869 907 έπὶτήν

57 917 150 952 σκηνὴν
177 916 395 953 ἐξιππασάμενος
431 917 591 956 Ἀπολάφαρ
626 920 675 945 τοῦ
707 919 756 952 τῆς
787 917 872 952 νήσου

59 963 192 1000 ἄρχοντος.
229 961 282 990 Καὶ
307 960 384 993 οὗτος
416 962 463 998 μὶν
494 961 571 993 εὐθὺς
601 962 759 1000 ἀναιρεῖται,
789 961 871 998 ἀκρο-

59 1007 155 1045 πφαΛής
181 1006 234 1033 ὑπὸ
261 1004 347 1042 μέθης
375 1005 518 1043 ὑπάρχων,
548 1004 745 1044 διαρῥήγνυται
775 1004 803 1033 δὶ
828 1005 872 1033 καὶ

58 1053 72 1086 ἡ
86 1051 163 1078 αὐτοῦ
180 1051 267 1085 σκηνή
286 1060 293 1066 ·
309 1049 421 1078 ἔπιπτον
445 1049 475 1078 δὲ
498 1051 542 1078 καὶ
569 1051 596 1078 οἱ
618 1050 699 1078 ἄλλοι
715 1052 768 1078 τῶν
785 1053 872 1088 Σαρα-

58 1098 139 1131 κηνῶν
168 1095 239 1122 κατά
262 1095 310 1126 τὰς
339 1095 454 1132 σωρείας
489 1095 540 1123 ὑπὸ
567 1095 650 1131 μέθης
674 1092 873 1132 σφαλλόμενοι,

59 1141 97 1167 καὶ
119 1142 157 1176 τῷ
200 1138 404 1178 ἀπροσδοκήτῳ
444 1141 493 1172 τῆς
531 1139 676 1172 ἐπιθέσεως
707 1138 770 1176 μηδ’
799 1137 872 1170 ὅλως

60 1185 118 1222 πρὸς
149 1183 238 1219 ἀλκὴν
288 1182 443 1221 ἀποϐλέψαι
482 1184 652 1222 ΐσχύσαντες.
691 1185 795 1212 Γίνεται
827 1184 872 1211 οὖν

58 1229 135 1266 τροπὴ
165 1228 236 1256 ὅλου
265 1230 314 1256 τοῦ
343 1227 539 1266 στρατοπέδου,
562 1231 615 1256 τῶν
647 1230 812 1267 Σαρακηνῶν
829 1228 873 1256 ὐπ’

59 1272 177 1308 ἀλλήλων
222 1274 457 1310 συμπατουμένων
498 1274 542 1300 καὶ
582 1273 793 1311 ἀναιρουμένων,
835 1273 873 1303 ὡς

924 256 1045 276 suorum
1061 248 1177 276 animos
1199 247 1330 276 oratione
1345 249 1538 278 conﬁrmavit.
1554 250 1749 288 Mandatoque

923 293 1126 321 sacerdotibus
1152 295 1183 320 ut
1208 301 1270 321 rem
1297 302 1411 321 sacram
1432 295 1570 330 facerent,
1593 299 1748 332 postquam

923 337 986 373 ipse
1014 345 1080 365 cum
1109 337 1254 365 universis
1289 338 1456 374 impertitus
1484 343 1527 367 est
1555 341 1751 369 sacrosanctis

924 382 1084 419 mysteriis,
1095 383 1173 410 circa
1189 382 1289 410 horam
1302 383 1418 418 prandii
1434 384 1544 420 apertis
1561 385 1642 412 urbis
1657 386 1749 421 portis

924 427 954 454 in
979 427 1079 455 hostes
1104 435 1222 455 summo
1247 435 1312 455 cum
1337 427 1447 463 impetu
1473 428 1569 464 irruit,
1599 429 1694 458 ebrios
1722 432 1752 458 et

924 471 1044 507 crapula
1067 473 1211 507 gravatos.
1236 471 1302 507 Ipse
1327 472 1490 500 Ambustus
1521 473 1657 510 princeps
1682 482 1750 503 cum

924 515 986 544 suis
1002 524 1092 551 eques
1106 516 1141 543 ad
1165 516 1324 544 tentorium
1350 516 1542 553 Apolapharis
1557 517 1660 546 insula:
1676 527 1749 555 prie-

924 560 990 588 l'ecli
1007 560 1111 595 tendit,
1134 568 1261 596 eumque
1285 560 1352 588 vino
1377 564 1495 597 captum
1519 563 1619 591 statim
1637 564 1749 592 interti-

924 604 1006 632 ciuut
1019 605 1235 640 tentoriumque
1251 604 1403 641 diripiunt.
1413 606 1467 633 Sed
1476 609 1504 634 et
1518 609 1691 636 cumulatim
1702 617 1750 637 ca-

925 649 999 677 dunt
1015 649 1118 684 reliqui
1134 649 1281 684 Saraceni,
1299 652 1328 677 et
1349 649 1384 677 ob
1401 650 1573 679 ebrietatem
1589 652 1751 682 titubantes

924 696 953 722 et
968 694 1004 721 ob
1021 693 1211 729 improvisum
1228 702 1289 721 rem
1306 694 1341 721 de
1352 694 1522 723 defensione
1537 696 1609 724 nihil
1625 698 1752 733 cogitan-

925 740 980 766 tes.
998 737 1091 773 lgitur
1105 738 1175 766 totis
1191 737 1294 766 castris
1310 738 1432 774 fugitur,
1447 739 1573 768 ducibus
1590 741 1751 770 Saraceno-

925 791 991 810 rum
1006 791 1037 810 se
1048 782 1171 810 invicem
1183 782 1383 811 obterentibus
1395 786 1483 819 atque
1494 784 1749 821 interﬁcientibus,

926 829 955 855 et
971 835 1092 863 campus
1108 827 1299 855 cadaveribus
1314 827 1471 864 obtegitur,
1488 829 1563 858 525
1582 838 1615 858 ac
1630 830 1749 866 propin-

926 880 990 907 qua:
998 871 1144 899 conValles
1153 879 1186 899 ac
1200 871 1322 899 ﬂumina
1332 872 1491 908 replentur.
1506 874 1634 910 Denique
1645 875 1679 904 de
1689 878 1750 904 tam

928 916 1029 944 multis
1044 915 1176 944 millibus
1191 915 1361 952 paucissimi
1373 917 1549 946 Panormum
1566 919 1635 956 fuga
1649 928 1750 956 perve-

927 961 1022 988 niunt.
1049 960 1139 996 Capta
1162 962 1233 988 sunt
1256 964 1352 988 castra
1376 970 1445 989 auro
1469 965 1499 990 et
1521 967 1641 999 argento
1666 965 1750 993 unio-

927 1005 1072 1040 nibusque
1087 1007 1115 1032 et
1129 1005 1253 1040 gemmis
1279 1005 1481 1042 refertissima,
1505 1015 1577 1043 quas
1602 1009 1752 1038 dimensos

927 1057 991 1077 esse
1007 1049 1113 1077 modiis
1130 1049 1238 1077 milites
1253 1049 1360 1077 ferunt.
1371 1050 1518 1079 ItaSicilia
1531 1053 1609 1080 brevi
1621 1055 1752 1089 tempore

927 1102 944 1121 a
973 1094 1103 1121 Maniace
1131 1094 1162 1120 in
1190 1095 1390 1121 Romanorum
1419 1097 1595 1130 potestatem
1623 1098 1750 1133 reducta,

927 1138 1030 1174 exiguo
1045 1137 1140 1174 spatio
1156 1138 1192 1166 ob
1217 1138 1362 1173 ignaviam
1379 1141 1406 1166 et
1431 1140 1571 1168 incuriam
1589 1142 1698 1170 ducum
1713 1143 1750 1171 ad

927 1183 1087 1211 Saracenos
1103 1183 1199 1217 rediit,
1215 1181 1277 1210 sola
1291 1185 1434 1217 Messana,
1451 1186 1598 1220 quomodo
1609 1187 1749 1222 diximus,

927 1228 1066 1256 Romanis
1082 1231 1205 1255 servata.
1227 1229 1367 1255 Caeterum
1384 1228 1550 1265 Stephanus
1574 1233 1603 1258 et
1618 1231 1750 1260 Pediadi-

928 1274 972 1300 tes
986 1280 1020 1300 ex
1036 1271 1133 1299 insula
1148 1272 1177 1298 in
1194 1272 1417 1307 Longibardiam
1434 1274 1635 1310 profugerunt.

58 1317 226 1354 πληρωθῆναι
257 1320 358 1354 νεκρῶν
385 1317 416 1345 τὸ
445 1315 537 1345 πεδίον
562 1317 606 1345 καί
633 1318 681 1350 τὰς
705 1315 811 1356 ἔγγιστα
841 1317 979 1356 φάγαγγας
1009 1316 1052 1343 καὶ
1081 1315 1144 1346 τοὺς
1174 1316 1327 1352 “MIy-05:,
1359 1316 1396 1347 ὡς
1423 1316 1453 1344 ἐκ
1481 1318 1617 1346 τοσούτων
1649 1321 1749 1358 μυριά-

59 1361 103 1390 δων
119 1361 226 1400 ὀλίγους
254 1362 323 1390 πάνυ
343 1361 368 1390 ἒν
399 1363 535 1400 Πανόρμῳ
559 1361 735 1397 διασωθῆναι.
763 1363 886 1399 ἘΛήφθη
918 1359 946 1388 δὲ
974 1359 1019 1388 καὶ
1042 1360 1072 1387 τὸ
1105 1359 1286 1397 στρατόπεδον
1315 1359 1396 1397 ἅπαν,
1419 1364 1523 1399 χρυσοῦ
1551 1364 1596 1390 καὶ
1625 1365 1744 1402 ἀργύρου

57 1407 94 1434 καὶ
119 1407 262 1444 μαργάρων
293 1407 368 1444 γένον
391 1406 437 1434 καὶ
464 1406 622 1434 πολυτελῶν
661 1406 758 1443 λίθων,
780 1406 838 1442 οὒς,
876 1405 913 1436 ὡς
946 1403 1065 1442 λέγεται,
1095 1403 1238 1441 μεδίμνοις
1276 1405 1301 1432 οἳ
1337 1408 1499 1442 στρατιῶται
1524 1405 1743 1446 διεμοιράσαντο.

59 1452 100 1480 Καὶ
128 1451 196 1478 οὕτω
213 1452 262 1488 μὲν
291 1452 308 1486 ἠ
337 1454 408 1479 πῖισα
437 1450 549 1479 Σικελία
571 1451 593 1478 δ’
617 1450 711 1489 ὀλίγου
739 1453 904 1489 χιιρωθεῖσα
930 1449 1004 1488 παρὰ
1027 1451 1076 1476 τοῦ
1107 1448 1244 1484 Μανιάκη,
1272 1448 1297 1476 ἐν
1330 1450 1429 1488 βραχεῖ
1457 1452 1550 1489 χρόνῳ
1571 1452 1686 1489 ἀμελείᾳ
1700 1455 1746 1482 καί

58 1495 175 1531 κακότητι
204 1495 363 1535 στρατηγῶν
391 1497 489 1534 γέγονε
516 1495 598 1524 πάλιν
624 1496 676 1524 ὑπὸ
705 1494 892 1533 Σαρακηνοὺς,
909 1495 996 1532 μόνης
1021 1495 1070 1526 τῆς
1100 1494 1229 1536 Μεσήνης
1254 1493 1474 1533 πιριλειιρθείσης
1503 1497 1561 1524 καθ’
1585 1498 1614 1525 ὃν
1644 1499 1745 1536 τρόπον

59 1540 205 1578 εἰρήκαμεν,
234 1543 285 1569 τοῦ
314 1541 452 1581 Στεφάνου
479 1541 522 1569 καὶ
550 1543 599 1569 τοῦ
625 1539 785 1568 Πεδιαδίτου
811 1539 947 1578 φυγόντων
977 1538 1002 1566 ἐν
1037 1535 1230 1577 Λογγιϐαρὸίᾳ.
1254 1538 1306 1567 Καὶ
1331 1539 1365 1566 τὰ
1395 1539 1442 1576 μὶν
1468 1540 1493 1568 έν
1519 1535 1748 1582 Σικελίᾳέςρέρετο

60 1586 141 1624 ταύτῃ.

90 1640 117 1669 Ὁ
142 1639 169 1668 δὶ
199 1639 329 1678 βασιλεὺς
359 1639 477 1678 Μιχαὴλ
501 1641 537 1676 τῇ
565 1639 745 1677 Θεσσαλονίκῃ
774 1640 811 1672 ὡς
837 1638 871 1667 τὰ
887 1641 908 1674 α

62 1683 142 1712 πολλᾶ
169 1683 300 1722 διέτριϐε,
328 1685 524 1723 προσλιπαρῶν
547 1687 588 1721 τῷ
615 1685 694 1724 τάφῳ
712 1687 761 1712 τοῦ
775 1683 873 1712 καλλι-

62 1723 126 1757 νίκου
140 1729 276 1767 μάρτυρος
305 1729 466 1767 Δημητρίου
488 1730 532 1757 καὶ
563 1728 725 1767 ἀπαλλαγὴν
750 1729 874 1767 εὑρέσθαι

63 1777 104 1808 τῆς
116 1775 194 1802 νόσου
215 1774 399 1812 γλιχόμενος.
425 1774 474 1801 Καὶ
499 1773 600 1809 ἥπτετο
617 1774 664 1811 μὲν
677 1776 730 1801 τῶν
747 1774 874 1810 πραγμά-

62 1829 108 1845 των
135 1817 189 1846 οὐδ’
220 1819 385 1855 ὁπωστιοῦν,
417 1818 458 1846 ὅτι
494 1819 532 1855 μή
571 1821 643 1846 πᾶσα
672 1818 785 1856 ἀνάγκη,
815 1817 874 1857 ἐφέ-

63 1873 115 1897 ρετο
143 1861 170 1890 δὲ
194 1863 211 1898 ἠ
239 1861 375 1898 διοίκησις
404 1863 448 1890 καὶ
475 1865 530 1890 τῶν
559 1865 656 1890 κοινῶν
689 1863 874 1900 μεταχείρισις

66 1906 109 1934 ὕπὸ
124 1907 248 1935 Ἰωάννου
264 1918 270 1924 -
287 1907 331 1935 καὶ
349 1906 426 1935 οὐδὲν
443 1906 514 1938 εἶδος
541 1905 660 1945 βέϐηλον
688 1907 733 1934 καὶ
752 1907 876 1944 παράνο-

65 1962 109 1986 μον
132 1952 254 1984 ἐπινοίας
280 1949 443 1990 παρεϐείσθη
461 1952 475 1979 ὃ
501 1952 539 1988 μὴ
564 1951 666 1990 ἐξεῦρεν
691 1951 728 1982 είς
746 1962 876 1989 συντριμ·

66 1996 109 2030 μὸν
134 1996 176 2023 καὶ
205 1997 326 2024 κάκωσιν
354 1999 408 2024 τῶν
452 1996 503 2024 ὑπὸ
539 1999 630 2034 χεῖρα.
655 1996 818 2034 Καταλέγειν
848 1995 877 2023 δὲ

65 2037 162 2068 ἕκαστον
187 2040 294 2068 τούτων
329 2039 413 2073 ἆθλος
447 2040 622 2078 Ἡράκλειος.
661 2040 713 2070 Καὶ
746 2039 876 2068 διέκειντο

66 2083 151 2116 πάντες
166 2085 308 2121 ἅνθρωποι
338 2085 389 2113 ὑπὸ
413 2088 463 2120 τῆς
493 2085 601 2124 βαρείας
628 2085 730 2121 ταύτης
754 2086 877 2124 τυραννί-

66 2127 106 2161 δος
130 2129 261 2167 ἀγόμενοι
285 2130 327 2157 έπῖ
355 2129 427 2158 πολὺ
452 2129 658 2161 θεοκλυτοῦντες
682 2130 727 2157 καὶ
756 2129 878 2158 ἀπαλλα-

66 2174 110 2211 γὴν
130 2173 326 2212 ἐξαιτούμενοι.
361 2175 450 2203 "Eant
477 2173 506 2202 δὲ
542 2175 587 2202 καὶ
610 2177 732 2213 συνεχῶς
760 2175 774 2202 ὁ
803 2174 878 2211 Θεὸς,

67 2218 104 2245 καὶ
131 2217 244 2256 δείματα
273 2220 318 2246 καὶ
348 2217 472 2258 φόϐητρα
497 2222 608 2257 κατεῖχε
637 2220 687 2254 τὴν
702 2219 877 2256 οἰκουμένην,

67 2261 89 2289 ἐν
109 2262 211 2301 οὐρανῷ
236 2265 367 2301 κομητῶν
404 2263 541 2300 ἑπιτολαὶ,
571 2264 596 2292 ἐν
625 2263 683 2302 ἀέρι
709 2265 803 2301 ἄνεμοι
832 2263 878 2291 καὶ

69 2305 158 2345 ὄμϐροι
186 2307 322 2347 ῥαγδαῖοι,
348 2307 374 2335 έν
403 2310 438 2346 γῇ
483 2308 511 2336 δὲ
551 2309 670 2347 βρασμοὶ
698 2309 742 2336 καὶ
771 2308 877 2337 κλόνοι.

67 2353 146 2379 Ταῦτα
174 2351 202 2380 δὲ
230 2353 417 2390 προεμήνυον,
443 2354 530 2390 οἶμαι,
559 2354 608 2388 τὴν
636 2352 789 2390 μέλλουσαν
815 2353 877 2380 ὅσον

68 2394 163 2424 οὐδέπω
177 2396 296 2435 γενέσθαι
311 2398 501 2437 καταστροφήν
516 2400 570 2426 τῶν
585 2397 734 2436 τυράννων.

98 2450 211 2486 [Ρ.745]
244 2449 325 2486 Μαέῳ
351 2449 380 2478 δὶ
410 2450 477 2487 μηνὶ
505 2450 554 2478 τοῦ
581 2455 672 2490 ,ςφμη
699 2449 786 2484 ἔτους,
812 2449 879 2478 ίνδι-

69 2496 171 2525 κτιῶνος
187 2495 223 2530 η’,
239 2496 257 2529 ἡ
273 2494 376 2534 ἀδιλφῆ
391 2498 440 2523 τοῦ
472 2495 606 2532 βασιλέως
623 2496 724 2533 Μαρία,
743 2497 835 2533 μήτηρ
851 2494 881 2523 δὲ

68 2539 110 2564 τοῦ
124 2539 264 2576 Καίσαρος,
278 2538 383 2567 ἄπεισιν
402 2540 426 2567 ἐν
446 2539 550 2578 Ἐφέσῳ
571 2540 609 2573 εἰς
628 2540 811 2577 προσκύνησιν
831 2542 879 2567 τοῦ

69 2581 247 2619 ἠγαπημένου.
265 2583 316 2611 Καὶ
333 2584 359 2611 ἐν
373 2586 412 2620 τῷ
428 2583 523 2612 διιεναι
541 2584 633 2612 πολλὰ
646 2587 699 2612 τῶν
715 2583 879 2622 παραλόγως

70 2628 254 2663 πραττομένων
280 2629 412 2665 μαθοῦσα,
442 2628 631 2667 ὑποστρέψασα
661 2629 698 2660 εἷς
724 2630 756 2656 τὸ
784 2629 880 2667 βυζάν-

69 2678 118 2696 τιον
134 2671 282 2709 ἀπήγγειλε
297 2673 382 2700 πάντα
406 2675 446 2709 τῷ
470 2672 581 2712 ἀδελφῷ
602 2674 721 2710 Ἰωάννῃ,
738 2674 783 2700 καὶ
799 2683 880 2710 παρει

69 2713 136 2742 κάλει
147 2715 297 2752 ἆναστολήν
308 2727 370 2745 τινα
379 2718 500 2755 γενέσθαι
510 2722 560 2753 τῆς
571 2718 706 2756 πονηρίας
719 2728 725 2735 ·
743 2718 757 2744 ὁ
773 2716 802 2745 δὲ
814 2718 882 2755 μετὰ

71 2757 179 2796 γέλωτος
204 2761 289 2798 αὐτὴν
323 2761 512 2801 ἀπεπέμψατο,
542 2765 682 2802 γτναικεῖα
711 2765 818 2803 φρονεῖν
847 2762 882 2791 εἷ-

72 2804 133 2839 πὼν,
148 2805 190 2834 καὶ
205 2805 312 2845 ἀγνοεῖν
338 2806 407 2836 ὅσων
435 2808 453 2846 ἡ
476 2806 603 2838 πολιτεία
623 2806 707 2838 δεῖται
723 2807 880 2848 Ῥωμαίων.

964 1639 1081 1667 Interim
1098 1638 1259 1667 Michaelus
1275 1638 1436 1675 imperator
1450 1640 1617 1678 plerumque
1627 1643 1751 1673 Thessa-

927 1683 1031 1712 lonicae
1046 1683 1181 1719 degebat,
1198 1683 1233 1711 ad
1259 1683 1398 1711 Demetrii
1421 1685 1557 1721 Martyris
1581 1688 1750 1723 sepulcrum

928 1736 1125 1762 commorans,
1150 1728 1186 1755 ab
1211 1736 1303 1763 eoque
1328 1729 1421 1756 morbi
1448 1730 1680 1766 proﬂigationem
1706 1742 1753 1770 pe-

929 1775 1013 1807 tens;
1031 1780 1125 1808 neque
1140 1771 1230 1800 ullius
1245 1773 1364 1808 negotii,
1377 1774 1432 1801 nisi
1448 1782 1566 1803 summa
1581 1777 1753 1813 compulsus

929 1817 1114 1851 necessitate,
1130 1824 1230 1844 curam
1255 1816 1445 1852 suscipiebat,
1462 1820 1594 1848 omnium
1619 1824 1647 1848 et
1662 1821 1754 1850 totius

929 1862 969 1889 rei
979 1861 1102 1896 publica;
1108 1860 1361 1889 administratione
1368 1861 1396 1889 in
1403 1864 1544 1891 Joannem
1553 1864 1753 1893 incumbente.

930 1905 1008 1933 Nihil
1024 1906 1223 1941 improbarum
1235 1913 1268 1934 ac
1279 1906 1476 1941 pessimarum
1492 1908 1547 1935 fuit
1557 1909 1664 1937 artium
1676 1911 1754 1946 quod

931 1950 978 1978 hic
995 1950 1080 1978 homo
1096 1958 1153 1977 non
1169 1950 1346 1986 excogitaret
1368 1953 1456 1987 atque
1471 1952 1623 1981 adhiberet
1638 1955 1672 1982 ad
1690 1963 1754 1990 pre-

932 1995 1054 2022 mendos
1069 1994 1273 2030 vexandosque
1298 1995 1443 2023 subditos.
1469 1996 1504 2024 Et
1518 1997 1638 2033 quidem
1655 1999 1757 2027 omnia

931 2039 996 2074 ejus
1011 2039 1122 2075 ﬂagitia
1136 2039 1243 2067 referre
1261 2038 1403 2067 Herculea
1429 2040 1516 2068 fuerit
1537 2049 1677 2071 aerumna.
1703 2043 1757 2072 Per

931 2083 1052 2120 longum
1066 2085 1184 2119 tempus
1199 2084 1290 2111 attriti
1313 2085 1367 2111 hac
1384 2085 1537 2120 tyrannide
1552 2086 1688 2116 homines
1704 2096 1755 2116 au-

931 2128 1035 2156 xilium
1053 2128 1102 2156 Dei
1118 2128 1278 2156 identidem
1294 2131 1322 2156 et
1337 2129 1569 2159 sublevationem
1587 2133 1757 2168 poscebant.

932 2173 986 2201 Sed
1011 2175 1040 2201 et
1063 2173 1203 2200 divinitus
1230 2173 1414 2201 continentes
1440 2177 1522 2202 terra
1546 2178 1757 2205 concussiones

933 2217 1105 2250 edebantur,
1121 2225 1155 2244 ac
1175 2217 1350 2245 terribilium
1375 2220 1558 2247 ostentorum
1575 2221 1679 2256 plenus
1695 2224 1758 2249 erat

934 2262 1072 2297 mundus,
1089 2261 1117 2289 in
1135 2261 1206 2289 crslo
1221 2261 1353 2296 cometis,
1371 2262 1399 2290 in
1420 2271 1486 2291 aere
1501 2265 1595 2292 ventis
1608 2268 1695 2301 atque
1710 2274 1758 2294 ve-

894 2319 917 2351 D
934 2306 1168 2334 hementissimis
1184 2306 1338 2341 imbribus,
1361 2307 1389 2334 in
1406 2308 1483 2336 528
1500 2312 1576 2337 terra
1593 2310 1758 2345 fragoribus

933 2359 966 2379 ac
982 2350 1158 2378 tremoribus
1181 2351 1402 2379 exsistentibus.
1423 2352 1502 2385 Quae,
1519 2353 1673 2389 utjudico,
1691 2363 1759 2390 por-

933 2395 1095 2423 tendebant
1109 2395 1208 2423 statim
1225 2398 1364 2431 tyrannos
1380 2397 1536 2432 perituros.

969 2450 1028 2475 Hoc
1044 2448 1107 2484 ipso
1123 2456 1210 2481 anno,
1236 2448 1395 2476 indictione
1410 2449 1437 2482 8,
1462 2458 1559 2479 mense
1575 2452 1660 2486 Maio,
1676 2461 1760 2481 soror

933 2492 1118 2528 imperatoris
1134 2493 1235 2528 Maria,
1252 2492 1375 2520 Cesaris
1400 2497 1503 2528 mater,
1524 2495 1670 2531 Ephesum
1687 2497 1760 2525 abiit

935 2536 1075 2564 adorandi
1099 2537 1221 2564 Joannis
1249 2537 1433 2573 evangelista
1461 2546 1561 2572 causa,
1587 2543 1616 2568 et
1640 2549 1705 2569 cum
1729 2542 1760 2570 in

934 2581 1037 2609 itinere
1055 2581 1146 2608 multa
1160 2581 1283 2609 vidisset
1303 2581 1436 2617 improbe
1451 2584 1523 2619 geri,
1541 2593 1656 2613 reversa
1672 2586 1708 2613 de
1722 2586 1760 2614 iis

935 2626 1073 2654 omnibus
1089 2626 1124 2653 ad
1153 2626 1268 2654 fratrem
1295 2627 1434 2655 Joannem
1461 2629 1572 2662 retulit,
1588 2630 1762 2666 hortataque

935 2673 979 2699 est
994 2673 1026 2698 ut
1042 2670 1113 2698 istas
1134 2671 1280 2705 nequities
1304 2674 1458 2707 coerceret,
1475 2681 1564 2708 quam
1581 2674 1629 2702 ille
1643 2675 1761 2704 irrisum

936 2715 1058 2748 dimisit,
1077 2713 1259 2742 muliebriter
1270 2717 1379 2743 sentire
1394 2717 1486 2749 aiens,
1503 2721 1533 2745 et
1547 2718 1659 2746 nescire
1674 2726 1764 2755 quam

937 2760 1030 2790 multa
1044 2760 1080 2787 ad
1105 2759 1318 2795 rempublicam
1343 2760 1504 2790 Romanam
1531 2762 1761 2800 requirerentur.

937 2806 1015 2837 Idem
1026 2811 1089 2833 cum
1099 2803 1133 2833 ad
1142 2803 1347 2844 imperatorem
1355 2805 1758 2846 Thsssalonloemtdiximul,
