1933 3048
148 122 206 153 259

825 121 982 153 GEORGII
1005 122 1173 153 CEDRENI

1794 121 1864 152 260

149 189 303 224 degentem
328 188 391 217 auri
417 189 583 218 eentcnaria
607 189 706 217 decem
733 188 871 221 mitteret,
893 188 966 216 navit

1062 199 1075 214 ν
1092 186 1275 225 Θεσσαλονίκῃ
1290 186 1328 223 δὲ,
1357 187 1394 219 ὡς
1419 187 1542 224 εἴπομεν,
1567 188 1607 223 τῷ
1627 186 1736 224 βασιλεῖ
1751 185 1862 225 διατριο

149 233 267 261 turbine
282 234 360 262 venti
380 236 513 270 correpta
527 233 650 271 Illyricis
666 234 751 262 allisa
767 236 811 262 est
826 234 976 261 littoribus

150 280 179 305 et
198 277 305 314 periit:
324 287 428 306 aurum
455 278 591 314 princeps
613 278 770 307 Serborum
795 278 974 314 Stephanus,

149 323 199 358 qui
216 325 244 350 et
254 322 452 357 Boisthlabus,
471 323 602 351 abstulit.
619 325 646 351 Is
669 323 755 360 paulo
772 325 839 351 ante
855 331 888 350 ex
904 322 975 350 urbe

150 367 328 404 profugerat,
345 370 373 395 et
387 367 519 396 Serbiam
536 370 692 403 occuparat
708 368 791 404 pulso
805 368 872 395 inde
884 367 975 395 Theo-

150 411 230 447 philo
245 412 369 440 Erotico.
387 413 418 440 At
440 413 518 440 enim
534 413 662 440 Joannes
679 413 872 448 magistratus
888 420 974 439 vena-

149 456 192 485 les
207 457 398 493 prostituens,
416 465 449 485 ac
473 457 553 484 omni
578 457 732 492 iniustitiae
748 457 838 484 friana
859 456 973 490 laxans,

149 502 314 529 innumeris
340 501 558 530 calamitatibus
583 502 683 529 orbem
701 504 844 529 terrarum
871 500 974 537 imple~

149 546 200 579 vit,
228 545 372 582 praefectis
401 546 521 581 impune
547 546 683 574 subditos
710 546 919 582 expilantibus,
947 546 976 573 et

149 591 265 618 nemine
289 599 410 626 prorsus
434 591 464 618 in
490 599 524 618 ea
550 599 613 627 quae
639 591 811 627 agebantur,
838 590 973 618 animad-

149 636 290 663 vertente.

187 770 347 805 Imperator
359 770 457 797 autem
479 768 693 796 Thessalonicen
718 769 753 796 de
778 768 887 796 amisso
903 776 973 796 auro

150 814 256 842 certior
279 813 384 848 factus,
408 813 589 849 Stephanum
615 821 667 849 per
691 812 802 840 litteras
828 815 926 840 monet
942 814 974 840 ut

149 857 205 886 sibi
221 866 309 886 suum
333 858 431 886 mittat
455 866 549 894 neque
565 857 642 886 ultro
667 857 735 885 belli
760 866 879 885 causam
896 857 970 886 5‘27

147 903 285 938 prebeat.
303 903 360 931 [loc
377 910 443 930 cum
470 911 521 939 pro
538 901 630 930 nihilo
656 904 770 937 putaret
794 902 971 937 Stephanus,

146 947 300 982 Georgium
324 947 479 975 Probatam
501 947 663 983 spadonem
687 955 752 974 cum
777 947 903 974 exercitu
923 947 972 974 ad-

147 1000 251 1020 versus
266 1000 334 1020 eum
351 991 440 1019 mittit
451 991 620 1027 imperator.
634 991 687 1024 Qui
700 991 727 1018 in
739 991 837 1018 Servis
847 990 971 1027 illapsus

148 1037 364 1064 inconsiderate
375 1036 403 1064 in
416 1037 547 1064 locorum
559 1036 751 1064 dililcultates
763 1035 894 1064 etinvias
905 1044 972 1064 cou-

147 1081 247 1117 valles,
262 1083 324 1109 toto
337 1081 465 1109 exercitu
483 1081 592 1109 amisso
607 1089 682 1117 aegre
697 1081 795 1109 evasit.

181 1216 239 1244 Hoc
255 1216 319 1252 ipso
335 1224 411 1243 anno
434 1217 462 1243 et
483 1214 601 1251 Bulgari
624 1215 793 1242 defecerunt
817 1214 871 1242 hac
886 1223 968 1242 occa-

145 1261 227 1288 sione
237 1269 242 1287 :
253 1262 354 1288 Petrus
367 1260 487 1296 quidam
498 1259 653 1295 Bulgarus,
666 1262 859 1295 cognomento
874 1259 969 1287 Delea-

144 1314 210 1340 nus,
227 1313 328 1333 servus
353 1304 509 1339 cujusdam
533 1304 663 1340 Cpolitze,
681 1304 824 1340 profugus
848 1312 882 1331 ex
898 1304 969 1332 urbe

142 1349 308 1384 Bulgariam
324 1349 508 1385 pervagando
525 1357 619 1384 usque
636 1349 670 1376 ad
684 1348 835 1376 Morabum
853 1351 879 1376 et
892 1348 967 1376 Bele-

141 1393 248 1428 grados
264 1393 406 1428 pervenit,
422 1401 486 1428 quae
502 1395 573 1420 sunt
584 1391 703 1419 castella
718 1392 870 1419 Pannoniae
887 1395 968 1420 trans

143 1440 250 1464 lstrum
275 1437 339 1470 sita,
365 1437 492 1464 Turcicze
518 1436 612 1464 vicina
639 1436 762 1470 ditioni;
788 1440 816 1464 et
832 1436 921 1464 {ilium
938 1445 968 1465 se

143 1482 277 1515 Romani,
294 1483 429 1517 nepotem
444 1481 722 1516 Samuelijactando
739 1483 854 1517 gentem
867 1481 968 1517 Bulga-

143 1525 233 1552 rieam
250 1525 416 1558 concitavit,
433 1533 496 1560 quae
509 1533 566 1552 non
579 1524 617 1552 ita
634 1525 743 1560 pridem
761 1525 966 1561 cervicesjugo

1029 230 1103 260 ϐοντι
1132 232 1247 270 χρυσίου
1274 233 1288 260 ὁ
1318 233 1445 267 Ἰωάννης
1471 230 1576 269 ἔπεμψε
1599 233 1761 270 κιντηνάρια
1779 230 1858 266 δέκα,

1029 276 1081 304 ὑπὸ
1108 274 1260 315 στροϐίλων
1290 275 1319 304 δὲ
1345 276 1504 313 πνευμάτων
1535 277 1668 314 ἁρπασθὲν
1696 276 1727 304 τὸ
1753 275 1857 304 πλοῖον

1028 324 1086 352 τοῖς
1101 321 1267 359 Ἰλλυρικοῖς
1284 321 1459 360 προσερῥάγη
1476 320 1613 359 αἷγιαλοῖς
1628 331 1672 348 και
1685 318 1825 358 συνετρίϐη
1846 331 1856 337 -

1028 366 1060 394 τὸ
1076 364 1105 393 δὲ
1120 366 1234 404 χρυσίον
1257 365 1382 404 ἀφείλετο
1407 365 1542 405 Στέφανος
1569 366 1583 393 ὁ
1607 364 1652 393 καὶ
1669 363 1857 399 Βοϊσθλάϐος,

1030 410 1043 437 ὀ
1058 413 1112 438 τῶν
1126 408 1234 448 Σέρϐιον
1258 410 1363 448 ἐέρχων⁷
1392 411 1446 448 πρὸ
1474 412 1573 447 μυιροῦ
1596 412 1645 443 τῆς
1659 409 1767 441 πόλεως
1781 410 1857 437 ἁπο-

1030 453 1094 493 δρὰς
1118 454 1162 482 καὶ
1185 455 1232 483 τὸν
1256 455 1339 483 τόπον
1363 457 1417 482 τῶν
1441 453 1552 493 Σέρϐων
1579 455 1768 492 κατεσχηκὼς,
1785 454 1855 482 Θεό-

1029 498 1109 538 φιλον
1127 499 1226 532 ἐκεῖθεν
1254 500 1299 527 τὸν
1329 501 1479 538 Ἐρωτιχον
1502 499 1648 530 ἀπελάσας.
1675 500 1704 528 '0
1721 498 1745 526 δ’
1759 499 1857 527 ἰωάν-

1028 554 1077 579 νης
1094 543 1174 571 ὤνιον
1205 544 1401 582 προτιθέμενος
1425 544 1472 575 τὰς
1498 543 1596 582 ἀρχὰς,
1621 543 1665 571 καὶ
1681 546 1745 571 πᾶσι
1767 543 1856 581 χαλι-

1027 589 1073 616 νὸν
1101 587 1222 620 ἐνδιδοὺς
1253 588 1369 625 ἀδικίας,
1401 589 1507 628 μορίων
1536 590 1683 628 συμφορῶν
1718 587 1854 623 ἐνέπλησε

1027 634 1077 668 τὴν
1107 633 1283 670 οἱχουμένην,
1308 633 1394 666 ἀδεῶς
1416 636 1469 661 τῶν
1494 635 1594 671 κριτῶν
1622 632 1851 672 φορολογούντων

1027 679 1091 710 τοὺς
1113 678 1277 716 ἐγχωρίους,
1306 679 1349 706 καὶ
1377 677 1493 715 μηδενὸς
1523 677 1687 716 ἐπιστροφὴν
1718 677 1791 710 ὅλως
1813 688 1855 705 τι-

1029 723 1141 759 θεμένου
1155 725 1210 750 τῶν
1225 724 1387 761 γινομένων.

1062 768 1090 795 Ὀ
1117 767 1145 795 δὲ
1174 767 1300 806 βασιλεὺς
1329 768 1354 796 ἐν
1389 767 1571 806 Θεσσαλονίκῃ
1605 768 1697 804 μαθὼν
1726 767 1776 802 τὴν
1800 769 1853 795 τοῦ

1027 813 1143 850 χρυσίου
1171 812 1319 848 ἀπώλειαν,
1348 812 1443 852 γράφει
1479 815 1519 847 τῷ
1554 812 1683 851 Στεφάνῳ
1712 811 1851 849 ἐκπέμψαι

1027 857 1094 893 πρὸς
1122 857 1201 884 αὐτὸν
1229 858 1260 885 τὸ
1289 856 1357 884 ἴδιον
1389 857 1434 884 καὶ
1475 858 1512 893 μή
1554 856 1666 892 θελῆσαι
1694 856 1852 893 αὐθαίρετον

1028 901 1168 929 ἀνελέσθαι
1194 901 1326 938 πόλεμον.
1357 903 1413 930 Τοῦ
1440 901 1469 929 δὲ
1496 900 1630 939 μηδεμίαν
1657 901 1850 938 ποιησαμένου

1026 945 1203 985 ἐπιστροφὴν,
1247 947 1358 984 στρατὸν
1399 947 1413 973 ὁ
1458 945 1584 983 βασιλεὺς
1627 946 1759 982 ἐκπέμπει
1788 946 1850 973 κατ’

1025 991 1118 1025 αὐτοῦ,
1163 990 1284 1028 ἄρχοντα
1330 990 1457 1027 ἐκτομίαν
1496 991 1631 1029 Γεώργιον
1671 989 1771 1028 ἔχοντα
1799 990 1849 1017 τὸν

1025 1033 1178 1072 Προϐατᾶν.
1192 1036 1222 1064 Ὀ
1251 1034 1280 1062 δὲ
1303 1035 1348 1062 τὸν
1372 1035 1456 1062 τόπον
1480 1033 1652 1069 καταλαϐὼν,
1670 1035 1715 1062 καὶ
1738 1033 1849 1072 δυσχω-

1026 1079 1097 1116 ρίαις
1132 1080 1176 1107 καὶ
1210 1079 1325 1117 φάραγξι
1361 1079 1406 1107 καὶ
1446 1077 1607 1111 δυσϐάτοοις
1645 1080 1850 1117 ἀπερισκέπτως

1024 1123 1148 1160 ἐμπεσὼν
1178 1124 1283 1158 τόποις,
1314 1123 1346 1152 τό
1382 1135 1412 1152 τε
1447 1124 1600 1161 στράτευμα
1625 1123 1690 1152 ὅλον
1720 1123 1849 1151 ἀπώλεσε

1024 1168 1068 1196 καὶ
1085 1169 1164 1200 αὐτὸς
1181 1167 1320 1207 δυσχερῶς
1338 1168 1467 1202 διεσώθη.

1058 1213 1153 1250 Τούτῳ
1169 1216 1208 1250 τῷ
1225 1213 1277 1241 ἔτει
1292 1214 1337 1241 καὶ
1357 1215 1375 1248 ἡ
1400 1214 1549 1241 ἀποστασία
1563 1213 1658 1251 γέγονε
1671 1213 1845 1251 Βουλγαρίας

1023 1261 1118 1286 τοῦτον
1132 1258 1177 1286 τὸν
1194 1257 1314 1296 τρόπον·
1339 1258 1438 1294 Πέτρος
1459 1269 1500 1289 τις
1525 1258 1696 1296 Βούλγαρος,
1714 1258 1845 1289 Δελεάνος

1021 1303 1072 1337 τὴν
1104 1302 1301 1340 προσηγορίαν,
1334 1301 1434 1334 δοῦλος
1463 1302 1611 1337 Βυζαντίου
1636 1303 1708 1334 τινὸς
1737 1301 1845 1341 ἀνδρὸς,

1024 1345 1143 1384 ἀποδρὰς
1166 1348 1195 1375 ὲκ
1208 1350 1259 1382 τῆς
1281 1347 1389 1378 πόλεως
1413 1346 1549 1374 ἐπλανᾶτο
1573 1347 1599 1374 ὲν
1614 1347 1782 1385 Βουλγαριᾳ,
1798 1347 1844 1375 καὶ

1022 1393 1188 1427 κατήντησεν
1206 1390 1271 1430 ἄχρι
1297 1389 1434 1428 Μωράϐου
1458 1393 1502 1419 καί
1529 1391 1702 1430 Βελεγράδων
1720 1392 1846 1431 (φρούρια

1024 1435 1052 1463 δὲ
1066 1438 1150 1463 ταῦτα
1168 1437 1216 1471 τῆς
1234 1436 1382 1467 Παννονίας
1402 1436 1470 1464 κατᾶ
1484 1437 1533 1471 τὴν
1547 1437 1657 1474 περαίαν
1675 1439 1723 1464 τοῦ
1738 1438 1846 1474 Ἴστρου

1024 1479 1179 1517 διακείμενα
1194 1481 1239 1508 καὶ
1253 1483 1426 1518 γειτονοῖιντα
1454 1483 1494 1517 τῷ
1513 1481 1601 1519 κράλῃ
1620 1482 1676 1517 (11)
1690 1481 1844 1519 Τουρκίας).

1022 1525 1066 1552 καὶ
1097 1525 1155 1552 υἱὸν
1185 1525 1278 1552 ἑαυτὸν
1311 1525 1428 1564 ἐφήμιζε
1463 1526 1604 1562 Ῥωμανοῦ
1639 1526 1687 1553 του
1712 1527 1772 1553 υἱοῦ
1797 1527 1846 1553 τοῦ

143 1569 315 1596 subdiderat
325 1576 358 1596 ac
367 1568 529 1596 libertatem
542 1577 717 1604 magnopere
730 1569 893 1604 appetebat.
908 1571 966 1602 Quo

1060 1569 1170 1606 ιμουήλ,
1186 1570 1275 1597 καὶτὸ
1299 1563 1376 1608 γένος
1400 1569 1499 1598 ἀνέσειε
1527 1569 1579 1597 τῶν
1601 1570 1777 1608 Βουλγάρων⁷
1794 1571 1848 1607 πρὸ

140 1614 249 1641 factum
263 1615 295 1640 ut
309 1613 396 1641 ﬁdem
420 1613 532 1641 homini
557 1613 708 1646 haberent,
726 1621 850 1649 cumque
867 1622 964 1650 regem

139 1657 283 1694 Bulgaria:
299 1658 496 1694 designarent,
513 1659 542 1685 et
566 1665 617 1693 per
632 1657 770 1685 Naissum
786 1667 819 1686 ac
842 1658 964 1694 Scupias

137 1702 307 1738 primariam
323 1702 466 1737 Bulgaria:
492 1702 593 1730 urbem
610 1711 677 1730 eum
700 1701 963 1739 eircumducerent,

136 1747 244 1775 faustis
261 1746 524 1775 acclamationibus
540 1755 638 1783 regem
654 1747 845 1780 celebrantes,
865 1749 894 1775 et
909 1748 963 1775 Ro-

137 1800 240 1820 manos
256 1792 285 1819 in
302 1800 374 1828 quos
391 1791 565 1819 incidissent
576 1791 733 1819 crudeliter
744 1791 962 1821 interﬁcientes.

138 1837 170 1864 Id
187 1836 234 1864 ubi
244 1836 387 1873 comperit
395 1836 522 1864 Basilius
531 1836 714 1872 Synademus
725 1836 875 1872 Dyrrachii
889 1845 962 1872 prae-

137 1882 240 1914 l‘uctus,
257 1881 390 1909 celeriter
406 1881 470 1916 ejus
486 1881 540 1909 loci
558 1881 658 1917 copias
675 1881 704 1908 in
730 1881 889 1909 Delcauum
908 1882 963 1909 du-

134 1926 188 1960 xit,
199 1926 415 1954 occurrendum
430 1928 513 1953 ratus
526 1926 696 1961 priusquam
713 1925 789 1953 vires
802 1926 855 1953 hoc
867 1925 963 1953 inccn-

136 1971 217 1998 dium
232 1972 372 1998 sumeret.
399 1970 469 1997 Cum
497 1973 594 1997 autem
622 1970 657 1997 ad
685 1969 781 1997 locum
806 1970 853 1997 cui
871 1970 963 1998 Debra

137 2023 243 2043 nomen
260 2014 449 2050 pervenisset,
465 2016 493 2041 et
517 2013 661 2042 dissensio
686 2013 711 2041 ei
736 2014 869 2049 quaadam
895 2022 959 2042 eum

136 2068 194 2088 uno
207 2059 393 2087 tribunorum
407 2058 534 2086 militum
549 2058 689 2086 Michaelo
702 2058 884 2086 Dermocaila
898 2061 961 2087 orta

136 2106 224 2137 esset,
240 2104 317 2140 apud
341 2104 548 2139 imperatorem
573 2102 647 2131 falso
671 2102 793 2130 crimine
819 2103 961 2131 all‘ectatas

136 2150 211 2178 52S
228 2149 392 2186 tyrannidis
403 2153 569 2182 accusatur,
585 2148 773 2184 privatusque
785 2149 959 2184 magistratu

134 2193 372 2223 Thessalonicam
386 2193 502 2221 ducitur
517 2196 544 2221 et
559 2193 589 2220 in
606 2193 770 2221 custodiam
786 2193 882 2221 datur.
896 2194 960 2222 Der-

1024 1613 1120 1652 ὀλίγου
1135 1614 1179 1641 τὸν
1204 1613 1347 1652 τράχηλον
1374 1612 1510 1642 ὑποϐαλὸν
1536 1614 1571 1652 τῇ
1595 1613 1706 1651 δουλείᾳ
1723 1614 1769 1642 καὶ
1785 1614 1845 1642 λίαν

1025 1658 1212 1696 ὀριγνώμενον
1239 1659 1399 1696 ἐλευθερίας.
1430 1660 1477 1686 Διὸ
1506 1659 1551 1687 καὶ
1576 1659 1763 1690 πιστεύσαντες
1789 1662 1848 1692 τοῖς

1019 1704 1083 1740 παρ’
1098 1702 1180 1730 αἶ)τοῦ
1194 1703 1354 1741 λεγομένοις
1378 1702 1497 1732 Βασιλέα
1511 1714 1539 1731 τε
1554 1704 1634 1732 αὐτὸν
1651 1703 1844 1742 ἀναγορεύουσι

1020 1746 1195 1785 Βουλγαρῖας,
1216 1748 1261 1775 καὶ
1279 1747 1387 1784 ἄραντες
1411 1747 1509 1780 ἐκεῖθεν
1538 1747 1583 1775 διά
1605 1759 1634 1776 τι
1657 1747 1775 1775 Ναϊσσοῦ
1798 1749 1843 1776 καὶ

1017 1794 1070 1819 τῶν
1090 1792 1242 1828 Σκουπίων,
1265 1796 1315 1827 τῆς
1341 1792 1541 1831 μητροπόλεως
1572 1792 1755 1831 Βουλγαρέας,
1770 1792 1844 1820 ’ίεντο

1017 1836 1244 1874 ἀναχηρύττοντες
1287 1837 1332 1864 καὶ
1374 1838 1591 1876 ἀπιευφημοῦντες
1640 1840 1748 1870 τοῦτον,
1799 1837 1844 1864 καὶ

1017 1881 1101 1908 πάντα
1129 1882 1173 1908 τὸν
1217 1882 1412 1918 παρευρεοέντα
1450 1883 1588 1918 Ῥωμαῖον
1631 1881 1755 1917 ἀνηλεῶς
1799 1882 1844 1909 καὶ

1017 1926 1206 1959 ἀπανθρώπως
1241 1925 1422 1964 ἀναιροῦντες.
1455 1926 1539 1963 Ὅπερ
1580 1926 1672 1962 μαθὼν
1703 1925 1844 1958 Βασίλειος

1017 1969 1030 1996 ὁ
1062 1969 1226 2006 Συνχδηνὸς,
1246 1971 1396 2008 στρατηγὸς
1425 1969 1582 2008 Δυρραχίου
1605 1971 1760 2009 τυγχάνων,
1778 1971 1843 2008 ἄρας

1014 2014 1062 2045 τὰς
1091 2013 1243 2052 ἐγχωρίους
1289 2013 1417 2050 δυνάμεις
1454 2013 1580 2042 ἔσπευδεν
1623 2016 1775 2050 ἀπαντῆσαι
1801 2017 1841 2051 τῷ

1016 2057 1138 2094 Δελεάνῳ
1162 2059 1224 2096 πρὶν
1256 2057 1274 2092 ἤ
1312 2057 1356 2085 ἐπὶ
1395 2058 1464 2096 μέγα
1495 2060 1609 2095 ἀρθῆναι
1630 2060 1662 2087 τὸ
1686 2060 1767 2088 κακὸν
1797 2059 1843 2087 καὶ

1015 2102 1147 2140 πυρκαϊὰν
1176 2103 1338 2142 ἀναφθῆναι.
1368 2103 1518 2139 Γενόμενος
1543 2102 1572 2131 δὲ
1593 2104 1660 2131 κατᾶ
1675 2105 1725 2138 τήν
1757 2103 1838 2142 λεγο-

1017 2146 1099 2183 μένην
1140 2144 1255 2185 Δέρϐην,
1298 2148 1343 2174 καὶ
1390 2148 1578 2186 προσκρούσας
1612 2148 1680 2176 κατά
1721 2159 1747 2176 τι
1776 2148 1842 2185 μετά

1014 2201 1090 2222 τινος
1103 2193 1156 2219 τῶν
1191 2192 1404 2230 ὑποστρατήγων
1435 2192 1550 2230 Μιχαὴλ
1578 2195 1627 2220 τοῦ
1643 2192 1840 2230 Δερμοχαλίτου,

136 2239 276 2267 mocaites
295 2239 354 2273 (hic
369 2238 447 2267 enim
463 2238 489 2266 ei
505 2239 774 2273 succederejussus
790 2238 855 2273 fuit)
872 2238 961 2274 impe-

1060 2237 1091 2272 .6]
1121 2233 1297 2264 διαϐάλλεται
1328 2236 1355 2267 ἐς
1387 2236 1500 2274 βασιλέα
1530 2238 1567 2269 ὡς
1594 2236 1715 2274 μελετῶν
1744 2248 1840 2275 τυραν-

135 2285 189 2312 rite
204 2292 237 2312 ac
253 2283 326 2311 male
349 2291 454 2319 gerens
479 2282 688 2318 magistratum
702 2282 808 2318 exiguo
833 2285 961 2318 tempore

135 2329 234 2356 omnia
248 2329 343 2357 vertit.
361 2327 484 2363 Expilati
500 2327 577 2354 enim
596 2326 631 2354 ab
645 2335 678 2354 eo
701 2327 822 2362 injuste,
839 2327 960 2363 suisque

134 2372 217 2408 equis
233 2374 261 2400 et
276 2372 412 2400 curribus
424 2370 541 2406 spoliati
556 2370 680 2405 aliisque
691 2372 778 2399 rebus
792 2379 867 2407 quas
879 2380 960 2400 caras

134 2416 292 2449 habebant,
303 2416 450 2449 omnibus,
464 2417 563 2443 contra
575 2423 641 2442 cum
654 2415 822 2451 insurgunt.
833 2417 926 2452 Atque
936 2417 960 2444 is

134 2461 258 2488 insidias
274 2461 402 2488 sentiens
415 2459 470 2488 sibi
485 2460 582 2496 parari
593 2462 680 2487 noctu
696 2460 807 2496 cﬂ‘ugit.
821 2460 877 2496 Ipsi
891 2469 959 2497 ergo

133 2506 188 2533 sibi
201 2506 237 2533 ab
248 2505 322 2533 irato
334 2505 509 2541 imperatore
522 2506 686 2532 metuentes
695 2504 836 2532 deﬁciunt
849 2505 958 2541 palum,

133 2554 160 2578 et
174 2550 334 2586 quemdam
350 2550 385 2577 de
397 2549 541 2576 militibus
552 2548 715 2584 prudentiae
726 2557 759 2577 ac
775 2549 959 2578 fortitudinis

135 2597 221 2627 notis,
237 2594 462 2622 Teichomerum
479 2593 609 2626 nomine,
626 2593 835 2629 imperatorem
853 2593 958 2629 Bulga-

133 2639 181 2667 ria:
198 2639 390 2668 constituunt.
405 2638 540 2674 Duaejam
551 2641 635 2666 erant
647 2638 839 2674 Bulgarorum
857 2639 957 2666 factio-

1015 2279 1086 2309 νίδα.
1103 2280 1183 2309 Καὶὸ
1203 2280 1249 2317 μὶν
1278 2280 1355 2313 εὐθὺς
1380 2280 1548 2319 παραλύεται
1577 2283 1626 2317 τὴς
1643 2282 1731 2320 ἀρχῆς
1754 2281 1798 2309 καὶ
1815 2281 1840 2309 ἐν

1015 2324 1198 2362 Θεσσαλονίκῃ
1216 2325 1309 2362 ἀχθεὶς
1329 2325 1356 2352 ἐν
1380 2325 1488 2364 φυλακῇ
1512 2325 1656 2360 Βάλλεται,
1681 2329 1840 2364 στρατηγεῖν

1016 2368 1039 2396 δ’
1067 2370 1123 2397 ἀντ’
1161 2370 1244 2397 αὐτοῦ
1282 2370 1486 2408 προχειρίζεται
1529 2371 1543 2397 ὁ
1583 2371 1780 2408 Δερμοχαὶτης,
1809 2371 1839 2402 ’ὸς

1016 2413 1133 2452 ἀπείρως
1161 2415 1206 2442 καὶ
1240 2414 1351 2453 φαύλως
1371 2413 1481 2442 διοικῶν
1506 2415 1555 2449 τὴν
1586 2415 1717 2453 ἀρχὴνέν
1743 2416 1839 2453 βραχει

1015 2459 1106 2497 χρόνῳ
1130 2460 1163 2486 τὶ
1187 2460 1274 2486 πάντα
1299 2458 1434 2496 ἀνέτρεψε.
1467 2458 1712 2496 Πλεονεχτοῦμενοι
1741 2459 1792 2498 γαρ
1814 2459 1838 2487 οἱ

1015 2503 1060 2531 ὑπ’
1087 2503 1167 2531 αὐτὸν
1193 2504 1236 2530 καὶ
1262 2503 1449 2540 ἀδικούμενοι,
1465 2503 1509 2530 καὶ
1524 2503 1588 2535 τοὺς
1606 2504 1706 2536 ἓαυτῶς
1732 2503 1836 2536 ’ίππους

1013 2548 1057 2575 καὶ
1073 2548 1106 2575 τὰ
1121 2547 1228 2585 ἅρματα
1243 2549 1299 2585 (12)
1319 2548 1512 2586 ἀοαιρούμενοι
1537 2548 1581 2576 καὶ
1607 2547 1678 2576 ἄλλο
1694 2551 1746 2575 πᾶν
1773 2548 1838 2586 ὅπερ

1013 2593 1046 2627 ἦν
1067 2593 1161 2623 αὐτοῖς
1177 2592 1250 2627 ἀξιον
1276 2591 1372 2630 λόγου,
1395 2592 1628 2628 κατεξανίστανται
1654 2595 1702 2620 τοῦ
1719 2603 1838 2631 στρατη-

1013 2635 1074 2674 γοῦ.
1090 2635 1168 2665 Ἀλλ’
1184 2637 1197 2664 ὁ
1215 2637 1273 2673 μὲν,
1289 2637 1326 2669 ὡς
1352 2635 1449 2674 ᾔσθετο
1464 2635 1724 2674 ἐπιϐουλευόμενος,
1740 2638 1838 2668 νυκτὸς

729 2697 907 2725 XYLANDBI
927 2697 972 2725 ET
991 2695 1099 2724 GOARI
1118 2695 1235 2724 NOT/E.

167 2747 223 2786 (tl)
236 2747 381 2786 Xylander
399 2747 521 2786 ditioni;
534 2746 633 2775 verius
649 2746 707 2783 regi
719 2755 729 2776 :
744 2747 833 2776 cram
853 2746 958 2784 Bulga-

131 2783 190 2813 rioa
204 2783 306 2822 lingua
320 2792 380 2814 rem.
397 2783 488 2812 Gem.

1046 2746 1101 2784 (l2)
1115 2747 1199 2775 Arma
1209 2746 1273 2783 jam
1289 2746 1448 2782 signiﬁcat,
1464 2754 1521 2774 non
1537 2754 1646 2775 ciu-rut.
1662 2746 1753 2775 Germ.
