1933 3048
173 116 232 147 263
847 112 1006 144 GEORGII
1030 112 1198 143 CEDRENI
1712 118 1714 124 ’
1821 118 1890 148 264

174 183 293 211 cuniam
309 182 447 210 mutarat.
457 180 538 213 Quod
551 180 673 209 moleste
682 179 809 208 ferentes
819 178 997 216 Nicopolim,

1092 188 1105 204 ν
1135 179 1183 206 τοῦ
1216 178 1443 218 ὀρφανοτρόφουο
1463 179 1618 214 ἀπληστίαν
1645 180 1690 208 καὶ
1729 181 1797 219 πρὸς
1834 181 1891 213 τὰς

175 228 274 256 oblata
297 226 450 256 occasione
473 226 590 254 Deleani
614 227 706 259 motu,
733 225 862 253 Romano
878 223 997 260 imperio

1089 224 1207 262 τπράξεις
1225 222 1390 262 ὑπερϐολήν.
1409 224 1555 253 Βασιλείου
1578 226 1629 264 γὰρ
1658 228 1706 253 τοῦ
1737 226 1890 265 βασιλέως,

174 273 281 308 rejecto
297 273 332 300 ad
348 280 419 300 suos
433 270 557 307 gentiles
573 270 734 298 redierunt.

1089 269 1173 304 ·ηνίκα
1192 268 1367 308 Βουλγάρους
1393 269 1573 308 ἱχειρώσατο,
1595 271 1632 308 μή
1659 274 1819 310 νεοχμῶσαι
1843 278 1891 304 θε-

175 316 311 352 λήσαντος
344 315 416 343 ὅλω(
448 313 518 352 μηδὲ
546 315 578 342 τὰ
602 313 747 352 πράγματα
770 313 958 350 μετακινῆσαι,
984 311 1048 340 ἀλλ’
1069 312 1112 340 ἐπὶ
1137 317 1186 348 τῆς
1208 314 1290 349 αὐτῆς
1317 314 1422 351 μὲνειαν
1448 315 1634 346 καταστάσεως
1649 315 1693 343 καὶ
1710 316 1782 344 οὕτω
1811 315 1889 352 διεξ-

174 362 281 400 άγεσῦαι
306 361 400 393 καθώς
427 370 481 388 που
510 360 524 387 ὁ
553 359 686 395 Σαμουὴλ
714 357 871 396 διωρίσατο,
887 358 932 384 καὶ
967 355 1070 385 διδόναι
1095 359 1141 386 τὸν
1168 361 1260 397 ζεῦγος
1292 360 1362 396 βοῶν
1389 358 1490 398 ἔχοντα
1513 359 1669 399 Βούλγαρον
1700 361 1738 393 εἷς
1766 361 1796 388 τὸ
1824 372 1890 389 κοι-

172 406 218 433 νὸν
250 405 324 432 σίτου
355 403 450 442 μόδιον
478 403 525 432 ἵνα
551 404 596 431 καὶ
626 403 749 442 κέγχρου
777 405 906 430 τοσοῦτον
933 401 978 429 καὶ
1003 401 1077 429 οἶ¹νου
1107 403 1224 440 στάμνον
1249 403 1305 439 ἕνα,
1323 404 1336 431 ὁ
1352 404 1553 444 ὀρφανοτρόφος
1569 405 1627 433 ἀντῖ
1641 407 1695 433 τῶν
1712 404 1791 433 εἰδῶν
1805 405 1890 443 νομί-

173 461 263 487 σματα
288 448 408 481 δίδοσθαι
439 448 594 487 διωρίσατο.
623 450 708 486 Ὅπερ
735 448 772 484 μή
804 447 926 484 εὐφόρως
954 447 980 474 οἱ
1012 446 1150 484 ἐγχώριοι
1175 447 1313 487 φέροντες,
1344 449 1466 487 εὑρόντες
1495 447 1524 477 δὲ
1550 450 1595 477 καὶ
1631 448 1725 488 καιρὸν
1760 449 1890 487 εὔκαιρον

172 496 220 529 τήν
249 496 297 522 τοῦ
325 493 457 522 Δελεάνου
486 493 650 533 ἐπιφάνειαν,
680 493 729 527 τὴν
758 492 916 529 Ῥωμαϊκήν
950 491 1124 519 ἀπεσείσαντο
1148 493 1298 530 ἡγεμονίαν
1325 493 1370 521 καὶ
1398 494 1467 532 πρὸς
1503 494 1536 521 τὸ
1575 494 1693 532 ἀρχαῖον
1737 493 1889 533 ἓπανὲδρα-

178 549 228 576 μον
244 536 316 571 ἔθος.

210 594 268 623 Hoc
284 596 414 630 tempore
425 593 565 622 adversus
576 594 781 629 imperatorem
795 590 997 626 conspiratum

173 642 230 674 est,
258 639 440 675 principibus
466 638 604 666 facinoris
631 636 772 666 Michaelo
793 635 942 664 Cerulario
971 639 999 663 et

171 685 285 712 Joanne
301 683 521 719 Macrempolita
532 682 658 718 aliisque
671 681 778 710 civium
794 680 872 708 haud
885 679 997 715 paucis.

174 729 207 756 lli
224 728 357 764 relegati,
373 728 450 756 bona
472 735 575 755 eorum
591 726 749 763 publicata.
774 725 831 753 Sed
847 726 876 752 et
897 726 999 752 contra

173 773 399 801 Constantinum
417 780 555 807 magnum
571 771 766 799 domesticum
783 778 829 797 res
845 777 924 797 novae
939 768 997 796 Me-

173 817 301 846 sanactis
315 819 443 844 tentatae.
454 815 564 844 Indicio
575 816 650 844 53!
667 815 706 843 rei
722 814 829 847 delato,
839 812 998 841 Michaelus

173 862 296 897 Gabras,
312 861 494 889 Theodosius
514 860 689 888 Mesanictes
706 859 851 894 multique
865 857 916 885 alii
932 866 998 885 cen-

172 906 303 934 turiones
318 905 464 939 exczscati,
477 905 634 941 Gregorius
645 907 743 932 autem
755 903 896 940 patricius
909 902 997 930 Taro-

171 950 242 984 nita,
259 951 309 986 qui
334 953 436 978 auctor
461 949 599 978 facinoris
624 949 782 984 ferebatur,
807 947 899 976 cruda
922 946 998 983 pelle

170 995 252 1023 bovis
268 997 362 1023 totum
379 1003 485 1030 corpus
497 994 694 1027 obductus,ut
709 993 764 1021 soli
775 991 892 1028 spiritui
903 991 998 1019 exitus

169 1041 198 1067 ot
223 1039 301 1067 oculi
328 1039 421 1075 aperti
449 1041 559 1074 essent,
589 1039 626 1066 ad
650 1037 925 1074 orphanotrophum
952 1037 999 1063 est

170 1092 293 1112 111133115.

1089 590 1209 628 Ἐγίνετο
1236 590 1264 619 δὲ
1288 593 1355 620 κατὰ
1377 595 1473 620 τοῦτον
1501 593 1546 620 τὸν
1581 593 1674 631 καιρὸν
1706 592 1807 630 μελέτη
1837 604 1888 621 τυ-

1054 634 1174 673 ραννίδος
1188 637 1255 664 κατᾶ
1269 636 1317 664 τοῦ
1335 637 1480 674 βασιλέως⁷
1497 635 1617 675 ἔξαρχον
1642 635 1745 675 ἔχουσα
1767 637 1887 676 Μιχαὴλ

1052 679 1098 706 τὸν
1129 679 1276 718 λεγόμενον
1302 680 1496 720 Κηρουλάριον
1528 682 1573 709 καὶ
1589 683 1718 718 Ἰωάννην
1746 683 1792 710 τὸν
1820 685 1887 711 Μα-

1052 722 1238 761 κρεμϐολίτην
1261 726 1306 753 καὶ
1333 725 1435 758 ἄλλους
1460 726 1510 754 οὐκ
1532 725 1643 765 ὀλίγους
1671 729 1725 754 τῶν
1747 726 1888 763 πολιτῶν,

1053 768 1079 796 οἳ
1109 769 1153 796 καὶ
1182 768 1358 807 δημευθὲν-τες
1387 771 1579 810 ἐξωρίσθησαν.
1597 772 1648 801 Καὶ
1678 772 1757 810 ἑτέρα
1782 771 1811 800 δέ
1840 782 1887 804 τις

1053 811 1225 846 ἰπισόστασις
1248 814 1343 853 γέγονε
1366 817 1434 843 κατὰ
1459 816 1661 844 Κωνσταντίνου
1681 819 1730 844 τοῦ
1761 815 1887 854 μεγάλου

1055 855 1217 894 δομεστίκου
1260 859 1286 886 ἐν
1323 861 1515 892 Μεσανάκτοις·
1545 862 1578 895 ἧς
1607 861 1773 897 μηνυθείσης
1807 861 1888 898 αὐτῷ

1054 902 1174 938 Μιχαὴλ
1205 903 1251 939 μὶν
1277 903 1291 931 ὁ
1316 901 1421 942 Γαϐρᾶς
1445 905 1489 932 καὶ
1515 904 1659 936 Θεοδόσιος
1682 905 1888 942 ὁΜεσανύκτης

1052 946 1097 972 καὶ
1115 945 1198 974 ἄλλοι
1214 947 1317 976 πολλοὶ
1343 951 1397 976 τῶν
1422 951 1596 987 ταγματικῶν
1625 949 1766 988 ἀρχόντων
1796 950 1886 986 ἐκπη-

1053 992 1160 1027 ροῦνται
1175 992 1241 1023 τούς
1258 992 1430 1032 ὀρθαλμοὺς,
1447 994 1597 1032 Γρηγόριον
1623 993 1652 1022 δὲ
1669 995 1813 1031 πατρίκιον
1837 995 1888 1023 τὸν

1052 1035 1208 1071 Ταρωνίτην
1224 1036 1350 1075 ἔξαρχον,
1371 1038 1408 1069 ὡς
1434 1037 1552 1076 ἐλέγετο,
1565 1039 1609 1066 καὶ
1634 1039 1809 1077 πρωτουργὸν
1832 1042 1887 1074 τῆς

1053 1079 1204 1112 συστάσεως
1220 1080 1283 1109 ὄντα
1302 1083 1366 1120 ὠμῇ
1385 1083 1471 1120 βύρσῃ
1490 1084 1554 1121 βοὸς
1569 1082 1614 1110 διὰ
1629 1083 1728 1114 παντὸς
1753 1085 1803 1111 τοῦ
1829 1084 1888 1111 σώ-

172 1138 256 1165 ματος
270 1127 391 1165 κολύψας
404 1128 418 1155 ὁ
435 1130 644 1163 Κωνσταντῖνος,
660 1127 703 1154 καὶ
723 1127 808 1164 μόνης
821 1129 871 1160 τῆς
887 1124 1024 1155 ἀναπνοῆς
1041 1121 1131 1160 ἔξοδον
1149 1125 1225 1163 ἀφεὶς
1249 1127 1294 1154 καὶ
1309 1131 1359 1162 τῆς
1389 1126 1489 1164 ὅψεως,
1504 1128 1572 1166 πρὸς
1599 1128 1646 1156 τὸν
1676 1127 1888 1168 ὀρφανοτρόφον

171 1172 330 1201 ἀπέστειλε.

206 1229 289 1255 Auno
315 1227 419 1255 mundi
447 1227 528 1260 65/19,
546 1227 705 1254 indictione
730 1233 817 1258 nona,
834 1232 934 1252 mense
947 1223 998 1251 Se-

172 1273 307 1308 ptembri,
337 1271 501 1300 Alusianus
530 1271 671 1307 patricius
706 1274 735 1299 et
759 1268 998 1304 Theodosiopolis

173 1318 336 1353 prtefectus,
354 1317 502 1344 secundus
518 1317 642 1344 Aaronis
659 1315 748 1348 (ilius,
765 1315 862 1342 subito
878 1322 912 1341 ex
927 1312 998 1340 urbe

174 1362 316 1397 profugus
332 1361 367 1388 ad
379 1361 538 1388 Deleanum
551 1368 582 1388 se
597 1360 731 1388 contulit.
741 1359 815 1387 Cum
831 1359 908 1386 enim
923 1358 998 1392 inju-

173 1406 258 1434 slitiua
275 1408 430 1433 accusatus
446 1408 533 1437 esset,
546 1405 720 1441 priusquam
736 1404 771 1431 de
787 1412 877 1431 causa
891 1411 1000 1438 cogno-

174 1453 316 1484 sceretur,
339 1450 469 1477 Joannes
485 1452 521 1477 ab
546 1458 579 1477 eo
603 1452 738 1484 exegerat
761 1449 824 1476 uuri
848 1448 939 1475 libras
953 1447 998 1479 50,

177 1495 384 1530 ademeratque
408 1494 548 1529 praedium
574 1494 652 1529 quod
678 1493 798 1529 synodis
824 1492 999 1527 patrimonio

176 1540 205 1567 in
221 1539 380 1567 Charsiano
397 1539 531 1566 habebat.
548 1540 680 1575 Cumque
695 1538 797 1566 multis
814 1538 890 1573 apud
906 1537 999 1572 impe-

1090 1222 1270 1262 Σεπτεμϐρίῳ
1302 1223 1331 1253 δὲ
1363 1225 1441 1262 μηνῖ,
1471 1225 1641 1257 ἷνδικτιῶνος
1669 1227 1691 1258 θ’
1715 1228 1764 1254 τοῦ
1799 1232 1889 1265 ¹ςφμθ

1053 1265 1141 1301 ἔτους,
1167 1267 1341 1301 Ἀλουσιάνος
1366 1270 1507 1306 πατρίκιος
1534 1271 1579 1298 καὶ
1606 1271 1759 1309 στρατηγὸς
1789 1270 1893 1299 Θεοδο-

1054 1312 1233 1349 σιουπόλεως,
1259 1314 1272 1341 ὁ
1297 1317 1346 1342 τοῦ
1367 1315 1469 1352 Ἀαρὼν
1501 1314 1626 1353 δεύτερος
1650 1313 1809 1353 υἱὸς,ἅιρνω
1836 1319 1890 1350 τῆς

1053 1357 1160 1389 πόλεως
1187 1357 1306 1396 ἀποδρὰς
1330 1361 1370 1395 τῷ
1392 1359 1516 1396 Δελεάνῳ
1542 1359 1730 1397 προσὲρχεται
1750 1359 1776 1394 ἐξ
1797 1359 1889 1391 αἰτίας

1052 1402 1201 1438 τοιαύτης¹
1232 1403 1274 1431 Ἐν
1305 1403 1533 1431 Θεοδοσιουπόλει
1567 1403 1612 1431 καὶ
1645 1404 1697 1442 γὰρ
1724 1407 1888 1442 στρατηγῶν

1055 1447 1132 1478 οὗτος
1157 1447 1201 1475 καὶ
1231 1448 1268 1478 ὡς
1294 1447 1386 1480 ἄδικος
1415 1449 1610 1487 κατηγορηθεὶ,
1634 1449 1697 1486 πρὶν
1721 1449 1739 1483 ἢ
1768 1448 1887 1484 ἐξετάσει

1055 1490 1167 1526 δοθῆναι
1181 1492 1214 1519 τὰ
1234 1495 1292 1520 κατ’
1307 1493 1391 1520 αὐτοῦ
1419 1492 1567 1530 λεγόμενα,
1584 1493 1713 1530 ἀπῃτήθη
1736 1492 1808 1531 παρὰ
1835 1495 1888 1520 τοῦ

1057 1535 1183 1564 Ἰωάννου
1220 1537 1338 1574 χρυσίου
1373 1537 1467 1574 λίτρας
1495 1538 1527 1572 ν’,
1557 1537 1752 1577 προσαφῃρέθη
1783 1536 1812 1564 δὲ
1839 1538 1888 1565 καὶ

177 1586 304 1612 ratorem
321 1583 457 1619 precibus
471 1591 527 1611 non
544 1583 721 1611 obtinuisset
734 1586 767 1610 ut
781 1582 827 1610 sui
843 1582 997 1610 haberetur

1091 1584 1206 1627 ναικεῖον
1235 1582 1351 1619 χωρίον,
1386 1582 1452 1620 ὅπερ
1491 1583 1563 1619 εἶχεν
1602 1581 1629 1610 ἐν
1665 1585 1706 1618 τῷ
1739 1583 1888 1620 Χαρσιανῷ

178 1628 429 1664 ratio,desperatis
437 1627 499 1655 suis
510 1628 598 1655 rebus
608 1627 745 1655 Armenio
757 1626 857 1654 habitu
869 1629 999 1662 sumpto,

176 1672 378 1708 simulansque
394 1681 425 1700 se
440 1672 540 1700 Basilii
550 1672 769 1699 Theodorocani
783 1671 925 1698 famulum
937 1679 1001 1698 esse

176 1721 266 1753 atque
293 1717 529 1745 Thessalonicam
561 1717 596 1744 ad
621 1717 827 1752 imperatorem
856 1715 908 1749 ire,
925 1715 1001 1742 clam

176 1762 315 1790 omnibus
328 1762 452 1797 aufugit,
473 1761 691 1796 Ostrobumque
714 1761 854 1796 pervenit,
871 1760 920 1787 ubi
937 1763 1001 1787 tum

176 1815 241 1834 cum
257 1806 336 1834 omni
351 1807 479 1834 exercitu
489 1809 585 1833 castra
594 1805 738 1833 Deleanus
748 1805 884 1832 habebat.
897 1805 1002 1839 Magna

178 1853 255 1879 hunc
269 1859 336 1879 eum
353 1850 454 1878 lmtitia
469 1850 581 1886 accepit
591 1849 747 1884 Deleanus,
763 1852 898 1877 metuens
914 1857 949 1876 ne
964 1849 1000 1876 ad

175 1897 272 1932 ipsum
290 1895 388 1931 potius
401 1894 577 1922 inclinarent
589 1894 706 1929 Bulgari
720 1897 752 1922 ut
766 1894 845 1930 regio
858 1894 1002 1929 sanguine

176 1943 277 1968 natum
295 1948 302 1968 :
319 1940 396 1968 582
408 1942 585 1973 consortem,
596 1942 629 1966 ut
640 1947 697 1975 pra:
708 1947 740 1966 se
751 1939 870 1971 ferebat,
885 1938 1001 1973 imperii

175 1984 288 2019 ascivit,
304 1991 338 2011 ac
357 1991 425 2011 cum
451 1984 579 2011 exercitu
603 1982 800 2018 quadraginta
825 1981 949 2009 millium
964 1983 1001 2009 ad

175 2028 406 2064 oppugnandam
420 2027 657 2055 Thessalonicam
674 2027 765 2058 misit.
777 2027 825 2054 oui
841 2029 912 2054 tunc
927 2034 1000 2061 pra:-

177 2075 239 2101 erat
253 2072 463 2100 Constantinus
477 2071 630 2107 patricius,
647 2070 787 2107 patruelis
803 2071 1000 2106 imperatoris.

179 2117 218 2146 Eo
233 2117 380 2153 profectus
396 2115 557 2144 Alusianus
574 2116 676 2143 urbem
692 2115 769 2143 vallo
781 2115 881 2150 cingit,
894 2122 927 2143 ac
938 2123 1000 2143 ma-

178 2161 274 2189 chinis
282 2160 409 2189 admotis
417 2168 535 2188 summa
545 2160 690 2188 industria
696 2162 857 2195 oppugnat.
865 2159 922 2187 Sed
933 2167 1000 2187 cum

179 2214 230 2242 per
244 2214 295 2234 sex
310 2205 373 2233 dies
388 2205 498 2232 frustra
522 2206 733 2240 oppugnasset,
759 2203 887 2240 undique
903 2203 1000 2239 repul-

177 2259 238 2284 sus,
246 2259 298 2286 spe
313 2250 515 2286 expugnandae
526 2248 810 2284 abjecta,obsidione
820 2256 884 2276 eam
897 2256 1000 2284 capere

1055 1624 1214 1655 κάλλιστον,
1241 1627 1352 1661 Δεηθεῖς
1381 1625 1410 1654 δε
1437 1627 1500 1664 περὶ
1536 1626 1635 1654 τούτου
1670 1628 1718 1654 τοῦ
1749 1625 1889 1664 βασιλέως

1055 1669 1148 1698 πολλά
1181 1671 1225 1698 καὶ
1258 1672 1295 1707 μὴ
1328 1671 1421 1708 τυχὼν
1452 1671 1630 1707 ἂπιστροσοῆς,
1655 1673 1787 1702 πάντοθεν
1817 1671 1890 1699 ἀπο-

1055 1714 1148 1752 γνοὺς,
1164 1715 1265 1749 στολήν
1286 1713 1378 1743 λαϐὼν
1394 1716 1543 1753 Ἀρμενίων
1573 1716 1617 1743 καὶ
1644 1715 1682 1747 ὠς
1703 1715 1776 1752 τάχα
1801 1715 1883 1753 aspi-

1056 1769 1115 1786 πων
1131 1762 1178 1786 τοῦ
1200 1759 1408 1798 Θεοδωροκάνου
1431 1759 1577 1788 Βασιλείου
1601 1759 1627 1791 ἒς
1651 1760 1697 1787 τὸν
1723 1761 1837 1797 βασιλέα
1859 1760 1888 1791 ἐς

1057 1803 1255 1839 Θεσσαλονίκην
1279 1804 1379 1839 ἀπιὼν,
1403 1804 1493 1836 λαθὼν
1522 1805 1641 1835 ἅπαντας
1673 1803 1755 1843 ἔφυγε
1782 1804 1826 1831 καί
1858 1804 1886 1832 ἐν

1055 1846 1196 1886 Ὀστροϐᾠ
1220 1847 1390 1883 διασώζεται,
1423 1851 1464 1886 [Ρ.
1489 1851 1552 1885 748]
1579 1849 1664 1876 ἐκεῖσε
1691 1847 1806 1876 πανσυδί
1834 1851 1886 1876 τοῦ

1056 1892 1186 1920 Δελεάνου
1224 1892 1504 1930 ἐστρατοπεδευμένου
1541 1893 1741 1931 τυγχάνοντος.
1778 1894 1885 1921 Τοῦτον

1056 1940 1215 1974 περιχαρῶς
1244 1936 1389 1974 δεξάμενος
1409 1938 1423 1965 ὁ
1447 1937 1577 1969 Διλεάνος
1600 1936 1739 1974 (ἐδεδοίκει
1767 1937 1819 1975 γὰρ
1845 1939 1884 1974 μή

1056 1992 1114 2012 πως
1130 1985 1315 2020 προστιθῶσιν
1332 1982 1404 2018 αὐτῴ
1421 1981 1528 2019 μᾶλλον
1545 1982 1570 2010 ot
1597 1982 1753 2020 Βούλγαροι
1778 1982 1816 2012 ὡς
1845 1982 1885 2013 εἰς

1056 2026 1196 2063 βασιλικὸν
1222 2028 1291 2062 αἷμα
1316 2027 1365 2061 τήν
1395 2027 1530 2065 ἀναφορὰν
1558 2025 1661 2064 ἔχοντι)
1677 2026 1721 2054 καὶ
1744 2027 1881 2054 κοινωνὸν

1055 2071 1093 2102 ὡς
1106 2069 1193 2098 ἐδόκει
1214 2074 1264 2105 τῆς
1288 2070 1426 2108 βασιλείας
1450 2071 1641 2110 παρειληφὼς,
1655 2072 1780 2110 στρατιὰν
1807 2070 1885 2107 αὐτῷ

1057 2113 1152 2142 δίδωσι
1188 2114 1320 2152 χιλιάδας
1349 2115 1557 2154 τεσσαράκοντα,
1589 2115 1716 2148 ἀπελθεῖν
1754 2113 1886 2146 κελεύσας

1054 2159 1099 2186 καὶ
1119 2158 1332 2197 ἐκπολιορκῆσαι
1353 2159 1550 2196 Θεσσαλονίκην
1564 2169 1570 2176 ·
1598 2160 1674 2197 ἦρχε
1698 2159 1727 2187 δὲ
1749 2159 1809 2188 τόεε
1832 2163 1886 2195 τῆς

1054 2201 1163 2234 πόλεως
1213 2202 1415 2239 Θεσσαλονίκης
1452 2204 1466 2231 ὁ
1489 2206 1553 2231 ’τοῦ
1599 2203 1733 2241 βασιλέως
1777 2204 1888 2241 ἀνεψιὸς

1057 2248 1262 2279 Κωνσταντῖνος
1289 2248 1441 2286 πατρίκιος.
1466 2249 1515 2280 Ὃς
1541 2247 1672 2280 ἀπελθὼλ
1706 2248 1751 2276 καὶ
1782 2249 1886 2287 τάφρον

176 2280 290 2324 statuit.
307 2280 453 2330 Oppidani
469 2280 597 2329 quadam
614 2280 660 2320 die
671 2293 707 2320 ad
721 2291 912 2328 sepulchrum
927 2280 997 2320 mar-

1089 2290 1276 2330 .ptsaképsvoc
1311 2280 1452 2329 ἐπίμελῶς
1486 2291 1578 2330 εἷ’χετο
1621 2296 1671 2327 τῆς
1707 2280 1884 2330 πολιορκίας.

176 2340 249 2377 tyris
268 2339 408 2368 Demetrii
434 2339 632 2371 accesserunt,
655 2337 928 2373 supplicutioneque
951 2346 1003 2373 per

176 2389 268 2414 totum
286 2387 400 2413 noctem
417 2386 520 2417 tracta,
539 2383 644 2418 usique
662 2385 810 2419 unguento
828 2383 903 2418 quod
920 2391 953 2411 ex
968 2391 1002 2411 eo

177 2430 334 2466 sepulchro
358 2428 492 2460 scaturit,
509 2436 567 2456 uno
592 2427 702 2462 impetu
729 2428 837 2462 apertis
862 2428 953 2464 portis
972 2428 1002 2456 in

177 2475 319 2510 Bulgaros
335 2482 366 2502 se
388 2473 560 2506 emiserunt,
586 2472 728 2500 habentes
743 2480 841 2499 secum
858 2472 1001 2508 legionem

175 2518 448 2555 Magnanimorum;
462 2517 636 2552 hostemque
647 2516 1003 2553 improvisaimpressione

177 2562 364 2601 perterritum
373 2562 403 2590 in
418 2562 517 2597 fugam
528 2561 724 2597 conjecerunl,
737 2561 854 2590 nemine
863 2561 1003 2589 subsiste-

178 2617 207 2637 re
224 2611 274 2636 aut
300 2615 331 2636 se
360 2606 514 2635 defendam
543 2606 748 2634 auso.Ductor
779 2607 915 2634 Romanis
929 2606 1000 2634 aciei

177 2654 232 2681 fuit
257 2654 378 2688 martyr,
403 2651 515 2687 iterque
540 2651 756 2687 complanavit;
782 2651 861 2687 quod
884 2651 1001 2686 Bulgari

175 2697 282 2734 captivi
294 2697 463 2732 juramcnto
475 2695 696 2729 confirmarunt,
708 2696 839 2724 dicentes
849 2695 959 2723 vidisse
971 2703 1001 2722 se

175 2744 311 2781 juvenem
320 2741 460 2778 equitem,
472 2741 523 2777 qui
534 2740 670 2768 Romanas
682 2740 820 2776 phalangi
833 2741 956 2776 praeiret,
967 2748 1001 2768 ex

175 2796 233 2828 quo
249 2785 326 2824 ignis
337 2785 476 2816 exsiliens
486 2785 623 2815 adversos
639 2787 780 2814 cremaret
795 2785 906 2814 hostes.
919 2785 1000 2814 Ceci-

1060 2337 1120 2364 Ἐπὶ
1147 2337 1174 2372 ’ἐξ
1207 2336 1236 2364 δὲ
1270 2338 1375 2374 ἡμέρας
1407 2337 1661 2375 ἀποπειρασάμενος
1694 2340 1744 2371 τῆς
1776 2337 1885 2368 πόλεως

1058 2381 1201 2409 ὲλεπόλεσι
1225 2382 1270 2410 καὶ
1297 2384 1436 2420 μηχαναῖς
1461 2382 1504 2409 καὶ
1535 2382 1665 2409 Ἰπάντοθεν
1690 2381 1886 2419 ἀποκρουσθεὶς

1057 2426 1183 2458 καὶτοῖς
1207 2430 1287 2454 πᾶσιν
1324 2427 1481 2464 ἀπειρηκὼς
1511 2425 1555 2453 διὰ
1587 2424 1763 2463 προσεδρείσς
1796 2425 1884 2453 ἐδόκει

1059 2471 1151 2498 ἀνύσαι
1168 2471 1199 2498 τὸ
1229 2469 1457 2507 σπουδαζόμενον.
1484 2471 1541 2506 Μιᾷ
1570 2469 1598 2498 δὲ
1625 2473 1679 2498 τῶν
1709 2471 1820 2507 ἡμερῶν
1843 2471 1884 2505 τῷ

1055 2516 1133 2554 τάφῳ
1148 2518 1196 2542 τοῦ
1211 2515 1332 2553 μεγάλου
1350 2515 1488 2553 μάρτυρος
1502 2514 1662 2552 Δημητρίου
1686 2513 1884 2552 προσελθόντες

1057 2561 1083 2588 οἱ
1099 2560 1258 2598 ἐπιχώριοι,
1271 2559 1315 2587 καὶ
1335 2560 1473 2597 πάννυχον
1501 2559 1703 2590 ἐπιτελέσαντες
1724 2557 1816 2594 δέησιν
1839 2558 1884 2586 καὶ

1055 2607 1096 2640 τῷ
1111 2604 1189 2642 μύρῳ
1201 2606 1242 2640 τῷ
1264 2603 1294 2631 ἐκ
1315 2606 1363 2631 τοῦ
1385 2603 1458 2636 θείου
1480 2604 1566 2642 τάφου
1590 2603 1718 2641 βλύζοντι
1744 2603 1887 2641 χρησάμε-

1055 2649 1161 2682 νοι,ὠς
1190 2648 1220 2676 ἐκ
1252 2651 1317 2686 μιᾶς
1340 2649 1430 2686 ὁρμῆς
1471 2648 1681 2679 ἀναπετάσαντες
1716 2649 1765 2680 τὰς
1796 2646 1886 2677 πύλας

1056 2693 1212 2732 ἐξέρχονται
1244 2693 1311 2721 κατὰ
1343 2695 1397 2721 τῶν
1427 2693 1604 2732 Βουλγάρων.
1639 2696 1726 2728 Συνῆν
1763 2691 1792 2720 δὶ
1826 2694 1885 2723 τοῖς

1055 2738 1280 2767 Θεσσαλονικεῦσι
1301 2739 1332 2766 τὸ
1361 2739 1453 2776 τάγμα
1489 2740 1543 2765 τῶν
1581 2737 1765 2776 Μεγαθύμων.
1794 2735 1883 2774 Ἐξελ-

1055 2783 1146 2818 θόντες
1182 2783 1212 2812 δὶ
1248 2783 1292 2812 καὶ
1330 2785 1369 2822 τῷ
1406 2781 1605 2822 ἀπροσδοκήτῳ
1641 2781 1880 2821 καταπληξάμενοι
