1933 3048
155 70 212 99 26⁵1

826 71 983 100 GEOltGll
1007 70 1176 100 CEDltENl

1801 70 1863 100 268

154 135 260 164 atrium
283 139 371 171 atque
386 135 557 166 dexteritate
581 135 682 171 aliqua
707 135 872 171 preditum,
889 143 917 163 nt

1096 135 1255 172 >θείραντος.
1295 134 1413 172 Καίσαρα
1449 133 1513 162 ὄντα
1545 134 1590 162 καὶ
1620 133 1782 172 δραστήριον
1814 133 1859 162 δο-

155 184 254 208 tamen
273 184 431 216 antequam
449 180 474 208 is
490 189 521 208 se
536 180 608 208 diris
624 181 721 216 ipsum
739 180 913 214 devovisset,
925 179 982 207 nisi

156 233 220 253 eam
235 227 270 253 ad
288 228 410 252 mortem
428 233 521 260 usque
537 233 589 260 pro
605 225 725 253 domina
740 227 769 252 et
785 228 877 252 matre
893 232 982 259 agno—

157 273 261 303 sceret,
272 273 301 297 et
316 277 368 306 pro
383 278 438 297 sua
452 269 600 297 voluntate
615 277 678 305 quoa
696 269 756 296 ﬁeri
773 268 856 296 vellet
872 272 921 296 aut
932 270 982 303 ju-

157 315 239 343 beret
253 323 286 342 ac
300 315 420 342 sineret.
432 314 491 341 Hoc
513 317 597 349 pacto
623 313 673 341 illa
691 313 870 349 adopticium
888 313 982 341 [ilium

158 360 324 387 diademate
335 359 410 387 535
425 358 611 394 imperatorio
624 358 873 393 redimivit,prius
885 362 982 385 tamen

157 405 294 432 submoto
309 403 549 440 orphanotropho
564 405 592 430 et
608 402 636 429 in
657 403 864 429 monasterium
883 402 982 429 Mono-

156 449 291 476 batarum
308 448 445 483 relegata.
461 446 686 474 Constantinum
708 454 823 482 quoque
839 446 982 474 domesti-

155 501 222 520 cum
238 491 405 520 scholarum
432 492 606 527 magistratu
633 490 765 526 privavit,
780 494 808 518 et
825 491 852 518 in
869 491 982 523 abside,

155 545 218 572 qua
229 537 292 572 ejus
304 539 367 564 erat
378 536 406 563 in
419 535 536 572 Opsicio
548 535 706 571 possessio,
715 543 781 562 eum
792 543 822 562 se
834 535 982 562 continere

151 581 256 616 jussit;
268 580 429 616 eodemque
445 579 530 607 modo
543 579 698 615 Georgium
717 587 831 615 quoque
848 581 981 614 protove-

154 625 290 653 stisrium
308 625 336 652 in
353 633 407 652 sua
421 624 577 659 bona,quzs
593 624 621 650 in
636 623 834 659 Paphlagonia
850 624 874 651 is
887 623 981 659 possi-

155 670 251 703 debat,
267 669 395 696 inclusit.
408 670 469 701 Qua
489 668 560 695 hora
580 668 738 695 Michaelus
759 668 922 695 diademate
937 671 982 696 est

156 718 289 748 ornatus,
306 714 408 741 oborta
423 713 563 749 vertigine
579 716 607 740 et
622 712 750 739 tenebris
768 721 871 747 parum
888 713 982 740 abfuit

157 759 228 795 quin
244 758 421 791 concideret,
433 757 537 793 vixque
548 760 591 785 est
604 757 729 785 refectus
742 757 911 793 unguentis,
920 766 983 785 aro-

157 803 287 831 matibus
303 802 428 838 aliisque
451 803 538 830 rebus
553 801 692 830 odoratis.
707 801 761 829 Sed
776 803 806 829 et
821 804 879 829 toto
906 804 980 829 tem-

156 857 225 884 pore
240 856 297 884 quo
313 847 338 875 is
354 847 509 882 imperium
527 846 617 874 tenuit
639 846 706 881 (fuit
722 846 776 873 hoc
792 846 937 873 mensium
955 847 982 881 4)

154 897 240 920 terrae
262 894 361 920 motus
376 892 530 918 durarunt.
553 890 705 918 Enimvero
725 893 881 918 coronatus
897 899 913 918 s
929 899 982 926 pa-

155 936 293 970 triarcha,
306 938 335 964 et
352 936 509 971 imperator
524 935 707 971 designatus,
728 934 873 962 honorum
891 934 982 962 colla-

155 983 233 1010 tione
247 983 381 1009 senatum
398 989 430 1008 ac
445 980 650 1016 largitionibus
666 978 808 1015 populum
826 979 982 1012 demeruit,

154 1029 183 1053 et
197 1025 274 1062 apud
291 1025 441 1053 dominam
455 1025 637 1060 deprecando
653 1024 781 1051 obtinuit
797 1024 829 1051 ut
843 1023 983 1051 Constan-

154 1071 250 1098 tinum
265 1069 323 1097 sibi
337 1068 531 1097 domesticum
547 1068 647 1096 liceret
662 1068 698 1095 ab
713 1068 815 1095 exsilio
833 1076 980 1101 revocare;

155 1122 242 1150 quem
263 1117 291 1142 et
318 1113 494 1142 nobilissimi
521 1113 630 1140 honore
657 1113 803 1140 decoravit
825 1120 858 1139 ac
882 1120 981 1140 secum

156 1159 270 1186 habuit.
282 1160 353 1186 Cum
375 1160 473 1185 autem
490 1157 634 1185 videretur
649 1157 677 1184 in
694 1159 756 1184 tuto
780 1159 868 1190 stare,
885 1157 983 1184 subito

155 1203 274 1230 corruit.
304 1202 377 1230 Nam
406 1201 513 1229 litteris
541 1201 770 1237 orphanotrophi
798 1204 826 1228 et
852 1200 984 1228 consiliis

155 1247 310 1275 domestici
335 1249 502 1281 corruptus,
519 1245 699 1273 hortantium
725 1253 761 1272 ne
782 1248 920 1281 Augustae
938 1245 982 1271 ni-

155 1293 248 1320 mium
279 1291 392 1324 fideret,
418 1290 468 1318 sed
495 1293 608 1317 caveret
633 1297 668 1317 ne
691 1289 826 1316 avunculi
851 1283 982 1316 Michaeli

155 1336 342 1373 imperatoris
356 1337 384 1362 et
400 1334 522 1362 Romani
539 1334 625 1362 modo
646 1336 830 1368 tractaretur,
843 1342 917 1369 quos
932 1333 983 1361 illa

154 1380 302 1409 veneﬁciis
317 1379 500 1411 sustulisset,
517 1379 764 1414 suadentiumque
781 1381 813 1406 ut
827 1386 891 1406 eam
909 1387 981 1414 qua-

153 1433 269 1461 cunque
287 1424 400 1452 ratione
413 1431 429 1450 e
445 1423 540 1450 medio
564 1422 689 1454 tolleret.
701 1423 840 1458 daretque
863 1430 982 1458 operam

153 1479 188 1497 ne
218 1471 412 1497 anteverteret
442 1467 610 1503 ipsa,530
635 1467 784 1505 continuis
813 1475 913 1494 eorum
945 1467 980 1494 de

151 1514 252 1542 eadem
269 1513 322 1540 hac
338 1520 368 1539 re
384 1499 636 1539 exhortationibus
661 1502 693 1539 eo
718 1511 836 1538 tandem
857 1511 978 1538 adactus
994 1499 1016 1532 (ἶ

152 1560 246 1586 estut
265 1556 388 1585 insidias
413 1555 499 1583 matri
523 1555 586 1583 Zona
611 1557 736 1591 pareret.
753 1555 860 1583 Statuit
885 1555 979 1590 primo

153 1602 260 1631 civium
276 1601 392 1629 animos
408 1603 529 1633 tentare,
541 1603 572 1627 ut
584 1599 608 1627 si
624 1607 674 1627 eos
690 1600 746 1627 sibi
762 1600 857 1627 favere
872 1599 979 1626 intelli-

155 1649 236 1682 geret
250 1654 283 1673 ac
298 1647 467 1673 constanter
487 1644 515 1671 in
532 1652 563 1671 se
577 1652 642 1671 esse
667 1652 837 1679 propensos,
852 1651 912 1670 rem
929 1651 978 1678 ag-

155 1691 333 1725 grederetur,
351 1689 375 1716 si
392 1697 477 1717 secus
500 1688 638 1721 eveniret,
650 1688 793 1716 omitteret
809 1687 976 1715 consilium.

155 1736 230 1771 Ergo
246 1735 281 1762 ad
297 1734 372 1761 diem
398 1733 448 1768 qui
463 1741 479 1760 a
496 1732 637 1760 Paschate
653 1732 802 1768 proximus
817 1734 862 1760 est
879 1731 977 1760 Domi-

157 1780 252 1814 nicus,
267 1778 372 1815 populo
384 1777 534 1814 publicum
553 1785 719 1812 processum
733 1778 761 1804 in
773 1777 978 1813 Apostolorum

154 1825 247 1852 isdem
264 1824 398 1859 imperat,
415 1822 469 1849 hoc
485 1822 571 1849 modo
586 1821 691 1849 civium
709 1821 737 1849 in
754 1830 784 1849 se
801 1822 915 1849 animos
931 1829 978 1848 ex-

155 1869 333 1905 ploraturus.
345 1867 431 1895 Venit
446 1875 514 1902 ergo
531 1870 686 1894 coronatus
705 1874 770 1893 cum
794 1868 896 1893 senatu
913 1874 977 1893 orn-

154 1914 241 1941 nibus
258 1912 378 1940 urbanis
395 1912 430 1940 ad
447 1911 474 1939 id
492 1911 692 1947 spectaculum
716 1910 934 1944 eccurentibus,
951 1913 980 1938 et

153 1959 188 1986 iis
204 1958 251 1993 qui
270 1958 304 1985 ad
321 1956 398 1983 viam
424 1956 534 1991 regiam
560 1955 743 1986 habitabant,
755 1963 872 1982 auream
889 1957 918 1982 et
933 1964 978 1982 ar-

152 2005 286 2038 genteam
304 2000 514 2036 supellectilem
531 2008 564 2027 ex
581 1999 693 2026 aedibus
709 1999 930 2026 demittentibus
945 2008 979 2027 ac

155 2046 255 2082 peplos
264 2048 292 2073 et
301 2053 371 2072 auro
381 2044 507 2071 intextas
516 2045 620 2078 vestes,
628 2043 717 2079 inque
727 2043 830 2070 faustis
839 2044 979 2071 acclama-

154 2091 283 2118 tionibus
299 2089 432 2117 certatim
448 2088 547 2124 ipsum
572 2088 659 2115 etiam
674 2087 839 2115 animorum
857 2096 979 2115 suorum

153 2143 273 2162 sensum
299 2133 447 2161 etfundere
463 2132 660 2168 cupientibus.
674 2132 712 2160 Iis
730 2132 820 2159 miser
843 2132 898 2160 iste
917 2132 979 2160 ine-

1036 182 1135 207 κοῡντα
1149 180 1193 206 καὶ
1216 179 1331 216 περὶτὰ
1353 179 1502 216 πράγματα
1527 177 1624 215 δεξιὸν,
1649 177 1741 215 ὅρκοις
1765 179 1863 216 πρότι-

1037 233 1085 260 ρον
1120 223 1349 263 φρικωδεστάτοις
1374 221 1567 251 καταλαϐοῦσα
1591 224 1628 254 ὡς
1653 223 1748 261 κυρίαν
1774 223 1860 258 αὐτὴν

1036 266 1087 303 ἕξει
1101 267 1146 295 διὰ
1162 268 1223 306 βίου
1247 269 1289 295 καὶ
1307 266 1448 295 δέσποιναν
1469 268 1511 295 καὶ
1545 268 1660 305 μητερα,
1690 268 1860 305 πράττουσαν

1037 313 1103 340 ἅττα
1116 311 1149 346 δὴ
1174 312 1218 340 καὶ
1239 312 1344 340 κελεύει
1364 315 1464 346 ποιεῖν,
1494 312 1649 347 εἰσποιητὸν
1678 309 1860 349 προσλαμϐά-

1036 367 1073 384 νει
1101 357 1159 384 υἱὸν
1183 357 1226 384 καὶ
1259 357 1373 394 βασιλὶς.
1401 357 1543 393 Ῥωμαίων
1573 356 1739 395 ἀναγορεύει,
1755 356 1795 393 τῷ
1813 357 1861 394 βα-

1037 403 1137 437 σιλικῷ
1174 401 1340 428 ταινιώσασα
1377 399 1545 437 διαδήματι,
1576 401 1708 439 πρότερον
1738 400 1863 428 ἐκποδὼν

1036 445 1208 481 ποιησαμένη
1224 446 1268 472 τὸν
1286 445 1488 484 ὀρφανοτρόφον
1513 446 1558 472 καὶ
1573 445 1600 476 ἐς
1628 446 1658 473 τὸ
1677 445 1861 483 μοναστήριον

1036 492 1089 516 τῶν
1120 487 1289 518 Μονοεατῶν
1311 489 1462 527 ἐξορίσασα,
1491 489 1692 527 παραπλησίως
1716 491 1760 518 καὶ
1791 494 1864 518 Κων-

1037 537 1175 561 σταντῖνον
1191 534 1235 561 τὸν
1253 533 1413 570 δομέστικον
1429 536 1482 561 τῶν
1499 534 1610 572 σχολῶν
1626 538 1676 568 τῆς
1692 535 1780 572 ἀρχῆς
1814 546 1864 562 πα-

1037 577 1175 616 ραλύσασα
1198 578 1243 606 καὶ
1269 578 1294 605 ἐν
1313 581 1371 610 τοῖς
1397 581 1445 606 τοῦ
1461 579 1585 615 Ὀψικίου
1615 580 1749 615 κτήμασιν
1779 579 1863 607 αὐτοῦ

1035 626 1084 657 τῆς
1097 622 1193 659 ἁψῖδος
1208 625 1304 650 τοῦτον
1330 622 1518 661 περιορίσασα,
1543 623 1672 655 ὡσαύτως
1696 623 1741 650 καὶ
1772 623 1861 660 Γεώρ-

1035 677 1094 704 γιον
1123 667 1168 694 τὸν
1198 665 1445 704 πρωτοϐεοιτιάριον
1472 667 1498 695 ἐν
1513 671 1570 699 τοῖς
1586 669 1654 695 κατᾶ
1667 668 1860 707 Παφλαγονίαν

1035 711 1118 739 αὐτοῦ
1141 713 1262 748 κτήμασι
1294 712 1429 740 στείλασα.
1457 713 1520 740 Κατ’
1550 711 1632 746 αὐτὴν
1658 711 1686 740 δὲ
1713 714 1763 748 τὴν
1788 713 1862 751 ὥραν

1035 756 1094 783 καθ’
1108 756 1140 790 ἣν
1163 755 1284 784 ἀνεδεῖτο
1308 759 1348 792 τῷ
1377 755 1526 792 διαδήματι
1556 757 1569 784 ὁ
1586 756 1711 794 Μιχαὴλ,
1728 758 1862 785 σκοτώσει

1035 800 1080 827 καὶ
1110 799 1210 837 ίλίγγῳ
1236 800 1350 839 ληφθείς
1377 800 1456 838 ἐγγὺς
1470 800 1539 835 ἧλοι
1567 803 1615 828 τοῦ
1644 804 1744 830 πεσεῖν.
1771 801 1862 833 Μόλις

1037 843 1059 871 δ’
1089 843 1134 872 οὖν
1154 844 1348 872 ἀνεκαλίσαντο
1372 847 1468 873 τοῦτον
1500 845 1596 882 μύροις
1613 845 1657 873 καὶ
1674 846 1800 883 ἆρώμασι
1815 846 1862 874 καὶ

1037 887 1146 920 λοιποῖς
1168 887 1265 920 ἄλλοις
1281 887 1409 917 εὐώδεσιν
1425 888 1532 918 εἶ’δεσιν.
1560 888 1717 917 Ἐκλονεῖτι)
1733 889 1762 918 δὶ
1782 891 1827 918 καὶ
1843 892 1864 926 ἡ

1036 936 1070 970 γῆ
1100 933 1163 970 παρ’
1192 933 1273 964 ὅλους
1302 933 1365 964 τοὺς
1388 933 1517 972 τέσσαρας
1534 937 1621 970 μῆνας
1651 936 1700 967 τῆς
1719 934 1864 972 βασιλείας

1037 977 1128 1006 αὐτοῦ.
1154 979 1194 1014 [Ρ.
1222 979 1287 1014 750]
1318 979 1393 1010 Τέως
1427 977 1455 1005 δὲ
1484 979 1605 1017 πεφθεὶς
1635 979 1708 1016 παρὰ
1733 981 1782 1006 τοῦ
1809 991 1866 1007 πα-

1035 1023 1170 1059 τριάρχου
1185 1022 1229 1049 καὶ
1248 1022 1376 1060 βασιλεὺς
1391 1023 1524 1054 καταστὰς
1538 1026 1632 1059 τιμαῖς
1656 1024 1700 1051 καὶ
1727 1024 1863 1061 ἀξιώμασι

1036 1066 1085 1100 τὴν
1102 1065 1253 1104 σύγκλητον
1274 1067 1318 1094 καὶ
1343 1065 1451 1104 δωρεῶν
1469 1067 1610 1104 διανομαῖς
1637 1068 1668 1096 τὸ
1696 1069 1786 1096 κοινὸν
1817 1070 1862 1096 ἄν·

1037 1107 1197 1146 ελάμῦανεν.
1223 1111 1352 1146 Ἑντεύξει
1369 1110 1397 1138 δὶ
1420 1111 1454 1148 τῇ
1481 1111 1548 1148 πρὸς
1568 1112 1617 1146 τήν
1649 1111 1789 1140 δέσποιναν
1815 1115 1861 1141 καὶ

1038 1157 1236 1182 Κωνσταντῖνον
1256 1155 1301 1182 τὸν
1341 1154 1500 1192 δομὲσ-εικον
1533 1155 1780 1194 μετακαλεσάμενος
1809 1161 1860 1192 τῆς

1039 1199 1182 1236 ὑπερορίας
1194 1199 1239 1226 καὶ
1267 1197 1461 1236 νοϐελίσσιμον
1496 1201 1552 1237 (id)
1573 1201 1692 1237 τιμήσας
1724 1202 1782 1239 εἶχε
1803 1205 1862 1234 μεθ’

1038 1244 1142 1271 ἑαυτοῦ.
1159 1243 1240 1279 Δόξας
1262 1242 1290 1271 δὶ
1312 1243 1337 1271 ἐν
1360 1241 1460 1282 βεϐαίῳ
1486 1243 1591 1272 ἑστάναι
1617 1244 1750 1283 αἰφνίδιον
1771 1244 1859 1275 ἔπεσι.

1038 1288 1182 1324 Γράμμασι
1211 1288 1262 1326 γάρ
1287 1290 1334 1316 τοῦ
1369 1288 1574 1327 ὀρφανοτρόφου
1602 1289 1646 1316 καὶ
1679 1288 1862 1326 συμϐουλίαις

1037 1334 1085 1359 τοῦ
1111 1330 1276 1368 δομεστίκου
1306 1331 1473 1371 διαφθαρεὶς,
1497 1332 1632 1370 λεγόντων
1664 1335 1702 1371 μὴ
1725 1334 1863 1368 πολλάκις

1037 1376 1171 1404 πιστεύειν
1198 1378 1232 1414 τῇ
1262 1375 1409 1414 δεσποίνῃ,
1438 1376 1510 1405 ἀλλὰ
1539 1377 1718 1416 φυλάττεσθαι
1747 1379 1862 1415 ταύτην,

1035 1420 1081 1447 ’ίνα
1111 1422 1149 1456 μή
1179 1420 1358 1457 παραπλήσια
1386 1422 1459 1459 πάθῃ
1489 1424 1528 1457 τῷ
1554 1433 1583 1449 τε
1613 1422 1676 1458 θείῳ
1704 1423 1788 1451 αὐτοῦ
1815 1425 1861 1451 καὶ

1040 1466 1147 1503 βασιλεῖ
1175 1467 1289 1504 Μιχαήλ
1313 1467 1357 1494 καὶ
1383 1469 1422 1503 τῷ
1446 1468 1499 1504 πρὸ
1527 1467 1608 1495 αὐτοῦ
1631 1468 1774 1505 Ῥωμανῷ,
1792 1479 1861 1506 γοη-

1033 1511 1116 1543 τείαις
1133 1532 1140 1545 ,
1169 1511 1206 1542 ὡς
1244 1510 1359 1550 ἔφασκον
1376 1534 1383 1546 ,
1418 1511 1634 1550 κατεργασθέντι,
1663 1513 1707 1540 καὶ
1735 1511 1859 1550 συμϐου-

1035 1554 1169 1582 λευόντων
1186 1577 1193 1590 ,
1223 1555 1249 1583 εἷ’
1288 1555 1344 1582 οἷόν
1374 1566 1403 1583 τε
1430 1554 1552 1583 ἐκποδὼν
1582 1557 1672 1588 θέσθαι
1701 1557 1784 1592 αὐτὴν
1814 1558 1859 1586 καὶ

1034 1601 1145 1626 σπεῦσαι
1174 1600 1212 1634 μή
1239 1603 1451 1638 προληφθῆναι,
1480 1600 1524 1628 καὶ
1552 1604 1675 1638 συνεχεῖς
1700 1602 1748 1634 τὰς
1770 1613 1856 1640 προσ-

1034 1641 1119 1674 ϐολὰς
1146 1643 1208 1680 περὶ
1232 1646 1280 1671 τοῦ
1308 1644 1389 1671 αὐτοῦ
1412 1644 1575 1681 ποιούμενοι
1604 1646 1763 1682 πράγματος
1790 1647 1856 1674 ἀκα-

1033 1690 1123 1715 πεῖσαι
1159 1687 1270 1725 ἴσχυσαν
1304 1685 1453 1723 ὶπιϐουλήν
1491 1689 1549 1716 κατ’
1582 1689 1666 1725 αὐτῆς
1696 1689 1854 1727 μελετῆσαι.

1034 1730 1140 1767 Ἐδοξεν
1165 1731 1209 1759 οὖν
1236 1733 1452 1771 ἀποπειραθῆναι
1479 1736 1533 1761 τῶν
1563 1733 1685 1762 πολιτῶν
1713 1735 1855 1773 πρότερον,

1034 1775 1090 1804 οἷαν
1116 1775 1211 1814 ἔχουσι
1225 1777 1286 1814 περὶ
1308 1777 1400 1811 αὐτοῦ,
1416 1778 1543 1815 γνώμην,
1567 1778 1612 1806 καὶ
1628 1778 1654 1806 εἴ
1669 1779 1717 1816 μὶν
1733 1781 1858 1817 χρηστὴν

1034 1819 1151 1852 διάθεσιν
1181 1823 1283 1860 φανῶσι
1313 1821 1491 1860 φυλάττοντες
1520 1822 1558 1854 εἱς
1584 1823 1666 1850 αὐτὸν
1690 1824 1736 1850 καὶ
1764 1824 1857 1862 φιλίαν

1033 1865 1128 1903 ὀρθὴν,
1153 1865 1214 1893 τότε
1238 1865 1270 1900 δή
1287 1865 1331 1893 καὶ
1347 1865 1505 1904 ἐγχειρῆσαι
1528 1868 1562 1903 τῇ
1581 1867 1691 1905 μελέτῃ,
1711 1868 1735 1895 εἷ’
1749 1867 1778 1896 δὲ
1794 1869 1858 1896 τού-

1031 1909 1151 1944 ναντίον,
1175 1910 1294 1948 ἡσυχίαν
1314 1909 1398 1948 ἄγειν.
1415 1913 1460 1947 Τῷ
1477 1913 1598 1948 Κυριακῇ
1614 1911 1659 1939 οὖν
1684 1914 1718 1947 τῆ
1745 1913 1812 1949 μετὰ
1826 1914 1860 1942 τὸ

1033 1956 1107 1991 ἅγιον
1135 1955 1232 1992 Πάσχα
1259 1955 1418 1991 προέλευσιν
1447 1954 1581 1991 δημοσίαν
1612 1956 1729 1993 κηρύξας
1764 1957 1790 1985 ἐν
1817 1961 1859 1994 τῷ

1032 2001 1087 2026 τῶν
1120 1999 1218 2037 ’Δγίων
1243 1999 1419 2027 Ἀποσ-τόλων
1434 2002 1503 2036 ναῷ,
1523 2000 1567 2027 καὶ
1584 1999 1619 2028 δι’
1634 2001 1718 2036 αὐτῆς
1746 2002 1860 2030 ἀποπιια

1034 2044 1147 2081 ραθῆναι
1171 2043 1264 2080 κρίνας
1288 2045 1337 2076 τῆς
1361 2043 1474 2081 γνώμης
1502 2046 1556 2071 τῶν
1584 2044 1718 2080 πολιτῶν,
1735 2046 1858 2080 ἀπῆλθεν

1033 2086 1251 2124 ἐστεφανωμένος
1280 2088 1346 2123 μετά
1357 2092 1407 2123 τῆς
1434 2087 1598 2126 συγκλήτου,
1626 2090 1714 2126 πάσης
1740 2094 1790 2126 τῆς
1804 2091 1859 2119 πό-

1034 2130 1103 2162 λεως
1120 2131 1306 2169 ἀθροισθείσης
1326 2133 1363 2162 εἷς
1390 2133 1441 2167 τήν
1468 2133 1541 2166 Θὲαν,
1568 2133 1649 2169 σκεύη
1680 2135 1783 2173 χρύσεα
1812 2137 1857 2164 καὶ

153 2176 1151 2214 εεαῐιιε,ουιιιθοιῃηὶαιιειιιηῐηαρτοίῑείεοὶὺρειενοῐεηιίιιθάργύρεα
1179 2178 1232 2203 τῶν
1261 2177 1311 2210 τήν
1344 2176 1484 2215 λεωφόρον
1512 2179 1711 2206 κατοικούντων
1741 2180 1859 2218 ἀποκρι-

153 2225 303 2260 putans,ut
313 2222 440 2259 primum
453 2222 480 2248 in
491 2230 575 2254 magn
581 2230 624 2248 um
632 2224 816 2248 estreversus
825 2220 977 2256 palatium,

152 2268 346 2306 patriarcham
358 2267 386 2294 in
397 2265 607 2293 monasterium
619 2265 673 2301 ipsi
680 2265 804 2300 us,quod
815 2268 876 2292 erat
885 2265 912 2292 iu
920 2266 980 2293 Ste-

151 2323 197 2348 no,
214 2313 294 2341 abire
305 2312 401 2348 jubet,
415 2319 505 2346 seque
521 2310 560 2337 ibi
577 2310 605 2337 in
622 2309 784 2337 crastinum
801 2313 978 2345 exspectare,

150 2359 290 2386 donatum
308 2357 371 2384 auri
390 2356 472 2383 libris
489 2355 514 2384 4,
527 2355 604 2390 quod
620 2353 758 2381 nimirum
772 2362 797 2381 ei
814 2354 890 2381 brevi
903 2357 980 2382 esset

151 2410 350 2430 successorem
373 2400 597 2428 constituturus.
611 2400 702 2426 Noctu
719 2400 882 2434 Augustum
907 2399 979 2428 solio

148 2447 284 2474 deturbat
293 2448 322 2474 et
331 2445 359 2473 in
369 2444 538 2480 Principum
564 2443 683 2479 relegat,
691 2443 727 2470 iis
737 2443 785 2477 qui
795 2443 980 2472 abducebant

150 2491 290 2519 mandato
308 2492 340 2517 ut
362 2497 424 2516 eam
451 2488 585 2516 raderent
610 2489 696 2522 atque
711 2486 766 2522 ipsi
783 2486 877 2515 ciines
892 2487 977 2515 atl‘er-

1035 2220 1188 2257 pzvvu'v‘rmv
1214 2220 1258 2247 καὶ
1274 2220 1394 2252 πὲπλους
1412 2221 1457 2248 καί
1487 2221 1560 2250 ἄλλα
1587 2222 1731 2261 ’ὑφάσματα
1758 2234 1859 2262 χρυσο-

1035 2265 1100 2304 ὒφῆ,
1115 2265 1164 2293 κάν
1178 2268 1236 2297 ταῖς
1256 2265 1402 2303 εὐφημίαις
1425 2268 1674 2303 προτεθυμημὲνων
1698 2269 1742 2296 καὶ
1766 2270 1858 2306 αὐτὰς,

1035 2308 1128 2337 εἰοῖόν
1157 2320 1196 2342 τε,
1227 2309 1372 2337 ἐκκενῶσαι
1400 2310 1446 2341 τὰς
1476 2311 1576 2348 ψυχάς.
1605 2313 1653 2343 Οἷς
1677 2311 1858 2345 δελεασθεὶςό

1034 2353 1153 2385 δείλαιος
1182 2356 1222 2390 τῷ
1250 2353 1275 2389 ἐξ
1304 2354 1408 2385 εὐνοίας
1437 2353 1583 2382 ὑπολαϐεῖν
1613 2359 1695 2383 ταῦτα
1723 2357 1858 2395 γίνεσθαι,

1036 2398 1203 2436 ὑποστρέψας
1224 2397 1250 2425 ἕν
1265 2401 1305 2434 τῷ
1334 2397 1448 2436 μεγάλῳ
1472 2398 1598 2436 παλατίῳ
1620 2403 1659 2436 τῷ
1683 2402 1730 2437 μὶν
1757 2412 1858 2437 πατρι-

1033 2443 1105 2480 ἀρχῃ
1136 2442 1232 2479 μηνύει
1263 2442 1390 2475 ἀπελθεῖν
1421 2443 1459 2474 εἰς
1488 2443 1537 2477 τήν
1554 2443 1581 2472 ἐν
1604 2447 1643 2480 τῷ
1661 2448 1752 2482 Στενῷ
1770 2447 1857 2482 μονὴν

1033 2488 1115 2515 αὐτοῦ
1142 2487 1188 2514 καὶ
1218 2485 1415 2524 προσδέχεσθαι
1445 2487 1524 2514 αὐτὸν
1552 2490 1586 2525 τῇ
1616 2489 1766 2526 ἐπαύριον,
1795 2489 1859 2522 δοὺς

749 2557 933 2586 XYLANDRI
954 2559 997 2587 ET
1016 2559 1126 2600 GOAﬁI
1147 2559 1264 2587 NOT/E.

187 2625 241 2660 (14)
254 2624 324 2652 Tres
339 2622 519 2660 Constantini
535 2621 636 2660 Magni
652 2620 879 2660 temporetituli
895 2621 975 2649 fuere

149 2657 296 2702 praecipui,
313 2659 454 2702 Augustit
466 2657 596 2698 Ctesaris',
613 2657 974 2702 Nobilissim'i.ll§‘ugustus

150 2693 320 2736 imperator,
336 2693 430 2736 Caesar
449 2694 563 2736 imperii
586 2693 975 2736 successor,‘l‘lobili§simus

148 2728 270 2762 Casei-ei
286 2731 415 2760 nominis
439 2728 616 2765 quandoque
641 2728 776 2764 potiundi
792 2737 844 2765 spe
859 2728 974 2757 foveba-

1031 2622 1318 2663 tur;_unde_nor_1ni_si
1330 2622 1425 2663 ultimi
1438 2622 1528 2663 impp.
1544 2623 1595 2663 lilii
1609 2623 1653 2663 vel
1668 2624 1771 2652 afﬁnes
1783 2633 1857 2663 prae—

1030 2657 1106 2693 cipui
1131 2666 1164 2685 eo
1189 2657 1274 2685 titulo
1295 2658 1434 2694 leguntur
1458 2657 1581 2694 imperio
1606 2659 1726 2688 ﬂorente
1748 2657 1855 2688 ornati.

1032 2694 1113 2708 01η-ιι
1129 2694 1162 2708 An
1179 2693 1367 2708 ΜηὶιῖΙεμηζ--ιη
1380 2694 1529 2708 νῦ-ε..,..;....
1546 2694 1655 2708 (λιιι-μ-..
1683 2696 1748 2708 Δ-ηὶ
1775 2705 1787 2708 -
1812 2697 1843 2708 ΔΩ

1029 2694 1115 2757 glow:
1128 2694 1163 2721 de
1179 2693 1368 2722 Nobilissimo
1380 2693 1530 2723 Trivmius
1546 2694 1665 2724 Observ.
1677 2696 1760 2733 Apol.
1773 2705 1798 2724 c.
1811 2697 1855 2724 16.

1071 2739 1088 2757 A
1112 2748 1119 2755 .
