1919 3048
180 129 238 160 379

858 128 1016 159 GEORGII
1038 127 1208 159 CEDRENI

1829 137 1892 168 280

180 199 246 225 rant
261 197 395 234 collegit;
412 198 617 234 adjunctisque
641 197 746 226 Pisidis
770 198 798 225 et
822 196 938 232 Lycaoni

1141 192 1288 242 συμϐαλὼν
1315 196 1406 242 acroi:
1434 197 1460 225 ἐν
1488 197 1596 230 Κάνναις
1618 200 1679 237 περὶ
1709 201 1752 228 τὸν
1779 202 1887 242 ’Ἁμφι-

185 242 234 278 qui
250 241 457 271 fmderatorum
473 243 618 280 legionem
635 242 767 278 implent.
785 243 921 274 Francos,
938 241 1004 276 qui-

179 286 233 314 bus
249 287 306 314 alia.
321 288 397 315 haud
416 289 521 324 exigua
537 287 646 315 auxilia
657 288 692 314 ab
709 286 790 314 Italis
801 287 878 312 circa
894 285 1003 312 Padum

179 331 287 359 ﬂumen
304 335 333 359 et
348 333 383 359 ad
405 333 522 368 Alpium
548 332 662 359 radices
683 331 883 358 habitantibus
906 338 1004 357 acces-

179 382 286 412 serant,
302 378 378 412 apud
404 379 497 405 Horas
528 377 568 413 (id
593 376 649 404 loci
673 383 778 403 nomen
806 376 860 408 est)
884 375 1003 402 adortus

181 429 287 456 magna
301 429 419 449 rursum
437 430 534 457 pugna
549 422 644 448 victus
658 425 712 448 est.
730 420 889 447 Michaelus
914 420 1004 455 impe-

181 467 260 492 rator
274 465 321 492 his
336 466 462 500 cognitis
476 466 631 501 imperium
651 466 780 492 Docesne
797 465 927 499 abrogat,
939 464 1004 491 mit-

182 509 277 544 titque
297 518 348 545 pro
363 518 395 537 eo
412 510 440 537 in
458 510 572 537 Italiam
590 510 778 544 Boioannem,
797 510 844 544 qui
864 512 1004 536 strenuus

182 555 210 581 et
225 553 301 581 bello
317 554 452 590 egregius
468 554 631 588 videbatur,
647 556 676 581 et
691 554 726 580 ab
742 562 775 580 eo
792 553 938 588 Bojounne
949 553 1002 580 du-

181 598 265 625 cebat
284 606 377 634 genus
392 599 442 634 qui
459 608 475 626 a
496 598 603 626 Basilio
629 599 802 634 imperatore
832 598 861 625 in
889 597 1001 625 Italiam

181 643 291 670 missus
307 646 397 671 totam
415 643 526 671 Italiam
543 644 578 670 ad
596 643 717 670 Romam
730 642 861 678 usquein
874 645 1002 678 potesta-

181 689 239 715 tem
254 688 320 723 ejus
334 689 495 724 redegerat.
508 688 616 715 Verum
632 687 657 714 is
673 695 790 723 quoque
806 695 872 714 cum
889 695 922 713 eo
951 695 1001 713 ve-

179 732 282 766 nisset,
298 734 326 760 et
342 741 448 760 novum
465 733 623 760 exercitum
641 740 698 760 non
715 732 846 765 haberet,
864 731 913 758 sed
938 731 999 766 jam

179 780 246 805 ante
261 777 352 805 victos
367 779 519 813 cogeretur
533 778 563 804 in
579 776 693 804 hostem
711 777 783 804 547
802 777 919 808 ducere,
950 775 1000 810 qui

179 822 327 855 regionem
343 829 408 849 eam
424 822 574 849 obtinebat
589 830 622 849 ac
634 823 666 848 ut
678 821 825 856 propriam
838 820 999 853 tutabatur,

179 867 273 893 victus
280 866 356 901 apud
369 865 546 901 Monopolim
558 866 587 892 in
600 867 773 901 potestatem
780 865 908 892 hostium
916 865 1001 892 vivus

181 910 322 946 pervenit,
338 910 375 937 iis
386 918 460 945 quos
489 910 595 937 ferrum
622 918 679 937 non
704 909 920 944 absumpserat,
945 909 1001 936 alio

181 954 255 982 alias
271 954 422 990 dissipatis
438 954 467 981 in
484 953 605 981 castella
620 963 683 989 qua;
700 954 840 981 Romanis
852 953 946 980 adhuc
961 953 1001 981 fa-

181 999 296 1026 vebant.
313 998 422 1026 Exinde
439 999 540 1025 Franci
556 999 668 1026 Italiam
685 1001 716 1024 ut
731 997 805 1025 bello
821 1002 932 1033 partem
945 997 1002 1024 sibi

181 1042 374 1076 vindicavere,
391 1043 493 1070 incolis
510 1051 568 1078 qua
583 1042 659 1070 ultro
675 1051 705 1070 se
720 1043 896 1069 dedentibus
908 1051 964 1077 qua
975 1042 1000 1069 vi

181 1087 321 1115 subactis.
346 1088 475 1119 Quatuor
498 1089 614 1114 tantum
640 1087 726 1114 urbes
746 1087 775 1114 in
803 1087 1001 1114 Romanorum

180 1132 237 1160 ﬁde
251 1134 486 1168 permanserunt,
500 1132 708 1165 Brundusium,
723 1132 1000 1166 llidrus,Tarentum

178 1178 207 1204 et
222 1176 314 1204 Baris.
329 1175 469 1204 Michaelo
485 1176 663 1212 imperatore
677 1179 792 1204 mortuo
804 1179 832 1203 et
842 1176 1002 1211 Calapbata

177 1221 242 1256 ejus
257 1228 428 1248 successore
439 1221 591 1248 exturbato
604 1220 714 1248 missus
727 1221 755 1247 in
776 1220 900 1253 Italiam,
915 1224 945 1247 ut
960 1221 1002 1246 di-

178 1264 286 1299 ximus,
300 1264 458 1298 Maniacss,
475 1273 643 1301 quanquam
664 1273 721 1293 non
738 1267 816 1292 esset
831 1265 1001 1299 satisjustis

178 1309 271 1346 copiis
288 1309 461 1343 instructus,
477 1309 590 1337 artibus
606 1311 704 1337 tamen
720 1309 915 1344 imperatoriis
937 1312 1000 1336 tan-

177 1355 238 1381 tum
251 1354 384 1386 confecit,
402 1357 442 1380 'ut
465 1356 493 1381 et
518 1356 642 1381 Francos
672 1353 753 1380 italia
779 1353 899 1388 pelleret
922 1354 999 1389 apud

180 1398 321 1433 Capuam,
339 1400 535 1425 Beneventum
554 1406 586 1425 ac
601 1398 752 1433 Neapolin,
764 1401 792 1425 et
805 1406 850 1425 res
864 1398 999 1425 iriediocri

179 1442 208 1470 in
225 1442 321 1478 quiete
337 1450 368 1470 ac
390 1442 546 1470 securitate
570 1442 769 1470 constitueret.
800 1442 930 1470 Habebat
954 1442 1001 1470 hic

180 1486 326 1514 Maniaces
342 1487 371 1513 in
386 1486 540 1521 provinciis
568 1486 764 1514 Orientalibus
788 1487 1000 1522 possessiones,

178 1532 206 1557 et
219 1529 349 1557 vicinum
366 1529 529 1557 Romanum
546 1529 668 1561 Durum.
685 1538 750 1557 cum
766 1539 823 1560 quo
833 1533 1001 1557 exercuerat

180 1574 369 1601 inimicitias:
386 1576 415 1600 et
430 1582 495 1601 eum
513 1574 677 1609 aliquoties,
696 1574 749 1601 nisi
764 1575 831 1610 fuga
843 1574 897 1601 sibi
910 1575 1000 1601 cavis-
1013 1564 1035 1597 ί)

177 1620 232 1649 set,
249 1618 454 1645 interfecturus
470 1618 573 1645 fuerat.
605 1620 762 1654 Postquam
787 1627 855 1646 vero
877 1618 1000 1654 imperio

179 1662 308 1689 Romano
325 1661 436 1697 potitus
451 1665 495 1689 est
512 1661 737 1697 Monomachus,
764 1665 859 1690 Durus
884 1671 1001 1699 quoque

178 1706 213 1734 ad
226 1714 374 1734 summam
387 1709 503 1733 evectus
517 1705 664 1735 fortunam
675 1707 755 1742 (nam
768 1708 803 1735 ab
813 1708 999 1742 imperatore,

178 1750 228 1786 qui
246 1758 345 1778 sorore
360 1751 424 1784 eius
441 1759 492 1786 pro
518 1751 619 1787 pellice
640 1752 789 1785 utebatur,
811 1753 949 1788 magister
972 1755 1001 1780 et

178 1796 373 1830 protostrstor
386 1795 480 1822 factus
495 1797 565 1829 erat)
583 1796 758 1830 injuriarum
778 1797 918 1824 Maniacis
939 1805 1000 1824 mc-

180 1847 254 1874 mor,
266 1840 377 1866 abusus
389 1848 441 1867 sua
453 1840 582 1875 potentia
598 1840 673 1869 548
688 1844 715 1868 ct
738 1841 876 1869 Maniacis
896 1841 1000 1869 absen-

180 1884 232 1916 tia,
249 1883 352 1910 ditioni
367 1884 430 1918 ejus
448 1884 539 1912 multa
555 1885 655 1912 intulit
670 1886 778 1912 damna
793 1889 821 1913 et
835 1886 999 1913 thalamum

179 1929 243 1962 ejus
257 1927 377 1955 licenter
392 1928 505 1964 polluit.
522 1929 562 1956 De
577 1929 685 1964 quibus
702 1930 847 1958 Maniaces
863 1931 891 1957 in
919 1931 1001 1958 Italia

179 1972 273 1999 factus
289 1972 403 2005 certior,
425 1981 547 2009 magnas
576 1973 675 2000 animo
706 1974 854 2001 molestias
884 1975 1001 2010 irasque

179 2015 319 2051 agitabat.
335 2016 466 2052 Cumque
489 2025 576 2053 opera
601 2018 722 2044 Romani
747 2018 868 2053 insuper
892 2020 999 2046 factum

177 2062 256 2088 esset
272 2062 302 2086 ut
318 2061 509 2096 magistratus
533 2062 590 2096 ipsi
615 2063 815 2097 abrogaretur,
841 2063 1001 2098 deploratis

176 2112 297 2140 prorsus
314 2105 401 2132 rebus
417 2105 610 2141 (intelligeth
627 2107 703 2133 enim
716 2107 841 2134 reditum
859 2109 885 2134 in
899 2108 998 2135 urbem

176 2156 233 2175 non
246 2148 319 2176 bene
332 2148 387 2176 sibi
399 2152 576 2184 cessurum),
588 2151 741 2178 concitatis
753 2155 840 2186 atque
855 2151 1000 2188 corruptis

176 2192 285 2220 Italicis
301 2193 405 2228 copiis,
421 2201 486 2221 cum
499 2194 561 2228 jam
579 2195 724 2222 desiderio
747 2196 775 2222 in
806 2197 929 2231 patriam
955 2205 999 2224 re-

1061 237 1105 265 δον
1146 239 1281 275 ποταμὸν,
1322 239 1382 272 ἔνθα
1410 242 1455 268 καὶ
1480 243 1547 270 κει.τᾶ⁵
1564 243 1627 275 τοὺς
1651 244 1736 272 πάλαι
1764 237 1890 284 χρόνους

1060 282 1183 314 ’Λννίὸας
1206 285 1253 315 τὰς
1275 284 1381 316 πολλὰς
1405 288 1458 313 τῶν
1483 287 1644 323 Ῥωμαϊκῶν
1675 282 1890 327 στρατεῦμάτων

1059 328 1192 365 κατέκοψε
1215 328 1356 366 μυριάδας,
1388 331 1493 366 ἡττήθη
1526 331 1570 359 καὶ
1594 333 1624 360 τὸ
1655 332 1737 361 πλέον
1763 333 1890 364 ἀπίὸαλε

1058 375 1108 406 τῆς
1142 376 1278 410 στρατιᾶς¹
1303 374 1451 412 αἰσχίστως
1475 376 1519 403 καὶ
1543 377 1622 404 αὐτὸν
1640 377 1666 404 έν
1689 378 1803 412 Κάνναις
1832 378 1891 408 δια-

1059 417 1164 447 σωθείς.
1181 418 1260 446 Οὕτω
1276 417 1305 446 δὶ
1320 418 1434 456 πληγεὶς
1451 419 1514 447 οὐδὲ
1531 421 1597 456 μετὰ
1611 423 1660 457 τὴν
1678 422 1803 460 πληγήν,
1820 425 1890 452 κατὰ

1059 460 1104 488 τὸν
1134 461 1159 488 ἐν
1185 463 1344 500 παροιμίαις
1373 463 1460 497 ἆλιὲα,
1478 467 1537 491 νοῦν
1554 465 1643 503 ἔσχεν,
1660 466 1717 494 οὐδ’
1741 467 1891 506 ὀχυρώσας

1060 505 1153 550 ξαυτὸν
1181 507 1254 544 πάσῃ
1280 509 1314 544 τῇ
1345 511 1455 546 στρατιᾷ
1482 508 1635 547 προσέϐαλε
1662 514 1721 544 τοῖς
1749 505 1889 550 ἐχθροῖς,

1060 548 1124 577 ἀλλ’
1140 550 1190 577 ὑπὸ
1213 551 1338 588 θράσους.
1365 553 1401 583 ὡς
1425 550 1504 588 ἕοιγε,
1534 555 1770 593 στρατηγούμενος
1787 557 1891 588 αὐτούς

1058 603 1087 621 τε
1112 593 1175 625 τοὺς
1213 596 1378 631 ἡττηθέντας
1406 597 1488 625 πάλιν
1512 597 1655 627 ἀναλαϐὼν
1680 601 1724 628 καὶ
1755 600 1889 632 Πισσίδας

1057 638 1101 664 καὶ
1136 639 1284 675 Λυκάονας,
1322 640 1397 678 οἵπερ
1435 642 1623 680 ἀναπληροῦσι
1651 645 1682 672 τὸ
1710 645 1806 682 τάγμα
1834 648 1890 672 τῶν

1059 680 1225 720 φοιδεράτων
1249 686 1316 720 (24),
1346 686 1405 723 περὶ
1431 686 1479 717 τὰς
1510 687 1656 724 λεγομένας
1686 680 1770 726 Ὥρας
1797 699 1888 727 προσ-

1058 727 1186 764 ρήγνυται
1225 730 1283 758 τοῖς
1319 728 1430 766 ἐχθροῖς
1465 731 1509 757 καὶ
1552 732 1676 767 τρέπεται
1714 733 1792 765 αὖθις
1816 734 1886 761 κατὰ

1056 771 1167 808 κράτος,
1198 775 1481 810 προσεταιρισαμένων
1507 777 1560 802 τῶν
1588 776 1720 814 Φράγγων
1749 778 1796 804 καὶ
1813 776 1885 805 ἄλλο

1057 814 1165 850 πλῆθος
1194 818 1234 853 [Ρ.
1250 818 1314 855 756]
1343 818 1391 845 οὐκ
1417 818 1510 856 ὀλίγον
1536 820 1587 847 ἀπὸ
1612 823 1666 847 τῶν
1686 821 1800 849 Ἰταλῶν
1831 824 1886 849 τῶν

1059 860 1119 896 περὶ
1145 861 1189 887 τὸν
1217 860 1304 888 Πάδον
1319 862 1364 889 τὸν
1390 863 1513 900 ποταμὸν
1538 865 1583 891 καὶ
1606 865 1653 895 τὰς
1681 865 1818 903 ὑπωρείας
1844 867 1884 893 οῖ-

1056 903 1176 931 κούντων
1191 908 1244 932 τῶν
1271 905 1411 935 Ἀλπεων.
1437 909 1524 936 Τοῦτο
1554 907 1582 935 δὲ
1597 909 1747 946 πυθόμενος
1765 911 1779 937 ὁ
1806 911 1883 948 βασι-

1057 947 1120 980 λεὺς
1147 949 1284 987 Μιχαὴλ,
1323 953 1417 979 τοῦτον
1449 953 1496 988 μὶν
1527 953 1673 989 μετέστησε
1698 958 1748 989 τῆς
1776 947 1879 993 ἀρχῆς,

1056 992 1161 1030 ἔπεμψε
1191 993 1219 1022 δέ
1232 995 1277 1022 τὸν
1298 997 1468 1032 Βοϊωάννην,
1485 996 1615 1025 δοκοῦντα
1630 999 1777 1035 πρακτικὸν
1796 999 1881 1036 ἄνδρα

1057 1038 1122 1065 εἶναι
1149 1039 1192 1066 καὶ
1224 1039 1250 1066 έν
1278 1039 1412 1077 πολέμοις
1441 1040 1607 1078 εὐδόκιμον,
1637 1043 1680 1070 καὶ
1710 1043 1747 1074 είς
1778 1043 1880 1071 ἐκεῖνον

1056 1082 1222 1121 ἀναφέροντα
1243 1085 1291 1118 τήν
1315 1087 1364 1112 τοῦ
1389 1085 1482 1122 γένους
1506 1086 1641 1124 ἀναφορὰν
1659 1088 1704 1115 τὸν
1729 1087 1773 1115 hri
1800 1092 1880 1116 Βασι-

1057 1127 1131 1154 λείου
1150 1130 1198 1155 τοῦ
1233 1128 1368 1166 βασιλέως
1393 1129 1418 1156 ἐν
1449 1129 1550 1167 Ἰταλίᾳ
1576 1132 1730 1171 πεμφθέντα
1759 1133 1881 1161 Βοϊωάν-

1056 1182 1114 1206 νην,
1145 1171 1174 1203 ες
1203 1176 1288 1200 πᾶσαν
1316 1174 1365 1207 τήν
1394 1173 1510 1202 Ἰταλίαν
1541 1175 1623 1213 μέχρι
1638 1177 1749 1213 Ῥώμης
1765 1177 1829 1204 τότε
1843 1179 1882 1212 τῷ

1059 1215 1167 1252 βασιλεῖ
1204 1219 1414 1253 παρεστήσατο.
1453 1219 1540 1247 Ἀλλὰ
1576 1221 1620 1247 καὶ
1649 1221 1726 1251 οὗτος
1752 1221 1880 1253 ἀπελθὼν

1056 1260 1123 1287 κατᾶ
1161 1261 1254 1298 χώραν
1283 1261 1327 1289 καὶ
1357 1262 1439 1298 νεαλῆ
1474 1263 1519 1291 καὶ
1547 1264 1663 1300 ἀκμαίαν
1694 1264 1810 1302 δύναμιν
1842 1265 1880 1301 μή

1056 1302 1159 1339 λαϐὼν,
1181 1305 1244 1333 ἀλλ’
1277 1306 1451 1344 ἀναγκασθεὶς
1487 1308 1553 1344 μετὰ
1582 1311 1634 1335 τῶν
1659 1309 1879 1346 προηττημένων

1056 1347 1206 1385 συμϐαλεῖν
1233 1354 1291 1382 τοῖς
1327 1351 1438 1389 ἐχθροῖς
1462 1352 1529 1380 κατᾶ
1558 1353 1607 1386 τήν
1634 1353 1794 1382 Μονόπολιν
1823 1352 1876 1388 ἤδη

1055 1397 1248 1429 κραταιωθεῖσι
1270 1395 1315 1422 καὶ
1336 1399 1386 1431 τῆς
1401 1396 1495 1433 χώρας
1519 1397 1556 1429 ὡς
1575 1396 1646 1428 ῗδίας
1672 1398 1878 1436 ἀντεχομένοις,

1055 1438 1183 1473 ἡττηθείς
1203 1438 1286 1474 ἑάλω,
1308 1440 1352 1467 καὶ
1379 1441 1393 1467 ὁ
1418 1440 1464 1467 σὺν
1493 1441 1566 1477 αὐτῷ
1595 1442 1715 1479 στρατὸς,
1747 1443 1809 1469 ὅσοι
1840 1443 1877 1478 μὴ

1056 1482 1169 1520 σιδήρου
1193 1484 1319 1521 γεγόνασι
1345 1484 1543 1522 παρανάλωμα,
1568 1485 1654 1517 ἀλλος
1683 1486 1812 1525 ἀλλαχοῦ
1839 1486 1878 1514 δι-

1055 1526 1262 1562 εσκεδάσθησαν,
1289 1527 1462 1561 διασωθέντες
1483 1529 1508 1556 ἰν
1531 1533 1589 1561 τοῖς
1614 1530 1652 1558 ἔτι
1676 1531 1709 1558 τὰ
1734 1531 1877 1568 Ῥωμαίων

1055 1571 1184 1610 φρονοῦσι
1219 1573 1368 1611 φρουρίοις.
1408 1574 1459 1602 Καὶ
1495 1574 1591 1602 λοιπὸν
1621 1576 1647 1602 οἱ
1674 1576 1799 1613 Φράγγοι
1828 1579 1878 1610 τῆς

1056 1615 1172 1647 Ἰταλίας
1211 1617 1248 1647 ὡς
1285 1615 1452 1655 δορυκτήτου
1495 1618 1685 1646 ἀντεποιοῦντο
1725 1620 1878 1656 κτήματος,

1055 1662 1108 1687 τῶν
1125 1660 1266 1699 ἐγχωρίων
1291 1662 1327 1688 ὧν
1345 1662 1391 1698 μὶν
1409 1661 1548 1697 ἑκουσίως,
1564 1663 1600 1690 ὧν
1618 1662 1646 1690 δὲ
1663 1663 1710 1701 βίᾳ
1719 1663 1765 1691 καὶ
1780 1663 1879 1700 ἀνάγκῃ

1056 1706 1293 1743 προσχωρούντων
1310 1706 1412 1742 αὐτοῖς,
1427 1706 1500 1741 πλὴν
1522 1708 1684 1744 Βρεντησίου
1697 1708 1743 1735 καὶ
1759 1708 1877 1746 Ἱδροῦν-

1054 1760 1101 1780 τος
1129 1750 1171 1777 καί
1202 1749 1336 1787 Τάραντός
1365 1761 1393 1778 τε
1421 1751 1464 1778 καὶ
1495 1751 1603 1788 Βαρέως
1621 1761 1627 1768 ·
1660 1752 1737 1780 αὗται
1766 1753 1817 1790 γὰρ
1851 1752 1876 1779 αἱ

1055 1794 1178 1832 τέσσαρες
1206 1794 1302 1826 πόλεις
1340 1795 1502 1833 παρέμειναν
1533 1796 1623 1823 πίστιν
1652 1797 1800 1832 Ῥωμαίοις
1829 1807 1876 1835 φυ-

1056 1838 1211 1867 λάττουσαι.
1229 1838 1342 1876 Μιχαὴλ
1368 1838 1396 1867 δὲ
1416 1842 1464 1867 τοῦ
1482 1839 1615 1878 βασιλέως
1632 1840 1816 1873 ἀποθανόντος
1832 1840 1875 1867 καὶ

1055 1885 1103 1910 τοῦ
1121 1884 1178 1919 μετ’
1198 1884 1278 1911 αὐτὸν
1304 1883 1463 1918 έξωσθέντος
1488 1888 1538 1919 τῆς
1564 1885 1712 1922 βασιλείας,
1730 1886 1744 1913 ὁ
1775 1884 1875 1913 Μανιά-

1054 1938 1114 1963 κης⁷
1132 1928 1167 1958 ὡς
1183 1926 1281 1955 ἄνωθεν
1303 1927 1410 1966 ἐρρέθη,
1432 1928 1563 1967 πεμφθεὶς
1593 1929 1631 1960 εἷς
1660 1929 1777 1957 Ἰταλίαν
1805 1929 1876 1966 παρᾶ

1054 1976 1103 2006 τῆς
1115 1976 1203 2007 Ζωῆς,
1220 1972 1244 1999 si?
1268 1973 1313 2000 καὶ
1331 1973 1368 2009 μὴ
1386 1971 1499 2009 δύναμιν
1521 1973 1669 2011 ἀξιόχρεων
1687 1975 1772 2012 εἶχεν,
1801 1974 1874 2010 ὅμως

1057 2017 1124 2053 μετὰ
1146 2020 1196 2051 τῆς
1222 2016 1361 2054 παρούσης
1385 2020 1576 2055 στρατηγικαῖς
1603 2021 1744 2055 μηχαναῖς
1771 2017 1875 2056 χρησά-

1058 2071 1138 2097 μενος
1167 2059 1290 2096 ἐκδιῶξαι
1321 2060 1415 2098 ἴσχυσε
1443 2061 1506 2093 τοὺς
1532 2062 1673 2099 Φράγγουε
1694 2066 1746 2096 τῆς
1765 2061 1875 2091 Ἰταλίας

1055 2106 1116 2143 πιρί
1157 2105 1265 2140 Καπύην
1304 2105 1348 2133 καὶ
1382 2103 1540 2134 Βενεϐενδὸν
1578 2107 1622 2134 καὶ
1652 2107 1804 2140 Νεάπολιν,
1832 2105 1874 2133 καὶ

1057 2151 1165 2188 μετρίαν
1190 2160 1348 2177 καταστασιν
1371 2150 1416 2177 καὶ
1431 2149 1556 2188 γαλήνην
1584 2150 1704 2189 παρέσχε
1726 2154 1786 2182 τοῖς
1809 2149 1874 2188 πρά-

1054 2205 1150 2232 γμασι.
1181 2193 1266 2225 Οὗτος
1296 2195 1309 2221 ὁ
1338 2195 1480 2230 Μανιάκης
1503 2196 1571 2223 κατὰ
1599 2195 1629 2223 τὸ
1644 2196 1712 2232 Θέμα
1725 2199 1780 2223 τῶν
1797 2196 1873 2223 Ἀνα-

177 2237 286 2265 deundi
304 2237 413 2264 milites
430 2239 576 2272 arderent,
589 2247 672 2266 arma
683 2243 783 2267 contra
795 2241 934 2274 imperato

1113 2242 1171 2266 .xGw
1200 2239 1246 2269 τὰς
1263 2239 1383 2274 οἰκήσεις
1400 2238 1471 2277 ἔχων
1488 2239 1533 2267 καὶ
1556 2240 1691 2276 Ῥωμανῷ
1705 2242 1747 2276 τῷ
1759 2239 1871 2275 Σκληρῷ

175 2284 280 2309 movet.
298 2281 420 2309 Missum
437 2290 505 2317 ergo
518 2283 572 2309 sibi
582 2291 781 2311 successorem
795 2284 919 2312 Pardum
932 2293 998 2320 pro-

175 2325 403 2361 tospatharium,
422 2326 569 2354 hominem
589 2327 770 2363 Byzantium,
789 2337 881 2363 neque
907 2328 998 2357 ullam

174 2372 210 2396 ob
228 2371 440 2405 praestantiam,
458 2372 507 2398 sed
525 2371 595 2407 quia
621 2375 708 2399 nctus
733 2375 794 2400 crat
817 2372 998 2409 imperatori,

173 2415 262 2441 tanta:
275 2414 428 2449 provinciis
452 2415 630 2449 praefectum,
645 2416 798 2444 interfecit.
812 2418 876 2452 Ipse
897 2418 999 2445 diade-

174 2460 252 2485 mate
268 2461 297 2485 et
313 2458 434 2493 reliquis
450 2459 565 2494 imperii
583 2461 709 2495 sumptis
727 2462 894 2497 insignibus
910 2463 999 2497 impe-

173 2503 253 2529 rator
266 2501 423 2536 salutatur,
441 2504 629 2539 exercituque
645 2504 674 2532 in
693 2513 780 2533 naves
804 2506 942 2542 imposito
968 2507 998 2534 in

174 2544 340 2580 Bulgariam
377 2547 495 2581 trujicit.
522 2548 681 2583 imperator
705 2553 860 2585 postquam
886 2551 920 2578 de
944 2551 998 2578 hoc

174 2589 302 2622 rescivit,
320 2598 376 2617 non
394 2590 494 2618 leviter
512 2593 710 2628 perturbatus,
726 2593 840 2622 litteras
869 2595 903 2622 ad
930 2603 997 2623 eum

176 2632 278 2666 mittit,
290 2633 320 2661 in
335 2634 442 2669 quibus
459 2635 515 2671 ipsi
526 2638 554 2663 et
564 2645 637 2672 quos
648 2646 747 2665 secum
760 2638 887 2667 habebat
899 2641 996 2676 impu-

1053 2286 1191 2320 γειτονῶν,
1225 2283 1418 2322 διαφερόμενος
1455 2283 1524 2320 πρὸς
1553 2284 1632 2311 αὑτὸν
1664 2283 1800 2314 πολλάκις
1826 2282 1871 2309 ἐπ-

1054 2327 1194 2365 εχείρησεν
1210 2327 1314 2355 ἀνελεῖν
1330 2330 1436 2362 τοῦτον,
1453 2328 1475 2355 εί
1493 2329 1531 2365 μὴ
1547 2330 1617 2367 φυγῇ
1633 2329 1683 2363 τὴν
1698 2328 1793 2356 ἑαυτοῦ
1809 2327 1871 2355 ἐπο-

1054 2376 1148 2409 ρίσατο
1185 2372 1332 2408 σωτηρίαν.
1360 2372 1432 2399 Ἐπεὶ
1465 2371 1493 2400 δὶ
1515 2373 1549 2399 τὰ
1580 2371 1723 2409 Ῥωμαίων
1752 2375 1872 2407 σκῆπτρα

1053 2416 1079 2447 ἐς
1094 2418 1296 2444 Κωνσταντῖνον
1309 2416 1378 2451 ἦλθε
1405 2417 1450 2443 τὸν
1468 2416 1637 2454 Μονομάχον
1662 2417 1706 2444 καὶ
1722 2417 1736 2444 ὁ
1751 2414 1872 2452 Σκληρός

1054 2461 1097 2488 ἐπὶ
1116 2461 1183 2498 μέγα
1209 2461 1298 2499 τύχης
1320 2461 1389 2498 ἦρτο
1415 2460 1627 2498 (ἐπαλλακεύετο
1654 2461 1705 2498 γὰρ
1720 2463 1759 2497 τῷ
1787 2462 1871 2487 Μονο-

1055 2505 1138 2543 μάχῳ
1158 2507 1175 2540 ἡ
1204 2508 1253 2532 τοῦ
1283 2504 1410 2543 Σκληροῦ
1437 2504 1553 2542 ἀδελφὴ)
1584 2505 1730 2543 μάγιστρος
1753 2501 1873 2541 τιμηθεὶς

1053 2551 1097 2577 καί
1122 2550 1351 2588 πρωτοστράτωρ,
1377 2552 1432 2577 τῶν
1459 2549 1496 2581 εἰς
1519 2549 1597 2577 αὐτὸν
1630 2550 1802 2586 μεμνημένος
1826 2547 1872 2573 τοῦ

1054 2594 1189 2632 Γεωργίου
1225 2593 1404 2632 καταδρομῶν
1423 2615 1430 2628 ,
1468 2594 1683 2631 καταχρώμενος
1712 2595 1746 2631 τῇ
1772 2588 1873 2627 ἐξουσίᾳ

1052 2638 1097 2666 καὶ
1125 2639 1174 2673 τὴν
1200 2638 1330 2666 ἀπουσίαν
1359 2639 1535 2676 κατατρέχων
1559 2641 1607 2666 τοῦ
1635 2638 1770 2673 Μανιάκη¹
1798 2635 1830 2663 τά
1842 2642 1870 2660 τι

765 2703 953 2732 XYLANDRI
972 2704 1018 2732 ET
1038 2703 1147 2732 GOARI
1166 2704 1281 2732 NOTAE.

179 2750 271 2791 “(25)
286 2751 371 2780 Error
385 2753 542 2791 tollendus,
567 2764 623 2791 quo
652 2756 782 2785 fcsberati
812 2760 840 2785 et
863 2758 994 2786 imderati

171 2785 267 2815 iidem
281 2792 446 2818 censentur.
464 2791 498 2819 Hi
513 2785 547 2820 ei
561 2785 641 2820 o'mui
657 2796 739 2821 extra
759 2793 887 2828 natione,
904 2793 946 2821 illi
961 2785 996 2822 ex

1050 2757 1177 2821 supdg'tis
1193 2757 1298 2786 Pisidis
1313 2760 1342 2786 et
1358 2757 1552 2794 Lycaonibus,
1569 2759 1602 2785 ut
1620 2757 1667 2786 hic
1677 2759 1777 2786 auctor
1785 2760 1866 2783 enar-

1050 2801 1082 2821 ra
1099 2813 1106 2821 .
1134 2801 1210 2821 rom.

1050 2801 1106 2822 rat.
1122 2801 1210 2822 liOAR.
