1919 3048
130 89 189 119 283

809 88 966 119 GEORGII
988 89 1160 119 CEDRENI

1797 89 1883 119 284

130 156 368 184 Annuntiatiouis
392 156 465 184 festo
491 156 653 184 Michaelus
695 156 873 189 Cerularius,

1118 155 1135 182 ιὶ
1152 155 1277 192 ἀνάγεται
1302 154 1342 186 sic
1370 155 1415 183 τὸν
1444 155 1527 183 αὐτοῦ
1552 156 1647 193 θρόνον
1674 154 1824 194 Μιχαήλ
1858 154 1876 181 ὁ

131 200 239 228 vixerat
256 201 418 229 monachus
433 209 465 228 ex
479 209 538 236 quo
559 209 624 228 eum
647 200 904 236 orphanotrophus
918 200 954 227 ob

133 248 248 280 paratas
266 245 389 273 insidias
406 244 591 280 relegaverat.
623 245 772 272 Iudicatur
790 244 877 272 etiam
898 245 954 272 im-

133 289 257 323 peratori
271 289 428 317 thesaurus
445 290 507 317 auri
522 289 689 317 reconditus
705 289 734 316 in
759 288 851 316 Alexii
872 297 953 316 man-

131 334 222 366 sione,
240 342 327 369 quem
345 334 445 361 missis
462 334 580 361 famulis
603 334 720 369 recepit,
736 334 770 361 ad
789 333 956 360 centenaria

131 377 232 413 viginti
250 378 501 414 quinque.Eadem
518 377 833 412 indictione,postridie
851 377 954 404 Kalen-

131 422 183 449 das
197 421 378 454 Maias,oculi
395 421 576 450 eﬂ'odiuntur
591 421 830 458 orphanotropho
847 421 875 448 in
890 421 954 449 loco

132 466 178 493 cui
194 474 299 494 nomen
316 466 538 502 lllarycatis.Alii
546 466 574 494 id
587 466 679 494 inscio
690 467 866 501 imperatore
872 466 955 493 aiunt

132 510 224 537 fuisse
251 511 462 545 factumjussu
493 511 666 538 Theodore:
697 511 828 547 plerique
853 518 954 538 omnes

132 554 226 590 ipsius
238 555 373 582 monachi
396 555 577 588 mandato,ei
594 556 630 583 ob
646 555 853 591 relegationem
870 556 953 582 irato.

131 600 262 627 Mortuus
294 601 339 627 est
367 599 481 628 decima
507 601 593 628 tertia
610 600 656 628 die
686 601 816 635 ejusdem
833 599 953 626 mensis.

130 643 209 671 Julio
226 652 327 671 mense
342 644 509 680 Stephanus
520 645 755 680 Sebastophorus
767 644 883 672 delatus
900 645 954 671 estv

132 689 209 724 quod
227 688 383 716 insidiatus
398 693 476 716 esset
487 689 653 724 imperatori
667 689 849 724 volueritque
866 688 956 724 impe-

134 733 210 760 rium
227 733 257 760 in
275 733 399 761 Leonem
417 733 572 769 patricium
589 735 747 760 transferre
773 736 802 760 et
812 732 954 760 Melitenas

134 777 302 813 praefectum
315 778 492 806 constituere
505 777 596 805 ﬁlium
614 777 743 814 Lampri.
772 780 812 805 Ac
828 777 954 813 Stepha-

134 830 190 849 nus
202 822 318 857 quidem
340 822 445 857 opibus
466 822 528 850 suis
552 822 693 850 multatus
708 825 737 849 et
763 821 954 850 monasticam

131 866 225 894 vivere
235 868 337 901 jussus
348 869 376 894 et
391 867 539 902 relegatus
554 871 609 894 est.
627 868 782 902 Lamprus,
798 866 956 894 crudeliter

130 913 224 938 tortus
235 912 263 938 et
273 918 324 946 per
334 911 429 938 forum
442 911 559 938 ludibrii
577 919 666 938 causa
680 911 709 938 in
724 919 831 946 pompa
848 911 955 938 ductus

130 956 217 991 atque
227 955 320 983 oculis
336 955 467 988 orbatus,
482 955 568 991 paulo
584 957 649 991 post
660 954 720 982 vita
734 954 869 983 excessit.

167 1106 240 1134 55]
260 1105 318 1133 Hac
333 1105 397 1141 ipsa
409 1106 579 1138 indictione,
597 1115 697 1133 mense
711 1105 811 1138 Junio,
835 1105 955 1133 Rossica

133 1159 204 1186 gens
220 1154 321 1178 contra
336 1150 499 1177 Romanum
512 1150 669 1186 imperium
680 1150 953 1178 insurrexit.Hacte-

134 1203 189 1222 nus
198 1203 295 1230 pacem
309 1194 526 1230 amicitiamque
539 1203 604 1222 cum
617 1195 847 1222 RomanisRossi
857 1194 953 1222 colue-

135 1238 363 1274 rant,liberaque
379 1238 502 1266 invicem
519 1239 634 1266 fuerant
649 1239 867 1272 commercia,et
877 1247 954 1266 mer-

134 1285 245 1311 catores
262 1283 338 1311 ultro
354 1283 485 1319 citroque
508 1285 718 1311 commearent.
741 1283 823 1310 Tunc
846 1284 952 1310 veroin

136 1328 206 1354 urbe
219 1330 283 1354 orta
293 1328 352 1355 rixa
366 1336 432 1355 cum
449 1328 626 1363 quibusdam
641 1328 756 1362 Scythis
766 1328 952 1363 negotiatori-

134 1372 250 1406 bus,res
267 1373 301 1399 ad
319 1380 425 1399 manus
440 1372 527 1403 venit.
544 1375 572 1399 et
587 1375 630 1400 est
642 1373 761 1408 quidam
778 1373 813 1399 de
829 1372 953 1399 nobilio-

132 1416 213 1443 ribus
223 1416 653 1453 Scythisinterfectus.Proinde
659 1417 722 1451 ejus
729 1416 823 1452 gentis
833 1416 952 1452 regulus

130 1460 413 1495 Bladimerus,homo
429 1461 588 1489 iracundus
599 1462 791 1496 atqueanimo
809 1461 950 1496 inquieto,

129 1513 230 1532 casum
262 1506 338 1533 hunc
354 1505 409 1532 sibi
439 1505 645 1533 annuntiatum
677 1506 828 1541 mgerrime
845 1508 950 1539 terens,
967 1516 988 1549 ο

128 1549 385 1585 nullaiuterposita
392 1551 522 1584 mora,ad
531 1550 728 1577 armavocatis
736 1550 864 1578 subditis
871 1553 951 1586 quot-

127 1596 196 1629 quot
208 1593 283 1622 bello
295 1594 407 1622 habiles
421 1595 666 1630 erant,copiisque
673 1594 865 1622 auxiliaribus
873 1595 950 1622 asci-

127 1638 163 1665 tis
172 1638 250 1666 haud
264 1639 376 1674 exiguis
388 1639 580 1666 anatiouibus
592 1647 655 1674 quae
669 1639 774 1666 Oceani
787 1639 949 1667 insulasse-

125 1682 336 1718 ptentrionales
352 1683 691 1718 inhabitabant,collecta
702 1685 736 1711 ad
749 1684 951 1716 hominum,ut

127 1727 344 1759 ferunt,100000
357 1727 554 1762 multitudine,
566 1736 629 1756 eam
648 1728 763 1755 usitatis
777 1728 853 1763 apud
869 1728 949 1764 ipsos

125 1771 250 1807 navigiis
266 1771 380 1805 (lintres
397 1780 448 1800 nos
464 1780 613 1806 vocamus,
627 1772 712 1800 unica
725 1773 826 1800 arbore
850 1775 950 1800 cavata

125 1815 229 1850 factos)
240 1815 376 1851 imponit,
390 1819 418 1844 et
433 1817 574 1844 adversus
590 1817 690 1844 urbem
703 1817 805 1844 tendit.
823 1817 948 1851 Impera-

124 1863 179 1893 tor,
196 1862 260 1895 ejus
274 1860 653 1897 conatuiutellecto,legatis
667 1861 767 1888 missis
780 1861 851 1896 petit
866 1864 898 1888 ut
913 1863 948 1889 ab

125 1905 216 1933 armis
226 1905 518 1942 discedat,pollicitus
525 1914 556 1933 se
563 1905 704 1940 quidquid
714 1908 864 1941 peccatum
872 1907 950 1934 esset

123 1950 486 1985 compensaturum,modo
498 1959 532 1977 ne
545 1949 669 1985 ipselevi
683 1950 718 1977 de
735 1958 823 1977 causa
839 1951 949 1984 totjam

123 2001 174 2029 per
189 2002 281 2021 annos
290 1994 425 2022 coalitam
436 2002 536 2029 pacem
549 1998 698 2027 rumperet
705 1997 865 2030 gentesque
873 1995 949 2023 bello

123 2038 408 2066 committeret.Gum
425 2041 522 2065 autem
540 2039 681 2066 barbarus
698 2039 805 2066 litteris
821 2039 949 2075 acceptis

124 2081 237 2117 legatos
249 2082 444 2118 ignominiosa
456 2083 802 2118 proturbaret,responsis
814 2084 948 2119 superbis

125 2126 542 2163 datis,imperator,desperata
557 2127 702 2163 pace,ipse
719 2136 836 2163 quoque
852 2137 883 2156 se
897 2137 948 2164 pro

124 2170 239 2198 viribus
251 2171 325 2199 bello
344 2174 435 2207 parat.
452 2171 602 2208 Scythicos
613 2172 810 2208 negotiatores
830 2173 857 2200 in
876 2173 947 2201 urbe

127 2215 204 2244 552
229 2216 379 2251 degentes,
410 2224 462 2243 nec
500 2225 557 2243 non
582 2217 630 2252 qui
658 2219 690 2243 ut
713 2217 783 2244 socii
814 2218 946 2250 aderant,

127 2268 178 2297 per
193 2260 356 2296 provincias
380 2260 408 2287 in
426 2261 589 2288 custodiam
615 2261 729 2293 dividit,
757 2270 791 2289 ne
820 2270 883 2297 quis
912 2262 948 2289 ab

126 2304 201 2340 ipsis
216 2305 294 2332 domi
312 2307 411 2333 essent
427 2305 590 2333 metuendae
618 2305 740 2333 insidiae.
772 2305 844 2333 Tum
862 2306 948 2334 ador-

125 2349 214 2382 natis,
229 2351 372 2384 quantum
389 2351 453 2385 ejus
478 2358 606 2385 preceps
629 2350 743 2377 occasio
772 2351 811 2378 rei
828 2349 947 2384 ferebat,

124 2393 325 2428 imperatoriis
340 2394 512 2421 triremibus
530 2393 656 2429 aliisque
679 2393 792 2421 levibus
812 2394 946 2430 navigiis,

124 2440 152 2465 et
168 2437 314 2473 impositis
330 2438 358 2465 in
382 2446 431 2466 eas
447 2438 495 2473 qui
513 2446 527 2465 e
544 2437 686 2465 militibus
715 2447 748 2466 ea
777 2441 948 2474 tempestate

124 2481 250 2518 Byzantii
268 2482 424 2517 agentibus
446 2482 500 2518 legi
531 2484 665 2518 poterant
692 2482 864 2517 classiariis,
885 2484 946 2519 ipse

123 2534 240 2562 quoque
257 2535 416 2554 conscensa
432 2526 526 2554 celoce
537 2535 591 2554 sua
616 2526 750 2554 Barbaris
775 2527 901 2555 occurrit
917 2528 945 2555 in

124 2570 259 2598 lancibus
276 2571 365 2598 maris
382 2571 416 2597 ad
444 2571 569 2598 Pharum
583 2572 739 2598 stationem
756 2571 943 2607 habentibus,

120 2614 204 2650 juxta
222 2623 273 2651 per
293 2615 492 2643 continentem
519 2615 678 2643 comitante
703 2617 835 2651 equitatu
865 2616 943 2644 haud

122 2659 237 2696 exiguo.
255 2659 402 2688 Instructa
418 2660 557 2695 utrinque
572 2659 606 2687 ad
620 2668 748 2696 pugnam
764 2660 858 2689 classe
873 2670 942 2690 neu-

122 2706 169 2731 tra
185 2712 251 2739 pars
273 2704 404 2740 przelium
420 2704 589 2740 incipiebat,
613 2703 728 2741 Scythis
753 2705 830 2734 intra
855 2714 943 2734 occu-

121 2751 223 2784 patum
241 2751 358 2785 portum
383 2757 414 2778 se
441 2748 671 2784 continentibus,
691 2751 720 2777 et
737 2750 875 2779 Romanis
892 2758 941 2779 eo-

1009 199 1212 237 Κηρουλάριος,
1232 200 1299 227 κατὰ
1327 201 1377 235 τὴν
1404 199 1508 238 ἡμέραν
1537 202 1584 227 τοῦ
1612 200 1874 238 Εὖαγγιλισμοῦ,

1011 243 1150 281 μοναχοὺς
1166 242 1202 270 ὢν
1219 244 1244 279 ἐξ
1261 244 1343 282 οὗπερ
1362 245 1376 271 ὁ
1393 244 1595 283 ὀρφανοτρόφος
1609 244 1688 272 αὐτὸν
1712 244 1773 272 διὰ
1805 244 1873 277 τὴν

1009 285 1159 322 ἐπιϐουλὴν
1189 288 1309 326 ἐξώρισε.
1335 288 1569 326 Προσαγγέλλιται
1601 287 1630 316 δὲ
1654 291 1693 324 τῷ
1723 287 1875 327 βασιλεῖ

1008 332 1053 359 καὶ
1081 332 1194 370 χρυσίον
1224 333 1520 371 ἀποτεθησαυρισμένον
1552 333 1578 360 ὶν
1593 335 1627 370 τῇ
1644 335 1692 360 τοῦ
1707 331 1873 367 Ἀλεξίου

1011 378 1092 412 μον-ἦ,
1108 376 1152 404 γαὶ
1177 377 1285 414 πέμψας
1315 374 1532 413 άναλαμϐάνιται
1555 379 1648 413 τοῦτο,
1671 377 1708 408 είς
1736 387 1871 411 κεντη-

1008 421 1088 459 νάρια
1102 421 1271 458 ποσούμενον
1302 425 1347 449 κε’.
1365 421 1453 449 Μαΐου
1476 420 1505 449 δὶ
1528 420 1663 459 δευτέρας,
1679 425 1732 457 τῆς
1758 420 1872 455 αὐτῆς

1009 464 1381 504 ἰνδικτιῶνος,ἐκτυφλοῦται
1406 466 1450 493 καὶ
1476 467 1490 493 ὁ
1513 466 1714 505 όρφανοτρόφος
1747 467 1783 494 ἐν
1816 467 1868 501 τῷ

1010 509 1150 547 λεγομένῳ
1178 511 1276 548 χωρίῳ
1312 513 1366 538 τῶν
1394 512 1565 548 Μαρυκάτου,
1596 511 1633 543 ὡς
1671 510 1718 547 μὲν
1772 510 1867 540 τινὲς

1011 565 1100 592 φασιν,
1120 555 1171 581 ὑπὸ
1187 553 1340 592 Θεοδώρας,
1356 553 1467 586 ἄκοντος
1483 557 1531 582 τοῦ
1553 555 1696 593 βασιλέως,
1712 555 1758 586 ὡς
1789 553 1827 582 δὲ
1847 555 1865 581 ὁ

1009 600 1063 625 τῶν
1080 598 1193 626 πολλῶν
1209 602 1303 637 κρατεῖ
1332 599 1425 637 λόγος,
1440 600 1502 637 παρ’
1514 600 1598 627 αὐτοῦ
1625 599 1722 627 τούτου
1758 599 1864 637 ἰγνυ-

1009 645 1112 674 τῶντος
1133 644 1207 679 αὐτῷ
1237 642 1282 671 διὰ
1308 644 1356 674 τὰς
1383 644 1538 680 ὑπερορίας,
1554 644 1598 671 καὶ
1622 646 1655 681 τῇ
1674 645 1777 682 ιγ’τοῦ
1805 643 1863 670 αύ-

1009 689 1057 715 τοῦ
1083 689 1169 724 μηνὸς
1198 688 1373 723 ἀποθνήσκει.
1389 688 1497 725 Ἰουλίῳ
1524 687 1553 716 δὲ
1581 689 1647 725 μηνὶ
1668 691 1717 721 τῆς
1751 688 1860 723 αὐτῆς

1010 731 1177 763 ὶνδικτιῶνος
1206 733 1384 770 κατηγορήθη
1415 732 1460 760 καὶ
1495 733 1627 771 Στέφανος
1655 734 1668 760 ὁ
1696 731 1858 760 Σεϐαστο-

1009 776 1092 815 φόρος
1109 776 1146 807 ὡς
1163 774 1347 804 ἐπιϐουλεύων
1361 776 1400 813 τῷ
1421 776 1530 814 βασιλεῖ
1556 777 1600 804 καὶ
1625 776 1738 815 βασιλέα
1774 777 1856 814 βου-

1011 820 1127 857 λόμενος
1153 824 1266 856 ποιῆσαι
1296 821 1397 849 Λέοντα
1431 821 1573 858 πατρίκιον
1605 821 1651 848 καὶ
1682 821 1857 859 στρατηγὸν

1011 864 1178 900 Μελιτηνῆς,
1195 866 1240 893 τὸν
1255 866 1313 893 υἱὸν
1338 868 1386 893 τοῦ
1414 868 1558 903 Λαμπροῦ·
1574 865 1619 893 καὶ
1648 866 1662 893 ὁ
1693 866 1741 902 μὶν
1780 865 1858 893 21‘-

1011 920 1093 948 φανος
1109 912 1162 937 τῶν
1181 911 1361 948 ὑπαρχόντων
1377 910 1530 948 γυμνωθεὶς
1552 911 1596 937 καὶ
1624 911 1749 948 μοναχὸς
1771 911 1854 937 ἀπο-

1011 954 1101 991 καρεὲς
1130 954 1281 992 ἐξωρίσθη·
1308 955 1321 982 ὁ
1351 953 1380 981 δὲ
1408 955 1550 991 Λαμπρὸς,
1576 955 1686 990 ἀπηνῶς
1715 954 1854 986 haeresi:

1009 999 1054 1026 καὶ
1082 1000 1131 1031 τὰς
1159 997 1235 1036 ὄψεις
1263 999 1402 1037 πηρωθεὶς
1418 999 1463 1026 καὶ
1483 998 1527 1026 διὰ
1553 1003 1603 1034 τῆς
1632 999 1732 1036 ἀγορᾶς
1759 1009 1852 1035 πομ-

1009 1043 1127 1077 πευθιῖς,
1143 1043 1210 1080 μετὰ
1227 1043 1321 1081 μικρὸν
1338 1043 1478 1075 ἀπέθανεν,

1046 1105 1165 1143 Ἐγένετο
1181 1105 1210 1133 at
1225 1105 1268 1133 καὶ
1284 1105 1351 1133 κατὰ
1373 1106 1417 1133 τὸν
1432 1105 1548 1132 Ἰούνιον
1573 1107 1643 1142 μῆνα
1669 1109 1720 1140 τῆς
1748 1106 1848 1141 αὐτῆς

1008 1150 1193 1186 ἂπινεμήσεως
1232 1150 1276 1177 ναί
1304 1151 1321 1184 ἡ
1349 1152 1398 1177 τοῦ
1429 1149 1521 1182 ἔθνους
1548 1152 1602 1177 τῶν
1625 1150 1693 1181 Ῥὼς
1722 1151 1846 1185 κίνησις

1007 1195 1076 1222 κατὰ
1089 1198 1139 1229 τῆς
1164 1193 1317 1232 βασιλίδος.
1331 1194 1412 1223 Οὗτοι
1436 1194 1486 1232 γὰρ
1510 1197 1753 1232 κοινοπραγοῦντες
1792 1195 1846 1231 μὲ-

1008 1249 1056 1277 χρι
1085 1238 1164 1266 τοῦδε
1189 1238 1336 1275 Ῥωμαίοις
1362 1239 1406 1266 καὶ
1436 1238 1618 1277 εἰρηνεύοντες
1649 1239 1706 1275 μετ’
1728 1239 1843 1274 αὐτῶν,

1009 1282 1093 1314 ἀδεῶς
1121 1294 1150 1310 τι
1175 1282 1312 1318 ἀλλήλοις
1342 1282 1519 1320 ἐπεμίγνυντο
1553 1283 1597 1310 καὶ
1640 1282 1784 1321 ἐμπόρους
1814 1283 1843 1314 ἐς

1008 1327 1079 1362 ἀλλή
1086 1327 1150 1355 λους
1167 1327 1298 1364 ἔπεμπον.
1308 1328 1380 1355 Κατᾶ
1392 1326 1420 1354 δὶ
1428 1330 1522 1355 τοῦτον
1539 1328 1584 1355 τὸν
1600 1327 1700 1366 χρόνον
1712 1327 1843 1367 φιλονειο

1008 1372 1068 1403 κίας
1093 1373 1241 1410 γενομένης
1267 1372 1292 1399 ἐν
1317 1371 1456 1408 Βυζαντίῳ
1486 1371 1552 1408 μιτά
1589 1374 1668 1399 τινῶν
1702 1371 1844 1410 ὶμπόρων

1010 1417 1128 1450 Σκυθῶν,
1144 1414 1344 1453 συμπληγάδος
1358 1426 1387 1443 τε
1411 1416 1436 1451 ἐξ
1462 1415 1544 1443 αὐτοῦ
1573 1415 1843 1451 ἐπακολουθησάσης

1006 1461 1051 1488 καί
1091 1471 1164 1491 τινος
1205 1461 1308 1499 Σκύθου
1333 1460 1509 1499 φονευθέντος
1543 1460 1698 1499 ἐπιφανοῦς,
1729 1461 1743 1488 ὁ
1774 1461 1841 1488 τότε

1006 1506 1153 1542 κατάρχων
1169 1507 1216 1532 τοῦ
1246 1505 1339 1542 γένοτς
1365 1504 1468 1532 τούτων
1487 1504 1671 1542 Βλαδιμηρὸς,
1686 1504 1756 1543 ἂνήρ
1789 1505 1839 1543 ὁρ-

1009 1549 1107 1586 μητίας
1124 1550 1216 1576 καὶτὰ
1239 1549 1334 1577 πολλὰ
1361 1549 1400 1585 τῷ
1425 1550 1503 1585 θυμῷ
1531 1549 1722 1587 χαριζόμενος,
1743 1549 1837 1581 πυθό-

1006 1604 1086 1630 μενος
1114 1594 1144 1621 τὸ
1173 1591 1277 1628 συμϐὰν
1317 1593 1363 1620 καὶ
1406 1592 1600 1629 δεινοπαθήσας
1628 1593 1672 1621 καὶ
1701 1594 1739 1630 μὴ
1767 1592 1837 1625 δοὺς

1005 1636 1142 1672 ἀναϐολὴν
1172 1638 1189 1673 ἢ
1222 1639 1315 1676 καιρὸν
1349 1640 1390 1674 τῷ
1417 1639 1560 1674 κινήματι,
1589 1641 1643 1666 τῶν
1675 1639 1718 1665 ὑπ’
1747 1638 1835 1666 αὐτὸν

1005 1682 1113 1720 ἀγείρας
1153 1683 1214 1710 ὅσον
1247 1683 1383 1720 μάχιμον,
1413 1682 1689 1719 προσεταιρισάμενος
1725 1681 1755 1710 δὶ
1785 1682 1834 1710 καὶ

1005 1727 1179 1764 συμμαχικὸν
1204 1726 1254 1753 οὐκ
1281 1725 1377 1763 ὀλίγον
1406 1725 1459 1753 ἀπὸ
1486 1729 1539 1753 τῶν
1577 1727 1778 1755 κατοικούντων
1803 1726 1830 1754 ἰν

1002 1773 1061 1801 ταῖς
1086 1770 1279 1808 προσαρκτίοις
1307 1773 1355 1798 τοῦ
1380 1771 1506 1798 Ὠκεανοῦ
1538 1771 1632 1805 νήσοις
1658 1770 1751 1805 ἐθνῶν,
1782 1771 1831 1799 καὶ

1003 1814 1111 1850 πλῆθος
1127 1815 1265 1853 ἀθροίσας,
1283 1814 1320 1846 ὥς
1334 1825 1407 1854 φασι.
1422 1815 1483 1851 περὶ
1496 1815 1544 1846 τὰς
1565 1815 1657 1842 ἱκατὸν
1683 1815 1831 1853 χιλιάδας,

1003 1860 1047 1887 καὶ
1076 1859 1187 1890 πλοίοις
1216 1859 1362 1897 ἐγχωρίοις
1391 1862 1449 1890 τοῖς
1479 1859 1636 1897 λεγομένοις
1667 1859 1831 1896 μονοξύλοις

1004 1902 1134 1940 ἐμϐαλὼν
1164 1905 1232 1931 κατὰ
1258 1907 1308 1938 τῆς
1333 1902 1443 1935 πόλεως
1464 1903 1573 1941 ἐξορμᾷ.
1589 1906 1674 1931 Τοῦτο
1705 1905 1798 1940 μαθὼν
1816 1905 1830 1931 ό

1006 1948 1133 1987 βασιλεὺς
1162 1948 1265 1985 πέμπει
1295 1949 1341 1985 μὲν
1373 1946 1548 1986 πρεσϐευτὰς,
1578 1947 1689 1983 ἐξαιτῶν
1714 1948 1829 1976 κατα.θέ-

1004 1999 1063 2025 σθαι
1078 1993 1112 2020 τὰ
1125 1992 1199 2020 ὅπλα
1213 1993 1258 2020 καὶ
1276 1993 1492 2030 ὑπισχνούμενος
1508 1991 1660 2029 ἐξιάσασθαι
1687 1992 1713 2020 εἷ’
1737 2004 1764 2020 τι
1796 1992 1828 2027 δὴ

1003 2038 1048 2065 καὶ
1077 2037 1185 2075 γέγονεν
1214 2036 1327 2072 ἄτοπον,
1356 2037 1401 2064 καὶ
1432 2037 1470 2073 μὴ
1500 2035 1545 2064 διὰ
1572 2037 1669 2074 μικρὸν
1700 2036 1828 2071 ἐθελῆσαι

1003 2084 1117 2120 πρᾶγμα
1132 2083 1181 2116 τήν
1209 2081 1238 2109 ἐκ
1270 2083 1374 2118 μακροῦ
1398 2081 1577 2118 παγιωθεῖσαν
1601 2079 1727 2108 διαλῦσαι
1755 2081 1828 2119 εθρή-

1003 2138 1052 2161 νην
1076 2126 1120 2153 καὶ
1141 2126 1174 2154 τὰ
1198 2125 1259 2160 ἔθνη
1286 2129 1346 2153 κατ’
1361 2124 1495 2161 ἀλλήλων
1523 2125 1632 2162 ἀνάψαι·
1652 2125 1709 2153 hui
1736 2124 1764 2153 δὶ
1784 2124 1826 2152 δε-

1004 2172 1117 2207 ξάμενος
1141 2169 1221 2201 αὐτὸς
1249 2171 1281 2197 τὰ
1300 2170 1450 2207 γράμματα
1480 2169 1543 2200 τούς
1568 2179 1596 2196 τε
1612 2167 1739 2206 πρέσϐεις
1767 2170 1823 2197 ἀτί-

1004 2226 1062 2251 μως
1078 2214 1172 2250 ἐδίωξε
1186 2215 1230 2242 καὶ
1259 2214 1449 2253 ὑπερηφάνους
1468 2214 1513 2240 καὶ
1541 2211 1659 2251 σοϐαρὰς
1683 2212 1821 2241 ἀπέδωκεν

1003 2258 1167 2296 ἀπολογίας,
1186 2258 1350 2297 ἀπεγνωκὼς
1372 2259 1386 2285 ὁ
1413 2257 1541 2295 βασιλεὺς
1563 2259 1613 2292 τήν
1644 2257 1754 2295 είρήνην
1779 2257 1821 2285 καὶ

1003 2302 1083 2335 αὐτὸς
1106 2303 1143 2334 ὡς
1174 2302 1235 2337 ἐνῆν
1264 2302 1513 2340 ἀντιπαρετάττετο.
1531 2303 1571 2339 [Ρ.
1589 2303 1653 2338 759]
1680 2302 1732 2331 Καὶ
1759 2302 1820 2334 τοὺς

1005 2348 1052 2383 μὶν
1069 2346 1253 2384 ἐνδημοῦντας
1270 2349 1303 2384 τῇ
1321 2345 1441 2385 βασιλίδι
1457 2345 1594 2384 ἐμπόρους
1619 2349 1673 2374 τῶν
1703 2347 1819 2382 Σκυθῶν,

1002 2388 1040 2419 ἔτι
1070 2391 1099 2418 δὲ
1127 2392 1172 2418 καὶ
1198 2391 1263 2423 τοὺς
1278 2391 1345 2419 κατὰ
1361 2390 1522 2429 συμμαχίαν
1538 2391 1674 2428 παρόντας
1698 2389 1819 2428 διασκορ”

1002 2437 1084 2468 πίσας
1113 2437 1139 2465 ὲν
1166 2440 1224 2468 τοῖς
1254 2438 1361 2474 Θέμασι,
1392 2436 1436 2464 καὶ
1466 2436 1686 2473 ἀσφαλισάμινος
1712 2435 1758 2463 ’ἶνα
1783 2436 1818 2473 μὴ

1001 2482 1045 2509 καὶ
1071 2482 1124 2509 ἀπὸ
1152 2484 1205 2509 τῶν
1228 2480 1306 2509 ἔνδον
1341 2479 1477 2516 ἐπιϐουλή
1507 2491 1548 2512 τις
1578 2481 1719 2518 ἀνεγιρθῇ,
1747 2480 1818 2511 ὡςὸ

1000 2526 1095 2564 καιρὸς
1124 2525 1214 2554 ἐδίδου
1241 2526 1285 2554 καὶ
1314 2526 1345 2553 τὸ
1373 2527 1421 2553 τοῦ
1448 2524 1529 2563 ἔργου
1545 2525 1704 2563 ὀξύρροπον,
1718 2526 1765 2556 τάς
1792 2535 1817 2552 τε

1003 2570 1145 2608 βασιλικὰς
1159 2570 1301 2609 ἐξαρτύσας
1314 2571 1437 2608 τριήρεις
1461 2569 1506 2596 καὶ
1536 2568 1623 2600 ἄλλας
1651 2569 1700 2597 οὐκ
1724 2568 1816 2607 ὀλίγας

1000 2615 1052 2642 ἀπὸ
1067 2617 1119 2642 τῶν
1137 2615 1275 2643 εὐσταλῶν
1303 2615 1349 2642 καὶ
1377 2613 1497 2652 κούφων,
1512 2614 1557 2641 καὶ
1581 2612 1649 2641 λαοῦ
1672 2613 1816 2651 πληρώσας

999 2659 1052 2686 ἀπὸ
1075 2661 1129 2687 τῶν
1149 2659 1362 2698 παρατυχόντων
1388 2657 1413 2686 ἐν
1435 2658 1574 2694 Βυζαντίῳ
1601 2658 1662 2685 τότε
1689 2668 1814 2696 στρατιω-

997 2705 1062 2738 τῶν,
1077 2704 1122 2731 καὶ
1151 2703 1237 2739 αύτὴς
1262 2704 1342 2735 οὗτος
1371 2705 1411 2740 τῷ
1440 2701 1574 2741 βασιλικῷ
1588 2700 1683 2734 ἐπιϐὰς
1697 2700 1813 2740 δρόμωνι

998 2747 1076 2784 (Eam
1113 2748 1157 2776 καὶ
1189 2751 1248 2780 τοῖς
1286 2748 1402 2779 Σκύθαις
1439 2745 1594 2782 ἅπαντιάζει
1620 2746 1689 2775 κατὰ
1711 2747 1742 2775 τὸ
1768 2749 1811 2775 τοῦ
