  <div class='ocr_page' id='page_1' title='image "/cluster/home/n/w/nwhite01/storage/ocr_20150623/122/njp.32101077773016/154.png"; bbox 0 0 1919 3048; ppageno 0'>
   <div class='ocr_carea' id='block_1_1' title="bbox 47 93 106 122">
    <p class='ocr_par' dir='ltr' id='par_1_1' title="bbox 47 93 106 122">
     <span class='ocr_line' id='line_1_1' title="bbox 47 93 106 122; baseline 0 0"><span class='ocrx_word' id='word_1_1' title='bbox 47 93 106 122; x_wconf 73' lang='grc'><strong>285</strong></span> 
     </span>
    </p>
   </div>
   <div class='ocr_carea' id='block_1_2' title="bbox 630 93 1195 126">
    <p class='ocr_par' dir='ltr' id='par_1_2' title="bbox 630 93 1195 126">
     <span class='ocr_line' id='line_1_2' title="bbox 630 93 1195 126; baseline 0 -2"><span class='ocrx_word' id='word_1_2' title='bbox 630 93 902 125; x_wconf 77' lang='lat' dir='ltr'><strong>HISTORIARUM</strong></span> <span class='ocrx_word' id='word_1_3' title='bbox 925 94 1195 126; x_wconf 80' lang='lat' dir='ltr'><strong>COMPENDIUM.</strong></span> 
     </span>
    </p>
   </div>
   <div class='ocr_carea' id='block_1_3' title="bbox 1705 89 1765 121">
    <p class='ocr_par' dir='ltr' id='par_1_3' title="bbox 1705 89 1765 121">
     <span class='ocr_line' id='line_1_3' title="bbox 1705 89 1765 121; baseline -0.017 0"><span class='ocrx_word' id='word_1_4' title='bbox 1705 89 1765 121; x_wconf 75' lang='lat'><strong>286</strong></span> 
     </span>
    </p>
   </div>
   <div class='ocr_carea' id='block_1_4' title="bbox 49 155 807 196">
    <p class='ocr_par' dir='ltr' id='par_1_4' title="bbox 49 155 807 196">
     <span class='ocr_line' id='line_1_4' title="bbox 49 155 807 196; baseline 0.003 -13"><span class='ocrx_word' id='word_1_5' title='bbox 49 156 158 184; x_wconf 63' lang='grc' dir='ltr'>Πόντου</span> <span class='ocrx_word' id='word_1_6' title='bbox 196 156 283 193; x_wconf 79' lang='grc' dir='ltr'>στόμα</span> <span class='ocrx_word' id='word_1_7' title='bbox 311 155 337 184; x_wconf 85' lang='grc' dir='ltr'>ἐν</span> <span class='ocrx_word' id='word_1_8' title='bbox 366 158 406 193; x_wconf 77' lang='grc' dir='ltr'><strong>τῷ</strong></span> <span class='ocrx_word' id='word_1_9' title='bbox 434 157 577 195; x_wconf 77' lang='grc' dir='ltr'>λεγομένῳ</span> <span class='ocrx_word' id='word_1_10' title='bbox 605 157 771 196; x_wconf 79' lang='grc' dir='ltr'>ναυλοχοῦσι</span> <span class='ocrx_word' id='word_1_11' title='bbox 792 161 807 185; x_wconf 77' lang='lat' dir='ltr'><strong>d</strong></span> 
     </span>
    </p>
   </div>
   <div class='ocr_carea' id='block_1_5' title="bbox 1008 155 1766 196">
    <p class='ocr_par' dir='ltr' id='par_1_5' title="bbox 1008 158 1766 195">
     <span class='ocr_line' id='line_1_5' title="bbox 1008 158 1766 195; baseline -0.005 -8"><span class='ocrx_word' id='word_1_12' title='bbox 1008 183 1010 187; x_wconf 70' lang='grc'><strong>,</strong></span> <span class='ocrx_word' id='word_1_13' title='bbox 1025 162 1135 187; x_wconf 88' lang='lat' dir='ltr'><strong>motum</strong></span> <span class='ocrx_word' id='word_1_14' title='bbox 1153 158 1481 195; x_wconf 85' lang='lat' dir='ltr'><strong>exspectantibus.Cum</strong></span> <span class='ocrx_word' id='word_1_15' title='bbox 1492 160 1609 193; x_wconf 78' lang='lat' dir='ltr'><strong>tempus</strong></span> <span class='ocrx_word' id='word_1_16' title='bbox 1624 158 1766 184; x_wconf 85' lang='lat' dir='ltr'><strong>tereretur</strong></span> 
     </span>
    </p>
   </div>
   <div class='ocr_carea' id='block_1_6' title="bbox 50 198 886 239">
    <p class='ocr_par' dir='ltr' id='par_1_6' title="bbox 50 198 886 239">
     <span class='ocr_line' id='line_1_6' title="bbox 50 198 886 239; baseline 0.004 -12"><span class='ocrx_word' id='word_1_17' title='bbox 50 201 255 237; x_wconf 69' lang='grc' dir='ltr'>παρεπομένην</span> <span class='ocrx_word' id='word_1_18' title='bbox 280 198 352 238; x_wconf 76' lang='grc' dir='ltr'>ἔχων</span> <span class='ocrx_word' id='word_1_19' title='bbox 383 199 427 227; x_wconf 71' lang='grc' dir='ltr'>διὰ.</span> <span class='ocrx_word' id='word_1_20' title='bbox 438 204 488 235; x_wconf 81' lang='grc' dir='ltr'><strong>τῆς</strong></span> <span class='ocrx_word' id='word_1_21' title='bbox 505 202 587 238; x_wconf 79' lang='grc' dir='ltr'>ξηρᾶς</span> <span class='ocrx_word' id='word_1_22' title='bbox 603 203 648 229; x_wconf 79' lang='grc' dir='ltr'><strong>καὶ</strong></span> <span class='ocrx_word' id='word_1_23' title='bbox 666 202 781 237; x_wconf 77' lang='grc' dir='ltr'>ἱππικὴν</span> <span class='ocrx_word' id='word_1_24' title='bbox 807 213 886 239; x_wconf 83' lang='grc' dir='ltr'>στρα-</span> 
     </span>
    </p>
   </div>
   <div class='ocr_carea' id='block_1_7' title="bbox 48 244 887 283">
    <p class='ocr_par' dir='ltr' id='par_1_7' title="bbox 48 244 887 283">
     <span class='ocr_line' id='line_1_7' title="bbox 48 244 887 283; baseline 0.002 -11"><span class='ocrx_word' id='word_1_25' title='bbox 48 246 106 272; x_wconf 68' lang='grc' dir='ltr'>ττὰν</span> <span class='ocrx_word' id='word_1_26' title='bbox 142 245 200 272; x_wconf 76' lang='grc' dir='ltr'>οὐκ</span> <span class='ocrx_word' id='word_1_27' title='bbox 226 245 333 282; x_wconf 83' lang='grc' dir='ltr'>ὀλίγην.</span> <span class='ocrx_word' id='word_1_28' title='bbox 358 245 434 273; x_wconf 78' lang='grc' dir='ltr'><strong>Έπεὶ</strong></span> <span class='ocrx_word' id='word_1_29' title='bbox 464 244 492 273; x_wconf 73' lang='grc' dir='ltr'>δὲ</span> <span class='ocrx_word' id='word_1_30' title='bbox 521 245 704 283; x_wconf 71' lang='grc' dir='ltr'><strong>ἀντιμέτωποι</strong></span> <span class='ocrx_word' id='word_1_31' title='bbox 721 246 835 282; x_wconf 80' lang='grc' dir='ltr'>ἔστησαν</span> <span class='ocrx_word' id='word_1_32' title='bbox 860 248 887 274; x_wconf 69' lang='grc' dir='ltr'>αἱ</span> 
     </span>
    </p>
   </div>
   <div class='ocr_carea' id='block_1_8' title="bbox 51 289 888 328">
    <p class='ocr_par' dir='ltr' id='par_1_8' title="bbox 51 289 888 328">
     <span class='ocr_line' id='line_1_8' title="bbox 51 289 888 328; baseline 0.004 -12"><span class='ocrx_word' id='word_1_33' title='bbox 51 289 199 326; x_wconf 69' lang='grc' dir='ltr'>δυνάμεις,</span> <span class='ocrx_word' id='word_1_34' title='bbox 229 289 308 328; x_wconf 70' lang='grc' dir='ltr'>ἔργον</span> <span class='ocrx_word' id='word_1_35' title='bbox 339 290 386 326; x_wconf 72' lang='grc' dir='ltr'>μὶν</span> <span class='ocrx_word' id='word_1_36' title='bbox 412 289 552 328; x_wconf 85' lang='grc' dir='ltr'>οὐδέτερον</span> <span class='ocrx_word' id='word_1_37' title='bbox 582 292 663 328; x_wconf 88' lang='grc' dir='ltr'>μέρος</span> <span class='ocrx_word' id='word_1_38' title='bbox 676 290 788 326; x_wconf 59' lang='lat' dir='ltr'><strong>ﬁmum</strong></span> <span class='ocrx_word' id='word_1_39' title='bbox 819 291 888 319; x_wconf 72' lang='grc' dir='ltr'>οἵτε</span> 
     </span>
    </p>
   </div>
   <div class='ocr_carea' id='block_1_9' title="bbox 50 332 886 374">
    <p class='ocr_par' dir='ltr' id='par_1_9' title="bbox 50 332 886 374">
     <span class='ocr_line' id='line_1_9' title="bbox 50 332 886 374; baseline 0.005 -15"><span class='ocrx_word' id='word_1_40' title='bbox 50 334 99 371; x_wconf 69' lang='grc' dir='ltr'><strong>γὰρ</strong></span> <span class='ocrx_word' id='word_1_41' title='bbox 140 333 248 365; x_wconf 86' lang='grc' dir='ltr'>Σκύθαι</span> <span class='ocrx_word' id='word_1_42' title='bbox 289 333 332 360; x_wconf 70' lang='grc' dir='ltr'>ἐπὶ</span> <span class='ocrx_word' id='word_1_43' title='bbox 365 336 414 361; x_wconf 72' lang='grc' dir='ltr'><strong>τοῦ</strong></span> <span class='ocrx_word' id='word_1_44' title='bbox 451 333 563 370; x_wconf 79' lang='grc' dir='ltr'>λιμένος</span> <span class='ocrx_word' id='word_1_45' title='bbox 602 332 664 363; x_wconf 76' lang='grc' dir='ltr'>ἔνθα</span> <span class='ocrx_word' id='word_1_46' title='bbox 704 337 886 374; x_wconf 73' lang='grc' dir='ltr'>προσώρμουν</span> 
     </span>
    </p>
   </div>
   <div class='ocr_carea' id='block_1_10' title="bbox 53 378 886 418">
    <p class='ocr_par' dir='ltr' id='par_1_10' title="bbox 53 378 886 418">
     <span class='ocr_line' id='line_1_10' title="bbox 53 378 886 418; baseline 0.004 -14"><span class='ocrx_word' id='word_1_47' title='bbox 53 378 170 409; x_wconf 71' lang='grc' dir='ltr'>ἑστῶτες</span> <span class='ocrx_word' id='word_1_48' title='bbox 205 379 322 414; x_wconf 55' lang='grc' dir='ltr'>ἡσυχίαν</span> <span class='ocrx_word' id='word_1_49' title='bbox 347 379 426 416; x_wconf 83' lang='grc' dir='ltr'>ἦγον,</span> <span class='ocrx_word' id='word_1_50' title='bbox 455 380 500 406; x_wconf 88' lang='grc' dir='ltr'><strong>καί</strong></span> <span class='ocrx_word' id='word_1_51' title='bbox 527 380 540 406; x_wconf 81' lang='grc' dir='ltr'>ὁ</span> <span class='ocrx_word' id='word_1_52' title='bbox 572 379 698 418; x_wconf 74' lang='grc' dir='ltr'>βασιλεὺς</span> <span class='ocrx_word' id='word_1_53' title='bbox 713 381 762 414; x_wconf 86' lang='grc' dir='ltr'><strong>τήν</strong></span> <span class='ocrx_word' id='word_1_54' title='bbox 779 380 886 408; x_wconf 75' lang='grc' dir='ltr'>ἰκείνων</span> 
     </span>
    </p>
   </div>
   <div class='ocr_carea' id='block_1_11' title="bbox 51 423 887 462">
    <p class='ocr_par' dir='ltr' id='par_1_11' title="bbox 51 423 887 462">
     <span class='ocr_line' id='line_1_11' title="bbox 51 423 887 462; baseline 0.002 -12"><span class='ocrx_word' id='word_1_55' title='bbox 51 423 222 459; x_wconf 80' lang='grc' dir='ltr'>προσμένων</span> <span class='ocrx_word' id='word_1_56' title='bbox 261 423 369 457; x_wconf 73' lang='grc' dir='ltr'>κίνησιν</span> <span class='ocrx_word' id='word_1_57' title='bbox 406 423 553 461; x_wconf 71' lang='grc' dir='ltr'>ἐκαρτέρει.</span> <span class='ocrx_word' id='word_1_58' title='bbox 593 425 665 452; x_wconf 82' lang='grc' dir='ltr'>Ἐπιί</span> <span class='ocrx_word' id='word_1_59' title='bbox 695 423 724 452; x_wconf 80' lang='grc' dir='ltr'>δὶ</span> <span class='ocrx_word' id='word_1_60' title='bbox 752 426 766 452; x_wconf 81' lang='grc' dir='ltr'>ὁ</span> <span class='ocrx_word' id='word_1_61' title='bbox 794 426 887 462; x_wconf 87' lang='grc' dir='ltr'>καιρὸς</span> 
     </span>
    </p>
   </div>
   <div class='ocr_carea' id='block_1_12' title="bbox 54 464 888 507">
    <p class='ocr_par' dir='ltr' id='par_1_12' title="bbox 54 464 888 507">
     <span class='ocr_line' id='line_1_12' title="bbox 54 464 888 507; baseline 0.005 -14"><span class='ocrx_word' id='word_1_62' title='bbox 54 464 178 504; x_wconf 72' lang='grc' dir='ltr'>ἒτρῖὗετο</span> <span class='ocrx_word' id='word_1_63' title='bbox 206 466 250 494; x_wconf 82' lang='grc' dir='ltr'><strong>καὶ</strong></span> <span class='ocrx_word' id='word_1_64' title='bbox 278 468 295 502; x_wconf 82' lang='grc' dir='ltr'><strong>ἡ</strong></span> <span class='ocrx_word' id='word_1_65' title='bbox 323 467 381 506; x_wconf 82' lang='grc' dir='ltr'>ὥρα</span> <span class='ocrx_word' id='word_1_66' title='bbox 409 468 442 502; x_wconf 80' lang='grc' dir='ltr'>ἦν</span> <span class='ocrx_word' id='word_1_67' title='bbox 470 468 537 506; x_wconf 82' lang='grc' dir='ltr'>πρὸς</span> <span class='ocrx_word' id='word_1_68' title='bbox 553 469 612 505; x_wconf 77' lang='grc' dir='ltr'>όψὶ,</span> <span class='ocrx_word' id='word_1_69' title='bbox 641 467 795 507; x_wconf 75' lang='grc' dir='ltr'>πρέσϐειςό</span> <span class='ocrx_word' id='word_1_70' title='bbox 813 469 888 507; x_wconf 84' lang='grc' dir='ltr'>βασι-</span> 
     </span>
    </p>
   </div>
   <div class='ocr_carea' id='block_1_13' title="bbox 55 510 888 550">
    <p class='ocr_par' dir='ltr' id='par_1_13' title="bbox 55 510 888 550">
     <span class='ocr_line' id='line_1_13' title="bbox 55 510 888 550; baseline 0.004 -12"><span class='ocrx_word' id='word_1_71' title='bbox 55 512 115 542; x_wconf 68' lang='grc' dir='ltr'>λιὺς</span> <span class='ocrx_word' id='word_1_72' title='bbox 144 510 236 538; x_wconf 84' lang='grc' dir='ltr'>πάλιν</span> <span class='ocrx_word' id='word_1_73' title='bbox 264 511 395 548; x_wconf 73' lang='grc' dir='ltr'>ἐκπέμπει</span> <span class='ocrx_word' id='word_1_74' title='bbox 413 513 474 550; x_wconf 74' lang='grc' dir='ltr'>περὶ</span> <span class='ocrx_word' id='word_1_75' title='bbox 503 512 623 550; x_wconf 71' lang='grc' dir='ltr'>εἰρήνης,</span> <span class='ocrx_word' id='word_1_76' title='bbox 648 513 693 540; x_wconf 84' lang='grc' dir='ltr'><strong>καὶ</strong></span> <span class='ocrx_word' id='word_1_77' title='bbox 722 513 804 540; x_wconf 85' lang='grc' dir='ltr'>πάλιν</span> <span class='ocrx_word' id='word_1_78' title='bbox 829 514 888 541; x_wconf 57' lang='grc' dir='ltr'>ἀτί-</span> 
     </span>
    </p>
   </div>
   <div class='ocr_carea' id='block_1_14' title="bbox 56 555 892 595">
    <p class='ocr_par' dir='ltr' id='par_1_14' title="bbox 56 555 892 595">
     <span class='ocr_line' id='line_1_14' title="bbox 56 555 892 595; baseline 0.004 -13"><span class='ocrx_word' id='word_1_79' title='bbox 56 565 111 592; x_wconf 82' lang='grc' dir='ltr'><strong>μως</strong></span> <span class='ocrx_word' id='word_1_80' title='bbox 140 555 306 592; x_wconf 76' lang='grc' dir='ltr'>ἀποπέμπει</span> <span class='ocrx_word' id='word_1_81' title='bbox 333 556 446 588; x_wconf 79' lang='grc' dir='ltr'>τούτους</span> <span class='ocrx_word' id='word_1_82' title='bbox 475 557 488 584; x_wconf 84' lang='grc' dir='ltr'><strong>ὁ</strong></span> <span class='ocrx_word' id='word_1_83' title='bbox 515 555 651 595; x_wconf 73' lang='grc' dir='ltr'>βάρϐαρος</span> <span class='ocrx_word' id='word_1_84' title='bbox 668 579 675 592; x_wconf 80' lang='grc'><strong>,</strong></span> <span class='ocrx_word' id='word_1_85' title='bbox 706 557 839 594; x_wconf 73' lang='grc' dir='ltr'>μηνύσας,</span> <span class='ocrx_word' id='word_1_86' title='bbox 865 557 892 585; x_wconf 71' lang='grc' dir='ltr'><strong>εἶ’</strong></span> 
     </span>
    </p>
   </div>
   <div class='ocr_carea' id='block_1_15' title="bbox 55 599 887 637">
    <p class='ocr_par' dir='ltr' id='par_1_15' title="bbox 55 599 887 637">
     <span class='ocr_line' id='line_1_15' title="bbox 55 599 887 637; baseline 0.004 -11"><span class='ocrx_word' id='word_1_87' title='bbox 55 599 191 637; x_wconf 72' lang='grc' dir='ltr'>βούλεται</span> <span class='ocrx_word' id='word_1_88' title='bbox 219 602 261 636; x_wconf 86' lang='grc' dir='ltr'>τῷ</span> <span class='ocrx_word' id='word_1_89' title='bbox 292 600 401 637; x_wconf 79' lang='grc' dir='ltr'>βασιλιῖ</span> <span class='ocrx_word' id='word_1_90' title='bbox 435 601 594 633; x_wconf 71' lang='grc' dir='ltr'><strong>καταθέσθαι</strong></span> <span class='ocrx_word' id='word_1_91' title='bbox 623 602 655 628; x_wconf 85' lang='grc' dir='ltr'><strong>τὰ</strong></span> <span class='ocrx_word' id='word_1_92' title='bbox 684 601 767 634; x_wconf 74' lang='grc' dir='ltr'>ὅπλα,</span> <span class='ocrx_word' id='word_1_93' title='bbox 795 601 887 629; x_wconf 74' lang='grc' dir='ltr'>δοῦναι</span> 
     </span>
    </p>
   </div>
   <div class='ocr_carea' id='block_1_16' title="bbox 54 644 889 684">
    <p class='ocr_par' dir='ltr' id='par_1_16' title="bbox 54 644 889 684">
     <span class='ocr_line' id='line_1_16' title="bbox 54 644 889 684; baseline 0.004 -13"><span class='ocrx_word' id='word_1_94' title='bbox 54 645 131 672; x_wconf 75' lang='grc' dir='ltr'>παντὶ</span> <span class='ocrx_word' id='word_1_95' title='bbox 148 647 195 680; x_wconf 82' lang='grc' dir='ltr'>τῷ</span> <span class='ocrx_word' id='word_1_96' title='bbox 223 644 348 682; x_wconf 74' lang='grc' dir='ltr'>ἑπομένῳ</span> <span class='ocrx_word' id='word_1_97' title='bbox 376 645 449 681; x_wconf 75' lang='grc' dir='ltr'>αὐτῷ</span> <span class='ocrx_word' id='word_1_98' title='bbox 465 648 571 683; x_wconf 81' lang='grc' dir='ltr'>στρατῷ</span> <span class='ocrx_word' id='word_1_99' title='bbox 586 646 635 674; x_wconf 79' lang='grc' dir='ltr'><strong>ἀνά</strong></span> <span class='ocrx_word' id='word_1_100' title='bbox 650 645 766 684; x_wconf 82' lang='grc' dir='ltr'>χρυσίου</span> <span class='ocrx_word' id='word_1_101' title='bbox 796 645 889 684; x_wconf 78' lang='grc' dir='ltr'>λίτρας</span> 
     </span>
    </p>
   </div>
   <div class='ocr_carea' id='block_1_17' title="bbox 54 689 889 728">
    <p class='ocr_par' dir='ltr' id='par_1_17' title="bbox 54 689 889 728">
     <span class='ocr_line' id='line_1_17' title="bbox 54 689 889 728; baseline 0.002 -12"><span class='ocrx_word' id='word_1_102' title='bbox 54 692 138 727; x_wconf 77' lang='grc' dir='ltr'>τρεῖς.</span> <span class='ocrx_word' id='word_1_103' title='bbox 173 690 340 727; x_wconf 80' lang='grc' dir='ltr'>Ἀμηχάνου</span> <span class='ocrx_word' id='word_1_104' title='bbox 367 689 396 717; x_wconf 70' lang='grc' dir='ltr'>δὲ</span> <span class='ocrx_word' id='word_1_105' title='bbox 419 690 545 728; x_wconf 76' lang='grc' dir='ltr'>φανείσης</span> <span class='ocrx_word' id='word_1_106' title='bbox 561 694 610 726; x_wconf 81' lang='grc' dir='ltr'>τῆς</span> <span class='ocrx_word' id='word_1_107' title='bbox 636 691 803 728; x_wconf 72' lang='grc' dir='ltr'>ἀποκρίσεως</span> <span class='ocrx_word' id='word_1_108' title='bbox 820 690 889 728; x_wconf 69' lang='grc' dir='ltr'>ἔγνω</span> 
     </span>
    </p>
   </div>
   <div class='ocr_carea' id='block_1_18' title="bbox 55 731 888 774">
    <p class='ocr_par' dir='ltr' id='par_1_18' title="bbox 55 731 888 774">
     <span class='ocr_line' id='line_1_18' title="bbox 55 731 888 774; baseline 0.005 -14"><span class='ocrx_word' id='word_1_109' title='bbox 55 733 108 761; x_wconf 82' lang='grc' dir='ltr'>δεῖν</span> <span class='ocrx_word' id='word_1_110' title='bbox 135 731 224 771; x_wconf 75' lang='grc' dir='ltr'>ἔργου</span> <span class='ocrx_word' id='word_1_111' title='bbox 254 734 373 771; x_wconf 72' lang='grc' dir='ltr'>ἔχεσθαι.</span> <span class='ocrx_word' id='word_1_112' title='bbox 403 735 448 766; x_wconf 67' lang='grc' dir='ltr'><strong>’δὶς</strong></span> <span class='ocrx_word' id='word_1_113' title='bbox 477 734 500 762; x_wconf 83' lang='grc' dir='ltr'>δ’</span> <span class='ocrx_word' id='word_1_114' title='bbox 530 735 625 763; x_wconf 69' lang='grc' dir='ltr'>ἐκεῖνοι</span> <span class='ocrx_word' id='word_1_115' title='bbox 654 735 771 774; x_wconf 84' lang='grc' dir='ltr'>ἀτρέμας</span> <span class='ocrx_word' id='word_1_116' title='bbox 800 738 888 774; x_wconf 81' lang='grc' dir='ltr'>ιῖχον,</span> 
     </span>
    </p>
   </div>
   <div class='ocr_carea' id='block_1_19' title="bbox 58 778 887 818">
    <p class='ocr_par' dir='ltr' id='par_1_19' title="bbox 58 778 887 818">
     <span class='ocr_line' id='line_1_19' title="bbox 58 778 887 818; baseline 0.005 -13"><span class='ocrx_word' id='word_1_117' title='bbox 58 778 311 815; x_wconf 67' lang='grc' dir='ltr'>μεταστειλάμενος</span> <span class='ocrx_word' id='word_1_118' title='bbox 328 780 342 806; x_wconf 83' lang='grc' dir='ltr'><strong>ὁ</strong></span> <span class='ocrx_word' id='word_1_119' title='bbox 359 779 486 816; x_wconf 79' lang='grc' dir='ltr'>βασιλεὺς</span> <span class='ocrx_word' id='word_1_120' title='bbox 508 780 553 807; x_wconf 85' lang='grc' dir='ltr'><strong>τὸν</strong></span> <span class='ocrx_word' id='word_1_121' title='bbox 570 781 717 818; x_wconf 71' lang='grc' dir='ltr'>μάγιστρον</span> <span class='ocrx_word' id='word_1_122' title='bbox 746 781 887 809; x_wconf 79' lang='grc' dir='ltr'>Βασίλειον</span> 
     </span>
    </p>
   </div>
   <div class='ocr_carea' id='block_1_20' title="bbox 943 201 1767 240">
    <p class='ocr_par' dir='ltr' id='par_1_20' title="bbox 943 201 1767 240">
     <span class='ocr_line' id='line_1_20' title="bbox 943 201 1767 240; baseline -0.004 -9"><span class='ocrx_word' id='word_1_123' title='bbox 943 207 971 231; x_wconf 85' lang='lat' dir='ltr'><strong>et</strong></span> <span class='ocrx_word' id='word_1_124' title='bbox 986 205 1021 231; x_wconf 87' lang='lat' dir='ltr'><strong>ad</strong></span> <span class='ocrx_word' id='word_1_125' title='bbox 1048 212 1198 240; x_wconf 83' lang='lat' dir='ltr'><strong>vesperam</strong></span> <span class='ocrx_word' id='word_1_126' title='bbox 1225 204 1288 231; x_wconf 81' lang='lat' dir='ltr'><strong>dies</strong></span> <span class='ocrx_word' id='word_1_127' title='bbox 1320 203 1486 236; x_wconf 83' lang='lat' dir='ltr'><strong>inclinaret,</strong></span> <span class='ocrx_word' id='word_1_128' title='bbox 1513 209 1631 230; x_wconf 80' lang='lat' dir='ltr'><strong>rursum</strong></span> <span class='ocrx_word' id='word_1_129' title='bbox 1657 201 1767 236; x_wconf 76' lang='lat' dir='ltr'><strong>legatos</strong></span> 
     </span>
    </p>
   </div>
   <div class='ocr_carea' id='block_1_21' title="bbox 942 248 1765 284">
    <p class='ocr_par' dir='ltr' id='par_1_21' title="bbox 942 248 1765 284">
     <span class='ocr_line' id='line_1_21' title="bbox 942 248 1765 284; baseline -0.005 -9"><span class='ocrx_word' id='word_1_130' title='bbox 942 249 978 275; x_wconf 86' lang='lat' dir='ltr'><strong>de</strong></span> <span class='ocrx_word' id='word_1_131' title='bbox 995 257 1064 284; x_wconf 86' lang='lat' dir='ltr'><strong>pace</strong></span> <span class='ocrx_word' id='word_1_132' title='bbox 1079 250 1170 275; x_wconf 82' lang='lat' dir='ltr'><strong>mittit</strong></span> <span class='ocrx_word' id='word_1_133' title='bbox 1185 249 1353 283; x_wconf 83' lang='lat' dir='ltr'><strong>imperator,</strong></span> <span class='ocrx_word' id='word_1_134' title='bbox 1367 255 1475 282; x_wconf 88' lang='lat' dir='ltr'><strong>eosque</strong></span> <span class='ocrx_word' id='word_1_135' title='bbox 1483 254 1601 273; x_wconf 79' lang='lat' dir='ltr'><strong>rursum</strong></span> <span class='ocrx_word' id='word_1_136' title='bbox 1613 248 1765 272; x_wconf 87' lang='lat' dir='ltr'><strong>contume-</strong></span> 
     </span>
    </p>
   </div>
   <div class='ocr_carea' id='block_1_22' title="bbox 943 289 1767 328">
    <p class='ocr_par' dir='ltr' id='par_1_22' title="bbox 943 289 1767 328">
     <span class='ocr_line' id='line_1_22' title="bbox 943 289 1767 328; baseline -0.005 -9"><span class='ocrx_word' id='word_1_137' title='bbox 943 293 1014 320; x_wconf 87' lang='lat' dir='ltr'><strong>liose</strong></span> <span class='ocrx_word' id='word_1_138' title='bbox 1031 293 1175 320; x_wconf 85' lang='lat' dir='ltr'><strong>barbarus</strong></span> <span class='ocrx_word' id='word_1_139' title='bbox 1191 293 1294 328; x_wconf 69' lang='lat' dir='ltr'><strong>reiicit,</strong></span> <span class='ocrx_word' id='word_1_140' title='bbox 1313 301 1368 320; x_wconf 91' lang='lat' dir='ltr'><strong>non</strong></span> <span class='ocrx_word' id='word_1_141' title='bbox 1386 291 1471 319; x_wconf 80' lang='lat' dir='ltr'><strong>aliter</strong></span> <span class='ocrx_word' id='word_1_142' title='bbox 1498 299 1529 318; x_wconf 85' lang='lat' dir='ltr'><strong>se</strong></span> <span class='ocrx_word' id='word_1_143' title='bbox 1554 298 1635 317; x_wconf 85' lang='lat' dir='ltr'><strong>arma</strong></span> <span class='ocrx_word' id='word_1_144' title='bbox 1652 289 1767 325; x_wconf 88' lang='lat' dir='ltr'><strong>deposi-</strong></span> 
     </span>
    </p>
   </div>
   <div class='ocr_carea' id='block_1_23' title="bbox 944 334 1767 374">
    <p class='ocr_par' dir='ltr' id='par_1_23' title="bbox 944 334 1767 374">
     <span class='ocr_line' id='line_1_23' title="bbox 944 334 1767 374; baseline -0.006 -9"><span class='ocrx_word' id='word_1_145' title='bbox 944 340 1042 365; x_wconf 91' lang='lat' dir='ltr'><strong>turum</strong></span> <span class='ocrx_word' id='word_1_146' title='bbox 1056 338 1225 374; x_wconf 74' lang='lat' dir='ltr'><strong>significans</strong></span> <span class='ocrx_word' id='word_1_147' title='bbox 1237 345 1326 373; x_wconf 85' lang='lat' dir='ltr'><strong>quam</strong></span> <span class='ocrx_word' id='word_1_148' title='bbox 1339 336 1465 371; x_wconf 77' lang='lat' dir='ltr'><strong>acceptis</strong></span> <span class='ocrx_word' id='word_1_149' title='bbox 1477 336 1504 363; x_wconf 91' lang='lat' dir='ltr'><strong>in</strong></span> <span class='ocrx_word' id='word_1_150' title='bbox 1515 334 1632 371; x_wconf 82' lang='lat' dir='ltr'><strong>singula</strong></span> <span class='ocrx_word' id='word_1_151' title='bbox 1645 341 1767 361; x_wconf 89' lang='lat' dir='ltr'><strong>suorum</strong></span> 
     </span>
    </p>
   </div>
   <div class='ocr_carea' id='block_1_24' title="bbox 943 379 1768 418">
    <p class='ocr_par' dir='ltr' id='par_1_24' title="bbox 943 379 1768 418">
     <span class='ocr_line' id='line_1_24' title="bbox 943 379 1768 418; baseline -0.005 -9"><span class='ocrx_word' id='word_1_152' title='bbox 943 382 1161 410; x_wconf 69' lang='lat' dir='ltr'><strong>classiariorum</strong></span> <span class='ocrx_word' id='word_1_153' title='bbox 1178 382 1276 418; x_wconf 78' lang='lat' dir='ltr'><strong>capita</strong></span> <span class='ocrx_word' id='word_1_154' title='bbox 1297 381 1391 409; x_wconf 83' lang='lat' dir='ltr'><strong>tribus</strong></span> <span class='ocrx_word' id='word_1_155' title='bbox 1419 380 1480 408; x_wconf 87' lang='lat' dir='ltr'><strong>auri</strong></span> <span class='ocrx_word' id='word_1_156' title='bbox 1506 379 1601 407; x_wconf 80' lang='lat' dir='ltr'><strong>libris.</strong></span> <span class='ocrx_word' id='word_1_157' title='bbox 1625 379 1706 412; x_wconf 90' lang='lat' dir='ltr'><strong>Quod</strong></span> <span class='ocrx_word' id='word_1_158' title='bbox 1723 386 1768 405; x_wconf 86' lang='lat' dir='ltr'><strong>re-</strong></span> 
     </span>
    </p>
   </div>
   <div class='ocr_carea' id='block_1_25' title="bbox 943 423 1767 462">
    <p class='ocr_par' dir='ltr' id='par_1_25' title="bbox 943 423 1767 462">
     <span class='ocr_line' id='line_1_25' title="bbox 943 423 1767 462; baseline -0.005 -8"><span class='ocrx_word' id='word_1_159' title='bbox 943 435 1086 462; x_wconf 82' lang='lat' dir='ltr'><strong>sponsum</strong></span> <span class='ocrx_word' id='word_1_160' title='bbox 1111 435 1177 454; x_wconf 87' lang='lat' dir='ltr'><strong>eum</strong></span> <span class='ocrx_word' id='word_1_161' title='bbox 1195 427 1305 454; x_wconf 75' lang='lat' dir='ltr'><strong>videret</strong></span> <span class='ocrx_word' id='word_1_162' title='bbox 1319 433 1436 453; x_wconf 88' lang='lat' dir='ltr'><strong>summe</strong></span> <span class='ocrx_word' id='word_1_163' title='bbox 1451 424 1625 456; x_wconf 86' lang='lat' dir='ltr'><strong>absurdum,</strong></span> <span class='ocrx_word' id='word_1_164' title='bbox 1641 423 1767 458; x_wconf 81' lang='lat' dir='ltr'><strong>impera-</strong></span> 
     </span>
    </p>
   </div>
   <div class='ocr_carea' id='block_1_26' title="bbox 943 467 1767 507">
    <p class='ocr_par' dir='ltr' id='par_1_26' title="bbox 943 467 1767 507">
     <span class='ocr_line' id='line_1_26' title="bbox 943 467 1767 507; baseline -0.005 -9"><span class='ocrx_word' id='word_1_165' title='bbox 943 473 988 498; x_wconf 85' lang='lat' dir='ltr'><strong>tor</strong></span> <span class='ocrx_word' id='word_1_166' title='bbox 1003 479 1102 507; x_wconf 83' lang='lat' dir='ltr'><strong>pugna</strong></span> <span class='ocrx_word' id='word_1_167' title='bbox 1113 471 1329 498; x_wconf 86' lang='lat' dir='ltr'><strong>decernendum</strong></span> <span class='ocrx_word' id='word_1_168' title='bbox 1340 468 1652 503; x_wconf 85' lang='lat' dir='ltr'><strong>statuit.Barbarisque</strong></span> <span class='ocrx_word' id='word_1_169' title='bbox 1664 467 1767 495; x_wconf 85' lang='lat' dir='ltr'><strong>etiam-</strong></span> 
     </span>
    </p>
   </div>
   <div class='ocr_carea' id='block_1_27' title="bbox 944 511 1767 551">
    <p class='ocr_par' dir='ltr' id='par_1_27' title="bbox 944 511 1767 551">
     <span class='ocr_line' id='line_1_27' title="bbox 944 511 1767 551; baseline -0.006 -8"><span class='ocrx_word' id='word_1_170' title='bbox 944 523 1014 542; x_wconf 88' lang='lat' dir='ltr'><strong>num</strong></span> <span class='ocrx_word' id='word_1_171' title='bbox 1030 516 1262 551; x_wconf 84' lang='lat' dir='ltr'><strong>quiescentibus,</strong></span> <span class='ocrx_word' id='word_1_172' title='bbox 1278 518 1376 542; x_wconf 85' lang='lat' dir='ltr'><strong>vocatu</strong></span> <span class='ocrx_word' id='word_1_173' title='bbox 1392 514 1427 541; x_wconf 84' lang='lat' dir='ltr'><strong>ad</strong></span> <span class='ocrx_word' id='word_1_174' title='bbox 1453 521 1484 541; x_wconf 88' lang='lat' dir='ltr'><strong>se</strong></span> <span class='ocrx_word' id='word_1_175' title='bbox 1501 513 1642 549; x_wconf 79' lang='lat' dir='ltr'><strong>magistro</strong></span> <span class='ocrx_word' id='word_1_176' title='bbox 1660 511 1767 539; x_wconf 80' lang='lat' dir='ltr'><strong>Basilio</strong></span> 
     </span>
    </p>
   </div>
   <div class='ocr_carea' id='block_1_28' title="bbox 943 561 1765 592">
    <p class='ocr_par' dir='ltr' id='par_1_28' title="bbox 943 561 1765 592">
     <span class='ocr_line' id='line_1_28' title="bbox 943 561 1765 592; baseline -0.005 -1"><span class='ocrx_word' id='word_1_177' title='bbox 943 564 1170 592; x_wconf 83' lang='lat' dir='ltr'><strong>Theodorocano</strong></span> <span class='ocrx_word' id='word_1_178' title='bbox 1193 565 1312 591; x_wconf 84' lang='lat' dir='ltr'><strong>mandat</strong></span> <span class='ocrx_word' id='word_1_179' title='bbox 1337 566 1369 591; x_wconf 87' lang='lat' dir='ltr'><strong>ut</strong></span> <span class='ocrx_word' id='word_1_180' title='bbox 1403 571 1469 590; x_wconf 91' lang='lat' dir='ltr'><strong>cum</strong></span> <span class='ocrx_word' id='word_1_181' title='bbox 1494 563 1589 590; x_wconf 90' lang='lat' dir='ltr'><strong>tribus</strong></span> <span class='ocrx_word' id='word_1_182' title='bbox 1617 561 1765 588; x_wconf 75' lang='lat' dir='ltr'><strong>velocibus</strong></span> 
     </span>
    </p>
   </div>
   <div class='ocr_carea' id='block_1_29' title="bbox 943 604 1765 644">
    <p class='ocr_par' dir='ltr' id='par_1_29' title="bbox 943 604 1765 644">
     <span class='ocr_line' id='line_1_29' title="bbox 943 604 1765 644; baseline -0.005 -8"><span class='ocrx_word' id='word_1_183' title='bbox 943 609 1113 636; x_wconf 83' lang='lat' dir='ltr'><strong>triremibus</strong></span> <span class='ocrx_word' id='word_1_184' title='bbox 1151 608 1206 636; x_wconf 83' lang='lat' dir='ltr'><strong>levi</strong></span> <span class='ocrx_word' id='word_1_185' title='bbox 1237 617 1335 644; x_wconf 81' lang='lat' dir='ltr'><strong>pugna</strong></span> <span class='ocrx_word' id='word_1_186' title='bbox 1363 607 1485 644; x_wconf 73' lang='lat' dir='ltr'><strong>Scythas</strong></span> <span class='ocrx_word' id='word_1_187' title='bbox 1506 609 1598 634; x_wconf 85' lang='lat' dir='ltr'><strong>tentet</strong></span> <span class='ocrx_word' id='word_1_188' title='bbox 1620 608 1707 641; x_wconf 86' lang='lat' dir='ltr'><strong>atque</strong></span> <span class='ocrx_word' id='word_1_189' title='bbox 1728 604 1765 632; x_wconf 85' lang='lat' dir='ltr'><strong>ad</strong></span> 
     </span>
    </p>
   </div>
   <div class='ocr_carea' id='block_1_30' title="bbox 944 650 1766 689">
    <p class='ocr_par' dir='ltr' id='par_1_30' title="bbox 944 650 1766 689">
     <span class='ocr_line' id='line_1_30' title="bbox 944 650 1766 689; baseline -0.005 -9"><span class='ocrx_word' id='word_1_190' title='bbox 944 653 1076 688; x_wconf 67' lang='lat' dir='ltr'><strong>praelium</strong></span> <span class='ocrx_word' id='word_1_191' title='bbox 1093 652 1372 689; x_wconf 73' lang='lat' dir='ltr'><strong>provocet.Basilius</strong></span> <span class='ocrx_word' id='word_1_192' title='bbox 1387 651 1514 687; x_wconf 80' lang='lat' dir='ltr'><strong>acceptis</strong></span> <span class='ocrx_word' id='word_1_193' title='bbox 1528 650 1697 678; x_wconf 84' lang='lat' dir='ltr'><strong>triremibus</strong></span> <span class='ocrx_word' id='word_1_194' title='bbox 1707 656 1766 677; x_wconf 91' lang='lat' dir='ltr'><strong>non</strong></span> 
     </span>
    </p>
   </div>
   <div class='ocr_carea' id='block_1_31' title="bbox 943 695 1766 733">
    <p class='ocr_par' dir='ltr' id='par_1_31' title="bbox 943 695 1766 733">
     <span class='ocr_line' id='line_1_31' title="bbox 943 695 1766 733; baseline -0.004 -9"><span class='ocrx_word' id='word_1_195' title='bbox 943 697 998 724; x_wconf 85' lang='lat' dir='ltr'><strong>levi</strong></span> <span class='ocrx_word' id='word_1_196' title='bbox 1023 698 1121 733; x_wconf 75' lang='lat' dir='ltr'><strong>pl‘iBllO</strong></span> <span class='ocrx_word' id='word_1_197' title='bbox 1140 707 1239 724; x_wconf 89' lang='lat' dir='ltr'><strong>eorum</strong></span> <span class='ocrx_word' id='word_1_198' title='bbox 1265 697 1380 724; x_wconf 84' lang='lat' dir='ltr'><strong>animus</strong></span> <span class='ocrx_word' id='word_1_199' title='bbox 1403 696 1544 731; x_wconf 78' lang='lat' dir='ltr'><strong>explorat,</strong></span> <span class='ocrx_word' id='word_1_200' title='bbox 1574 695 1624 722; x_wconf 87' lang='lat' dir='ltr'><strong>sed</strong></span> <span class='ocrx_word' id='word_1_201' title='bbox 1650 695 1677 721; x_wconf 88' lang='lat' dir='ltr'><strong>in</strong></span> <span class='ocrx_word' id='word_1_202' title='bbox 1705 702 1766 722; x_wconf 85' lang='lat' dir='ltr'><strong>me-</strong></span> 
     </span>
    </p>
   </div>
   <div class='ocr_carea' id='block_1_32' title="bbox 944 738 1768 776">
    <p class='ocr_par' dir='ltr' id='par_1_32' title="bbox 944 738 1768 776">
     <span class='ocr_line' id='line_1_32' title="bbox 944 738 1768 776; baseline -0.004 -8"><span class='ocrx_word' id='word_1_203' title='bbox 944 741 1007 768; x_wconf 87' lang='lat' dir='ltr'><strong>dios</strong></span> <span class='ocrx_word' id='word_1_204' title='bbox 1037 742 1113 770; x_wconf 70' lang='lat'><strong>553</strong></span> <span class='ocrx_word' id='word_1_205' title='bbox 1140 742 1238 769; x_wconf 82' lang='lat' dir='ltr'><strong>hostes</strong></span> <span class='ocrx_word' id='word_1_206' title='bbox 1273 742 1404 768; x_wconf 89' lang='lat' dir='ltr'><strong>invectus</strong></span> <span class='ocrx_word' id='word_1_207' title='bbox 1426 743 1536 776; x_wconf 84' lang='lat' dir='ltr'><strong>septem</strong></span> <span class='ocrx_word' id='word_1_208' title='bbox 1567 747 1654 766; x_wconf 86' lang='lat' dir='ltr'><strong>naves</strong></span> <span class='ocrx_word' id='word_1_209' title='bbox 1678 738 1768 766; x_wconf 82' lang='lat' dir='ltr'><strong>artiﬁ-</strong></span> 
     </span>
    </p>
   </div>
   <div class='ocr_carea' id='block_1_33' title="bbox 944 783 1769 821">
    <p class='ocr_par' dir='ltr' id='par_1_33' title="bbox 944 783 1769 821">
     <span class='ocr_line' id='line_1_33' title="bbox 944 783 1769 821; baseline -0.004 -8"><span class='ocrx_word' id='word_1_210' title='bbox 944 786 1023 814; x_wconf 91' lang='lat' dir='ltr'><strong>cioso</strong></span> <span class='ocrx_word' id='word_1_211' title='bbox 1039 786 1105 821; x_wconf 74' lang='lat' dir='ltr'><strong>igne</strong></span> <span class='ocrx_word' id='word_1_212' title='bbox 1128 788 1250 818; x_wconf 82' lang='lat' dir='ltr'><strong>cremat,</strong></span> <span class='ocrx_word' id='word_1_213' title='bbox 1266 789 1325 813; x_wconf 80' lang='lat' dir='ltr'><strong>tres</strong></span> <span class='ocrx_word' id='word_1_214' title='bbox 1338 793 1404 813; x_wconf 85' lang='lat' dir='ltr'><strong>cum</strong></span> <span class='ocrx_word' id='word_1_215' title='bbox 1435 785 1507 820; x_wconf 84' lang='lat' dir='ltr'><strong>ipsis</strong></span> <span class='ocrx_word' id='word_1_216' title='bbox 1530 783 1696 811; x_wconf 84' lang='lat' dir='ltr'><strong>vectoribus</strong></span> <span class='ocrx_word' id='word_1_217' title='bbox 1721 783 1769 810; x_wconf 88' lang='lat' dir='ltr'><strong>de-</strong></span> 
     </span>
    </p>
   </div>
   <div class='ocr_carea' id='block_1_34' title="bbox 56 825 814 879">
    <p class='ocr_par' dir='ltr' id='par_1_34' title="bbox 56 825 807 879">
     <span class='ocr_line' id='line_1_34' title="bbox 56 825 807 867; baseline 0.004 -13"><span class='ocrx_word' id='word_1_218' title='bbox 56 827 100 854; x_wconf 81' lang='grc' dir='ltr'><strong>τὺν</strong></span> <span class='ocrx_word' id='word_1_219' title='bbox 133 825 348 864; x_wconf 81' lang='grc' dir='ltr'>Θεοδωροκάνον</span> <span class='ocrx_word' id='word_1_220' title='bbox 377 830 449 866; x_wconf 80' lang='grc' dir='ltr'>τρεῖς</span> <span class='ocrx_word' id='word_1_221' title='bbox 479 828 618 867; x_wconf 78' lang='grc' dir='ltr'>ιῖκηφέναι</span> <span class='ocrx_word' id='word_1_222' title='bbox 647 830 807 866; x_wconf 76' lang='grc' dir='ltr'>προστάττιι</span> 
     </span>
     <span class='ocr_line' id='line_1_35' title="bbox 70 870 719 879; baseline 0 0"><span class='ocrx_word' id='word_1_223' title='bbox 70 872 75 879; x_wconf 62' lang='grc' dir='ltr'><strong>ρ</strong></span> <span class='ocrx_word' id='word_1_224' title='bbox 156 870 169 879; x_wconf 71' lang='grc' dir='ltr'>ι.</span> <span class='ocrx_word' id='word_1_225' title='bbox 240 870 265 879; x_wconf 78' lang='grc' dir='ltr'><strong>ι..</strong></span> <span class='ocrx_word' id='word_1_226' title='bbox 350 871 355 879; x_wconf 71' lang='grc' dir='ltr'><strong>ι</strong></span> <span class='ocrx_word' id='word_1_227' title='bbox 380 872 386 879; x_wconf 75' lang='grc'><strong>,</strong></span> <span class='ocrx_word' id='word_1_228' title='bbox 425 872 455 879; x_wconf 35' lang='grc' dir='ltr'>,ν</span> <span class='ocrx_word' id='word_1_229' title='bbox 477 875 488 879; x_wconf 86' lang='grc'><strong>-</strong></span> <span class='ocrx_word' id='word_1_230' title='bbox 555 873 561 879; x_wconf 62' lang='grc' dir='ltr'><strong>ι</strong></span> <span class='ocrx_word' id='word_1_231' title='bbox 594 874 600 879; x_wconf 86' lang='grc'>.</span> <span class='ocrx_word' id='word_1_232' title='bbox 714 873 719 879; x_wconf 95' lang='grc'><em>.</em></span> 
     </span>
    </p>
   </div>
   <div class='ocr_carea' id='block_1_35' title="bbox 1008 825 1766 879">
    <p class='ocr_par' dir='ltr' id='par_1_35' title="bbox 1008 827 1766 866">
     <span class='ocr_line' id='line_1_36' title="bbox 1008 827 1766 866; baseline -0.003 -10"><span class='ocrx_word' id='word_1_233' title='bbox 1008 831 1064 866; x_wconf 78' lang='lat' dir='ltr'><strong>git,</strong></span> <span class='ocrx_word' id='word_1_234' title='bbox 1081 839 1196 866; x_wconf 85' lang='lat' dir='ltr'><strong>unaque</strong></span> <span class='ocrx_word' id='word_1_235' title='bbox 1212 830 1330 866; x_wconf 90' lang='lat' dir='ltr'><strong>potitur,</strong></span> <span class='ocrx_word' id='word_1_236' title='bbox 1358 830 1386 856; x_wconf 94' lang='lat' dir='ltr'><strong>in</strong></span> <span class='ocrx_word' id='word_1_237' title='bbox 1402 837 1465 857; x_wconf 92' lang='lat' dir='ltr'><strong>eam</strong></span> <span class='ocrx_word' id='word_1_238' title='bbox 1483 828 1618 856; x_wconf 75' lang='lat' dir='ltr'><strong>insiliens</strong></span> <span class='ocrx_word' id='word_1_239' title='bbox 1641 831 1668 856; x_wconf 85' lang='lat' dir='ltr'><strong>et</strong></span> <span class='ocrx_word' id='word_1_240' title='bbox 1691 827 1766 855; x_wconf 84' lang='lat' dir='ltr'><strong>clas-</strong></span> 
     </span>
    </p>
   </div>
   <div class='ocr_carea' id='block_1_36' title="bbox 60 870 893 910">
    <p class='ocr_par' dir='ltr' id='par_1_36' title="bbox 60 870 893 910">
     <span class='ocr_line' id='line_1_37' title="bbox 60 870 893 910; baseline 0.006 -13"><span class='ocrx_word' id='word_1_241' title='bbox 60 872 135 908; x_wconf 71' lang='grc' dir='ltr'>ήριις</span> <span class='ocrx_word' id='word_1_242' title='bbox 155 870 299 908; x_wconf 74' lang='grc' dir='ltr'>δρομάδας</span> <span class='ocrx_word' id='word_1_243' title='bbox 312 871 357 899; x_wconf 83' lang='grc' dir='ltr'>καὶ</span> <span class='ocrx_word' id='word_1_244' title='bbox 374 872 501 905; x_wconf 78' lang='grc' dir='ltr'>ἀπελθεῖν</span> <span class='ocrx_word' id='word_1_245' title='bbox 517 873 562 900; x_wconf 83' lang='grc' dir='ltr'><strong>καὶ</strong></span> <span class='ocrx_word' id='word_1_246' title='bbox 588 873 818 910; x_wconf 82' lang='grc' dir='ltr'>ἀποπειράσασθαι</span> <span class='ocrx_word' id='word_1_247' title='bbox 839 877 893 902; x_wconf 85' lang='grc' dir='ltr'>τῶν</span> 
     </span>
    </p>
   </div>
   <div class='ocr_carea' id='block_1_37' title="bbox 64 914 892 956">
    <p class='ocr_par' dir='ltr' id='par_1_37' title="bbox 64 914 892 956">
     <span class='ocr_line' id='line_1_38' title="bbox 64 914 892 956; baseline 0.006 -14"><span class='ocrx_word' id='word_1_248' title='bbox 64 918 192 951; x_wconf 80' lang='grc' dir='ltr'>Σκυθῶν,</span> <span class='ocrx_word' id='word_1_249' title='bbox 223 914 298 953; x_wconf 72' lang='grc' dir='ltr'>εἶ’περ</span> <span class='ocrx_word' id='word_1_250' title='bbox 329 915 456 952; x_wconf 72' lang='grc' dir='ltr'>δυνηθείη</span> <span class='ocrx_word' id='word_1_251' title='bbox 482 915 732 955; x_wconf 76' lang='grc' dir='ltr'>ἀκροϐολιζόμενος</span> <span class='ocrx_word' id='word_1_252' title='bbox 751 920 818 956; x_wconf 87' lang='grc' dir='ltr'>πρὸς</span> <span class='ocrx_word' id='word_1_253' title='bbox 842 919 892 947; x_wconf 87' lang='grc' dir='ltr'>πό-</span> 
     </span>
    </p>
   </div>
   <div class='ocr_carea' id='block_1_38' title="bbox 63 959 893 1001">
    <p class='ocr_par' dir='ltr' id='par_1_38' title="bbox 63 959 893 1001">
     <span class='ocr_line' id='line_1_39' title="bbox 63 959 893 1001; baseline 0.004 -13"><span class='ocrx_word' id='word_1_254' title='bbox 63 959 148 998; x_wconf 75' lang='grc' dir='ltr'>λεμον</span> <span class='ocrx_word' id='word_1_255' title='bbox 165 960 268 992; x_wconf 74' lang='grc' dir='ltr'>αὐτοὺς</span> <span class='ocrx_word' id='word_1_256' title='bbox 298 961 507 990; x_wconf 81' lang='grc' dir='ltr'>σπισπάσασθαι.</span> <span class='ocrx_word' id='word_1_257' title='bbox 537 962 565 989; x_wconf 81' lang='lat'><strong>&#39;0</strong></span> <span class='ocrx_word' id='word_1_258' title='bbox 592 960 620 990; x_wconf 71' lang='grc' dir='ltr'>δὲ</span> <span class='ocrx_word' id='word_1_259' title='bbox 633 963 680 994; x_wconf 83' lang='grc' dir='ltr'><strong>τὰς</strong></span> <span class='ocrx_word' id='word_1_260' title='bbox 709 964 830 1001; x_wconf 74' lang='grc' dir='ltr'>τριήρεις</span> <span class='ocrx_word' id='word_1_261' title='bbox 858 964 893 991; x_wconf 78' lang='lat' dir='ltr'><strong>si-</strong></span> 
     </span>
    </p>
   </div>
   <div class='ocr_carea' id='block_1_39' title="bbox 62 1003 891 1046">
    <p class='ocr_par' dir='ltr' id='par_1_39' title="bbox 62 1003 891 1046">
     <span class='ocr_line' id='line_1_40' title="bbox 62 1003 891 1046; baseline 0.005 -15"><span class='ocrx_word' id='word_1_262' title='bbox 62 1003 161 1043; x_wconf 71' lang='grc' dir='ltr'>λητρὼς</span> <span class='ocrx_word' id='word_1_263' title='bbox 185 1005 232 1032; x_wconf 84' lang='grc' dir='ltr'><strong>καὶ</strong></span> <span class='ocrx_word' id='word_1_264' title='bbox 249 1005 317 1043; x_wconf 86' lang='grc' dir='ltr'>πρὸς</span> <span class='ocrx_word' id='word_1_265' title='bbox 341 1005 405 1037; x_wconf 74' lang='grc' dir='ltr'>τοὺς</span> <span class='ocrx_word' id='word_1_266' title='bbox 431 1006 535 1038; x_wconf 83' lang='grc' dir='ltr'>Σκύθας</span> <span class='ocrx_word' id='word_1_267' title='bbox 547 1007 693 1044; x_wconf 65' lang='grc' dir='ltr'>γενόμενος</span> <span class='ocrx_word' id='word_1_268' title='bbox 708 1008 740 1034; x_wconf 79' lang='grc' dir='ltr'>οὐ</span> <span class='ocrx_word' id='word_1_269' title='bbox 759 1007 794 1035; x_wconf 75' lang='grc' dir='ltr'>δι’</span> <span class='ocrx_word' id='word_1_270' title='bbox 809 1008 891 1046; x_wconf 86' lang='grc' dir='ltr'>ἀκρο-</span> 
     </span>
    </p>
   </div>
   <div class='ocr_carea' id='block_1_40' title="bbox 61 1046 890 1089">
    <p class='ocr_par' dir='ltr' id='par_1_40' title="bbox 61 1046 890 1089">
     <span class='ocr_line' id='line_1_41' title="bbox 61 1046 890 1089; baseline 0.005 -13"><span class='ocrx_word' id='word_1_271' title='bbox 61 1046 201 1085; x_wconf 67' lang='grc' dir='ltr'>ϐολισμοῦ</span> <span class='ocrx_word' id='word_1_272' title='bbox 226 1053 276 1084; x_wconf 80' lang='grc' dir='ltr'><strong>τῆς</strong></span> <span class='ocrx_word' id='word_1_273' title='bbox 305 1049 392 1077; x_wconf 79' lang='grc' dir='ltr'>αὐτῶν</span> <span class='ocrx_word' id='word_1_274' title='bbox 425 1050 588 1089; x_wconf 74' lang='grc' dir='ltr'>ἀπεπειρᾶτο</span> <span class='ocrx_word' id='word_1_275' title='bbox 617 1052 739 1089; x_wconf 81' lang='grc' dir='ltr'>γνώμης,</span> <span class='ocrx_word' id='word_1_276' title='bbox 769 1051 832 1080; x_wconf 80' lang='grc' dir='ltr'>ἀλλ’</span> <span class='ocrx_word' id='word_1_277' title='bbox 853 1052 890 1084; x_wconf 85' lang='grc' dir='ltr'>ιίς</span> 
     </span>
    </p>
   </div>
   <div class='ocr_carea' id='block_1_41' title="bbox 62 1093 890 1135">
    <p class='ocr_par' dir='ltr' id='par_1_41' title="bbox 62 1093 890 1135">
     <span class='ocr_line' id='line_1_42' title="bbox 62 1093 890 1135; baseline 0.005 -15"><span class='ocrx_word' id='word_1_278' title='bbox 62 1093 160 1129; x_wconf 79' lang='grc' dir='ltr'>μέσους</span> <span class='ocrx_word' id='word_1_279' title='bbox 185 1095 282 1122; x_wconf 68' lang='grc' dir='ltr'>ἑαυτὸν</span> <span class='ocrx_word' id='word_1_280' title='bbox 308 1094 417 1129; x_wconf 75' lang='grc' dir='ltr'>ὠθήσας</span> <span class='ocrx_word' id='word_1_281' title='bbox 442 1096 509 1123; x_wconf 70' lang='grc' dir='ltr'>ἑπτὰ</span> <span class='ocrx_word' id='word_1_282' title='bbox 539 1096 586 1131; x_wconf 72' lang='grc' dir='ltr'>μὶν</span> <span class='ocrx_word' id='word_1_283' title='bbox 615 1097 702 1135; x_wconf 79' lang='grc' dir='ltr'>σκάφη</span> <span class='ocrx_word' id='word_1_284' title='bbox 727 1099 766 1132; x_wconf 84' lang='grc' dir='ltr'>τῷ</span> <span class='ocrx_word' id='word_1_285' title='bbox 796 1107 890 1124; x_wconf 82' lang='grc' dir='ltr'>σκευα-</span> 
     </span>
    </p>
   </div>
   <div class='ocr_carea' id='block_1_42' title="bbox 60 1138 889 1178">
    <p class='ocr_par' dir='ltr' id='par_1_42' title="bbox 60 1138 889 1178">
     <span class='ocr_line' id='line_1_43' title="bbox 60 1138 889 1178; baseline 0.004 -13"><span class='ocrx_word' id='word_1_286' title='bbox 60 1140 112 1174; x_wconf 79' lang='grc' dir='ltr'>στῷ</span> <span class='ocrx_word' id='word_1_287' title='bbox 138 1138 306 1177; x_wconf 76' lang='grc' dir='ltr'>καταφλέγει</span> <span class='ocrx_word' id='word_1_288' title='bbox 332 1139 408 1177; x_wconf 78' lang='grc' dir='ltr'>πυρὶ,</span> <span class='ocrx_word' id='word_1_289' title='bbox 424 1139 486 1177; x_wconf 82' lang='grc' dir='ltr'>τρία</span> <span class='ocrx_word' id='word_1_290' title='bbox 516 1138 545 1167; x_wconf 68' lang='grc' dir='ltr'>δὲ</span> <span class='ocrx_word' id='word_1_291' title='bbox 573 1139 707 1178; x_wconf 65' lang='grc' dir='ltr'>αὔτανδρα</span> <span class='ocrx_word' id='word_1_292' title='bbox 726 1141 889 1168; x_wconf 83' lang='grc' dir='ltr'>καταποντί-</span> 
     </span>
    </p>
   </div>
   <div class='ocr_carea' id='block_1_43' title="bbox 62 1181 890 1222">
    <p class='ocr_par' dir='ltr' id='par_1_43' title="bbox 62 1181 890 1222">
     <span class='ocr_line' id='line_1_44' title="bbox 62 1181 890 1222; baseline 0.005 -13"><span class='ocrx_word' id='word_1_293' title='bbox 62 1184 107 1216; x_wconf 76' lang='grc' dir='ltr'>ζει.</span> <span class='ocrx_word' id='word_1_294' title='bbox 140 1183 289 1220; x_wconf 80' lang='grc' dir='ltr'>Χειροῦται</span> <span class='ocrx_word' id='word_1_295' title='bbox 307 1182 335 1210; x_wconf 76' lang='grc' dir='ltr'>δὶ</span> <span class='ocrx_word' id='word_1_296' title='bbox 359 1184 402 1211; x_wconf 83' lang='grc' dir='ltr'><strong>καὶ</strong></span> <span class='ocrx_word' id='word_1_297' title='bbox 426 1181 454 1210; x_wconf 75' lang='grc' dir='ltr'>ἓν</span> <span class='ocrx_word' id='word_1_298' title='bbox 470 1183 550 1215; x_wconf 76' lang='grc' dir='ltr'>αὐτὸς</span> <span class='ocrx_word' id='word_1_299' title='bbox 577 1183 744 1220; x_wconf 71' lang='grc' dir='ltr'>εἰσπηδήσας</span> <span class='ocrx_word' id='word_1_300' title='bbox 761 1185 799 1216; x_wconf 65' lang='lat' dir='ltr'><strong>ei:</strong></span> <span class='ocrx_word' id='word_1_301' title='bbox 813 1185 890 1222; x_wconf 79' lang='grc' dir='ltr'>αὐτὸ,</span> 
     </span>
    </p>
   </div>
   <div class='ocr_carea' id='block_1_44' title="bbox 60 1230 891 1272">
    <p class='ocr_par' dir='ltr' id='par_1_44' title="bbox 60 1230 891 1272">
     <span class='ocr_line' id='line_1_45' title="bbox 60 1230 891 1272; baseline 0.006 -15"><span class='ocrx_word' id='word_1_302' title='bbox 60 1231 101 1257; x_wconf 70' lang='grc' dir='ltr'><strong>καὶ</strong></span> <span class='ocrx_word' id='word_1_303' title='bbox 126 1234 184 1258; x_wconf 82' lang='grc' dir='ltr'>τῶν</span> <span class='ocrx_word' id='word_1_304' title='bbox 213 1230 288 1259; x_wconf 64' lang='grc' dir='ltr'>ἔνδον</span> <span class='ocrx_word' id='word_1_305' title='bbox 317 1232 362 1263; x_wconf 76' lang='grc' dir='ltr'><strong>οὕς</strong></span> <span class='ocrx_word' id='word_1_306' title='bbox 394 1232 441 1268; x_wconf 73' lang='grc' dir='ltr'>μὶν</span> <span class='ocrx_word' id='word_1_307' title='bbox 472 1233 634 1271; x_wconf 80' lang='grc' dir='ltr'>ἀποσφάξας,</span> <span class='ocrx_word' id='word_1_308' title='bbox 663 1233 709 1264; x_wconf 83' lang='grc' dir='ltr'>οὖς</span> <span class='ocrx_word' id='word_1_309' title='bbox 727 1232 755 1261; x_wconf 74' lang='grc' dir='ltr'>δὲ</span> <span class='ocrx_word' id='word_1_310' title='bbox 769 1234 813 1262; x_wconf 86' lang='grc' dir='ltr'><strong>καὶ</strong></span> <span class='ocrx_word' id='word_1_311' title='bbox 829 1245 891 1272; x_wconf 87' lang='grc' dir='ltr'>τρο-</span> 
     </span>
    </p>
   </div>
   <div class='ocr_carea' id='block_1_45' title="bbox 62 1275 890 1316">
    <p class='ocr_par' dir='ltr' id='par_1_45' title="bbox 62 1275 890 1316">
     <span class='ocr_line' id='line_1_46' title="bbox 62 1275 890 1316; baseline 0.005 -14"><span class='ocrx_word' id='word_1_312' title='bbox 62 1275 233 1311; x_wconf 80' lang='grc' dir='ltr'>πωσάμενος,</span> <span class='ocrx_word' id='word_1_313' title='bbox 263 1277 312 1310; x_wconf 75' lang='grc' dir='ltr'>τὴν</span> <span class='ocrx_word' id='word_1_314' title='bbox 340 1276 449 1313; x_wconf 83' lang='grc' dir='ltr'>τόλμην</span> <span class='ocrx_word' id='word_1_315' title='bbox 484 1277 705 1316; x_wconf 67' lang='grc' dir='ltr'>καταπλαγέντας</span> <span class='ocrx_word' id='word_1_316' title='bbox 734 1279 826 1306; x_wconf 78' lang='grc' dir='ltr'>αὑτοῦ.</span> <span class='ocrx_word' id='word_1_317' title='bbox 856 1279 890 1308; x_wconf 72' lang='lat' dir='ltr'><strong>Ut</strong></span> 
     </span>
    </p>
   </div>
   <div class='ocr_carea' id='block_1_46' title="bbox 62 1318 889 1361">
    <p class='ocr_par' dir='ltr' id='par_1_46' title="bbox 62 1318 889 1361">
     <span class='ocr_line' id='line_1_47' title="bbox 62 1318 889 1361; baseline 0.006 -15"><span class='ocrx_word' id='word_1_318' title='bbox 62 1318 88 1346; x_wconf 67' lang='grc' dir='ltr'>δί</span> <span class='ocrx_word' id='word_1_319' title='bbox 112 1320 229 1354; x_wconf 78' lang='grc' dir='ltr'>Σκύθαι,</span> <span class='ocrx_word' id='word_1_320' title='bbox 254 1321 298 1348; x_wconf 75' lang='grc' dir='ltr'><strong>καὶ</strong></span> <span class='ocrx_word' id='word_1_321' title='bbox 327 1321 371 1348; x_wconf 85' lang='grc' dir='ltr'><strong>τὸν</strong></span> <span class='ocrx_word' id='word_1_322' title='bbox 394 1321 506 1358; x_wconf 85' lang='grc' dir='ltr'>βασιλέα</span> <span class='ocrx_word' id='word_1_323' title='bbox 530 1321 583 1357; x_wconf 73' lang='grc' dir='ltr'>ἤδη</span> <span class='ocrx_word' id='word_1_324' title='bbox 598 1323 712 1360; x_wconf 77' lang='grc' dir='ltr'>ὁρῶντες</span> <span class='ocrx_word' id='word_1_325' title='bbox 740 1322 889 1361; x_wconf 78' lang='grc' dir='ltr'>ἐρχόμενον</span> 
     </span>
    </p>
   </div>
   <div class='ocr_carea' id='block_1_47' title="bbox 63 1365 888 1405">
    <p class='ocr_par' dir='ltr' id='par_1_47' title="bbox 63 1365 888 1405">
     <span class='ocr_line' id='line_1_48' title="bbox 63 1365 888 1405; baseline 0.005 -14"><span class='ocrx_word' id='word_1_326' title='bbox 63 1365 106 1391; x_wconf 67' lang='grc' dir='ltr'>σὺν</span> <span class='ocrx_word' id='word_1_327' title='bbox 126 1365 207 1392; x_wconf 82' lang='grc' dir='ltr'>παντὶ</span> <span class='ocrx_word' id='word_1_328' title='bbox 223 1367 263 1401; x_wconf 71' lang='grc' dir='ltr'><strong>τῷ</strong></span> <span class='ocrx_word' id='word_1_329' title='bbox 279 1365 380 1402; x_wconf 81' lang='grc' dir='ltr'>στόλῳ,</span> <span class='ocrx_word' id='word_1_330' title='bbox 393 1366 438 1393; x_wconf 84' lang='grc' dir='ltr'><strong>καὶ</strong></span> <span class='ocrx_word' id='word_1_331' title='bbox 455 1365 644 1403; x_wconf 76' lang='grc' dir='ltr'>λογισάμενοι,</span> <span class='ocrx_word' id='word_1_332' title='bbox 672 1367 737 1405; x_wconf 76' lang='grc' dir='ltr'>ὅπερ</span> <span class='ocrx_word' id='word_1_333' title='bbox 753 1368 786 1402; x_wconf 81' lang='grc' dir='ltr'>ἦν</span> <span class='ocrx_word' id='word_1_334' title='bbox 804 1368 888 1405; x_wconf 64' lang='grc' dir='ltr'>εἰκὸς,</span> 
     </span>
    </p>
   </div>
   <div class='ocr_carea' id='block_1_48' title="bbox 64 1408 888 1449">
    <p class='ocr_par' dir='ltr' id='par_1_48' title="bbox 64 1408 888 1449">
     <span class='ocr_line' id='line_1_49' title="bbox 64 1408 888 1449; baseline 0.006 -14"><span class='ocrx_word' id='word_1_335' title='bbox 64 1408 84 1435; x_wconf 79' lang='grc' dir='ltr'>εἰ</span> <span class='ocrx_word' id='word_1_336' title='bbox 111 1412 227 1437; x_wconf 74' lang='grc' dir='ltr'>τοιαῦτα</span> <span class='ocrx_word' id='word_1_337' title='bbox 262 1409 410 1438; x_wconf 80' lang='grc' dir='ltr'>πεπόνθασι</span> <span class='ocrx_word' id='word_1_338' title='bbox 445 1411 517 1448; x_wconf 81' lang='grc' dir='ltr'>τρισὶ</span> <span class='ocrx_word' id='word_1_339' title='bbox 552 1413 690 1449; x_wconf 77' lang='grc' dir='ltr'>τριήρεσιν</span> <span class='ocrx_word' id='word_1_340' title='bbox 719 1412 888 1444; x_wconf 70' lang='grc' dir='ltr'>ἀντιστάντες</span> 
     </span>
    </p>
   </div>
   <div class='ocr_carea' id='block_1_49' title="bbox 65 1452 888 1494">
    <p class='ocr_par' dir='ltr' id='par_1_49' title="bbox 65 1452 888 1494">
     <span class='ocr_line' id='line_1_50' title="bbox 65 1452 888 1494; baseline 0.006 -14"><span class='ocrx_word' id='word_1_341' title='bbox 65 1452 251 1490; x_wconf 67' lang='grc' dir='ltr'>πολεμούσαις</span> <span class='ocrx_word' id='word_1_342' title='bbox 269 1476 276 1488; x_wconf 88' lang='grc'><strong>,</strong></span> <span class='ocrx_word' id='word_1_343' title='bbox 301 1455 327 1482; x_wconf 92' lang='grc' dir='ltr'><strong>τί</strong></span> <span class='ocrx_word' id='word_1_344' title='bbox 356 1455 387 1482; x_wconf 83' lang='grc' dir='ltr'><strong>ἃν</strong></span> <span class='ocrx_word' id='word_1_345' title='bbox 415 1457 525 1487; x_wconf 73' lang='grc' dir='ltr'>πάθοιεν</span> <span class='ocrx_word' id='word_1_346' title='bbox 555 1456 713 1493; x_wconf 78' lang='grc' dir='ltr'>βιαζόμενοι</span> <span class='ocrx_word' id='word_1_347' title='bbox 741 1457 819 1484; x_wconf 85' lang='grc' dir='ltr'>παντὶ</span> <span class='ocrx_word' id='word_1_348' title='bbox 848 1460 888 1494; x_wconf 80' lang='grc' dir='ltr'>τῷ</span> 
     </span>
    </p>
   </div>
   <div class='ocr_carea' id='block_1_50' title="bbox 64 1497 884 1540">
    <p class='ocr_par' dir='ltr' id='par_1_50' title="bbox 64 1497 884 1540">
     <span class='ocr_line' id='line_1_51' title="bbox 64 1497 884 1540; baseline 0.006 -16"><span class='ocrx_word' id='word_1_349' title='bbox 64 1497 150 1534; x_wconf 82' lang='grc' dir='ltr'>στόλῳ</span> <span class='ocrx_word' id='word_1_350' title='bbox 179 1499 394 1535; x_wconf 75' lang='grc' dir='ltr'>συμπλέκεσθαι,</span> <span class='ocrx_word' id='word_1_351' title='bbox 427 1498 582 1537; x_wconf 77' lang='grc' dir='ltr'>ἀπέϐλεψαν</span> <span class='ocrx_word' id='word_1_352' title='bbox 611 1501 679 1538; x_wconf 87' lang='grc' dir='ltr'>πρὸς</span> <span class='ocrx_word' id='word_1_353' title='bbox 712 1502 811 1540; x_wconf 74' lang='grc' dir='ltr'>φυγὴν,</span> <span class='ocrx_word' id='word_1_354' title='bbox 840 1502 884 1529; x_wconf 82' lang='grc' dir='ltr'><strong>καὶ</strong></span> 
     </span>
    </p>
   </div>
   <div class='ocr_carea' id='block_1_51' title="bbox 64 1542 883 1583">
    <p class='ocr_par' dir='ltr' id='par_1_51' title="bbox 64 1542 883 1583">
     <span class='ocr_line' id='line_1_52' title="bbox 64 1542 883 1583; baseline 0.006 -14"><span class='ocrx_word' id='word_1_355' title='bbox 64 1542 97 1574; x_wconf 80' lang='grc' dir='ltr'><strong>ι’ς</strong></span> <span class='ocrx_word' id='word_1_356' title='bbox 118 1542 202 1570; x_wconf 88' lang='grc' dir='ltr'>τόπον</span> <span class='ocrx_word' id='word_1_357' title='bbox 234 1543 428 1582; x_wconf 71' lang='grc' dir='ltr'>άπορριφέντες</span> <span class='ocrx_word' id='word_1_358' title='bbox 460 1543 611 1576; x_wconf 82' lang='grc' dir='ltr'>σκοπέλους</span> <span class='ocrx_word' id='word_1_359' title='bbox 639 1543 737 1583; x_wconf 74' lang='grc' dir='ltr'>ἔχοντα</span> <span class='ocrx_word' id='word_1_360' title='bbox 765 1547 809 1573; x_wconf 82' lang='grc' dir='ltr'><strong>καὶ</strong></span> <span class='ocrx_word' id='word_1_361' title='bbox 835 1546 883 1574; x_wconf 84' lang='grc' dir='ltr'>πέ-</span> 
     </span>
    </p>
   </div>
   <div class='ocr_carea' id='block_1_52' title="bbox 62 1587 884 1628">
    <p class='ocr_par' dir='ltr' id='par_1_52' title="bbox 62 1587 884 1628">
     <span class='ocr_line' id='line_1_53' title="bbox 62 1587 884 1628; baseline 0.005 -14"><span class='ocrx_word' id='word_1_362' title='bbox 62 1597 121 1623; x_wconf 82' lang='grc' dir='ltr'>τρας</span> <span class='ocrx_word' id='word_1_363' title='bbox 147 1587 271 1626; x_wconf 80' lang='grc' dir='ltr'>ὑφάλους</span> <span class='ocrx_word' id='word_1_364' title='bbox 299 1588 332 1616; x_wconf 76' lang='grc' dir='ltr'>τὰ</span> <span class='ocrx_word' id='word_1_365' title='bbox 357 1587 445 1616; x_wconf 82' lang='grc' dir='ltr'>πλιίω</span> <span class='ocrx_word' id='word_1_366' title='bbox 473 1591 526 1616; x_wconf 84' lang='grc' dir='ltr'><strong>τῶν</strong></span> <span class='ocrx_word' id='word_1_367' title='bbox 565 1593 674 1628; x_wconf 75' lang='grc' dir='ltr'>σκαφῶν</span> <span class='ocrx_word' id='word_1_368' title='bbox 705 1588 884 1625; x_wconf 73' lang='grc' dir='ltr'>ἀπεϐάλοντο,</span> 
     </span>
    </p>
   </div>
   <div class='ocr_carea' id='block_1_53' title="bbox 63 1630 883 1673">
    <p class='ocr_par' dir='ltr' id='par_1_53' title="bbox 63 1630 883 1673">
     <span class='ocr_line' id='line_1_54' title="bbox 63 1630 883 1673; baseline 0.006 -16"><span class='ocrx_word' id='word_1_369' title='bbox 63 1630 251 1667; x_wconf 77' lang='grc' dir='ltr'>ἐπιτιθεμένων</span> <span class='ocrx_word' id='word_1_370' title='bbox 267 1632 374 1664; x_wconf 81' lang='grc' dir='ltr'>τούτοις</span> <span class='ocrx_word' id='word_1_371' title='bbox 405 1634 459 1660; x_wconf 78' lang='grc' dir='ltr'><strong>ἀπὸ</strong></span> <span class='ocrx_word' id='word_1_372' title='bbox 481 1637 531 1668; x_wconf 78' lang='grc' dir='ltr'>τῆς</span> <span class='ocrx_word' id='word_1_373' title='bbox 555 1635 639 1671; x_wconf 79' lang='grc' dir='ltr'>ξηρᾶς</span> <span class='ocrx_word' id='word_1_374' title='bbox 662 1635 775 1662; x_wconf 77' lang='grc' dir='ltr'>καὶτῶν</span> <span class='ocrx_word' id='word_1_375' title='bbox 798 1646 883 1673; x_wconf 86' lang='grc' dir='ltr'>παρα-</span> 
     </span>
    </p>
   </div>
   <div class='ocr_carea' id='block_1_54' title="bbox 64 1676 882 1716">
    <p class='ocr_par' dir='ltr' id='par_1_54' title="bbox 64 1676 882 1716">
     <span class='ocr_line' id='line_1_55' title="bbox 64 1676 882 1716; baseline 0.006 -14"><span class='ocrx_word' id='word_1_376' title='bbox 64 1676 250 1713; x_wconf 69' lang='grc' dir='ltr'>πορευομένων</span> <span class='ocrx_word' id='word_1_377' title='bbox 287 1680 459 1714; x_wconf 83' lang='grc' dir='ltr'>στρατιωτῶν</span> <span class='ocrx_word' id='word_1_378' title='bbox 486 1678 531 1705; x_wconf 77' lang='grc' dir='ltr'><strong>καὶ</strong></span> <span class='ocrx_word' id='word_1_379' title='bbox 567 1677 747 1706; x_wconf 81' lang='grc' dir='ltr'>ἀπολλύντων</span> <span class='ocrx_word' id='word_1_380' title='bbox 776 1679 882 1716; x_wconf 73' lang='grc' dir='ltr'>αὐτοὺς,</span> 
     </span>
    </p>
   </div>
   <div class='ocr_carea' id='block_1_55' title="bbox 64 1723 882 1765">
    <p class='ocr_par' dir='ltr' id='par_1_55' title="bbox 64 1723 882 1765">
     <span class='ocr_line' id='line_1_56' title="bbox 64 1723 882 1765; baseline 0.007 -15"><span class='ocrx_word' id='word_1_381' title='bbox 64 1723 97 1754; x_wconf 84' lang='grc' dir='ltr'>ὼς</span> <span class='ocrx_word' id='word_1_382' title='bbox 123 1725 266 1762; x_wconf 78' lang='grc' dir='ltr'>εὑρεθῆναι</span> <span class='ocrx_word' id='word_1_383' title='bbox 302 1726 369 1762; x_wconf 66' lang='grc' dir='ltr'>μετὰ</span> <span class='ocrx_word' id='word_1_384' title='bbox 397 1728 481 1754; x_wconf 78' lang='grc' dir='ltr'>ταῦτα</span> <span class='ocrx_word' id='word_1_385' title='bbox 508 1726 618 1764; x_wconf 74' lang='grc' dir='ltr'>νεκροὺς</span> <span class='ocrx_word' id='word_1_386' title='bbox 648 1727 827 1765; x_wconf 68' lang='grc' dir='ltr'>ἐρῥιμμένους</span> <span class='ocrx_word' id='word_1_387' title='bbox 856 1729 882 1756; x_wconf 74' lang='grc' dir='ltr'>ἐν</span> 
     </span>
    </p>
   </div>
   <div class='ocr_carea' id='block_1_56' title="bbox 62 1768 882 1810">
    <p class='ocr_par' dir='ltr' id='par_1_56' title="bbox 62 1768 882 1810">
     <span class='ocr_line' id='line_1_57' title="bbox 62 1768 882 1810; baseline 0.009 -16"><span class='ocrx_word' id='word_1_388' title='bbox 62 1770 113 1798; x_wconf 81' lang='grc' dir='ltr'>τοῖς</span> <span class='ocrx_word' id='word_1_389' title='bbox 127 1768 266 1806; x_wconf 72' lang='grc' dir='ltr'>αἰγιαλοῖς</span> <span class='ocrx_word' id='word_1_390' title='bbox 283 1769 352 1809; x_wconf 77' lang='grc' dir='ltr'><strong>ἀμφί</strong></span> <span class='ocrx_word' id='word_1_391' title='bbox 367 1771 414 1801; x_wconf 78' lang='grc' dir='ltr'><strong>τὰς</strong></span> <span class='ocrx_word' id='word_1_392' title='bbox 430 1771 458 1798; x_wconf 80' lang='grc' dir='ltr'>ιε’</span> <span class='ocrx_word' id='word_1_393' title='bbox 482 1769 624 1808; x_wconf 84' lang='grc' dir='ltr'>χιλιάδας.</span> <span class='ocrx_word' id='word_1_394' title='bbox 644 1773 673 1800; x_wconf 89' lang='lat'><strong>‘0</strong></span> <span class='ocrx_word' id='word_1_395' title='bbox 703 1773 750 1808; x_wconf 81' lang='grc' dir='ltr'>μὶν</span> <span class='ocrx_word' id='word_1_396' title='bbox 768 1773 813 1800; x_wconf 88' lang='grc' dir='ltr'><strong>οὗν</strong></span> <span class='ocrx_word' id='word_1_397' title='bbox 832 1774 882 1810; x_wconf 86' lang='grc' dir='ltr'><strong>βα-</strong></span> 
     </span>
    </p>
   </div>
   <div class='ocr_carea' id='block_1_57' title="bbox 64 1811 881 1855">
    <p class='ocr_par' dir='ltr' id='par_1_57' title="bbox 64 1811 881 1855">
     <span class='ocr_line' id='line_1_58' title="bbox 64 1811 881 1855; baseline 0.009 -17"><span class='ocrx_word' id='word_1_398' title='bbox 64 1811 146 1843; x_wconf 78' lang='grc' dir='ltr'>σιλιὺς</span> <span class='ocrx_word' id='word_1_399' title='bbox 168 1814 237 1848; x_wconf 78' lang='grc' dir='ltr'><strong>μιτᾶ</strong></span> <span class='ocrx_word' id='word_1_400' title='bbox 266 1815 317 1849; x_wconf 78' lang='grc' dir='ltr'><strong>τὴν</strong></span> <span class='ocrx_word' id='word_1_401' title='bbox 343 1817 396 1841; x_wconf 84' lang='grc' dir='ltr'>τῶν</span> <span class='ocrx_word' id='word_1_402' title='bbox 427 1817 537 1847; x_wconf 83' lang='grc' dir='ltr'>Σκυθῶν</span> <span class='ocrx_word' id='word_1_403' title='bbox 566 1816 648 1850; x_wconf 75' lang='grc' dir='ltr'>ἧτταν</span> <span class='ocrx_word' id='word_1_404' title='bbox 678 1815 719 1855; x_wconf 78' lang='grc' dir='ltr'><strong>ἐφ’</strong></span> <span class='ocrx_word' id='word_1_405' title='bbox 746 1816 812 1848; x_wconf 77' lang='grc' dir='ltr'>ὅλας</span> <span class='ocrx_word' id='word_1_406' title='bbox 833 1816 881 1845; x_wconf 81' lang='grc' dir='ltr'><strong>δύο</strong></span> 
     </span>
    </p>
   </div>
   <div class='ocr_carea' id='block_1_58' title="bbox 63 1857 879 1899">
    <p class='ocr_par' dir='ltr' id='par_1_58' title="bbox 63 1857 879 1899">
     <span class='ocr_line' id='line_1_59' title="bbox 63 1857 879 1899; baseline 0.007 -17"><span class='ocrx_word' id='word_1_407' title='bbox 63 1857 221 1892; x_wconf 71' lang='grc' dir='ltr'>προσμείνας</span> <span class='ocrx_word' id='word_1_408' title='bbox 260 1858 377 1894; x_wconf 76' lang='grc' dir='ltr'>ἡμέρας,</span> <span class='ocrx_word' id='word_1_409' title='bbox 414 1860 483 1886; x_wconf 71' lang='grc' dir='ltr'>κατὰ</span> <span class='ocrx_word' id='word_1_410' title='bbox 519 1860 568 1894; x_wconf 73' lang='grc' dir='ltr'>τὴν</span> <span class='ocrx_word' id='word_1_411' title='bbox 595 1860 689 1897; x_wconf 81' lang='grc' dir='ltr'>τρίτην</span> <span class='ocrx_word' id='word_1_412' title='bbox 717 1861 879 1899; x_wconf 78' lang='grc' dir='ltr'>ὑπέστρεψεν</span> 
     </span>
    </p>
   </div>
   <div class='ocr_carea' id='block_1_59' title="bbox 64 1899 880 1940">
    <p class='ocr_par' dir='ltr' id='par_1_59' title="bbox 64 1899 880 1940">
     <span class='ocr_line' id='line_1_60' title="bbox 64 1899 880 1940; baseline 0.009 -13"><span class='ocrx_word' id='word_1_413' title='bbox 64 1899 97 1931; x_wconf 74' lang='grc' dir='ltr'><strong>εἰς</strong></span> <span class='ocrx_word' id='word_1_414' title='bbox 122 1902 170 1936; x_wconf 80' lang='grc' dir='ltr'>τὴν</span> <span class='ocrx_word' id='word_1_415' title='bbox 203 1901 344 1940; x_wconf 75' lang='grc' dir='ltr'>βασιλίδα,</span> <span class='ocrx_word' id='word_1_416' title='bbox 361 1902 408 1930; x_wconf 82' lang='grc' dir='ltr'><strong>δύο</strong></span> <span class='ocrx_word' id='word_1_417' title='bbox 436 1904 558 1940; x_wconf 85' lang='grc' dir='ltr'>τάγματα</span> <span class='ocrx_word' id='word_1_418' title='bbox 585 1906 743 1932; x_wconf 71' lang='grc' dir='ltr'>καταλιπὼν</span> <span class='ocrx_word' id='word_1_419' title='bbox 772 1906 880 1938; x_wconf 79' lang='grc' dir='ltr'>καὶτὰς</span> 
     </span>
    </p>
   </div>
   <div class='ocr_carea' id='block_1_60' title="bbox 64 1942 879 1986">
    <p class='ocr_par' dir='ltr' id='par_1_60' title="bbox 64 1942 879 1986">
     <span class='ocr_line' id='line_1_61' title="bbox 64 1942 879 1986; baseline 0.01 -16"><span class='ocrx_word' id='word_1_420' title='bbox 64 1942 202 1982; x_wconf 76' lang='grc' dir='ltr'>λεγομένας</span> <span class='ocrx_word' id='word_1_421' title='bbox 234 1947 377 1985; x_wconf 71' lang='grc' dir='ltr'>ἑταιρείας,</span> <span class='ocrx_word' id='word_1_422' title='bbox 405 1948 448 1986; x_wconf 83' lang='grc' dir='ltr'><strong>ὑφ’</strong></span> <span class='ocrx_word' id='word_1_423' title='bbox 478 1949 594 1985; x_wconf 75' lang='grc' dir='ltr'>ἡγεμόνι</span> <span class='ocrx_word' id='word_1_424' title='bbox 621 1950 772 1986; x_wconf 79' lang='grc' dir='ltr'>ταττόμενα</span> <span class='ocrx_word' id='word_1_425' title='bbox 800 1954 879 1978; x_wconf 85' lang='grc' dir='ltr'>Νικο-</span> 
     </span>
    </p>
   </div>
   <div class='ocr_carea' id='block_1_61' title="bbox 65 1987 878 2031">
    <p class='ocr_par' dir='ltr' id='par_1_61' title="bbox 65 1987 878 2031">
     <span class='ocr_line' id='line_1_62' title="bbox 65 1987 878 2031; baseline 0.007 -15"><span class='ocrx_word' id='word_1_426' title='bbox 65 1987 116 2025; x_wconf 84' lang='grc' dir='ltr'><strong>λάῳ</strong></span> <span class='ocrx_word' id='word_1_427' title='bbox 142 1993 182 2026; x_wconf 82' lang='grc' dir='ltr'>τῷ</span> <span class='ocrx_word' id='word_1_428' title='bbox 210 1992 454 2028; x_wconf 77' lang='grc' dir='ltr'>παρακοιμωμένῷ</span> <span class='ocrx_word' id='word_1_429' title='bbox 469 1994 511 2029; x_wconf 85' lang='grc' dir='ltr'><strong>[Ρ.</strong></span> <span class='ocrx_word' id='word_1_430' title='bbox 525 1994 589 2030; x_wconf 72' lang='grc'><strong>760]</strong></span> <span class='ocrx_word' id='word_1_431' title='bbox 615 1993 660 2021; x_wconf 81' lang='grc' dir='ltr'><strong>καὶ</strong></span> <span class='ocrx_word' id='word_1_432' title='bbox 677 1994 810 2031; x_wconf 84' lang='grc' dir='ltr'>Βασιλιίῳ</span> <span class='ocrx_word' id='word_1_433' title='bbox 828 2006 878 2030; x_wconf 83' lang='grc' dir='ltr'>μα-</span> 
     </span>
    </p>
   </div>
   <div class='ocr_carea' id='block_1_62' title="bbox 62 2032 877 2076">
    <p class='ocr_par' dir='ltr' id='par_1_62' title="bbox 62 2032 877 2076">
     <span class='ocr_line' id='line_1_63' title="bbox 62 2032 877 2076; baseline 0.01 -17"><span class='ocrx_word' id='word_1_434' title='bbox 62 2032 153 2076; x_wconf 77' lang='grc' dir='ltr'>γίστρῳ</span> <span class='ocrx_word' id='word_1_435' title='bbox 186 2037 227 2071; x_wconf 81' lang='grc' dir='ltr'>τῷ</span> <span class='ocrx_word' id='word_1_436' title='bbox 256 2034 478 2073; x_wconf 79' lang='grc' dir='ltr'>Θεοδωροκάνῳ,</span> <span class='ocrx_word' id='word_1_437' title='bbox 516 2036 558 2075; x_wconf 78' lang='grc' dir='ltr'><strong>ἐφ’</strong></span> <span class='ocrx_word' id='word_1_438' title='bbox 585 2038 607 2074; x_wconf 86' lang='grc' dir='ltr'>ᾧ</span> <span class='ocrx_word' id='word_1_439' title='bbox 639 2038 702 2070; x_wconf 80' lang='grc' dir='ltr'>τοὺς</span> <span class='ocrx_word' id='word_1_440' title='bbox 736 2039 877 2076; x_wconf 81' lang='grc' dir='ltr'>αἰγιαλοὺς</span> 
     </span>
    </p>
   </div>
   <div class='ocr_carea' id='block_1_63' title="bbox 62 2075 874 2120">
    <p class='ocr_par' dir='ltr' id='par_1_63' title="bbox 62 2075 874 2120">
     <span class='ocr_line' id='line_1_64' title="bbox 62 2075 874 2120; baseline 0.009 -16"><span class='ocrx_word' id='word_1_441' title='bbox 62 2075 207 2106; x_wconf 70' lang='grc' dir='ltr'>ίπισκοπιῖν</span> <span class='ocrx_word' id='word_1_442' title='bbox 237 2080 282 2107; x_wconf 85' lang='grc' dir='ltr'><strong>καὶ</strong></span> <span class='ocrx_word' id='word_1_443' title='bbox 306 2081 486 2118; x_wconf 81' lang='grc' dir='ltr'>παρατρέχιιν</span> <span class='ocrx_word' id='word_1_444' title='bbox 525 2081 570 2109; x_wconf 87' lang='grc' dir='ltr'><strong>καὶ</strong></span> <span class='ocrx_word' id='word_1_445' title='bbox 597 2075 777 2119; x_wconf 75' lang='grc' dir='ltr'>φυλάττεσθαι</span> <span class='ocrx_word' id='word_1_446' title='bbox 794 2105 802 2119; x_wconf 89' lang='grc'><strong>,</strong></span> <span class='ocrx_word' id='word_1_447' title='bbox 838 2085 874 2120; x_wconf 79' lang='grc' dir='ltr'><strong>μή</strong></span> 
     </span>
    </p>
   </div>
   <div class='ocr_carea' id='block_1_64' title="bbox 63 2120 877 2164">
    <p class='ocr_par' dir='ltr' id='par_1_64' title="bbox 63 2120 877 2164">
     <span class='ocr_line' id='line_1_65' title="bbox 63 2120 877 2164; baseline 0.009 -16"><span class='ocrx_word' id='word_1_448' title='bbox 63 2131 98 2152; x_wconf 88' lang='grc' dir='ltr'><strong>τις</strong></span> <span class='ocrx_word' id='word_1_449' title='bbox 123 2120 254 2155; x_wconf 74' lang='grc' dir='ltr'>ἀπόϐασις</span> <span class='ocrx_word' id='word_1_450' title='bbox 284 2124 395 2161; x_wconf 71' lang='grc' dir='ltr'>γένηται</span> <span class='ocrx_word' id='word_1_451' title='bbox 421 2127 476 2153; x_wconf 84' lang='grc' dir='ltr'>τῶν</span> <span class='ocrx_word' id='word_1_452' title='bbox 500 2123 658 2164; x_wconf 80' lang='grc' dir='ltr'>Βαρϐάρων,</span> <span class='ocrx_word' id='word_1_453' title='bbox 688 2127 734 2154; x_wconf 81' lang='grc' dir='ltr'>τὸν</span> <span class='ocrx_word' id='word_1_454' title='bbox 749 2126 777 2154; x_wconf 79' lang='grc' dir='ltr'>δὶ</span> <span class='ocrx_word' id='word_1_455' title='bbox 789 2127 877 2155; x_wconf 82' lang='grc' dir='ltr'>πάντα</span> 
     </span>
    </p>
   </div>
   <div class='ocr_carea' id='block_1_65' title="bbox 63 2166 875 2208">
    <p class='ocr_par' dir='ltr' id='par_1_65' title="bbox 63 2166 875 2208">
     <span class='ocr_line' id='line_1_66' title="bbox 63 2166 875 2208; baseline 0.009 -16"><span class='ocrx_word' id='word_1_456' title='bbox 63 2166 151 2193; x_wconf 80' lang='grc' dir='ltr'>στόλον</span> <span class='ocrx_word' id='word_1_457' title='bbox 161 2169 229 2195; x_wconf 77' lang='grc' dir='ltr'>κατὰ</span> <span class='ocrx_word' id='word_1_458' title='bbox 251 2169 296 2196; x_wconf 86' lang='grc' dir='ltr'><strong>τὸν</strong></span> <span class='ocrx_word' id='word_1_459' title='bbox 323 2169 414 2207; x_wconf 81' lang='grc' dir='ltr'>Φάρον</span> <span class='ocrx_word' id='word_1_460' title='bbox 430 2170 592 2208; x_wconf 78' lang='grc' dir='ltr'>προσμένιιν</span> <span class='ocrx_word' id='word_1_461' title='bbox 608 2170 747 2201; x_wconf 81' lang='grc' dir='ltr'>κιλεύσας.</span> <span class='ocrx_word' id='word_1_462' title='bbox 783 2171 831 2198; x_wconf 80' lang='grc' dir='ltr'><strong>Καὶ</strong></span> <span class='ocrx_word' id='word_1_463' title='bbox 861 2173 875 2199; x_wconf 76' lang='grc' dir='ltr'><strong>ὁ</strong></span> 
     </span>
    </p>
   </div>
   <div class='ocr_carea' id='block_1_66' title="bbox 948 872 1768 910">
    <p class='ocr_par' dir='ltr' id='par_1_66' title="bbox 948 872 1768 910">
     <span class='ocr_line' id='line_1_67' title="bbox 948 872 1768 910; baseline -0.004 -8"><span class='ocrx_word' id='word_1_464' title='bbox 948 875 1050 902; x_wconf 85' lang='lat' dir='ltr'><strong>siarios</strong></span> <span class='ocrx_word' id='word_1_465' title='bbox 1080 875 1186 910; x_wconf 86' lang='lat' dir='ltr'><strong>partim</strong></span> <span class='ocrx_word' id='word_1_466' title='bbox 1216 875 1341 909; x_wconf 64' lang='lat' dir='ltr'><strong>cedens,</strong></span> <span class='ocrx_word' id='word_1_467' title='bbox 1380 874 1486 909; x_wconf 83' lang='lat' dir='ltr'><strong>partim</strong></span> <span class='ocrx_word' id='word_1_468' title='bbox 1522 873 1645 900; x_wconf 78' lang='lat' dir='ltr'><strong>audacia</strong></span> <span class='ocrx_word' id='word_1_469' title='bbox 1673 872 1768 908; x_wconf 83' lang='lat' dir='ltr'><strong>ipsius</strong></span> 
     </span>
    </p>
   </div>
   <div class='ocr_carea' id='block_1_67' title="bbox 948 917 1768 955">
    <p class='ocr_par' dir='ltr' id='par_1_67' title="bbox 948 917 1768 955">
     <span class='ocr_line' id='line_1_68' title="bbox 948 917 1768 955; baseline -0.004 -8"><span class='ocrx_word' id='word_1_470' title='bbox 948 919 1115 954; x_wconf 85' lang='lat' dir='ltr'><strong>perterritos</strong></span> <span class='ocrx_word' id='word_1_471' title='bbox 1139 919 1254 954; x_wconf 81' lang='lat' dir='ltr'><strong>fugans.</strong></span> <span class='ocrx_word' id='word_1_472' title='bbox 1282 919 1394 955; x_wconf 75' lang='lat' dir='ltr'><strong>Scythis</strong></span> <span class='ocrx_word' id='word_1_473' title='bbox 1421 926 1487 946; x_wconf 86' lang='lat' dir='ltr'><strong>cum</strong></span> <span class='ocrx_word' id='word_1_474' title='bbox 1515 917 1651 945; x_wconf 87' lang='lat' dir='ltr'><strong>universa</strong></span> <span class='ocrx_word' id='word_1_475' title='bbox 1673 917 1768 944; x_wconf 84' lang='lat' dir='ltr'><strong>classe</strong></span> 
     </span>
    </p>
   </div>
   <div class='ocr_carea' id='block_1_68' title="bbox 947 962 1767 999">
    <p class='ocr_par' dir='ltr' id='par_1_68' title="bbox 947 962 1767 999">
     <span class='ocr_line' id='line_1_69' title="bbox 947 962 1767 999; baseline -0.004 -8"><span class='ocrx_word' id='word_1_476' title='bbox 947 965 1082 991; x_wconf 74' lang='lat' dir='ltr'><strong>accedere</strong></span> <span class='ocrx_word' id='word_1_477' title='bbox 1096 965 1302 999; x_wconf 81' lang='lat' dir='ltr'><strong>imperatorem</strong></span> <span class='ocrx_word' id='word_1_478' title='bbox 1314 964 1457 997; x_wconf 78' lang='lat' dir='ltr'><strong>videntes,</strong></span> <span class='ocrx_word' id='word_1_479' title='bbox 1473 965 1561 998; x_wconf 81' lang='lat' dir='ltr'><strong>atque</strong></span> <span class='ocrx_word' id='word_1_480' title='bbox 1585 962 1613 989; x_wconf 91' lang='lat' dir='ltr'><strong>id</strong></span> <span class='ocrx_word' id='word_1_481' title='bbox 1626 962 1703 998; x_wconf 91' lang='lat' dir='ltr'><strong>quod</strong></span> <span class='ocrx_word' id='word_1_482' title='bbox 1721 969 1767 989; x_wconf 74' lang='lat' dir='ltr'><strong>res</strong></span> 
     </span>
    </p>
   </div>
   <div class='ocr_carea' id='block_1_69' title="bbox 946 1006 1766 1044">
    <p class='ocr_par' dir='ltr' id='par_1_69' title="bbox 946 1006 1766 1044">
     <span class='ocr_line' id='line_1_70' title="bbox 946 1006 1766 1044; baseline -0.002 -9"><span class='ocrx_word' id='word_1_483' title='bbox 946 1011 1008 1036; x_wconf 90' lang='lat' dir='ltr'><strong>erat</strong></span> <span class='ocrx_word' id='word_1_484' title='bbox 1023 1008 1196 1044; x_wconf 75' lang='lat' dir='ltr'><strong>cogitantes,</strong></span> <span class='ocrx_word' id='word_1_485' title='bbox 1213 1017 1278 1036; x_wconf 90' lang='lat' dir='ltr'><strong>cum</strong></span> <span class='ocrx_word' id='word_1_486' title='bbox 1303 1016 1337 1035; x_wconf 91' lang='lat' dir='ltr'><strong>ne</strong></span> <span class='ocrx_word' id='word_1_487' title='bbox 1353 1008 1442 1035; x_wconf 87' lang='lat' dir='ltr'><strong>trium</strong></span> <span class='ocrx_word' id='word_1_488' title='bbox 1464 1007 1582 1043; x_wconf 82' lang='lat' dir='ltr'><strong>quidem</strong></span> <span class='ocrx_word' id='word_1_489' title='bbox 1601 1006 1766 1034; x_wconf 81' lang='lat' dir='ltr'><strong>triremium</strong></span> 
     </span>
    </p>
   </div>
   <div class='ocr_carea' id='block_1_70' title="bbox 946 1049 1767 1088">
    <p class='ocr_par' dir='ltr' id='par_1_70' title="bbox 946 1049 1767 1088">
     <span class='ocr_line' id='line_1_71' title="bbox 946 1049 1767 1088; baseline -0.004 -8"><span class='ocrx_word' id='word_1_490' title='bbox 946 1052 1162 1080; x_wconf 82' lang='lat' dir='ltr'><strong>sustinuissent</strong></span> <span class='ocrx_word' id='word_1_491' title='bbox 1181 1052 1335 1088; x_wconf 83' lang='lat' dir='ltr'><strong>impetum,</strong></span> <span class='ocrx_word' id='word_1_492' title='bbox 1358 1052 1428 1088; x_wconf 87' lang='lat' dir='ltr'><strong>quid</strong></span> <span class='ocrx_word' id='word_1_493' title='bbox 1449 1054 1622 1079; x_wconf 86' lang='lat' dir='ltr'><strong>eventurum</strong></span> <span class='ocrx_word' id='word_1_494' title='bbox 1648 1053 1726 1078; x_wconf 87' lang='lat' dir='ltr'><strong>esset</strong></span> <span class='ocrx_word' id='word_1_495' title='bbox 1742 1049 1767 1077; x_wconf 82' lang='lat' dir='ltr'><strong>si</strong></span> 
     </span>
    </p>
   </div>
   <div class='ocr_carea' id='block_1_71' title="bbox 945 1094 1766 1132">
    <p class='ocr_par' dir='ltr' id='par_1_71' title="bbox 945 1094 1766 1132">
     <span class='ocr_line' id='line_1_72' title="bbox 945 1094 1766 1132; baseline -0.004 -8"><span class='ocrx_word' id='word_1_496' title='bbox 945 1105 1012 1125; x_wconf 91' lang='lat' dir='ltr'><strong>cum</strong></span> <span class='ocrx_word' id='word_1_497' title='bbox 1029 1099 1089 1124; x_wconf 86' lang='lat' dir='ltr'><strong>tota</strong></span> <span class='ocrx_word' id='word_1_498' title='bbox 1102 1097 1196 1125; x_wconf 89' lang='lat' dir='ltr'><strong>classe</strong></span> <span class='ocrx_word' id='word_1_499' title='bbox 1207 1097 1422 1132; x_wconf 79' lang='lat' dir='ltr'><strong>conﬂigendum</strong></span> <span class='ocrx_word' id='word_1_500' title='bbox 1435 1097 1517 1130; x_wconf 85' lang='lat' dir='ltr'><strong>toret,</strong></span> <span class='ocrx_word' id='word_1_501' title='bbox 1530 1095 1628 1131; x_wconf 83' lang='lat' dir='ltr'><strong>fugam</strong></span> <span class='ocrx_word' id='word_1_502' title='bbox 1645 1094 1766 1128; x_wconf 79' lang='lat' dir='ltr'><strong>faciunt,</strong></span> 
     </span>
    </p>
   </div>
   <div class='ocr_carea' id='block_1_72' title="bbox 945 1143 1766 1180">
    <p class='ocr_par' dir='ltr' id='par_1_72' title="bbox 945 1143 1766 1180">
     <span class='ocr_line' id='line_1_73' title="bbox 945 1143 1766 1180; baseline -0.004 -7"><span class='ocrx_word' id='word_1_503' title='bbox 945 1149 973 1173; x_wconf 91' lang='lat' dir='ltr'><strong>et</strong></span> <span class='ocrx_word' id='word_1_504' title='bbox 985 1154 1016 1173; x_wconf 86' lang='lat' dir='ltr'><strong>se</strong></span> <span class='ocrx_word' id='word_1_505' title='bbox 1028 1146 1056 1173; x_wconf 92' lang='lat' dir='ltr'><strong>in</strong></span> <span class='ocrx_word' id='word_1_506' title='bbox 1074 1146 1170 1174; x_wconf 85' lang='lat' dir='ltr'><strong>locum</strong></span> <span class='ocrx_word' id='word_1_507' title='bbox 1188 1146 1380 1173; x_wconf 83' lang='lat' dir='ltr'><strong>immittentes</strong></span> <span class='ocrx_word' id='word_1_508' title='bbox 1399 1154 1468 1173; x_wconf 82' lang='lat' dir='ltr'><strong>saxa</strong></span> <span class='ocrx_word' id='word_1_509' title='bbox 1492 1153 1524 1172; x_wconf 84' lang='lat' dir='ltr'><strong>ac</strong></span> <span class='ocrx_word' id='word_1_510' title='bbox 1545 1144 1682 1180; x_wconf 86' lang='lat' dir='ltr'><strong>scopulos</strong></span> <span class='ocrx_word' id='word_1_511' title='bbox 1711 1143 1766 1171; x_wconf 84' lang='lat' dir='ltr'><strong>sub</strong></span> 
     </span>
    </p>
   </div>
   <div class='ocr_carea' id='block_1_73' title="bbox 948 1189 1767 1226">
    <p class='ocr_par' dir='ltr' id='par_1_73' title="bbox 948 1189 1767 1226">
     <span class='ocr_line' id='line_1_74' title="bbox 948 1189 1767 1226; baseline -0.002 -8"><span class='ocrx_word' id='word_1_512' title='bbox 948 1191 1020 1218; x_wconf 86' lang='lat' dir='ltr'><strong>mari</strong></span> <span class='ocrx_word' id='word_1_513' title='bbox 1047 1191 1250 1218; x_wconf 81' lang='lat' dir='ltr'><strong>delilescentes</strong></span> <span class='ocrx_word' id='word_1_514' title='bbox 1287 1190 1443 1218; x_wconf 80' lang='lat' dir='ltr'><strong>habentem</strong></span> <span class='ocrx_word' id='word_1_515' title='bbox 1481 1189 1635 1226; x_wconf 89' lang='lat' dir='ltr'><strong>plerasque</strong></span> <span class='ocrx_word' id='word_1_516' title='bbox 1679 1195 1767 1216; x_wconf 83' lang='lat' dir='ltr'><strong>naves</strong></span> 
     </span>
    </p>
   </div>
   <div class='ocr_carea' id='block_1_74' title="bbox 947 1232 1764 1270">
    <p class='ocr_par' dir='ltr' id='par_1_74' title="bbox 947 1232 1764 1270">
     <span class='ocr_line' id='line_1_75' title="bbox 947 1232 1764 1270; baseline -0.005 -7"><span class='ocrx_word' id='word_1_517' title='bbox 947 1236 1083 1270; x_wconf 86' lang='lat' dir='ltr'><strong>perdunt.</strong></span> <span class='ocrx_word' id='word_1_518' title='bbox 1100 1236 1155 1263; x_wconf 87' lang='lat' dir='ltr'><strong>Sed</strong></span> <span class='ocrx_word' id='word_1_519' title='bbox 1171 1238 1200 1263; x_wconf 86' lang='lat' dir='ltr'><strong>et</strong></span> <span class='ocrx_word' id='word_1_520' title='bbox 1216 1232 1324 1262; x_wconf 83' lang='lat' dir='ltr'><strong>milites</strong></span> <span class='ocrx_word' id='word_1_521' title='bbox 1339 1243 1354 1262; x_wconf 87' lang='lat' dir='ltr'><strong>e</strong></span> <span class='ocrx_word' id='word_1_522' title='bbox 1369 1233 1531 1262; x_wconf 86' lang='lat' dir='ltr'><strong>continenti</strong></span> <span class='ocrx_word' id='word_1_523' title='bbox 1546 1242 1595 1261; x_wconf 86' lang='lat' dir='ltr'><strong>eos</strong></span> <span class='ocrx_word' id='word_1_524' title='bbox 1610 1233 1764 1266; x_wconf 85' lang='lat' dir='ltr'><strong>invadunt,</strong></span> 
     </span>
    </p>
   </div>
   <div class='ocr_carea' id='block_1_75' title="bbox 946 1276 1764 1315">
    <p class='ocr_par' dir='ltr' id='par_1_75' title="bbox 946 1276 1764 1315">
     <span class='ocr_line' id='line_1_76' title="bbox 946 1276 1764 1315; baseline -0.005 -8"><span class='ocrx_word' id='word_1_525' title='bbox 946 1287 1140 1314; x_wconf 69' lang='lat' dir='ltr'><strong>magnamque</strong></span> <span class='ocrx_word' id='word_1_526' title='bbox 1153 1283 1280 1315; x_wconf 81' lang='lat' dir='ltr'><strong>stragem</strong></span> <span class='ocrx_word' id='word_1_527' title='bbox 1298 1279 1398 1306; x_wconf 90' lang='lat' dir='ltr'><strong>edunt.</strong></span> <span class='ocrx_word' id='word_1_528' title='bbox 1414 1280 1489 1305; x_wconf 83' lang='lat' dir='ltr'><strong>Sane</strong></span> <span class='ocrx_word' id='word_1_529' title='bbox 1513 1278 1686 1305; x_wconf 77' lang='lat' dir='ltr'><strong>cadaverum</strong></span> <span class='ocrx_word' id='word_1_530' title='bbox 1713 1276 1764 1303; x_wconf 84' lang='lat' dir='ltr'><strong>ho-</strong></span> 
     </span>
    </p>
   </div>
   <div class='ocr_carea' id='block_1_76' title="bbox 944 1321 1762 1358">
    <p class='ocr_par' dir='ltr' id='par_1_76' title="bbox 944 1321 1762 1358">
     <span class='ocr_line' id='line_1_77' title="bbox 944 1321 1762 1358; baseline -0.004 -8"><span class='ocrx_word' id='word_1_531' title='bbox 944 1323 1055 1351; x_wconf 88' lang='lat' dir='ltr'><strong>stilium</strong></span> <span class='ocrx_word' id='word_1_532' title='bbox 1071 1324 1099 1350; x_wconf 89' lang='lat' dir='ltr'><strong>in</strong></span> <span class='ocrx_word' id='word_1_533' title='bbox 1116 1323 1212 1351; x_wconf 86' lang='lat' dir='ltr'><strong>littore</strong></span> <span class='ocrx_word' id='word_1_534' title='bbox 1221 1325 1338 1350; x_wconf 85' lang='lat' dir='ltr'><strong>inventa</strong></span> <span class='ocrx_word' id='word_1_535' title='bbox 1349 1326 1419 1350; x_wconf 86' lang='lat' dir='ltr'><strong>sunt</strong></span> <span class='ocrx_word' id='word_1_536' title='bbox 1431 1323 1584 1358; x_wconf 88' lang='lat' dir='ltr'><strong>postmodo</strong></span> <span class='ocrx_word' id='word_1_537' title='bbox 1595 1321 1762 1357; x_wconf 81' lang='lat' dir='ltr'><strong>quindecim</strong></span> 
     </span>
    </p>
   </div>
   <div class='ocr_carea' id='block_1_77' title="bbox 944 1366 1761 1403">
    <p class='ocr_par' dir='ltr' id='par_1_77' title="bbox 944 1366 1761 1403">
     <span class='ocr_line' id='line_1_78' title="bbox 944 1366 1761 1403; baseline -0.005 -7"><span class='ocrx_word' id='word_1_538' title='bbox 944 1368 1061 1396; x_wconf 84' lang='lat' dir='ltr'><strong>circiter</strong></span> <span class='ocrx_word' id='word_1_539' title='bbox 1076 1368 1179 1396; x_wconf 78' lang='lat' dir='ltr'><strong>millia.</strong></span> <span class='ocrx_word' id='word_1_540' title='bbox 1197 1368 1349 1403; x_wconf 83' lang='lat' dir='ltr'><strong>Superatis</strong></span> <span class='ocrx_word' id='word_1_541' title='bbox 1366 1367 1419 1395; x_wconf 89' lang='lat' dir='ltr'><strong>hoc</strong></span> <span class='ocrx_word' id='word_1_542' title='bbox 1435 1369 1518 1403; x_wconf 89' lang='lat' dir='ltr'><strong>pacto</strong></span> <span class='ocrx_word' id='word_1_543' title='bbox 1530 1366 1656 1402; x_wconf 81' lang='lat' dir='ltr'><strong>Scythis,</strong></span> <span class='ocrx_word' id='word_1_544' title='bbox 1670 1366 1761 1401; x_wconf 86' lang='lat' dir='ltr'><strong>impe-</strong></span> 
     </span>
    </p>
   </div>
   <div class='ocr_carea' id='block_1_78' title="bbox 944 1412 1761 1441">
    <p class='ocr_par' dir='ltr' id='par_1_78' title="bbox 944 1412 1761 1441">
     <span class='ocr_line' id='line_1_79' title="bbox 944 1412 1761 1441; baseline -0.002 -2"><span class='ocrx_word' id='word_1_545' title='bbox 944 1417 1023 1441; x_wconf 86' lang='lat' dir='ltr'><strong>rator</strong></span> <span class='ocrx_word' id='word_1_546' title='bbox 1047 1416 1139 1441; x_wconf 88' lang='lat' dir='ltr'><strong>totum</strong></span> <span class='ocrx_word' id='word_1_547' title='bbox 1169 1413 1291 1440; x_wconf 89' lang='lat' dir='ltr'><strong>biduum</strong></span> <span class='ocrx_word' id='word_1_548' title='bbox 1321 1412 1360 1439; x_wconf 90' lang='lat' dir='ltr'><strong>ibi</strong></span> <span class='ocrx_word' id='word_1_549' title='bbox 1398 1412 1527 1440; x_wconf 89' lang='lat' dir='ltr'><strong>locorum</strong></span> <span class='ocrx_word' id='word_1_550' title='bbox 1562 1412 1761 1439; x_wconf 78' lang='lat' dir='ltr'><strong>commoratus</strong></span> 
     </span>
    </p>
   </div>
   <div class='ocr_carea' id='block_1_79' title="bbox 943 1455 1763 1493">
    <p class='ocr_par' dir='ltr' id='par_1_79' title="bbox 943 1455 1763 1493">
     <span class='ocr_line' id='line_1_80' title="bbox 943 1455 1763 1493; baseline -0.002 -9"><span class='ocrx_word' id='word_1_551' title='bbox 943 1457 1026 1484; x_wconf 84' lang='lat' dir='ltr'><strong>tertio</strong></span> <span class='ocrx_word' id='word_1_552' title='bbox 1043 1457 1089 1484; x_wconf 89' lang='lat' dir='ltr'><strong>die</strong></span> <span class='ocrx_word' id='word_1_553' title='bbox 1105 1457 1275 1493; x_wconf 83' lang='lat' dir='ltr'><strong>Byzantium</strong></span> <span class='ocrx_word' id='word_1_554' title='bbox 1292 1457 1390 1489; x_wconf 88' lang='lat' dir='ltr'><strong>rediit,</strong></span> <span class='ocrx_word' id='word_1_555' title='bbox 1406 1456 1522 1484; x_wconf 85' lang='lat' dir='ltr'><strong>duabus</strong></span> <span class='ocrx_word' id='word_1_556' title='bbox 1543 1455 1708 1490; x_wconf 85' lang='lat' dir='ltr'><strong>legionibus</strong></span> <span class='ocrx_word' id='word_1_557' title='bbox 1735 1457 1763 1482; x_wconf 86' lang='lat' dir='ltr'><strong>et</strong></span> 
     </span>
    </p>
   </div>
   <div class='ocr_carea' id='block_1_80' title="bbox 943 1498 1761 1536">
    <p class='ocr_par' dir='ltr' id='par_1_80' title="bbox 943 1498 1761 1536">
     <span class='ocr_line' id='line_1_81' title="bbox 943 1498 1761 1536; baseline -0.002 -8"><span class='ocrx_word' id='word_1_558' title='bbox 943 1509 1031 1536; x_wconf 84' lang='lat' dir='ltr'><strong>quam</strong></span> <span class='ocrx_word' id='word_1_559' title='bbox 1047 1504 1151 1529; x_wconf 86' lang='lat' dir='ltr'><strong>vocant</strong></span> <span class='ocrx_word' id='word_1_560' title='bbox 1162 1501 1332 1529; x_wconf 83' lang='lat' dir='ltr'><strong>sndalitates</strong></span> <span class='ocrx_word' id='word_1_561' title='bbox 1357 1500 1476 1534; x_wconf 87' lang='lat' dir='ltr'><strong>relictis,</strong></span> <span class='ocrx_word' id='word_1_562' title='bbox 1498 1500 1623 1527; x_wconf 89' lang='lat' dir='ltr'><strong>ducibus</strong></span> <span class='ocrx_word' id='word_1_563' title='bbox 1644 1498 1761 1527; x_wconf 86' lang='lat' dir='ltr'><strong>Nicolao</strong></span> 
     </span>
    </p>
   </div>
   <div class='ocr_carea' id='block_1_81' title="bbox 942 1544 1761 1582">
    <p class='ocr_par' dir='ltr' id='par_1_81' title="bbox 942 1544 1761 1582">
     <span class='ocr_line' id='line_1_82' title="bbox 942 1544 1761 1582; baseline -0.002 -9"><span class='ocrx_word' id='word_1_564' title='bbox 942 1545 1121 1574; x_wconf 85' lang='lat' dir='ltr'><strong>cubiculario</strong></span> <span class='ocrx_word' id='word_1_565' title='bbox 1153 1548 1182 1573; x_wconf 88' lang='lat' dir='ltr'><strong>et</strong></span> <span class='ocrx_word' id='word_1_566' title='bbox 1211 1547 1352 1582; x_wconf 82' lang='lat' dir='ltr'><strong>magistro</strong></span> <span class='ocrx_word' id='word_1_567' title='bbox 1390 1544 1497 1572; x_wconf 85' lang='lat' dir='ltr'><strong>Basilio</strong></span> <span class='ocrx_word' id='word_1_568' title='bbox 1536 1544 1761 1572; x_wconf 79' lang='lat' dir='ltr'><strong>Theodorocano</strong></span> 
     </span>
    </p>
   </div>
   <div class='ocr_carea' id='block_1_82' title="bbox 941 1589 1762 1624">
    <p class='ocr_par' dir='ltr' id='par_1_82' title="bbox 941 1589 1762 1624">
     <span class='ocr_line' id='line_1_83' title="bbox 941 1589 1762 1624; baseline -0.002 -6"><span class='ocrx_word' id='word_1_569' title='bbox 941 1591 1079 1619; x_wconf 84' lang='lat' dir='ltr'><strong>mandato</strong></span> <span class='ocrx_word' id='word_1_570' title='bbox 1096 1594 1126 1618; x_wconf 87' lang='lat' dir='ltr'><strong>ut</strong></span> <span class='ocrx_word' id='word_1_571' title='bbox 1141 1599 1222 1618; x_wconf 83' lang='lat' dir='ltr'><strong>oram</strong></span> <span class='ocrx_word' id='word_1_572' title='bbox 1239 1590 1416 1618; x_wconf 84' lang='lat' dir='ltr'><strong>maritimam</strong></span> <span class='ocrx_word' id='word_1_573' title='bbox 1446 1589 1637 1622; x_wconf 89' lang='lat' dir='ltr'><strong>custodirent,</strong></span> <span class='ocrx_word' id='word_1_574' title='bbox 1668 1596 1762 1624; x_wconf 84' lang='lat' dir='ltr'><strong>neque</strong></span> 
     </span>
    </p>
   </div>
   <div class='ocr_carea' id='block_1_83' title="bbox 940 1634 1761 1669">
    <p class='ocr_par' dir='ltr' id='par_1_83' title="bbox 940 1634 1761 1669">
     <span class='ocr_line' id='line_1_84' title="bbox 940 1634 1761 1669; baseline -0.002 -7"><span class='ocrx_word' id='word_1_575' title='bbox 940 1635 1159 1662; x_wconf 82' lang='lat' dir='ltr'><strong>exsceusionem</strong></span> <span class='ocrx_word' id='word_1_576' title='bbox 1176 1636 1268 1662; x_wconf 80' lang='lat' dir='ltr'><strong>facere</strong></span> <span class='ocrx_word' id='word_1_577' title='bbox 1292 1634 1435 1662; x_wconf 81' lang='lat' dir='ltr'><strong>Barbaros</strong></span> <span class='ocrx_word' id='word_1_578' title='bbox 1467 1636 1644 1669; x_wconf 85' lang='lat' dir='ltr'><strong>paterentur,</strong></span> <span class='ocrx_word' id='word_1_579' title='bbox 1671 1636 1761 1668; x_wconf 85' lang='lat' dir='ltr'><strong>utque</strong></span> 
     </span>
    </p>
   </div>
   <div class='ocr_carea' id='block_1_84' title="bbox 941 1677 1761 1715">
    <p class='ocr_par' dir='ltr' id='par_1_84' title="bbox 941 1677 1761 1715">
     <span class='ocr_line' id='line_1_85' title="bbox 941 1677 1761 1715; baseline 0.001 -11"><span class='ocrx_word' id='word_1_580' title='bbox 941 1681 1002 1706; x_wconf 81' lang='lat' dir='ltr'><strong>tota</strong></span> <span class='ocrx_word' id='word_1_581' title='bbox 1018 1679 1122 1707; x_wconf 86' lang='lat' dir='ltr'><strong>classis</strong></span> <span class='ocrx_word' id='word_1_582' title='bbox 1148 1679 1224 1715; x_wconf 84' lang='lat' dir='ltr'><strong>apud</strong></span> <span class='ocrx_word' id='word_1_583' title='bbox 1249 1679 1376 1706; x_wconf 76' lang='lat' dir='ltr'><strong>Pharum</strong></span> <span class='ocrx_word' id='word_1_584' title='bbox 1403 1679 1431 1706; x_wconf 91' lang='lat' dir='ltr'><strong>in</strong></span> <span class='ocrx_word' id='word_1_585' title='bbox 1458 1678 1586 1706; x_wconf 84' lang='lat' dir='ltr'><strong>statione</strong></span> <span class='ocrx_word' id='word_1_586' title='bbox 1611 1680 1699 1705; x_wconf 80' lang='lat' dir='ltr'><strong>esset.</strong></span> <span class='ocrx_word' id='word_1_587' title='bbox 1726 1677 1761 1705; x_wconf 86' lang='lat' dir='ltr'><strong>Hi</strong></span> 
     </span>
    </p>
   </div>
   <div class='ocr_carea' id='block_1_85' title="bbox 939 1722 1762 1759">
    <p class='ocr_par' dir='ltr' id='par_1_85' title="bbox 939 1722 1762 1759">
     <span class='ocr_line' id='line_1_86' title="bbox 939 1722 1762 1759; baseline 0 -9"><span class='ocrx_word' id='word_1_588' title='bbox 939 1723 1048 1756; x_wconf 84' lang='lat' dir='ltr'><strong>littora,</strong></span> <span class='ocrx_word' id='word_1_589' title='bbox 1063 1726 1093 1750; x_wconf 91' lang='lat' dir='ltr'><strong>ut</strong></span> <span class='ocrx_word' id='word_1_590' title='bbox 1104 1723 1182 1759; x_wconf 86' lang='lat' dir='ltr'><strong>jussi</strong></span> <span class='ocrx_word' id='word_1_591' title='bbox 1198 1726 1291 1756; x_wconf 80' lang='lat' dir='ltr'><strong>erant,</strong></span> <span class='ocrx_word' id='word_1_592' title='bbox 1309 1723 1535 1756; x_wconf 76' lang='lat' dir='ltr'><strong>circumeuntes,</strong></span> <span class='ocrx_word' id='word_1_593' title='bbox 1548 1731 1605 1758; x_wconf 80' lang='lat' dir='ltr'><strong>qua</strong></span> <span class='ocrx_word' id='word_1_594' title='bbox 1621 1722 1762 1750; x_wconf 78' lang='lat' dir='ltr'><strong>cadavera</strong></span> 
     </span>
    </p>
   </div>
   <div class='ocr_carea' id='block_1_86' title="bbox 938 1767 1758 1803">
    <p class='ocr_par' dir='ltr' id='par_1_86' title="bbox 938 1767 1758 1803">
     <span class='ocr_line' id='line_1_87' title="bbox 938 1767 1758 1803; baseline -0.001 -8"><span class='ocrx_word' id='word_1_595' title='bbox 938 1767 1133 1795; x_wconf 84' lang='lat' dir='ltr'><strong>Barbarorum</strong></span> <span class='ocrx_word' id='word_1_596' title='bbox 1150 1771 1238 1795; x_wconf 67' lang='lat' dir='ltr'><strong>estus</strong></span> <span class='ocrx_word' id='word_1_597' title='bbox 1246 1768 1382 1802; x_wconf 83' lang='lat' dir='ltr'><strong>ejecerat,</strong></span> <span class='ocrx_word' id='word_1_598' title='bbox 1401 1767 1510 1803; x_wconf 84' lang='lat' dir='ltr'><strong>ingenti</strong></span> <span class='ocrx_word' id='word_1_599' title='bbox 1525 1768 1622 1802; x_wconf 60' lang='lat' dir='ltr'><strong>praeda</strong></span> <span class='ocrx_word' id='word_1_600' title='bbox 1633 1775 1666 1794; x_wconf 75' lang='lat' dir='ltr'><strong>ac</strong></span> <span class='ocrx_word' id='word_1_601' title='bbox 1690 1774 1758 1801; x_wconf 91' lang='lat' dir='ltr'><strong>spo-</strong></span> 
     </span>
    </p>
   </div>
   <div class='ocr_carea' id='block_1_87' title="bbox 936 1811 1759 1847">
    <p class='ocr_par' dir='ltr' id='par_1_87' title="bbox 936 1811 1759 1847">
     <span class='ocr_line' id='line_1_88' title="bbox 936 1811 1759 1847; baseline -0.002 -8"><span class='ocrx_word' id='word_1_602' title='bbox 936 1812 984 1840; x_wconf 86' lang='lat' dir='ltr'><strong>liis</strong></span> <span class='ocrx_word' id='word_1_603' title='bbox 1006 1813 1089 1847; x_wconf 88' lang='lat' dir='ltr'><strong>potiti</strong></span> <span class='ocrx_word' id='word_1_604' title='bbox 1114 1816 1195 1840; x_wconf 82' lang='lat' dir='ltr'><strong>sunt.</strong></span> <span class='ocrx_word' id='word_1_605' title='bbox 1219 1812 1321 1839; x_wconf 89' lang='lat' dir='ltr'><strong>Verum</strong></span> <span class='ocrx_word' id='word_1_606' title='bbox 1348 1812 1454 1847; x_wconf 77' lang='lat' dir='ltr'><strong>viginti</strong></span> <span class='ocrx_word' id='word_1_607' title='bbox 1479 1814 1606 1846; x_wconf 76' lang='lat' dir='ltr'><strong>quatuor</strong></span> <span class='ocrx_word' id='word_1_608' title='bbox 1624 1811 1759 1838; x_wconf 86' lang='lat' dir='ltr'><strong>triremes</strong></span> 
     </span>
    </p>
   </div>
   <div class='ocr_carea' id='block_1_88' title="bbox 937 1855 1759 1891">
    <p class='ocr_par' dir='ltr' id='par_1_88' title="bbox 937 1855 1759 1891">
     <span class='ocr_line' id='line_1_89' title="bbox 937 1855 1759 1891; baseline -0.002 -7"><span class='ocrx_word' id='word_1_609' title='bbox 937 1857 1085 1889; x_wconf 70' lang='lat' dir='ltr'><strong>Romanis,</strong></span> <span class='ocrx_word' id='word_1_610' title='bbox 1099 1857 1175 1885; x_wconf 69' lang='lat'><strong>554</strong></span> <span class='ocrx_word' id='word_1_611' title='bbox 1191 1858 1296 1883; x_wconf 79' lang='lat' dir='ltr'><strong>avulsas</strong></span> <span class='ocrx_word' id='word_1_612' title='bbox 1312 1856 1348 1883; x_wconf 86' lang='lat' dir='ltr'><strong>ab</strong></span> <span class='ocrx_word' id='word_1_613' title='bbox 1365 1856 1477 1891; x_wconf 86' lang='lat' dir='ltr'><strong>reliqua</strong></span> <span class='ocrx_word' id='word_1_614' title='bbox 1493 1855 1597 1889; x_wconf 82' lang='lat' dir='ltr'><strong>classe,</strong></span> <span class='ocrx_word' id='word_1_615' title='bbox 1614 1855 1759 1891; x_wconf 84' lang='lat' dir='ltr'><strong>fugientes</strong></span> 
     </span>
    </p>
   </div>
   <div class='ocr_carea' id='block_1_89' title="bbox 934 1902 1756 1936">
    <p class='ocr_par' dir='ltr' id='par_1_89' title="bbox 934 1902 1756 1936">
     <span class='ocr_line' id='line_1_90' title="bbox 934 1902 1756 1936; baseline -0.004 -7"><span class='ocrx_word' id='word_1_616' title='bbox 934 1902 1078 1929; x_wconf 82' lang='lat' dir='ltr'><strong>Barbaros</strong></span> <span class='ocrx_word' id='word_1_617' title='bbox 1094 1902 1231 1929; x_wconf 71' lang='lat' dir='ltr'><strong>insecutae</strong></span> <span class='ocrx_word' id='word_1_618' title='bbox 1247 1909 1355 1936; x_wconf 83' lang='lat' dir='ltr'><strong>eosque</strong></span> <span class='ocrx_word' id='word_1_619' title='bbox 1368 1902 1560 1936; x_wconf 67' lang='lat' dir='ltr'><strong>praetervecta:</strong></span> <span class='ocrx_word' id='word_1_620' title='bbox 1584 1902 1664 1933; x_wconf 88' lang='lat' dir='ltr'><strong>sunt,</strong></span> <span class='ocrx_word' id='word_1_621' title='bbox 1691 1906 1756 1926; x_wconf 87' lang='lat' dir='ltr'><strong>cum</strong></span> 
     </span>
    </p>
   </div>
   <div class='ocr_carea' id='block_1_90' title="bbox 934 1944 1756 1981">
    <p class='ocr_par' dir='ltr' id='par_1_90' title="bbox 934 1944 1756 1981">
     <span class='ocr_line' id='line_1_91' title="bbox 934 1944 1756 1981; baseline -0.004 -8"><span class='ocrx_word' id='word_1_622' title='bbox 934 1946 953 1973; x_wconf 94' lang='lat' dir='ltr'><strong>ii</strong></span> <span class='ocrx_word' id='word_1_623' title='bbox 974 1945 1003 1973; x_wconf 90' lang='lat' dir='ltr'><strong>in</strong></span> <span class='ocrx_word' id='word_1_624' title='bbox 1014 1946 1171 1981; x_wconf 89' lang='lat' dir='ltr'><strong>quemdam</strong></span> <span class='ocrx_word' id='word_1_625' title='bbox 1185 1949 1301 1981; x_wconf 90' lang='lat' dir='ltr'><strong>portum</strong></span> <span class='ocrx_word' id='word_1_626' title='bbox 1315 1954 1401 1973; x_wconf 80' lang='lat' dir='ltr'><strong>naves</strong></span> <span class='ocrx_word' id='word_1_627' title='bbox 1417 1944 1756 1980; x_wconf 80' lang='lat' dir='ltr'><strong>subduxissent.Seythie</strong></span> 
     </span>
    </p>
   </div>
   <div class='ocr_carea' id='block_1_91' title="bbox 933 1989 1756 2026">
    <p class='ocr_par' dir='ltr' id='par_1_91' title="bbox 933 1989 1756 2026">
     <span class='ocr_line' id='line_1_92' title="bbox 933 1989 1756 2026; baseline -0.001 -9"><span class='ocrx_word' id='word_1_628' title='bbox 933 1998 1002 2026; x_wconf 88' lang='lat' dir='ltr'><strong>ergo</strong></span> <span class='ocrx_word' id='word_1_629' title='bbox 1020 1990 1165 2025; x_wconf 78' lang='lat' dir='ltr'><strong>paucitate</strong></span> <span class='ocrx_word' id='word_1_630' title='bbox 1182 1990 1332 2017; x_wconf 85' lang='lat' dir='ltr'><strong>hostilium</strong></span> <span class='ocrx_word' id='word_1_631' title='bbox 1351 1991 1468 2017; x_wconf 79' lang='lat' dir='ltr'><strong>navium</strong></span> <span class='ocrx_word' id='word_1_632' title='bbox 1483 1989 1611 2025; x_wconf 87' lang='lat' dir='ltr'><strong>cognita,</strong></span> <span class='ocrx_word' id='word_1_633' title='bbox 1627 1997 1756 2024; x_wconf 90' lang='lat' dir='ltr'><strong>comper-</strong></span> 
     </span>
    </p>
   </div>
   <div class='ocr_carea' id='block_1_92' title="bbox 932 2034 1755 2070">
    <p class='ocr_par' dir='ltr' id='par_1_92' title="bbox 932 2034 1755 2070">
     <span class='ocr_line' id='line_1_93' title="bbox 932 2034 1755 2070; baseline -0.002 -8"><span class='ocrx_word' id='word_1_634' title='bbox 932 2038 1022 2070; x_wconf 86' lang='lat' dir='ltr'><strong>toque</strong></span> <span class='ocrx_word' id='word_1_635' title='bbox 1038 2043 1093 2062; x_wconf 91' lang='lat' dir='ltr'><strong>non</strong></span> <span class='ocrx_word' id='word_1_636' title='bbox 1106 2034 1204 2070; x_wconf 89' lang='lat' dir='ltr'><strong>plures</strong></span> <span class='ocrx_word' id='word_1_637' title='bbox 1231 2042 1294 2062; x_wconf 81' lang='lat' dir='ltr'><strong>esse</strong></span> <span class='ocrx_word' id='word_1_638' title='bbox 1318 2042 1408 2070; x_wconf 83' lang='lat' dir='ltr'><strong>quam</strong></span> <span class='ocrx_word' id='word_1_639' title='bbox 1433 2034 1501 2061; x_wconf 67' lang='lat' dir='ltr'><strong>visa:</strong></span> <span class='ocrx_word' id='word_1_640' title='bbox 1528 2036 1620 2068; x_wconf 85' lang='lat' dir='ltr'><strong>erant,</strong></span> <span class='ocrx_word' id='word_1_641' title='bbox 1649 2042 1666 2061; x_wconf 92' lang='lat' dir='ltr'><strong>a</strong></span> <span class='ocrx_word' id='word_1_642' title='bbox 1690 2041 1755 2068; x_wconf 91' lang='lat' dir='ltr'><strong>pro-</strong></span> 
     </span>
    </p>
   </div>
   <div class='ocr_carea' id='block_1_93' title="bbox 933 2078 1755 2114">
    <p class='ocr_par' dir='ltr' id='par_1_93' title="bbox 933 2078 1755 2114">
     <span class='ocr_line' id='line_1_94' title="bbox 933 2078 1755 2114; baseline -0.002 -7"><span class='ocrx_word' id='word_1_643' title='bbox 933 2080 1086 2107; x_wconf 88' lang='lat' dir='ltr'><strong>montoriis</strong></span> <span class='ocrx_word' id='word_1_644' title='bbox 1101 2079 1137 2107; x_wconf 87' lang='lat' dir='ltr'><strong>ab</strong></span> <span class='ocrx_word' id='word_1_645' title='bbox 1163 2082 1286 2114; x_wconf 80' lang='lat' dir='ltr'><strong>utraque</strong></span> <span class='ocrx_word' id='word_1_646' title='bbox 1315 2081 1396 2114; x_wconf 82' lang='lat' dir='ltr'><strong>parte</strong></span> <span class='ocrx_word' id='word_1_647' title='bbox 1426 2078 1492 2107; x_wconf 90' lang='lat' dir='ltr'><strong>sitis</strong></span> <span class='ocrx_word' id='word_1_648' title='bbox 1517 2087 1626 2107; x_wconf 87' lang='lat' dir='ltr'><strong>cornua</strong></span> <span class='ocrx_word' id='word_1_649' title='bbox 1654 2079 1755 2106; x_wconf 85' lang='lat' dir='ltr'><strong>exten-</strong></span> 
     </span>
    </p>
   </div>
   <div class='ocr_carea' id='block_1_94' title="bbox 931 2122 1753 2159">
    <p class='ocr_par' dir='ltr' id='par_1_94' title="bbox 931 2122 1753 2159">
     <span class='ocr_line' id='line_1_95' title="bbox 931 2122 1753 2159; baseline -0.002 -7"><span class='ocrx_word' id='word_1_650' title='bbox 931 2125 1048 2157; x_wconf 84' lang='lat' dir='ltr'><strong>derunt,</strong></span> <span class='ocrx_word' id='word_1_651' title='bbox 1061 2127 1090 2152; x_wconf 88' lang='lat' dir='ltr'><strong>et</strong></span> <span class='ocrx_word' id='word_1_652' title='bbox 1103 2126 1239 2152; x_wconf 86' lang='lat' dir='ltr'><strong>contenta</strong></span> <span class='ocrx_word' id='word_1_653' title='bbox 1252 2124 1296 2151; x_wconf 87' lang='lat' dir='ltr'><strong>usi</strong></span> <span class='ocrx_word' id='word_1_654' title='bbox 1328 2124 1518 2159; x_wconf 77' lang='lat' dir='ltr'><strong>remigations</strong></span> <span class='ocrx_word' id='word_1_655' title='bbox 1543 2122 1753 2151; x_wconf 85' lang='lat' dir='ltr'><strong>circumvenire</strong></span> 
     </span>
    </p>
   </div>
   <div class='ocr_carea' id='block_1_95' title="bbox 931 2165 1754 2203">
    <p class='ocr_par' dir='ltr' id='par_1_95' title="bbox 931 2165 1754 2203">
     <span class='ocr_line' id='line_1_96' title="bbox 931 2165 1754 2203; baseline -0.002 -8"><span class='ocrx_word' id='word_1_656' title='bbox 931 2175 981 2195; x_wconf 87' lang='lat' dir='ltr'><strong>eas</strong></span> <span class='ocrx_word' id='word_1_657' title='bbox 1002 2171 1162 2203; x_wconf 72' lang='lat' dir='ltr'><strong>cmperunt.</strong></span> <span class='ocrx_word' id='word_1_658' title='bbox 1191 2168 1312 2195; x_wconf 80' lang='lat' dir='ltr'><strong>Romani</strong></span> <span class='ocrx_word' id='word_1_659' title='bbox 1345 2167 1438 2202; x_wconf 84' lang='lat' dir='ltr'><strong>priore</strong></span> <span class='ocrx_word' id='word_1_660' title='bbox 1461 2167 1559 2195; x_wconf 87' lang='lat' dir='ltr'><strong>labore</strong></span> <span class='ocrx_word' id='word_1_661' title='bbox 1592 2165 1754 2202; x_wconf 79' lang='lat' dir='ltr'><strong>remigandi</strong></span> 
     </span>
    </p>
   </div>
   <div class='ocr_carea' id='block_1_96' title="bbox 66 2209 824 2251">
    <p class='ocr_par' dir='ltr' id='par_1_96' title="bbox 66 2209 824 2251">
     <span class='ocr_line' id='line_1_97' title="bbox 66 2209 824 2251; baseline 0.008 -14"><span class='ocrx_word' id='word_1_662' title='bbox 66 2209 107 2243; x_wconf 79' lang='grc' dir='ltr'>μὶν</span> <span class='ocrx_word' id='word_1_663' title='bbox 133 2211 258 2248; x_wconf 72' lang='grc' dir='ltr'>βασιλεὺς</span> <span class='ocrx_word' id='word_1_664' title='bbox 286 2215 368 2241; x_wconf 80' lang='grc' dir='ltr'>ταῦτα</span> <span class='ocrx_word' id='word_1_665' title='bbox 398 2212 612 2251; x_wconf 83' lang='grc' dir='ltr'>διαπραξάμενος</span> <span class='ocrx_word' id='word_1_666' title='bbox 641 2215 765 2250; x_wconf 78' lang='grc' dir='ltr'>εἰσῆλθεν</span> <span class='ocrx_word' id='word_1_667' title='bbox 791 2216 824 2248; x_wconf 73' lang='grc' dir='ltr'>εἷς</span> 
     </span>
    </p>
   </div>
   <div class='ocr_carea' id='block_1_97' title="bbox 994 2209 1752 2251">
    <p class='ocr_par' dir='ltr' id='par_1_97' title="bbox 996 2210 1752 2248">
     <span class='ocr_line' id='line_1_98' title="bbox 996 2210 1752 2248; baseline -0.004 -8"><span class='ocrx_word' id='word_1_668' title='bbox 996 2212 1164 2248; x_wconf 86' lang='lat' dir='ltr'><strong>quendique</strong></span> <span class='ocrx_word' id='word_1_669' title='bbox 1174 2212 1337 2248; x_wconf 77' lang='lat' dir='ltr'><strong>defatigati,</strong></span> <span class='ocrx_word' id='word_1_670' title='bbox 1351 2215 1379 2240; x_wconf 92' lang='lat' dir='ltr'><strong>et</strong></span> <span class='ocrx_word' id='word_1_671' title='bbox 1395 2212 1585 2240; x_wconf 83' lang='lat' dir='ltr'><strong>multitudine</strong></span> <span class='ocrx_word' id='word_1_672' title='bbox 1600 2210 1752 2239; x_wconf 79' lang='lat' dir='ltr'><strong>hostilium</strong></span> 
     </span>
    </p>
   </div>
   <div class='ocr_carea' id='block_1_98' title="bbox 66 2255 875 2297">
    <p class='ocr_par' dir='ltr' id='par_1_98' title="bbox 66 2255 875 2297">
     <span class='ocr_line' id='line_1_99' title="bbox 66 2255 875 2297; baseline 0.01 -17"><span class='ocrx_word' id='word_1_673' title='bbox 66 2255 207 2290; x_wconf 81' lang='grc' dir='ltr'>Βυζάντιον,</span> <span class='ocrx_word' id='word_1_674' title='bbox 239 2257 264 2284; x_wconf 77' lang='grc' dir='ltr'>οἱ</span> <span class='ocrx_word' id='word_1_675' title='bbox 293 2257 356 2296; x_wconf 69' lang='grc' dir='ltr'>περὶ</span> <span class='ocrx_word' id='word_1_676' title='bbox 384 2259 429 2285; x_wconf 83' lang='grc' dir='ltr'><strong>τὸν</strong></span> <span class='ocrx_word' id='word_1_677' title='bbox 450 2259 697 2297; x_wconf 78' lang='grc' dir='ltr'>παρακοιμώμενον</span> <span class='ocrx_word' id='word_1_678' title='bbox 728 2259 814 2288; x_wconf 77' lang='grc' dir='ltr'>δὲκαὶ</span> <span class='ocrx_word' id='word_1_679' title='bbox 830 2261 875 2288; x_wconf 85' lang='grc' dir='ltr'><strong>τὸν</strong></span> 
     </span>
    </p>
   </div>
   <div class='ocr_carea' id='block_1_99' title="bbox 66 2296 877 2341">
    <p class='ocr_par' dir='ltr' id='par_1_99' title="bbox 66 2296 877 2341">
     <span class='ocr_line' id='line_1_100' title="bbox 66 2296 877 2341; baseline 0.01 -17"><span class='ocrx_word' id='word_1_680' title='bbox 66 2296 262 2337; x_wconf 80' lang='grc' dir='ltr'>Θιοδωροκάνον</span> <span class='ocrx_word' id='word_1_681' title='bbox 278 2302 341 2333; x_wconf 83' lang='grc' dir='ltr'>τοὺς</span> <span class='ocrx_word' id='word_1_682' title='bbox 364 2301 508 2340; x_wconf 68' lang='grc' dir='ltr'>αἰγιαλοὺς</span> <span class='ocrx_word' id='word_1_683' title='bbox 535 2305 697 2341; x_wconf 68' lang='grc' dir='ltr'>περιιόντες,</span> <span class='ocrx_word' id='word_1_684' title='bbox 723 2304 785 2336; x_wconf 82' lang='grc' dir='ltr'>ἔνθα</span> <span class='ocrx_word' id='word_1_685' title='bbox 811 2305 877 2341; x_wconf 74' lang='grc' dir='ltr'>μετὰ</span> 
     </span>
    </p>
   </div>
   <div class='ocr_carea' id='block_1_100' title="bbox 65 2341 874 2386">
    <p class='ocr_par' dir='ltr' id='par_1_100' title="bbox 65 2341 874 2386">
     <span class='ocr_line' id='line_1_101' title="bbox 65 2341 874 2386; baseline 0.006 -16"><span class='ocrx_word' id='word_1_686' title='bbox 65 2341 107 2375; x_wconf 73' lang='grc' dir='ltr'>τὴν</span> <span class='ocrx_word' id='word_1_687' title='bbox 134 2346 235 2381; x_wconf 73' lang='grc' dir='ltr'>τροπὴν</span> <span class='ocrx_word' id='word_1_688' title='bbox 260 2344 405 2383; x_wconf 73' lang='grc' dir='ltr'>ἐξεϐράσθη</span> <span class='ocrx_word' id='word_1_689' title='bbox 430 2348 464 2374; x_wconf 80' lang='grc' dir='ltr'>τὰ</span> <span class='ocrx_word' id='word_1_690' title='bbox 492 2347 605 2384; x_wconf 77' lang='grc' dir='ltr'>σώματα</span> <span class='ocrx_word' id='word_1_691' title='bbox 630 2350 685 2376; x_wconf 84' lang='grc' dir='ltr'>τῶν</span> <span class='ocrx_word' id='word_1_692' title='bbox 714 2347 874 2386; x_wconf 73' lang='grc' dir='ltr'>Βαρϐάρων,</span> 
     </span>
    </p>
   </div>
   <div class='ocr_carea' id='block_1_101' title="bbox 66 2389 874 2434">
    <p class='ocr_par' dir='ltr' id='par_1_101' title="bbox 66 2389 874 2434">
     <span class='ocr_line' id='line_1_102' title="bbox 66 2389 874 2434; baseline 0.012 -19"><span class='ocrx_word' id='word_1_693' title='bbox 66 2389 163 2426; x_wconf 82' lang='grc' dir='ltr'>πολλῆς</span> <span class='ocrx_word' id='word_1_694' title='bbox 200 2394 274 2425; x_wconf 72' lang='grc' dir='ltr'>λείας</span> <span class='ocrx_word' id='word_1_695' title='bbox 309 2396 353 2422; x_wconf 80' lang='grc' dir='ltr'><strong>καὶ</strong></span> <span class='ocrx_word' id='word_1_696' title='bbox 391 2395 499 2424; x_wconf 78' lang='grc' dir='ltr'>σκύλων</span> <span class='ocrx_word' id='word_1_697' title='bbox 535 2396 659 2434; x_wconf 76' lang='grc' dir='ltr'>ἐγένοντο</span> <span class='ocrx_word' id='word_1_698' title='bbox 692 2397 792 2434; x_wconf 79' lang='grc' dir='ltr'>κύριοι.</span> <span class='ocrx_word' id='word_1_699' title='bbox 823 2398 874 2426; x_wconf 84' lang='grc' dir='ltr'><strong>Καὶ</strong></span> 
     </span>
    </p>
   </div>
   <div class='ocr_carea' id='block_1_102' title="bbox 65 2435 875 2479">
    <p class='ocr_par' dir='ltr' id='par_1_102' title="bbox 65 2435 875 2479">
     <span class='ocr_line' id='line_1_103' title="bbox 65 2435 875 2479; baseline 0.005 -14"><span class='ocrx_word' id='word_1_700' title='bbox 65 2435 172 2479; x_wconf 46' lang='grc' dir='ltr'>τριήρης</span> <span class='ocrx_word' id='word_1_701' title='bbox 200 2437 229 2466; x_wconf 77' lang='grc' dir='ltr'>δὶ</span> <span class='ocrx_word' id='word_1_702' title='bbox 255 2439 386 2477; x_wconf 80' lang='grc' dir='ltr'>τέσσαρας</span> <span class='ocrx_word' id='word_1_703' title='bbox 410 2440 453 2467; x_wconf 78' lang='grc' dir='ltr'>ἐπὶ</span> <span class='ocrx_word' id='word_1_704' title='bbox 483 2440 567 2468; x_wconf 79' lang='grc' dir='ltr'>εἶ’κοσι</span> <span class='ocrx_word' id='word_1_705' title='bbox 597 2444 645 2469; x_wconf 81' lang='grc' dir='ltr'><strong>τοῦ</strong></span> <span class='ocrx_word' id='word_1_706' title='bbox 661 2441 760 2470; x_wconf 77' lang='grc' dir='ltr'>λοιποῦ</span> <span class='ocrx_word' id='word_1_707' title='bbox 774 2441 875 2479; x_wconf 81' lang='grc' dir='ltr'>διαιρε-</span> 
     </span>
    </p>
   </div>
   <div class='ocr_carea' id='block_1_103' title="bbox 65 2476 873 2523">
    <p class='ocr_par' dir='ltr' id='par_1_103' title="bbox 65 2476 873 2523">
     <span class='ocr_line' id='line_1_104' title="bbox 65 2476 873 2523; baseline 0.01 -17"><span class='ocrx_word' id='word_1_708' title='bbox 65 2476 138 2506; x_wconf 75' lang='grc' dir='ltr'>θεῖσαι</span> <span class='ocrx_word' id='word_1_709' title='bbox 157 2481 254 2510; x_wconf 82' lang='grc' dir='ltr'>στόλου</span> <span class='ocrx_word' id='word_1_710' title='bbox 284 2476 393 2512; x_wconf 68' lang='grc' dir='ltr'>ι’ίποντο</span> <span class='ocrx_word' id='word_1_711' title='bbox 423 2487 551 2523; x_wconf 77' lang='grc' dir='ltr'>φεύγουσι</span> <span class='ocrx_word' id='word_1_712' title='bbox 579 2488 638 2517; x_wconf 89' lang='grc' dir='ltr'>τοῖς</span> <span class='ocrx_word' id='word_1_713' title='bbox 664 2476 873 2523; x_wconf 37' lang='grc' dir='ltr'>Βαρϐάροιςδὲν</span> 
     </span>
    </p>
   </div>
   <div class='ocr_carea' id='block_1_104' title="bbox 65 2523 873 2568">
    <p class='ocr_par' dir='ltr' id='par_1_104' title="bbox 65 2523 873 2568">
     <span class='ocr_line' id='line_1_105' title="bbox 65 2523 873 2568; baseline 0.004 -13"><span class='ocrx_word' id='word_1_714' title='bbox 65 2530 110 2568; x_wconf 28' lang='grc' dir='ltr'><strong>ξινΔί</strong></span> <span class='ocrx_word' id='word_1_715' title='bbox 136 2523 162 2552; x_wconf 72' lang='grc' dir='ltr'><strong>δὶ</strong></span> <span class='ocrx_word' id='word_1_716' title='bbox 187 2527 284 2564; x_wconf 80' lang='grc' dir='ltr'>κόλπῳ</span> <span class='ocrx_word' id='word_1_717' title='bbox 311 2527 522 2566; x_wconf 84' lang='grc' dir='ltr'>ναυλοχούντων</span> <span class='ocrx_word' id='word_1_718' title='bbox 537 2529 624 2558; x_wconf 76' lang='grc' dir='ltr'>αὐτῶν</span> <span class='ocrx_word' id='word_1_719' title='bbox 638 2530 779 2568; x_wconf 83' lang='grc' dir='ltr'>παρῆλθον</span> <span class='ocrx_word' id='word_1_720' title='bbox 796 2530 873 2558; x_wconf 81' lang='grc' dir='ltr'>αὗται</span> 
     </span>
    </p>
   </div>
   <div class='ocr_carea' id='block_1_105' title="bbox 67 2563 873 2612">
    <p class='ocr_par' dir='ltr' id='par_1_105' title="bbox 67 2563 873 2612">
     <span class='ocr_line' id='line_1_106' title="bbox 67 2563 873 2612; baseline 0.01 -17"><span class='ocrx_word' id='word_1_721' title='bbox 67 2563 207 2612; x_wconf 53' lang='grc' dir='ltr'>ξιώκςιυσαι.</span> <span class='ocrx_word' id='word_1_722' title='bbox 235 2572 284 2600; x_wconf 70' lang='grc' dir='ltr'><strong>Καὶ</strong></span> <span class='ocrx_word' id='word_1_723' title='bbox 300 2563 451 2610; x_wconf 45' lang='grc' dir='ltr'>γνόντες-οἱ</span> <span class='ocrx_word' id='word_1_724' title='bbox 464 2574 565 2601; x_wconf 77' lang='grc' dir='ltr'>Σκύθαι</span> <span class='ocrx_word' id='word_1_725' title='bbox 580 2575 629 2609; x_wconf 81' lang='grc' dir='ltr'>τὴν</span> <span class='ocrx_word' id='word_1_726' title='bbox 644 2563 804 2612; x_wconf 67' lang='grc' dir='ltr'>ὀλιγότητα,</span> <span class='ocrx_word' id='word_1_727' title='bbox 828 2575 873 2603; x_wconf 88' lang='grc' dir='ltr'><strong>καὶ</strong></span> 
     </span>
    </p>
   </div>
   <div class='ocr_carea' id='block_1_106' title="bbox 67 2607 871 2659">
    <p class='ocr_par' dir='ltr' id='par_1_106' title="bbox 67 2607 871 2659">
     <span class='ocr_line' id='line_1_107' title="bbox 67 2607 871 2659; baseline 0.007 -18"><span class='ocrx_word' id='word_1_728' title='bbox 67 2607 172 2659; x_wconf 66' lang='grc' dir='ltr'>ἀκριὸᾣς</span> <span class='ocrx_word' id='word_1_729' title='bbox 191 2607 392 2649; x_wconf 70' lang='grc' dir='ltr'>καταλαϐόντες</span> <span class='ocrx_word' id='word_1_730' title='bbox 407 2618 444 2650; x_wconf 86' lang='grc' dir='ltr'><strong>ὡς</strong></span> <span class='ocrx_word' id='word_1_731' title='bbox 467 2618 499 2646; x_wconf 83' lang='grc' dir='ltr'>οὕ</span> <span class='ocrx_word' id='word_1_732' title='bbox 525 2607 636 2651; x_wconf 79' lang='grc' dir='ltr'>πλείους</span> <span class='ocrx_word' id='word_1_733' title='bbox 658 2607 712 2647; x_wconf 59' lang='grc' dir='ltr'><strong>τῶν</strong></span> <span class='ocrx_word' id='word_1_734' title='bbox 741 2607 871 2659; x_wconf 62' lang='grc' dir='ltr'>(ραινομέ-</span> 
     </span>
    </p>
   </div>
   <div class='ocr_carea' id='block_1_107' title="bbox 67 2657 872 2700">
    <p class='ocr_par' dir='ltr' id='par_1_107' title="bbox 67 2657 872 2700">
     <span class='ocr_line' id='line_1_108' title="bbox 67 2657 872 2700; baseline 0.012 -18"><span class='ocrx_word' id='word_1_735' title='bbox 67 2663 109 2700; x_wconf 62' lang='grc' dir='ltr'>νιον</span> <span class='ocrx_word' id='word_1_736' title='bbox 125 2657 197 2693; x_wconf 75' lang='grc' dir='ltr'>εἰσὶν,</span> <span class='ocrx_word' id='word_1_737' title='bbox 220 2661 416 2699; x_wconf 78' lang='grc' dir='ltr'>ὑπιρκιρώσιις</span> <span class='ocrx_word' id='word_1_738' title='bbox 440 2663 623 2700; x_wconf 85' lang='grc' dir='ltr'>ποιησάμενοι</span> <span class='ocrx_word' id='word_1_739' title='bbox 652 2664 705 2691; x_wconf 78' lang='grc' dir='ltr'>ἀπὸ</span> <span class='ocrx_word' id='word_1_740' title='bbox 728 2657 776 2691; x_wconf 84' lang='grc' dir='ltr'>τοῦ</span> <span class='ocrx_word' id='word_1_741' title='bbox 799 2664 872 2696; x_wconf 64' lang='grc' dir='ltr'>ἔνθεν</span> 
     </span>
    </p>
   </div>
   <div class='ocr_carea' id='block_1_108' title="bbox 68 2697 871 2746">
    <p class='ocr_par' dir='ltr' id='par_1_108' title="bbox 68 2697 871 2746">
     <span class='ocr_line' id='line_1_109' title="bbox 68 2697 871 2746; baseline 0.002 -13"><span class='ocrx_word' id='word_1_742' title='bbox 68 2697 171 2746; x_wconf 57' lang='grc' dir='ltr'><strong>κάκεῖθεν</strong></span> <span class='ocrx_word' id='word_1_743' title='bbox 198 2697 369 2743; x_wconf 74' lang='grc' dir='ltr'>ἀκρωτηρίου</span> <span class='ocrx_word' id='word_1_744' title='bbox 397 2707 442 2734; x_wconf 79' lang='grc' dir='ltr'><strong>καὶ</strong></span> <span class='ocrx_word' id='word_1_745' title='bbox 472 2697 590 2744; x_wconf 74' lang='grc' dir='ltr'>συντόνῳ</span> <span class='ocrx_word' id='word_1_746' title='bbox 618 2710 652 2745; x_wconf 80' lang='grc' dir='ltr'><strong>τῇ</strong></span> <span class='ocrx_word' id='word_1_747' title='bbox 683 2708 782 2745; x_wconf 77' lang='grc' dir='ltr'>ιῖρεσίᾳ</span> <span class='ocrx_word' id='word_1_748' title='bbox 798 2708 871 2746; x_wconf 81' lang='grc' dir='ltr'>χρώ-</span> 
     </span>
    </p>
   </div>
   <div class='ocr_carea' id='block_1_109' title="bbox 71 2745 871 2788">
    <p class='ocr_par' dir='ltr' id='par_1_109' title="bbox 71 2745 871 2788">
     <span class='ocr_line' id='line_1_110' title="bbox 71 2745 871 2788; baseline 0.008 -13"><span class='ocrx_word' id='word_1_749' title='bbox 71 2751 133 2775; x_wconf 73' lang='grc' dir='ltr'>μενοι</span> <span class='ocrx_word' id='word_1_750' title='bbox 155 2745 277 2777; x_wconf 64' lang='grc' dir='ltr'>ἔσπευδον</span> <span class='ocrx_word' id='word_1_751' title='bbox 294 2749 518 2788; x_wconf 73' lang='grc' dir='ltr'>έγκολπώσασθαι</span> <span class='ocrx_word' id='word_1_752' title='bbox 534 2751 596 2784; x_wconf 73' lang='grc' dir='ltr'>τοὺς</span> <span class='ocrx_word' id='word_1_753' title='bbox 615 2752 759 2784; x_wconf 67' lang='grc' dir='ltr'>ἐναντίους.</span> <span class='ocrx_word' id='word_1_754' title='bbox 787 2745 818 2780; x_wconf 77' lang='lat' dir='ltr'><strong>Ol</strong></span> <span class='ocrx_word' id='word_1_755' title='bbox 842 2752 871 2781; x_wconf 72' lang='grc' dir='ltr'>δὶ</span> 
     </span>
    </p>
   </div>
   <div class='ocr_carea' id='block_1_110' title="bbox 933 2255 1752 2293">
    <p class='ocr_par' dir='ltr' id='par_1_110' title="bbox 933 2255 1752 2293">
     <span class='ocr_line' id='line_1_111' title="bbox 933 2255 1752 2293; baseline -0.004 -8"><span class='ocrx_word' id='word_1_756' title='bbox 933 2258 1050 2285; x_wconf 85' lang='lat' dir='ltr'><strong>navium</strong></span> <span class='ocrx_word' id='word_1_757' title='bbox 1080 2257 1236 2293; x_wconf 85' lang='lat' dir='ltr'><strong>perterriti,</strong></span> <span class='ocrx_word' id='word_1_758' title='bbox 1267 2257 1302 2284; x_wconf 91' lang='lat' dir='ltr'><strong>ad</strong></span> <span class='ocrx_word' id='word_1_759' title='bbox 1324 2257 1422 2292; x_wconf 78' lang='lat' dir='ltr'><strong>fugam</strong></span> <span class='ocrx_word' id='word_1_760' title='bbox 1450 2256 1640 2284; x_wconf 79' lang='lat' dir='ltr'><strong>inclinarunt.</strong></span> <span class='ocrx_word' id='word_1_761' title='bbox 1680 2255 1752 2283; x_wconf 81' lang='lat' dir='ltr'><strong>Cum</strong></span> 
     </span>
    </p>
   </div>
   <div class='ocr_carea' id='block_1_111' title="bbox 932 2299 1753 2330">
    <p class='ocr_par' dir='ltr' id='par_1_111' title="bbox 932 2299 1753 2330">
     <span class='ocr_line' id='line_1_112' title="bbox 932 2299 1753 2330; baseline -0.004 -1"><span class='ocrx_word' id='word_1_762' title='bbox 932 2306 1031 2330; x_wconf 81' lang='lat' dir='ltr'><strong>autem</strong></span> <span class='ocrx_word' id='word_1_763' title='bbox 1050 2302 1206 2329; x_wconf 67' lang='lat' dir='ltr'><strong>barbaricas</strong></span> <span class='ocrx_word' id='word_1_764' title='bbox 1220 2310 1306 2329; x_wconf 79' lang='lat' dir='ltr'><strong>naves</strong></span> <span class='ocrx_word' id='word_1_765' title='bbox 1323 2302 1422 2329; x_wconf 78' lang='lat' dir='ltr'><strong>fauces</strong></span> <span class='ocrx_word' id='word_1_766' title='bbox 1437 2301 1520 2328; x_wconf 88' lang='lat' dir='ltr'><strong>sinus</strong></span> <span class='ocrx_word' id='word_1_767' title='bbox 1542 2299 1753 2328; x_wconf 86' lang='lat' dir='ltr'><strong>circumdedis-</strong></span> 
     </span>
    </p>
   </div>
   <div class='ocr_carea' id='block_1_112' title="bbox 932 2344 1751 2378">
    <p class='ocr_par' dir='ltr' id='par_1_112' title="bbox 932 2344 1751 2378">
     <span class='ocr_line' id='line_1_113' title="bbox 932 2344 1751 2378; baseline -0.002 -5"><span class='ocrx_word' id='word_1_768' title='bbox 932 2349 998 2373; x_wconf 84' lang='lat' dir='ltr'><strong>sent</strong></span> <span class='ocrx_word' id='word_1_769' title='bbox 1013 2346 1084 2374; x_wconf 86' lang='lat' dir='ltr'><strong>etin</strong></span> <span class='ocrx_word' id='word_1_770' title='bbox 1101 2347 1194 2373; x_wconf 89' lang='lat' dir='ltr'><strong>altum</strong></span> <span class='ocrx_word' id='word_1_771' title='bbox 1211 2348 1288 2373; x_wconf 80' lang='lat' dir='ltr'><strong>exire</strong></span> <span class='ocrx_word' id='word_1_772' title='bbox 1304 2354 1360 2373; x_wconf 91' lang='lat' dir='ltr'><strong>non</strong></span> <span class='ocrx_word' id='word_1_773' title='bbox 1381 2346 1509 2378; x_wconf 86' lang='lat' dir='ltr'><strong>daretur,</strong></span> <span class='ocrx_word' id='word_1_774' title='bbox 1539 2344 1751 2372; x_wconf 80' lang='lat' dir='ltr'><strong>Constantinus</strong></span> 
     </span>
    </p>
   </div>
   <div class='ocr_carea' id='block_1_113' title="bbox 932 2390 1753 2426">
    <p class='ocr_par' dir='ltr' id='par_1_113' title="bbox 932 2390 1753 2426">
     <span class='ocr_line' id='line_1_114' title="bbox 932 2390 1753 2426; baseline -0.002 -8"><span class='ocrx_word' id='word_1_775' title='bbox 932 2391 1074 2426; x_wconf 84' lang='lat' dir='ltr'><strong>patricius</strong></span> <span class='ocrx_word' id='word_1_776' title='bbox 1089 2390 1274 2419; x_wconf 79' lang='lat' dir='ltr'><strong>Caballurius</strong></span> <span class='ocrx_word' id='word_1_777' title='bbox 1289 2390 1530 2426; x_wconf 68' lang='lat' dir='ltr'><strong>Cibyrrazotarum</strong></span> <span class='ocrx_word' id='word_1_778' title='bbox 1541 2390 1610 2423; x_wconf 82' lang='lat' dir='ltr'><strong>dux,</strong></span> <span class='ocrx_word' id='word_1_779' title='bbox 1621 2397 1687 2417; x_wconf 88' lang='lat' dir='ltr'><strong>eum</strong></span> <span class='ocrx_word' id='word_1_780' title='bbox 1699 2397 1753 2416; x_wconf 90' lang='lat' dir='ltr'><strong>sua</strong></span> 
     </span>
    </p>
   </div>
   <div class='ocr_carea' id='block_1_114' title="bbox 930 2434 1753 2468">
    <p class='ocr_par' dir='ltr' id='par_1_114' title="bbox 930 2434 1753 2468">
     <span class='ocr_line' id='line_1_115' title="bbox 930 2434 1753 2468; baseline -0.002 -6"><span class='ocrx_word' id='word_1_781' title='bbox 930 2437 959 2462; x_wconf 87' lang='lat' dir='ltr'><strong>et</strong></span> <span class='ocrx_word' id='word_1_782' title='bbox 974 2434 1040 2463; x_wconf 88' lang='lat' dir='ltr'><strong>aliis</strong></span> <span class='ocrx_word' id='word_1_783' title='bbox 1054 2435 1152 2462; x_wconf 86' lang='lat' dir='ltr'><strong>decem</strong></span> <span class='ocrx_word' id='word_1_784' title='bbox 1177 2434 1346 2463; x_wconf 88' lang='lat' dir='ltr'><strong>triremibus</strong></span> <span class='ocrx_word' id='word_1_785' title='bbox 1369 2434 1481 2462; x_wconf 82' lang='lat' dir='ltr'><strong>fortiter</strong></span> <span class='ocrx_word' id='word_1_786' title='bbox 1507 2434 1536 2462; x_wconf 91' lang='lat' dir='ltr'><strong>in</strong></span> <span class='ocrx_word' id='word_1_787' title='bbox 1561 2434 1676 2462; x_wconf 82' lang='lat' dir='ltr'><strong>hostem</strong></span> <span class='ocrx_word' id='word_1_788' title='bbox 1703 2441 1753 2468; x_wconf 88' lang='lat' dir='ltr'><strong>pu-</strong></span> 
     </span>
    </p>
   </div>
   <div class='ocr_carea' id='block_1_115' title="bbox 930 2479 1752 2514">
    <p class='ocr_par' dir='ltr' id='par_1_115' title="bbox 930 2479 1752 2514">
     <span class='ocr_line' id='line_1_116' title="bbox 930 2479 1752 2514; baseline -0.002 -8"><span class='ocrx_word' id='word_1_789' title='bbox 930 2487 1036 2514; x_wconf 82' lang='lat' dir='ltr'><strong>gnans,</strong></span> <span class='ocrx_word' id='word_1_790' title='bbox 1057 2479 1192 2507; x_wconf 87' lang='lat' dir='ltr'><strong>concisus</strong></span> <span class='ocrx_word' id='word_1_791' title='bbox 1215 2482 1269 2507; x_wconf 89' lang='lat' dir='ltr'><strong>est.</strong></span> <span class='ocrx_word' id='word_1_792' title='bbox 1295 2481 1392 2514; x_wconf 69' lang='lat' dir='ltr'><strong>Captae</strong></span> <span class='ocrx_word' id='word_1_793' title='bbox 1420 2488 1437 2506; x_wconf 88' lang='lat' dir='ltr'><strong>a</strong></span> <span class='ocrx_word' id='word_1_794' title='bbox 1463 2479 1598 2506; x_wconf 82' lang='lat' dir='ltr'><strong>Barbarie</strong></span> <span class='ocrx_word' id='word_1_795' title='bbox 1626 2480 1752 2513; x_wconf 84' lang='lat' dir='ltr'><strong>quatuor</strong></span> 
     </span>
    </p>
   </div>
   <div class='ocr_carea' id='block_1_116' title="bbox 929 2528 1751 2564">
    <p class='ocr_par' dir='ltr' id='par_1_116' title="bbox 929 2528 1751 2564">
     <span class='ocr_line' id='line_1_117' title="bbox 929 2528 1751 2564; baseline -0.001 -9"><span class='ocrx_word' id='word_1_796' title='bbox 929 2529 1064 2556; x_wconf 85' lang='lat' dir='ltr'><strong>triremes</strong></span> <span class='ocrx_word' id='word_1_797' title='bbox 1079 2536 1145 2556; x_wconf 87' lang='lat' dir='ltr'><strong>cum</strong></span> <span class='ocrx_word' id='word_1_798' title='bbox 1162 2528 1236 2564; x_wconf 90' lang='lat' dir='ltr'><strong>ipsis</strong></span> <span class='ocrx_word' id='word_1_799' title='bbox 1249 2528 1425 2561; x_wconf 85' lang='lat' dir='ltr'><strong>vectoribus,</strong></span> <span class='ocrx_word' id='word_1_800' title='bbox 1437 2528 1562 2563; x_wconf 83' lang='lat' dir='ltr'><strong>ipsaque</strong></span> <span class='ocrx_word' id='word_1_801' title='bbox 1570 2528 1659 2555; x_wconf 86' lang='lat' dir='ltr'><strong>etiam</strong></span> <span class='ocrx_word' id='word_1_802' title='bbox 1680 2535 1751 2562; x_wconf 59' lang='lat' dir='ltr'><strong>pree-</strong></span> 
     </span>
    </p>
   </div>
   <div class='ocr_carea' id='block_1_117' title="bbox 930 2571 1749 2601">
    <p class='ocr_par' dir='ltr' id='par_1_117' title="bbox 930 2571 1749 2601">
     <span class='ocr_line' id='line_1_118' title="bbox 930 2571 1749 2601; baseline -0.001 -1"><span class='ocrx_word' id='word_1_803' title='bbox 930 2574 1004 2601; x_wconf 88' lang='lat' dir='ltr'><strong>toria</strong></span> <span class='ocrx_word' id='word_1_804' title='bbox 1020 2573 1112 2600; x_wconf 91' lang='lat' dir='ltr'><strong>navis.</strong></span> <span class='ocrx_word' id='word_1_805' title='bbox 1125 2572 1265 2601; x_wconf 89' lang='lat' dir='ltr'><strong>Homines</strong></span> <span class='ocrx_word' id='word_1_806' title='bbox 1281 2572 1310 2600; x_wconf 94' lang='lat' dir='ltr'><strong>in</strong></span> <span class='ocrx_word' id='word_1_807' title='bbox 1332 2573 1368 2600; x_wconf 88' lang='lat' dir='ltr'><strong>iis</strong></span> <span class='ocrx_word' id='word_1_808' title='bbox 1389 2580 1491 2601; x_wconf 89' lang='lat' dir='ltr'><strong>omnes</strong></span> <span class='ocrx_word' id='word_1_809' title='bbox 1515 2571 1670 2600; x_wconf 78' lang='lat' dir='ltr'><strong>interfecti.</strong></span> <span class='ocrx_word' id='word_1_810' title='bbox 1695 2572 1749 2599; x_wconf 78' lang='lat' dir='ltr'><strong>Be-</strong></span> 
     </span>
    </p>
   </div>
   <div class='ocr_carea' id='block_1_118' title="bbox 928 2616 1751 2654">
    <p class='ocr_par' dir='ltr' id='par_1_118' title="bbox 928 2616 1751 2654">
     <span class='ocr_line' id='line_1_119' title="bbox 928 2616 1751 2654; baseline -0.001 -10"><span class='ocrx_word' id='word_1_811' title='bbox 928 2617 1014 2654; x_wconf 72' lang='lat' dir='ltr'><strong>liquaa</strong></span> <span class='ocrx_word' id='word_1_812' title='bbox 1031 2618 1229 2645; x_wconf 85' lang='lat' dir='ltr'><strong>Romanorum</strong></span> <span class='ocrx_word' id='word_1_813' title='bbox 1246 2625 1334 2645; x_wconf 86' lang='lat' dir='ltr'><strong>naves</strong></span> <span class='ocrx_word' id='word_1_814' title='bbox 1349 2617 1378 2644; x_wconf 91' lang='lat' dir='ltr'><strong>in</strong></span> <span class='ocrx_word' id='word_1_815' title='bbox 1395 2617 1504 2650; x_wconf 82' lang='lat' dir='ltr'><strong>brevia,</strong></span> <span class='ocrx_word' id='word_1_816' title='bbox 1519 2617 1617 2645; x_wconf 86' lang='lat' dir='ltr'><strong>littora</strong></span> <span class='ocrx_word' id='word_1_817' title='bbox 1642 2616 1751 2644; x_wconf 91' lang='lat' dir='ltr'><strong>incom-</strong></span> 
     </span>
    </p>
   </div>
   <div class='ocr_carea' id='block_1_119' title="bbox 929 2660 1748 2697">
    <p class='ocr_par' dir='ltr' id='par_1_119' title="bbox 929 2660 1748 2697">
     <span class='ocr_line' id='line_1_120' title="bbox 929 2660 1748 2697; baseline -0.001 -8"><span class='ocrx_word' id='word_1_818' title='bbox 929 2663 1014 2689; x_wconf 85' lang='lat' dir='ltr'><strong>moda</strong></span> <span class='ocrx_word' id='word_1_819' title='bbox 1027 2665 1055 2690; x_wconf 85' lang='lat' dir='ltr'><strong>et</strong></span> <span class='ocrx_word' id='word_1_820' title='bbox 1067 2670 1136 2690; x_wconf 84' lang='lat' dir='ltr'><strong>saxa</strong></span> <span class='ocrx_word' id='word_1_821' title='bbox 1151 2661 1249 2697; x_wconf 58' lang='lat' dir='ltr'><strong>ejecta;</strong></span> <span class='ocrx_word' id='word_1_822' title='bbox 1280 2669 1312 2689; x_wconf 89' lang='lat' dir='ltr'><strong>ac</strong></span> <span class='ocrx_word' id='word_1_823' title='bbox 1341 2663 1470 2689; x_wconf 81' lang='lat' dir='ltr'><strong>contritis</strong></span> <span class='ocrx_word' id='word_1_824' title='bbox 1494 2664 1573 2689; x_wconf 89' lang='lat' dir='ltr'><strong>sunt.</strong></span> <span class='ocrx_word' id='word_1_825' title='bbox 1598 2660 1748 2689; x_wconf 85' lang='lat' dir='ltr'><strong>Classiarii</strong></span> 
     </span>
    </p>
   </div>
   <div class='ocr_carea' id='block_1_120' title="bbox 927 2705 1748 2742">
    <p class='ocr_par' dir='ltr' id='par_1_120' title="bbox 927 2705 1748 2742">
     <span class='ocr_line' id='line_1_121' title="bbox 927 2705 1748 2742; baseline -0.002 -8"><span class='ocrx_word' id='word_1_826' title='bbox 927 2707 975 2734; x_wconf 90' lang='lat' dir='ltr'><strong>alii</strong></span> <span class='ocrx_word' id='word_1_827' title='bbox 992 2708 1021 2734; x_wconf 88' lang='lat' dir='ltr'><strong>in</strong></span> <span class='ocrx_word' id='word_1_828' title='bbox 1049 2715 1126 2742; x_wconf 90' lang='lat' dir='ltr'><strong>aqua</strong></span> <span class='ocrx_word' id='word_1_829' title='bbox 1142 2706 1301 2742; x_wconf 87' lang='lat' dir='ltr'><strong>perierunt,</strong></span> <span class='ocrx_word' id='word_1_830' title='bbox 1317 2706 1365 2733; x_wconf 85' lang='lat' dir='ltr'><strong>alii</strong></span> <span class='ocrx_word' id='word_1_831' title='bbox 1381 2715 1397 2734; x_wconf 87' lang='lat' dir='ltr'><strong>a</strong></span> <span class='ocrx_word' id='word_1_832' title='bbox 1409 2706 1544 2734; x_wconf 81' lang='lat' dir='ltr'><strong>Barbarie</strong></span> <span class='ocrx_word' id='word_1_833' title='bbox 1553 2705 1597 2734; x_wconf 88' lang='lat' dir='ltr'><strong>vel</strong></span> <span class='ocrx_word' id='word_1_834' title='bbox 1608 2705 1748 2733; x_wconf 88' lang='lat' dir='ltr'><strong>trucidati</strong></span> 
     </span>
    </p>
   </div>
   <div class='ocr_carea' id='block_1_121' title="bbox 925 2749 1745 2787">
    <p class='ocr_par' dir='ltr' id='par_1_121' title="bbox 925 2749 1745 2787">
     <span class='ocr_line' id='line_1_122' title="bbox 925 2749 1745 2787; baseline -0.002 -9"><span class='ocrx_word' id='word_1_835' title='bbox 925 2751 969 2779; x_wconf 88' lang='lat' dir='ltr'><strong>vel</strong></span> <span class='ocrx_word' id='word_1_836' title='bbox 984 2750 1090 2787; x_wconf 78' lang='lat' dir='ltr'><strong>captivi</strong></span> <span class='ocrx_word' id='word_1_837' title='bbox 1105 2750 1223 2778; x_wconf 84' lang='lat' dir='ltr'><strong>abducti</strong></span> <span class='ocrx_word' id='word_1_838' title='bbox 1234 2752 1315 2778; x_wconf 81' lang='lat' dir='ltr'><strong>sunt.</strong></span> <span class='ocrx_word' id='word_1_839' title='bbox 1332 2750 1513 2787; x_wconf 85' lang='lat' dir='ltr'><strong>Superstites</strong></span> <span class='ocrx_word' id='word_1_840' title='bbox 1527 2750 1608 2785; x_wconf 87' lang='lat' dir='ltr'><strong>nudi,</strong></span> <span class='ocrx_word' id='word_1_841' title='bbox 1621 2749 1745 2785; x_wconf 81' lang='lat' dir='ltr'><strong>pedites-</strong></span> 
     </span>
    </p>
   </div>
  </div>
