1919 3048
31 84 70 114 293

580 82 853 114 HISTORIARUM
876 81 1148 114 COMPENDIUM.

1659 87 1718 116 294

32 148 93 176 illm
111 148 160 184 μὶν
188 147 252 179 τοὺς
278 146 380 178 ’ίππους
408 146 568 183 ἀποϐάντες,
585 146 668 175 ἄλλοι
683 146 712 175 δὲ
726 147 770 175 καὶ
786 146 790 174 i

957 149 980 177 is
987 149 1161 185 principem,
1179 151 1380 183 eunuchum,a
1387 151 1539 180 Saracenis
1546 152 1715 186 oriundum,

34 203 104 227 ιπποι,
133 191 170 224 ὥς
198 203 236 227 πη
265 191 375 223 ἕκαστος
406 190 551 228 ἐϐούλετο,
580 192 649 231 πρὸς
676 193 724 226 τήν
754 191 835 220 πόλιν

31 239 125 275 ἔτρεχον
153 237 190 268 ὡς
217 234 341 264 αὐτοϐοεὶ
371 236 468 270 ταύτην
505 237 674 274 αἱρήσοντες.
704 236 779 264 Ἐπιὶ
808 235 837 263 δὶ

32 281 90 310 eam
115 280 239 318 ἐγένοντο
267 283 322 308 τῶν
349 281 375 308 ἰν
401 281 473 317 μὲσω
498 284 552 308 τῶν
578 280 749 317 ἀμπελώνων
766 279 836 308 ὁδῶν

32 326 60 353 ni
85 323 151 363 ἄχρι
174 328 224 359 τῆς
238 324 346 355 πόλεως
363 324 488 362 ἔφθασαν,
509 325 569 352 τότε
593 324 626 360 δὴ
648 326 682 362 τῇ
703 324 835 362 σάλπιγγι

30 370 138 406 σημήνας
172 370 186 397 ὁ
219 369 414 406 Ἀπλησφάρης
444 369 525 407 ὶργου
551 369 686 397 ἐκέλευσεν
716 367 836 407 ἔχεσθαι,

32 420 60 446 ul
83 418 269 454 ἐξαναστάντες
299 419 352 446 ἀπὸ
377 421 430 446 τῶν
462 418 556 456 λόχων
588 419 614 446 οἱ
640 418 717 453 πεζοὶ
733 419 759 445 οἱ
788 419 836 454 μὲν

32 465 98 499 τέξοις
125 464 151 490 oi
179 463 208 491 δὲ
231 463 321 495 λίθοις
347 461 476 497 ἔϐαλλον,
508 463 590 492 ἄλλοι
621 463 650 491 δὲ
675 463 837 501 ἐτίτρωσκον

34 509 68 535 ἀπὸ
92 510 144 535 τῶν
172 509 302 546 θρ.γγῶν,
330 510 383 535 τῶν
413 507 557 544 Ῥωμαίων
583 507 768 544 κωλυομένων
786 507 837 534 ὑπὸ

32 552 113 580 ταύτων
153 553 219 584 τοὺς
252 551 404 588 πολεμίους
441 552 609 589 ἀμύνασθαι.
649 552 752 580 Γίνεται
790 552 836 579 οὖν

32 597 98 634 τροπὴ
141 596 261 634 μεγάλη,
296 597 341 624 καὶ
377 597 503 634 σφάζεται
545 597 688 633 Ῥωμαίων
719 596 836 634 ἀπείρων

32 642 130 676 πλῆθος,
161 644 256 679 φυγεῖν
293 641 331 677 μὴ
370 640 526 678 δυναμένων
559 643 614 668 τῶν
642 640 748 675 ἵππων,
774 640 838 668 ἀλλ’

32 686 206 721 ίμπιπτόντων
235 685 274 717 εἲς
303 685 348 713 τὸν
365 685 455 721 πηλὸν
471 686 515 712 καί
539 686 573 712 τὰ
599 685 732 722 τέλματα,
749 683 838 716 Μόλις

31 731 61 758 ὧν
85 729 180 760 σωθεὶς
207 729 221 756 6
247 728 364 764 Ἰασίτης
391 729 438 756 σὺν
467 731 506 765 τῷ
519 728 715 757 Κωνσταντίνω
744 729 769 756 ἰν
798 731 838 765 τῷ

30 775 96 802 Ἀνίω
118 773 280 812 αὐτάγγιλοι
308 777 357 808 τῆς
373 776 514 812 συμφορᾶς
539 776 579 809 τῷ
606 773 734 810 Νικολάῷ
761 773 837 812 γεγό-

27 830 97 847 νασιν.
126 817 321 856 Ἀγγῑλθὲντος
350 817 377 845 δὶ
404 820 453 845 τοῦ
478 815 632 854 συμϐάντος
656 818 833 856 ἀτυχήματος

26 866 55 900 τῷ
81 861 197 901 βασιλεῖ,
228 863 242 889 6
272 863 320 899 μὶν
349 862 487 894 Νικόλαος
514 873 559 890 και
584 863 598 890 6
621 863 741 898 Ἰασίτης
755 863 833 901 ἀφαι-

26 910 118 945 ροῦνται
146 906 195 938 τὰς
222 907 322 945 ἀρχὰς,
350 907 572 945 προχειρίζονται
603 906 632 934 δὶ
648 907 706 934 ἀντὶ
725 907 772 943 μὶν
788 909 837 934 τοῦ

25 952 124 981 Ἰασίτου
153 950 218 987 δοὺξ
246 949 365 989 Ἰϐηρίας
393 953 407 979 6
428 953 612 988 Κεκαυμὲνος,
640 952 698 979 ἀντὶ
730 950 758 979 δὲ
791 954 839 979 τοῦ

29 996 149 1024 Νικολάου
188 997 338 1034 στρατηγὸς
375 995 551 1034 αὐτοκράτωρ
597 999 796 1027 Κωνσταντῖνος
825 997 839 1023 6

29 1045 66 1075 τῆς
93 1039 218 1078 μεγάλης
246 1040 377 1078 ἑταιρείας
406 1039 512 1078 ἅρχων,
538 1041 671 1078 εὐνοῦχος
687 1039 839 1078 ἅνθρωπος,

32 1090 52 1117 ἐκ
75 1092 239 1127 Σιρακηνῶν
264 1088 351 1117 ἓλκων
379 1090 410 1117 τὸ
433 1089 506 1126 γένος
533 1090 578 1117 καὶ
606 1092 645 1126 τῷ
662 1089 768 1127 βασιλεῖ
791 1090 840 1117 ὑπ-

33 1135 147 1171 ηρετήσας
178 1135 233 1170 πρὸ
266 1138 316 1169 τῆς
347 1134 486 1172 βασιλείας
511 1135 555 1162 καὶ
582 1134 671 1161 πίστιν
692 1136 784 1171 τηρῶν
814 1134 839 1161 ἃς

33 1178 96 1206 αὐτόν
120 1177 145 1206 οἵ
161 1178 196 1213 δὴ
220 1178 266 1206 καὶ
288 1179 356 1206 κατὰ
371 1179 464 1217 χώραν
489 1179 633 1217 γενόμενοι
657 1179 764 1209 καὶτὰς
794 1177 840 1206 δυ-

33 1225 109 1259 ν-ὶμιις
133 1223 344 1261 συνηθροικότες
381 1222 459 1260 ἔργου
500 1222 620 1261 εἴχοντο.
651 1223 698 1250 Καὶ
726 1224 761 1259 τῇ
791 1223 838 1258 μὲν

34 1268 95 1295 πόλει
109 1269 156 1295 τοῦ
171 1265 280 1304 Τιϐίου,
295 1267 355 1302 ἥτις
369 1269 402 1302 ἦν
418 1270 466 1295 τοῦ
487 1268 587 1299 παντὸς
616 1264 708 1299 ἔθνους
740 1266 839 1305 μητρό-

34 1312 107 1346 πολις,
129 1310 300 1349 προσϐαλεῖν
323 1312 374 1339 οὐκ
398 1311 554 1347 ἠθέλησαν,
578 1312 781 1348 ἀποπιιρῶνται
812 1309 840 1338 δὲ

34 1357 131 1393 ξΡ.76¹ι]
158 1359 217 1383 τῶν
243 1355 348 1383 λοιπῶν
378 1356 514 1394 φρουρίων
543 1358 596 1383 τῶν
624 1355 672 1382 ὅσα
695 1358 735 1391 τῷ
757 1355 839 1382 ’Δνίω

35 1401 165 1428 ὑπόκειται.
197 1400 249 1428 Καὶ
273 1401 378 1438 αἱροῦσι
396 1400 444 1437 μὶν
471 1401 522 1435 τὴν
540 1400 636 1437 ’Δγίαν
666 1399 770 1435 Μαρίαν
795 1399 839 1427 καὶ

34 1444 209 1482 τὸλεγόμενον
227 1444 343 1482 Ἀμπίιρ
365 1444 409 1471 καὶ
423 1445 469 1471 τὸν
487 1445 579 1481 Ἀγιον
598 1443 759 1482 Γρηγόριον,
778 1442 838 1470 λίαν

35 1489 116 1524 ἐρυμνὰ
128 1489 172 1516 καὶ
197 1489 365 1526 ἀπόκρημνα
388 1487 561 1526 ὀχυρώματι,
591 1489 639 1515 τοῦ
658 1486 838 1526 Ἀπλησφάρη

34 1532 148 1564 πολλάκις
181 1532 411 1571 ἆπιχειρήσαντος
440 1533 573 1571 βοηθῆσαι
603 1532 696 1563 αὐτοῖς
723 1530 838 1568 πολιορ-

36 1577 171 1614 κωμὲνοις,
188 1577 235 1605 καὶ
254 1576 414 1609 τοσαυτάκις
440 1577 614 1612 ἡττηθέντος.
638 1577 787 1613 Ἑρχονται
813 1574 843 1603 δὶ

36 1633 39 1636 ,
62 1622 67 1629 ι
122 1622 127 1630 ι
170 1623 176 1630 .
269 1621 275 1631 ι
492 1621 499 1630 ,
670 1619 681 1628 ς
834 1620 840 1628 ι

38 1632 69 1648 ιιι
89 1621 129 1649 tm
151 1633 182 1650 το
208 1632 336 1660 φρουριον
360 1622 391 1649 τὸ
414 1621 583 1657 καλουμενον
599 1620 768 1654 Χελιοόνιον,
798 1619 842 1647 ἐπι

39 1667 117 1701 βουνοῦ
151 1677 181 1694 τι
219 1667 400 1702 ἀποκρήμνου
439 1664 582 1703 ἱδρυμένον
611 1665 656 1692 καὶ
686 1665 718 1692 οὐ
747 1664 842 1702 πόρῥω

37 1710 139 1746 χιῖμενον
164 1713 214 1738 τοῦ
243 1707 350 1737 Τιϐίου’
383 1710 427 1737 καὶ
454 1709 661 1746 κυκλωσάμενοι
690 1711 771 1736 τοῦτο
794 1709 842 1735 τά-

38 1765 99 1791 ςροις
122 1755 166 1782 ναὶ
195 1755 296 1793 χάραξι
327 1753 371 1782 διὰ
385 1753 562 1793 προσεδρείας
590 1754 737 1791 ἠπείγοντο
755 1763 842 1790 παρα-

37 1800 173 1834 στήσασθαι·
205 1800 251 1826 καί
275 1801 326 1837 γὰρ
356 1798 389 1833 δὴ
405 1799 449 1826 καὶ
465 1798 605 1833 ἐσπάνιζον
620 1800 674 1825 τῶν
691 1798 842 1836 ἀναγκαίων

37 1844 55 1869 οἱ
78 1842 137 1871 ιῗ¹σω
163 1846 214 1871 τοῦ
242 1844 362 1880 τείχους,
393 1844 430 1880 μὴ
461 1842 608 1881 φθάσαντες
637 1842 843 1879 ιῖσκομίσασθαι

36 1893 60 1918 τὶ
72 1891 204 1928 ἐπιτήδεια
234 1891 279 1920 διὰ
292 1893 323 1920 τὸ
342 1895 392 1927 τῆς
422 1889 584 1930 προσϐολῆς
600 1891 762 1930 ὀξύρροπον.
793 1890 844 1919 Καὶ

37 1938 223 1973 παρεστήσαντο
244 1936 275 1964 ἃν
298 1936 343 1964 καὶ
369 1938 461 1972 τοῦτο,
490 1936 514 1964 εἰ
540 1937 578 1973 μή
607 1935 749 1973 αἶφνιδίως
764 1937 845 1970 ἡτοῦ

39 1981 165 2018 πατρικίου
191 1982 307 2013 Λάοντος
331 1983 378 2008 τοῦ
398 1981 540 2018 Τορνικίου
556 1980 581 2016 ἐξ
597 1980 709 2018 ἰσπὲρας
736 1980 844 2018 ἀνήφθη

38 2025 170 2052 ἀποστασία
187 2047 194 2054 .
230 2026 316 2057 Οὗτος
343 2025 394 2063 γὰρ
423 2027 582 2062 στρατηγῶν
612 2024 638 2051 ἐν
669 2022 772 2061 Ἰϐηρίᾳ
800 2024 845 2051 καὶ

37 2067 179 2105 διαῦληθεὶς
193 2070 230 2101 ὡς
246 2072 395 2107 τυραννιῶν
409 2073 460 2104 τῆς
488 2080 518 2097 τε
543 2070 632 2107 ἀρχῆς
660 2067 845 2106 παραυ-τίλλε-

35 2123 69 2140 ut
103 2114 145 2142 καὶ
185 2115 305 2152 μοναχὸς
341 2113 513 2151 ἀποκείρεται
546 2114 591 2141 καὶ
621 2113 658 2144 είς
686 2114 735 2148 τὴν
762 2113 844 2141 πόλιν

36 2158 118 2195 ἀχθεὶς
145 2158 217 2186 οἶκοι
235 2158 323 2195 μένειν
340 2158 366 2186 ἓν
384 2157 610 2194 ’Δδριανουπόλει
640 2157 844 2195 προστάττεται.

892 193 947 220 sibi
963 193 1055 221 ﬁdum
1076 195 1235 229 hominem,
1257 197 1285 222 et
1308 196 1392 230 cujus
1411 204 1499 231 opera
1522 196 1609 224 etiam
1635 200 1716 224 ante-

892 246 980 274 quam
997 239 1070 266 561
1090 239 1124 265 nd
1143 239 1299 274 imperium
1317 240 1488 268 eveheretur
1503 249 1576 268 usus
1611 241 1714 269 fuerat.

892 282 925 309 Ηί
940 285 1037 310 autem
1068 283 1247 318 provinciam
1278 284 1403 319 ingressi
1434 284 1622 320 collectisque
1637 293 1717 312 exer-

891 326 999 354 citibus
1015 327 1049 354 ad
1067 335 1127 354 rem
1143 328 1302 363 gerendam
1319 329 1463 361 conversi,
1482 330 1583 356 urbem
1599 329 1715 357 Tibium

892 379 955 405 quae
984 374 1047 398 erat
1089 372 1154 406 ejus
1193 373 1287 407 gentis
1318 373 1509 408 ,metropolis,
1548 381 1716 409 oppugnare

891 414 1111 443 incommodum
1142 417 1206 448 rati,
1243 417 1354 452 reliqua
1396 418 1430 444 ad
1482 418 1585 445 Anium
1626 418 1715 453 perti-

892 460 1002 487 mentia
1017 460 1137 488 castella
1152 463 1274 495 tentant,
1291 462 1471 498 cupiuntque
1488 463 1626 490 Sanctam
1653 462 1712 490 Ma-

892 504 977 538 riam,
994 504 1171 540 Ampierum,
1185 505 1327 533 Sanctum
1343 506 1527 542 Gregorium,
1554 507 1714 534 admodum

893 549 1024 576 munitas
1039 551 1067 577 et
1082 550 1236 586 prter-aptis
1253 550 1407 586 impositas
1419 551 1498 579 saxis
1509 559 1601 585 arces,
1627 551 1715 587 Aple-

892 593 1012 628 sphario
1026 601 1102 629 saepe
1117 602 1202 630 opem
1219 594 1256 622 iis
1271 595 1341 622 dum
1367 598 1612 631 oppugnarentur
1641 597 1716 624 ferre

893 640 1006 670 conato,
1019 646 1192 673 semperque
1202 639 1286 666 victo.
1304 639 1374 666 Inde
1390 640 1425 667 ad
1444 639 1597 668 castellum
1618 640 1714 668 Cheli-

892 681 1015 709 donium
1032 682 1163 716 veniunt,
1188 683 1280 710 silum
1307 684 1336 710 in
1366 684 1507 719 praecipiti
1537 684 1610 712 colle
1635 685 1713 712 haud

892 726 978 762 longe
993 735 1009 753 ει
1024 727 1117 754 'I‘ibio.
1134 727 1162 754 [d
1178 735 1245 754 cum
1257 727 1331 755 vallo
1343 728 1479 764 fossaque
1505 728 1715 757 circumvenis~

893 771 1125 803 sent,obsidione
1139 779 1243 807 capere
1261 772 1429 805 intendunt,
1455 773 1532 808 quod
1546 773 1609 808 jam
1639 781 1713 808 prae-

893 815 1030 843 sidiarios
1047 824 1092 843 res
1118 816 1152 843 ad
1185 816 1293 844 victum
1313 817 1482 845 necessariae
1506 818 1717 853 destituebant,

893 864 990 892 subita
1004 864 1156 892 obsidione
1173 868 1333 900 praeventas
1349 874 1384 893 ne
1398 874 1499 893 earum
1515 866 1629 902 copiam
1659 867 1716 894 im~

895 911 1052 945 portarent.
1073 909 1265 946 Fuissentque
1280 918 1313 937 eo
1329 910 1424 946 potiti,
1441 910 1496 938 nisi
1509 910 1538 938 in
1562 910 1718 938 Occidente

896 955 1014 989 repente
1031 953 1143 989 patricii
1162 955 1266 982 Leonis
1274 954 1399 982 Tornicii
1412 955 1570 982 exarsisset
1583 955 1717 988 defectio,

897 998 924 1025 Is
941 998 996 1025 Leo
1013 1006 1078 1025 cum
1096 999 1219 1026 lberiam
1236 999 1414 1034 gubernaret
1427 999 1566 1026 aﬂectatm
1589 999 1718 1036 tyranni-

897 1043 959 1070 dem
990 1046 1155 1076 accusatus,
1187 1043 1360 1079 magistratu
1401 1043 1546 1079 spoliatus
1576 1051 1718 1078 rasusque

895 1086 983 1113 vitam
1001 1087 1191 1114 monasticam
1205 1095 1288 1123 agere
1300 1087 1405 1122 jussus
1421 1090 1492 1114 erat.
1524 1088 1585 1115 Non
1610 1088 1720 1115 medio-

896 1131 984 1158 criter
997 1134 1093 1159 autem
1110 1132 1205 1159 ferens
1221 1131 1441 1167 contumeliam,
1455 1131 1568 1160 occulte
1585 1140 1618 1159 ac
1648 1141 1719 1168 pau-

896 1175 977 1203 latim
994 1176 1083 1203 duces
1101 1177 1149 1211 qui
1162 1176 1350 1211 Adrianopoli
1367 1179 1450 1204 erant
1465 1178 1604 1212 corrupit,
1622 1177 1716 1212 quiet

896 1220 951 1255 ipsi
967 1221 1156 1254 contemptim
1173 1221 1209 1247 ab
1226 1221 1403 1256 imperatore
1419 1221 1510 1248 habiti
1529 1221 1588 1248 otio
1619 1226 1717 1257 torpe-

896 1265 1101 1292 bant.Horum
1131 1265 1235 1292 deinde
1259 1267 1286 1292 et
1329 1273 1450 1292 suorum
1485 1265 1718 1293 necessariorum

896 1320 984 1348 opera
996 1312 1104 1340 milites
1113 1321 1229 1348 quoque
1249 1312 1304 1340 sibi
1318 1313 1463 1344 conciliat,
1476 1313 1526 1349 qui
1537 1313 1622 1341 otiosi
1639 1313 1716 1342 562

895 1357 1049 1392 degebant,
1066 1360 1094 1385 et
1113 1360 1256 1394 quotquot
1271 1357 1375 1392 predis
1391 1365 1424 1385 ac
1439 1358 1655 1394 direptionibus
1670 1359 1718 1386 de-

894 1399 1308 1437 lectabantur.Contractaque
1324 1409 1428 1437 magna
1440 1410 1541 1434 manu,
1554 1402 1717 1438 imperator

895 1445 1041 1473 salutatus
1056 1453 1122 1472 cum
1143 1445 1281 1473 omnibus
1309 1445 1371 1473 suis
1395 1446 1488 1482 copiis
1514 1448 1646 1474 actutum
1680 1447 1716 1474 ad

895 1490 997 1517 urbem
1015 1490 1216 1524 proliciscitur.
1232 1491 1401 1525 Imperator,
1413 1490 1460 1525 qui
1486 1498 1579 1526 neque
1603 1491 1638 1518 ad
1669 1498 1716 1518 re-

896 1534 1060 1561 sistendum
1081 1535 1153 1562 satis
1169 1534 1294 1561 habebat
1309 1535 1337 1561 in
1354 1537 1488 1570 promptu
1507 1535 1644 1569 militum,
1666 1543 1718 1562 ne-

897 1586 953 1613 que
966 1577 1072 1605 civium
1089 1586 1157 1614 erga
1172 1587 1203 1605 se
1220 1579 1284 1606 ﬁdei
1302 1587 1335 1606 ac
1356 1578 1560 1606 benevolentia:
1585 1587 1616 1606 se
1641 1587 1720 1606 com-

897 1624 1012 1649 mittere
1028 1623 1164 1656 audebat,
1182 1623 1209 1650 in
1229 1623 1348 1650 lberiam
1367 1623 1503 1650 nuntium
1520 1623 1604 1659 equis
1619 1624 1718 1660 dispo-

897 1666 963 1694 sitis
979 1666 1069 1694 mittit
1084 1667 1119 1694 ad
1136 1667 1494 1702 Constantinum,omissis
1506 1676 1569 1704 quas
1585 1669 1614 1696 in
1624 1668 1720 1695 mani-

899 1712 953 1738 bus
969 1714 1062 1745 erant,
1076 1711 1226 1739 celerrime
1237 1712 1272 1739 ad
1290 1711 1390 1747 Cpolin
1407 1720 1472 1739 cum
1485 1713 1611 1740 exercitu
1623 1712 1721 1739 venire

890 1748 1014 1790 ‘jubens.
1035 1756 1061 1782 is
1078 1756 1204 1792 acceptis
1239 1755 1354 1789 litteris,
1383 1765 1553 1792 quanquam
1591 1757 1717 1792 jamjam

900 1800 1045 1836 petiturus
1060 1800 1229 1828 Cbelidonio
1254 1800 1417 1835 videbatur,
1443 1800 1539 1828 soluta
1566 1801 1719 1828 obsidione

898 1852 966 1871 cum
981 1844 1161 1880 Aplespharo
1178 1852 1277 1879 pacem
1291 1844 1444 1880 fmdusque
1459 1844 1719 1879 componit,jurato

899 1891 928 1916 et
943 1888 1016 1916 diris
1031 1888 1118 1915 etiam
1135 1888 1163 1916 ni
1181 1888 1325 1924 promissa
1341 1888 1476 1924 impleret
1500 1887 1721 1923 imprecationi-

901 1933 955 1960 bus
966 1941 996 1960 se
1010 1933 1176 1965 devovente,
1189 1940 1220 1960 se
1240 1932 1270 1959 in
1288 1933 1344 1959 ﬁde
1370 1931 1554 1968 imperatoris
1583 1939 1722 1968 perman-

899 1985 1002 2005 surum
1011 1985 1104 2013 neque
1111 1976 1271 2013 quidquam
1279 1973 1380 2004 contra
1388 1977 1531 2004 Romanos
1539 1976 1722 2004 moliturum.

902 2022 953 2049 His
969 2022 1008 2048 ita
1037 2021 1171 2055 aclis,ad
1205 2022 1306 2049 urbem
1337 2029 1404 2048 cum
1434 2020 1561 2048 exerctiu
1587 2021 1720 2048 festinat.

900 2072 959 2100 Hoc
976 2072 1060 2099 modo
1076 2071 1278 2098 Chelidonium
1293 2070 1526 2106 liberntumese
1541 2079 1606 2098 cum
1623 2070 1725 2097 Orien-

900 2115 973 2143 tales
1002 2115 1130 2151 legiones
1148 2117 1300 2150 totumque
1339 2115 1497 2142 exercitum
1541 2115 1723 2147 adduxisset,

897 2162 983 2196 jussu
1001 2159 1186 2195 imperatoris
1216 2160 1317 2187 urbem
1333 2159 1462 2194 intravit,
1479 2159 1622 2187 exercitus
1639 2160 1723 2195 parte

34 2204 71 2236 Μὴ
99 2202 208 2240 ἐνεγκὼν
239 2201 267 2230 δι
295 2203 417 2241 ώφόρως
434 2203 467 2229 τὰ
483 2202 520 2232 εἰς
535 2201 615 2229 αὐτὸν
628 2202 760 2239 γεγονότα
775 2201 791 2228 ἆ

966 2204 1095 2232 hraciam
1120 2207 1328 2239 transportata,
1360 2205 1393 2231 ad
1417 2203 1620 2239 Chrysopolin,
1657 2211 1721 2239 quas

35 2246 72 2281 9i,
97 2245 179 2284 λάθρα
200 2246 244 2274 καὶ
265 2247 333 2274 κατὰ
357 2247 454 2285 μικρὸν
478 2246 543 2278 τοὺς
567 2246 594 2274 ἐν
624 2245 845 2284 Ἀδριανουπόλει

34 2290 154 2328 πρότερον
187 2291 357 2319 ὖποποιεῖται
395 2290 577 2329 στρατηγοὺς,
618 2290 713 2318 ὁπόσοι
749 2288 846 2328 ἔτυχον

36 2332 101 2365 ὅντις
128 2335 330 2372 παρεωραμένον.
355 2335 400 2363 καὶ
429 2335 561 2373 ἄπρακτοι
579 2343 586 2350 ⁵
620 2333 665 2361 διὰ
693 2333 722 2361 δὲ
743 2333 848 2362 τούτων

36 2377 76 2404 καὶ
100 2381 152 2406 τῶν
181 2379 261 2406 αὐτοῦ
286 2381 419 2418 συγγενῶν
451 2379 615 2418 ὑποφθείρας
638 2379 684 2406 καὶ
709 2378 773 2409 τοὺς
789 2379 848 2406 ’ὀσοι

36 2424 84 2448 τῶν
111 2422 298 2451 Μακεδονικῶν
325 2424 414 2462 ἦρχον
440 2423 587 2461 ταγμάτων
615 2423 658 2450 καὶ
687 2422 847 2461 Θρᾳκικῶν,

36 2467 75 2493 καί
102 2467 161 2498 τοὺς
190 2467 248 2495 ὅσοι
276 2467 426 2506 ἐσχόλαζον
455 2467 621 2505 στρατιώτας
650 2466 772 2498 καὶτοὺς
789 2466 850 2494 ὅσοι

40 2518 92 2546 ταῖς
120 2515 275 2551 λεηλασίαις
303 2517 348 2544 καὶ
375 2520 435 2547 ταῖς
466 2515 626 2554 διαρπαγαῖς
655 2515 780 2554 ἔχαιρον,
805 2515 850 2543 καὶ

42 2562 112 2597 χεῖρα
139 2560 232 2595 ἱκανὴν
257 2560 467 2596 συστησάμενος,
497 2559 686 2597 ἀναγοριύιται
714 2559 851 2597 βασιλεὺς,

44 2604 79 2630 καὶ
104 2605 204 2632 ἅπαντα
232 2605 276 2632 τὸν
308 2605 351 2632 ὑπ’
376 2605 455 2632 αὐτὸν
483 2605 590 2643 ἂγιίρας
621 2605 686 2632 λαὸν
717 2604 777 2640 ὀξὺς
793 2604 850 2631 ἐπι-

48 2647 153 2684 ῖιαίνιται
181 2651 215 2685 τῇ
232 2647 363 2686 βασιλίδι,
378 2651 426 2676 τοῦ
444 2648 577 2687 βασιλέως
594 2650 664 2685 μήτι
678 2648 768 2675 ἱκανόν
786 2648 851 2676 λαὸν

50 2691 147 2730 ἔχοντος
175 2695 243 2731 πρὸς
270 2694 475 2732 ἀντιπαράταξιν
493 2696 563 2731 μήτε
592 2694 766 2725 πιστεύοντος
793 2697 853 2726 τοῖς

51 2737 161 2770 πολίταις
176 2739 212 2770 ὡς
228 2737 331 2766 ιῧνοιαν
345 2739 390 2766 καὶ
405 2739 495 2767 πίστιν
527 2738 688 2778 φυλάξουσιν
705 2737 731 2770 ις
759 2738 853 2769 αὐτόν,

904 2249 976 2276 mari
993 2249 1180 2276 interﬂuente
1195 2248 1276 2284 Cpoli
1292 2248 1429 2284 opposita
1448 2252 1501 2281 est,
1519 2248 1577 2276 alia
1594 2248 1628 2275 ad
1645 2247 1723 2283 Aby-

903 2295 972 2321 dum
989 2301 1052 2328 quzs
1069 2293 1096 2319 in
1117 2292 1311 2328 Hellesponto.
1331 2294 1435 2320 Verum
1451 2292 1511 2320 haec
1534 2294 1633 2328 postea
1648 2294 1725 2318 tem-

904 2338 982 2373 poris
998 2340 1071 2365 acta.
1100 2337 1254 2364 Tornicius
1279 2339 1345 2364 ante
1361 2336 1543 2364 Constantini
1569 2337 1725 2363 adventum

905 2391 1004 2410 mense
1020 2381 1197 2417 Septembri,
1213 2380 1373 2408 indictione
1390 2382 1492 2417 prima,
1509 2381 1678 2416 imperator,
1696 2382 1728 2407 ut

905 2426 1193 2456 diximus.salutalus
1210 2425 1286 2453 588
1298 2425 1375 2453 dicto
1388 2426 1474 2454 citius
1485 2426 1586 2462 Cpolin
1602 2425 1727 2460 obsidet,

905 2484 1028 2511 sperans
1058 2483 1088 2501 ae
1116 2474 1215 2502 statim
1251 2482 1285 2502 ea
1314 2474 1488 2510 potiturum,
1515 2474 1592 2508 quod
1617 2473 1729 2501 sciebat

907 2521 1112 2555 imperatorem
1131 2517 1273 2545 militibus
1288 2518 1420 2546 destitui.
1434 2519 1523 2552 Igitur
1538 2518 1642 2547 castris
1663 2526 1729 2553 pro-

906 2565 983 2592 xime
1004 2563 1215 2590 monasterium
1232 2564 1445 2598 Anargyrorum
1474 2572 1490 2590 e
1515 2563 1632 2598 regione
1660 2563 1728 2590 Bla-

908 2610 1082 2636 cbernarum
1101 2607 1175 2640 fixis,
1193 2607 1321 2642 primum
1345 2608 1439 2635 verbis
1460 2616 1493 2635 ac
1509 2606 1728 2643 pollicitationi-

909 2655 962 2681 bus
976 2652 1091 2680 animos
1106 2650 1213 2678 civium
1229 2651 1448 2686 tentst,deinde,
1462 2652 1576 2679 nomine
1593 2650 1729 2678 audiente

908 2696 1078 2733 ipsum,vim
1096 2695 1248 2731 parat.Sed
1258 2700 1287 2723 et
1302 2695 1461 2732 imperator
1479 2697 1556 2724 cives
1572 2695 1728 2732 populum-

909 2751 964 2778 que
978 2743 1084 2775 armat,
1100 2740 1196 2775 iisque
1212 2747 1364 2768 murorum
1377 2741 1576 2769 defensionem
1595 2739 1728 2768 commit-
