1919 3048
151 62 210 92 299

824 63 983 93 GEORGII
1007 63 1176 92 GEDltENl

1816 63 1892 93 300

153 127 238 162 riam,
255 128 306 156 sed
322 130 350 156 et
364 128 520 165 [Egyptum
545 131 574 157 et
594 129 712 165 Libyam
736 131 766 157 et
780 129 901 165 Europae

1132 129 1199 162 ηνῶν
1226 127 1394 166 ἐπικρατείας
1433 129 1471 164 μὴ
1515 128 1599 164 μόνον
1642 127 1784 164 Πιρσίδος
1838 128 1890 155 καὶ

154 173 289 208 exiguam
306 175 418 208 partem
431 174 680 210 subegerunt.ipsi
697 174 771 201 inter
783 182 814 201 se
829 176 981 209 coeperunt

156 217 280 245 diversis
296 217 476 252 temporibus
507 219 585 246 varie
609 218 775 246 dissentire.
793 218 835 245 Ita
861 218 979 245 unicum

157 262 369 290 Saracenorum
381 262 468 298 idque
482 263 642 290 maximum
661 263 858 298 imperiumin
871 262 981 290 multas

158 309 202 334 est
217 305 343 334 divisum
369 310 478 342 partes,
497 310 528 334 ut
553 307 629 334 alius
655 307 799 342 Hispania
811 307 886 342 jam,
903 307 976 335 567

159 351 234 378 alius
252 351 361 383 Africis,
377 351 453 378 alius
476 351 600 387 Egypti,
618 351 693 379 ulius
722 351 887 387 Babylonis,
904 350 981 378 alius

158 395 286 422 Persidis
302 397 379 422 esset
396 395 541 430 princeps.
559 396 686 422 Tantum
699 403 764 422 vero
781 395 874 422 abfuit
890 395 935 422 his
950 397 982 422 ut

159 439 236 466 inter
251 447 281 466 se
305 440 482 472 conveniret,
515 443 546 466 ut
561 440 637 467 inter
661 439 771 466 vicinos
796 439 884 466 etiam
906 439 982 466 bella

158 484 268 510 fuerint
284 484 432 511 intestina.
445 484 571 511 Proinde
587 483 981 518 Persidis,Cborasmiorum,

159 527 351 555 Oretanorum
366 531 395 556 et
410 528 512 556 Media:
529 528 666 564 princeps
691 529 907 562 Muchumetus,
926 528 981 555 lm-

158 572 249 599 hraeli
266 572 354 607 ﬁlius,
378 572 485 600 Basilio
515 573 630 609 imperii
656 573 777 601 Romani
808 573 922 600 clavum
939 575 981 599 tc-

158 619 257 652 nente,
273 625 341 644 cum
365 617 394 644 in
419 617 495 645 bello
523 618 601 653 quod
627 617 767 646 adversus
793 617 881 644 Indos
896 619 983 652 atque

160 661 334 696 Babylonios
359 662 487 697 gerebat,
513 662 601 690 rebus
626 664 755 689 uteretur
783 661 924 694 adversis,
949 669 984 688 ex

161 715 216 734 usu
233 706 292 733 fore
303 706 458 742 judicavit,
482 706 506 734 si
523 706 621 734 missis
637 707 671 733 ad
695 707 857 733 Turcorum
874 706 984 741 princi-

160 759 226 787 pem
244 750 348 787 legatis
364 751 505 778 auxilium
529 754 649 787 peteret.
668 751 757 779 Mittit
771 759 839 787 ergo
864 751 899 778 ad
916 759 982 778 eum

160 796 272 846 legatos
285 804 352 823 cum
368 795 453 823 donis
470 795 614 831 pretiosis,
628 795 815 831 postulatque
830 796 886 823 sibi
901 796 983 823 auxi-
1000 814 1022 846 Β

160 840 199 868 1ἱο
212 839 287 867 mitti
303 840 361 867 tria
374 840 503 867 virorum
519 840 624 868 millia.
636 841 748 868 Turcus
763 843 792 867 et
809 839 897 868 allata
907 840 984 867 dona

160 884 330 921 gratissima
344 884 458 917 habuit,
475 887 504 911 et
517 884 603 919 legati
621 885 780 911 admodum
796 885 984 919 comprobata

161 928 299 964 petitione
316 928 407 956 mittit
422 928 457 955 ad
472 928 691 956 Muchutnetum
714 928 780 963 tria,
797 934 828 956 ut
844 928 985 964 petiverat

160 973 264 1007 millia,
289 973 362 1000 duce
382 973 572 1008 Tragolipace
596 972 749 1007 Mucaleto,
778 973 889 1000 Miceeli
913 973 981 1000 tilio.

160 1018 315 1046 Enimvero
331 1017 383 1045 hoc
395 1018 541 1053 sperabat,
552 1018 576 1045 si
588 1017 746 1053 reprimere
757 1018 801 1045 sui
819 1018 984 1053 potuissent

161 1071 211 1091 eos
227 1072 244 1091 a
257 1062 366 1098 quibus
382 1062 516 1090 Saraceni
538 1062 764 1097 invadebantur,
781 1062 918 1090 facillime
933 1070 982 1089 eos

161 1107 314 1135 effecturos
327 1109 360 1134 ut
375 1115 448 1142 pons
464 1115 521 1142 quo
546 1108 712 1134 constratus
736 1108 844 1134 Araxes
866 1108 939 1140 erat,
956 1109 983 1134 et

162 1151 210 1187 qui
228 1152 263 1180 ab
280 1154 403 1187 utroque
421 1151 510 1179 latere
525 1151 657 1179 turribus
679 1151 811 1178 excitatis
836 1159 869 1179 ac
885 1151 982 1186 prasi-

162 1196 219 1223 diis
234 1196 381 1231 impositis
391 1196 523 1223 munitus
534 1195 636 1222 Turcis
646 1195 823 1222 inaccessam
834 1195 982 1223 Persidem

161 1240 297 1273 faciebat,
314 1239 503 1275 praesidiariis
526 1239 619 1276 pulsis
644 1240 761 1275 pervius
781 1240 884 1266 Turcis
902 1242 982 1274 post-

161 1285 247 1312 modo
263 1284 355 1317 ﬁeret,
372 1284 471 1318 itaque
486 1283 613 1311 Persidis
629 1284 805 1319 occupandae
829 1283 884 1311 sibi
897 1292 982 1311 occa-

160 1329 204 1356 sio
219 1329 348 1356 daretur.
365 1328 467 1356 Turcis
492 1328 679 1356 mercenariis
710 1328 917 1356 Muchumetus
933 1336 982 1356 ac-

159 1374 262 1409 ceptis,
280 1373 375 1409 iisque
398 1381 465 1401 cum
490 1381 543 1401 suo
568 1373 695 1400 exercitu
722 1373 898 1408 conjunctis,
914 1381 982 1400 cum

158 1418 287 1446 Arabum
305 1417 436 1454 principe
451 1417 590 1445 Pisasirio
601 1417 744 1453 conﬂigit,
760 1425 887 1453 eumque
901 1417 981 1445 nullo

159 1461 274 1498 negotio
286 1465 415 1497 superat,
432 1462 608 1498 sagittarum
631 1463 796 1497 conjectum
814 1470 871 1489 non
888 1463 980 1489 feren-

1036 171 1157 206 Μηδίας,
1188 169 1350 203 Βαϐυλωνος
1391 172 1437 199 καὶ
1478 172 1625 210 ’Δσσυρίων
1667 172 1890 210 κυριευούσης,

1035 215 1089 251 ἤδη
1119 215 1148 243 δὲ
1175 217 1220 243 καὶ
1245 216 1384 254 Αἲγύπτου
1414 217 1456 244 καὶ
1483 214 1588 252 Λιϐύης
1613 217 1658 244 καὶ
1689 217 1807 254 μέρους
1838 216 1891 244 οὐκ

1037 259 1131 297 ὀλίγου
1172 264 1221 295 τῆς
1267 261 1410 298 Εὐρώπης,
1453 261 1561 298 ἐπείπερ
1605 260 1701 299 ἔτυχον
1741 261 1776 288 ἐν
1822 260 1889 288 δια-

1036 305 1131 343 φόροις
1160 308 1264 342 καιροῖς
1299 305 1432 340 ἀλλήλων
1471 306 1728 337 καταστασιάσαντες

1037 349 1085 385 μία
1113 349 1156 376 καί
1198 349 1312 386 μεγίστη
1353 350 1427 387 ἀρχὴ
1458 350 1524 384 αὕτη
1556 350 1594 380 εἷς
1623 348 1717 377 πολλά
1751 348 1885 387 διῃρέθη

1038 394 1118 429 μέρη,
1148 393 1193 420 καὶ
1223 392 1308 421 ἄλλον
1351 394 1396 430 μὲν
1428 394 1553 432 ἀρχηγὸν
1581 395 1652 431 εῖχεν
1681 395 1698 428 ἡ
1729 394 1883 428 Ἰσπανία,

1037 437 1121 464 ἄλλον
1139 436 1168 464 δὲ
1183 439 1199 472 ἡ
1217 436 1320 473 Λιϐύη,
1332 437 1418 466 ἄλλον
1445 437 1473 465 δὲ
1497 440 1514 473 ἡ
1531 438 1680 476 Αἴγυπτος,
1696 437 1799 465 ἄλλον
1822 436 1882 473 δεῇ

1037 479 1284 520 Βαϐυλὼν,ἓτερον
1314 482 1342 509 δὲ
1370 484 1387 517 ἡ
1418 483 1525 520 Περσὶς,
1545 483 1590 509 καὶ
1620 483 1687 518 πρὸς
1717 480 1882 517 ἀλλήλους

1040 527 1086 562 μὲν
1103 527 1156 564 οὐχ
1171 527 1326 563 ὡμονόουν,
1344 526 1451 563 μᾶλλον
1473 527 1520 564 μὲν
1547 527 1592 554 οὖν
1616 528 1660 554 καὶ
1688 525 1883 564 προσεπολέ-

1040 581 1106 607 μουν
1138 572 1162 598 οἱ
1193 573 1387 608 γειτονοῦντες,
1418 572 1542 610 ἀρχηγὸς
1568 570 1696 609 Περσίδος
1724 571 1782 599 καὶ
1818 572 1882 599 Χιο-

1039 615 1161 652 ρασμίων
1203 616 1246 643 καὶ
1289 617 1442 653 Ὠρητανῶν
1493 617 1537 644 καὶ
1582 615 1687 652 Μηδίας
1731 616 1885 653 ὑπάρχων

1040 661 1207 697 Μουχοῦμετ
1226 661 1294 687 κατὰ
1316 660 1380 692 τοὺς
1401 661 1518 698 χρόνους
1540 660 1685 688 Βασιλείου
1708 662 1766 688 τοῦ
1800 660 1883 698 βασι-

1039 704 1120 738 λεως,
1137 705 1151 732 ὁ
1169 705 1218 732 τοῦ
1234 702 1379 741 Ἰμϐραήλ,
1396 705 1442 732 καὶ
1463 705 1593 741 πολεμῶν
1623 703 1718 736 Ἰνδοῖς
1747 705 1802 732 καὶ
1831 708 1884 732 Βα-

1039 746 1186 780 ϐυλωνίοις
1200 749 1245 776 καὶ
1261 751 1350 780 κακῶς
1367 749 1392 776 ἦν
1408 752 1447 785 τῷ
1472 749 1589 786 πολέμῳ
1618 750 1791 788 φερόμενος,
1811 747 1882 788 ἔγνω

1041 792 1095 821 δεῖν
1125 794 1192 830 πρὸς
1217 794 1263 821 τὸν
1287 793 1406 832 ἄρχοντα
1429 794 1560 831 Τουρκίας
1575 792 1803 832 πρεσϐεύσασθαι
1836 795 1882 821 καὶ

1039 838 1199 875 συμμαχίαν
1236 839 1336 865 ἐκεῖθεν
1366 838 1537 874 αἰτήσασθαι.
1567 839 1670 875 Πέμπει
1699 841 1776 875 γυῦν
1818 839 1883 875 τιρέ-

1039 881 1112 914 σϐεις
1140 882 1207 920 πρὸς
1238 883 1317 910 αὐτὸν
1343 883 1387 910 καὶ
1413 881 1487 920 δῶρα
1502 881 1655 917 πολυτελῆ,
1671 883 1716 910 καὶ
1736 887 1881 921 πεμφθῆ-

1038 925 1079 953 ναί
1096 927 1121 953 οἱ
1138 926 1236 962 ἐξαιτεῖ
1265 926 1429 964 συμμάχους
1457 927 1504 954 τὸν
1532 928 1648 965 ἀριθμὸν
1676 927 1880 965 τρισχιλίους,

1038 971 1066 997 Ὁ
1096 970 1124 998 δὲ
1154 970 1296 1008 δεξάμενος
1335 972 1515 1008 ἀσμενέστατα
1557 973 1605 1006 τὴν
1646 970 1802 1010 πρεσϐείαν
1834 973 1879 999 καὶ

1038 1018 1095 1046 τοῖς
1121 1019 1266 1054 πεμφθεῖσι
1283 1016 1382 1053 δώροις
1407 1016 1500 1050 ἡσθεὶς
1530 1015 1660 1052 ἐκπέμπει
1689 1017 1766 1054 πρὸς
1797 1016 1881 1044 αὐτὸν

1037 1059 1101 1090 τοὺς
1129 1059 1313 1097 τρισχιλίους,
1344 1061 1469 1098 ἀρχηγὸν
1508 1060 1621 1098 ἔχοντας
1649 1060 1878 1099 Τραγολιπάκην

1038 1104 1182 1133 Μουκάλετ
1209 1106 1254 1132 τὸν
1285 1106 1341 1132 υἱὸν
1373 1104 1494 1139 Μικεὴλ,
1524 1106 1580 1140 ἅμα
1606 1106 1649 1132 καὶ
1683 1105 1810 1136 ἐλπίσας
1842 1106 1879 1136 ὡς

1038 1148 1113 1187 εἷ’περ
1134 1149 1208 1176 οὗτοι
1234 1148 1373 1184 δυνηθεῖεν
1404 1149 1622 1187 ἀποκρούσασθαι
1651 1149 1718 1181 τοὺς
1738 1147 1875 1186 ἐπεμϐαί-

1037 1204 1132 1224 νοντας
1147 1196 1205 1224 τοῖς
1223 1197 1400 1232 Σαρακηνοῖς,
1417 1194 1499 1231 ῥᾷστά
1526 1205 1555 1222 τε
1583 1195 1632 1228 τήν
1655 1196 1706 1221 τοῦ
1723 1194 1874 1231 Ἀράξιδος

1779 305 1839 332 καὶ
1872 307 1886 340 ἡ

1037 1241 1162 1275 ποταμοῦ
1178 1239 1295 1276 γέφυραν
1315 1239 1364 1272 τὴν
1385 1238 1544 1266 κωλύουσαν
1570 1238 1712 1276 Τούρκους
1743 1238 1772 1270 ἐς
1800 1240 1856 1276 Περ

1036 1281 1098 1310 σίδα
1125 1283 1192 1310 ἱέναι
1219 1283 1264 1310 ἅτε
1293 1283 1507 1321 πεπυργωμένην
1535 1283 1614 1310 οὖσαν
1642 1281 1716 1315 ἔνθεν
1743 1284 1871 1315 κάκεῖθεν

1037 1328 1081 1355 καὶ
1110 1330 1240 1365 φρουροῖς
1269 1328 1398 1359 πάντοθεν
1416 1327 1624 1366 φυλαττομένην
1643 1328 1731 1365 βατὴν
1751 1329 1869 1364 θήσουσι

1036 1372 1208 1410 περιελόντες
1248 1372 1294 1403 τὰς
1338 1372 1474 1411 φρουρὰς,
1503 1373 1548 1399 καὶ
1583 1372 1745 1410 ὑποχείριον
1794 1373 1869 1408 αὐτῷ

1036 1418 1181 1452 ποιήσουσι
1213 1417 1263 1451 τὴν
1301 1419 1356 1444 τῶν
1396 1419 1504 1455 Περσῶν
1534 1416 1638 1454 χώραν.
1668 1417 1866 1456 Ἀφικομένων

1036 1462 1124 1488 τοίνυν
1150 1463 1202 1488 τῶν
1234 1461 1419 1499 μισθοφόρων,
1437 1461 1533 1493 αὐτούς
1561 1472 1590 1488 τι
1616 1459 1868 1498 ἀναλαϐόμενολὸ

159 1506 237 1534 tibus
255 1506 405 1534 Arabibus.
422 1506 547 1534 Domum
563 1514 580 1533 a
600 1506 720 1534 victoria
742 1514 886 1539 reversus,
903 1507 917 1534 ll

1111 1507 1203 1543 ίοῦμετ
1219 1505 1263 1532 καὶ
1286 1506 1334 1536 τὰς
1349 1506 1444 1532 ἑαυτοῦ
1473 1504 1598 1542 δυνάμιις
1626 1503 1803 1543 προσϐάλλει
1832 1508 1869 1541 τῷ

160 1552 279 1579 eosdem
292 1553 400 1577 Turcos
416 1550 507 1578 voluit
522 1550 608 1578 etiam
626 1551 654 1577 in
673 1558 800 1586 pugnam
818 1553 918 1578 contra
935 1551 982 1578 In-

161 1597 226 1630 dos,
242 1605 258 1624 a
274 1596 381 1632 quibus
397 1596 633 1632 oppugnabatur,
651 1596 707 1623 sibi
722 1596 835 1624 adesse.
851 1597 983 1632 Cumque

163 1640 331 1677 petentibus
347 1643 378 1668 ut
393 1640 513 1668 domum
529 1640 585 1668 sibi
608 1640 702 1667 redire
715 1640 812 1668 liceret
838 1643 866 1668 et
883 1642 983 1675 [περεί-

164 1686 244 1713 dium
262 1686 297 1713 ab
312 1685 413 1712 Araxis
429 1687 516 1720 ponte
537 1685 741 1717 abduceretur,
757 1684 814 1712 vim
837 1685 925 1712 etiam
938 1685 982 1712 in-

160 1732 297 1765 tentaret,
310 1729 395 1758 Turci
408 1729 490 1757 veriti
513 1729 625 1764 majora
645 1728 775 1765 pericula
800 1730 836 1756 ab
855 1737 889 1757 eo
904 1730 982 1757 defe-

161 1777 306 1807 cerunt,et
318 1774 347 1801 in
358 1773 575 1802 Carbonitidcm
586 1773 776 1801 solitudinem
789 1775 894 1809 (neque
905 1774 983 1802 enim

160 1823 219 1846 tam
238 1819 321 1854 pauci
337 1819 476 1847 advorsus
498 1820 557 1846 tam
583 1818 678 1846 multa
702 1818 871 1854 depugnare
891 1819 982 1846 aude-

161 1863 232 1891 bant
253 1863 354 1899 millia)
376 1872 407 1890 se
431 1863 644 1897 subduxerunt,
670 1863 796 1898 indeque
821 1863 981 1890 identidem

160 1910 346 1944 erumpentes
366 1907 579 1936 Saracenorum
595 1907 736 1935 ditionem
755 1907 883 1942 populati
902 1912 981 1935 sunt.

161 1951 350 1988 Iniquissime
360 1952 389 1979 id
403 1952 497 1980 ferens
509 1951 726 1986 Muchumetus,
738 1952 773 1978 ad
785 1952 820 1979 20
830 1951 980 1979 hominum

159 1995 252 2024 millia
261 1997 416 2023 adversum
429 1996 540 2023 Turcos
552 1995 653 2028 mittit,
667 1996 766 2023 decem
779 1996 982 2024 nobilissimus

160 2044 292 2076 notaeque
307 2039 486 2068 fortitudinis
503 2048 535 2066 ac
547 2040 706 2075 prudentius
719 2040 807 2066 duces
822 2040 982 2068 Saracenos

159 2084 297 2113 exercitui
315 2084 485 2120 praeﬁciens.
512 2083 544 2110 Hi
568 2083 602 2110 ad
618 2083 725 2110 bellum
739 2083 982 2119 profecti,intrare

158 2130 188 2157 in
204 2130 352 2157 desertum
366 2129 401 2156 ob
418 2136 499 2164 aquae
514 2131 543 2155 et
565 2127 771 2155 alimentorum
789 2128 916 2163 inopiam
929 2129 982 2164 ju-

1037 1553 1091 1577 τῶν
1119 1547 1244 1587 Ἀράϐων
1272 1550 1385 1587 ἁρχοντι
1421 1550 1580 1587 Πισασιρίῳ,
1606 1550 1649 1577 καὶ
1680 1550 1746 1588 ῥᾷον
1788 1550 1866 1577 αὐτὸν

1038 1595 1174 1632 τρέπεται,
1193 1595 1230 1630 μὴ
1250 1595 1422 1622 ὑποστάντων
1447 1595 1494 1625 τὰς
1521 1594 1574 1622 τῶν
1604 1594 1688 1629 τόξων
1709 1593 1798 1632 βολὰς
1814 1597 1867 1622 τῶν

1039 1637 1175 1676 Ἂράϐων.
1202 1639 1382 1676 Ὑποστρέψας
1417 1638 1445 1666 δὲ
1468 1639 1506 1670 εἷς
1534 1640 1583 1673 τὴν
1609 1639 1706 1666 ἑαυτοῦ
1736 1639 1866 1676 ἠπείγετο

1038 1683 1081 1711 καὶ
1110 1683 1176 1721 πρὸς
1203 1683 1268 1714 τοὺς
1295 1683 1482 1720 πολεμοῦντας
1510 1683 1609 1714 Ἰνδοὺς
1647 1682 1865 1721 διαγωνίσασθαι

1040 1729 1097 1764 μετ’
1126 1728 1223 1756 αὐτῶν.
1253 1728 1376 1756 Έκείνων
1423 1727 1451 1755 δὲ
1488 1727 1683 1764 ἐξαιτουμένων
1731 1728 1771 1760 εἷς
1815 1729 1862 1762 τὴν

1039 1773 1138 1799 ἑαυτῶν
1182 1773 1345 1810 ὑποστρέψαι
1384 1774 1609 1811 συγχωρηθῆναι,
1639 1773 1783 1808 ἀνεθείσης
1815 1773 1862 1799 αὐ-

1036 1820 1095 1848 τοῖς
1122 1821 1173 1852 τῆς
1203 1817 1229 1844 ἐν
1266 1819 1299 1853 τῇ
1333 1817 1437 1855 γεφύρᾳ
1477 1816 1603 1854 φυλακῆς
1630 1819 1679 1844 τοῦ
1711 1816 1860 1854 Ἀράξιδος,

1039 1861 1146 1898 ἐπείπερ
1176 1861 1277 1894 ἐκεῖνος
1306 1862 1420 1889 ἐνέκειτο
1449 1861 1492 1888 καὶ
1524 1862 1582 1899 βίαν
1600 1861 1755 1899 ἐπενεγκεῖν
1785 1859 1859 1889 E506-

1038 1905 1111 1940 λετο,
1129 1905 1263 1937 δείσαντες
1289 1907 1363 1934 οὗτοι
1389 1907 1426 1942 μὴ
1456 1906 1500 1933 καὶ
1517 1906 1623 1933 πάθωσί
1639 1917 1663 1933 τι
1681 1905 1781 1940 δεινὸν,
1799 1907 1862 1934 ἁπο-

1038 1953 1173 1978 στατοῦσι.
1201 1951 1248 1978 Καὶ
1275 1952 1325 1984 τὴν
1356 1948 1523 1986 Καρϐωνῖτιν
1567 1949 1714 1981 ὑποδύντες
1757 1950 1860 1988 ἔρημον

1037 1994 1081 2022 Bai
1110 1997 1139 2022 το
1171 1996 1207 2031 μὴ
1232 1995 1338 2033 θαρῥεῖν
1365 1994 1476 2032 ὀλίγους
1506 1995 1573 2031 πρὸς
1592 1995 1724 2026 τοσαύτας
1750 1995 1860 2022 ἀντιπα-

1038 2039 1196 2077 ρατάξασθαι
1226 2037 1368 2076 μυριάδας,
1398 2039 1497 2071 ἐκεῖθεν
1531 2039 1667 2077 ἐκδρομὰς
1701 2040 1858 2076 ποιούμενοι

1037 2082 1133 2120 ἐδῄουν
1160 2083 1205 2110 καὶ
1232 2082 1326 2121 ἔφερον
1348 2084 1382 2110 ’ιά
1413 2086 1590 2121 Σαρακηνῶν.
1621 2085 1860 2121 Δυσανασχετήσας
1904 2114 1910 2119 ι

1037 2128 1082 2155 οὖν
1096 2129 1109 2155 ὁ
1130 2130 1296 2165 Λ1ουχοῦμετ
1310 2127 1352 2155 ἐπὶ
1366 2130 1425 2158 τοῖς
1449 2129 1614 2165 γινομένοις,
1632 2129 1744 2166 στρατὸν
1768 2127 1854 2164 ἁθροί-

158 2174 288 2202 dicantes
297 2171 660 2208 incommodum,proxime
670 2172 802 2199 additum
813 2173 916 2200 solitud

1126 2173 1196 2210 ἀμφὶ
1236 2173 1283 2202 τὰς
1321 2176 1343 2199 κ’
1372 2172 1502 2209 χιλιάδας
1531 2172 1663 2208 ἐκπέμπει
1702 2174 1769 2200 κατὰ
1803 2174 1854 2199 τῶν

156 2219 318 2246 Turcorum
347 2218 405 2244 dux
431 2217 466 2244 de
491 2217 616 2243 adventu
646 2218 855 2243 Saracenorum
887 2218 981 2244 factus

157 2263 273 2297 certior,
290 2271 319 2290 re
333 2270 399 2290 cum
426 2261 488 2289 suis
504 2261 733 2294 communicata,
759 2261 856 2289 subito
873 2262 978 2289 adoriri

156 2308 315 2335 Saracenos
342 2315 375 2334 ac
405 2306 506 2333 Persas
531 2306 657 2339 statuit;
688 2305 836 2340 biduoque
866 2308 979 2342 magnis

157 2351 295 2379 confectis
311 2350 426 2386 spatiis,
443 2350 528 2377 tertia
544 2351 627 2376 nocte
649 2357 699 2376 eos
715 2357 816 2376 secure
838 2350 867 2376 in
885 2353 978 2378 tento-

1035 2217 1173 2254 Toﬁgxwv,
1200 2219 1242 2254 [P.
1274 2219 1336 2254 768]
1365 2217 1511 2253 ἐπιστήσας
1547 2218 1640 2248 αὐτοῖς
1670 2217 1732 2244 δέκα
1761 2227 1849 2253 στρατ

1035 2262 1121 2298 ηγοὺς
1146 2263 1199 2290 ἀπὸ
1219 2265 1272 2289 τῶν
1299 2262 1494 2298 εὐγενεστάτων
1521 2262 1566 2289 καὶ
1594 2262 1781 2289 συνετωτάτων
1811 2260 1853 2287 καὶ

1035 2306 1076 2333 ἐπ’
1104 2305 1200 2343 ἀνδρίᾳ
1237 2306 1491 2344 μεμαρτυρημένῶν
1522 2309 1698 2343 Σαρακηνῶν.
1728 2307 1851 2342 Ἄραντες

1034 2350 1079 2378 οὖν
1096 2350 1172 2378 οὗτοι
1186 2351 1346 2388 ἀπήρχοντο
1370 2351 1437 2389 πρὸς
1460 2351 1506 2378 τὸν
1535 2350 1669 2387 πόλεμον.
1690 2350 1740 2377 Καὶ
1768 2348 1850 2375 εἰσελ-

157 2396 209 2423 riis
232 2397 352 2431 agentes
380 2394 512 2428 nihilque
542 2392 611 2420 mali
638 2395 839 2429 exspectantes
867 2394 978 2423 invadit

157 2442 243 2475 atque
258 2438 336 2466 illico
352 2438 495 2474 proﬂigat.
515 2437 553 2464 [bi
571 2437 716 2471 curribus,
728 2437 822 2472 equis,
841 2439 975 2473 pecunia-

156 2492 212 2519 que
221 2483 346 2519 plurima
359 2481 477 2518 potitus,
491 2490 547 2509 non
559 2482 619 2516 jam
632 2482 811 2518 ntfugitivus
823 2482 975 2511 latrocinia

154 2536 296 2561 exercere,
312 2527 362 2554 sed
379 2526 476 2562 palam
499 2526 602 2553 exinde
626 2526 654 2553 in
670 2527 745 2555 569
762 2530 862 2562 aperto
877 2530 974 2556 castra

151 2572 268 2600 habere.
281 2574 314 2598 Et
324 2570 510 2598 conﬂuebant
521 2570 556 2597 ad
568 2579 634 2597 eum
647 2571 696 2606 qui
708 2571 744 2598 ob
753 2571 897 2599 maleﬁcia
907 2581 974 2608 sup-

1032 2396 1086 2422 θεῖν
1116 2396 1162 2432 μὲν
1193 2395 1230 2426 εἲς
1257 2396 1307 2429 τήν
1337 2392 1439 2431 ἔρημον
1477 2394 1520 2422 διὰ
1548 2396 1597 2429 νήν
1621 2397 1668 2422 τοῦ
1684 2393 1778 2423 ὕδατος
1805 2392 1847 2419 καὶ

1031 2442 1083 2466 τῶν
1109 2442 1216 2478 τροφῶν
1242 2437 1344 2466 ἔνδειαν
1375 2439 1533 2470 ἀλυσιτελὲς
1558 2439 1725 2476 ἐλογίζοντο,
1742 2435 1846 2475 ἔγγιστα

1031 2482 1059 2511 δὲ
1074 2487 1122 2511 τοῦ
1151 2485 1284 2520 στόματος
1302 2487 1351 2518 τῆς
1379 2483 1487 2520 ἐρήμου
1513 2483 1782 2521 στρατοπεδεύσαντες
1808 2479 1845 2507 δι-

1029 2531 1193 2556 εσκοποῦντο
1221 2529 1252 2556 τὸ
1281 2528 1420 2564 ποιητέον.
1437 2530 1466 2557 Ὁ
1497 2528 1524 2556 δὲ
1545 2527 1734 2567 Γαγγρολίπηξ
1749 2528 1803 2562 (34)
1819 2525 1842 2555 ἰς

1026 2574 1058 2601 τὸ
1089 2573 1171 2611 βάθος
1200 2571 1379 2610 αὐλιζόμενος
1409 2575 1460 2608 τὴς
1487 2573 1603 2611 ἐρήμου,
1634 2572 1739 2608 ἐπιίπερ
1767 2569 1844 2606 ἔμαθε

741 2633 927 2662 XYLANDRI
946 2635 990 2663 ET
1009 2636 1122 2664 GOARI
1141 2637 1254 2664 NUT/E.

186 2683 463 2725 (§t_)'[‘ragolipaces
489 2683 605 2725 dicitur.
622 2684 677 2712 Sed
707 2685 760 2712 hoc
787 2693 844 2712 non
874 2686 1108 2715 estinusitntum
1140 2689 1168 2716 in
1199 2689 1253 2716 hoc
1283 2688 1392 2722 codice,
1423 2689 1500 2716 idem
1530 2689 1701 2717 vocabulum
1731 2687 1837 2714 diverse

149 2720 236 2751 scribi
253 2720 401 2756 aliquanto
417 2720 549 2747 inferius.
565 2720 631 2747 XYL.
