1936 3050
156 80 214 110 315

823 80 983 111 GEORGII
1004 79 1176 110 GEDRENI

1804 79 1891 108 316

157 145 302 173 Anastasii
320 146 410 181 tilius)
423 146 570 182 signiﬁcat
584 147 650 182 quis
662 149 738 174 esset
749 149 777 173 et
792 155 848 182 qua
865 147 981 174 fortuna

1081 148 1125 173 τῶν
1153 145 1215 182 μίαν
1245 143 1315 182 ἔγνω
1335 145 1430 172 ἑαυτοῦ
1457 155 1486 172 τε
1514 143 1558 171 καὶ
1580 146 1634 171 τῶν
1648 143 1694 170 σὺν
1710 144 1797 179 αὐτῷ,
1817 144 1889 177 τήν

155 192 240 217 actus
256 190 313 216 huc
328 191 473 222 venisset;
488 193 517 217 et
532 199 564 218 se
578 199 684 226 cupere
707 191 735 217 in
754 191 839 218 fidem
856 191 981 226 impera-

156 234 229 261 toris
267 236 435 268 concedere,
467 238 674 270 receptumque
708 244 739 263 se
777 236 864 263 rebus
894 236 982 271 hujus

159 286 334 314 magnopere
349 281 607 307 commodaturum
633 280 798 315 pollicetur.
826 281 982 307 Praefectus

158 331 225 350 cum
241 323 384 359 extemplo
401 332 461 351 rem
485 325 519 350 ad
546 325 749 359 imperatorem
767 325 932 358 detulisset,
946 325 982 352 ab

157 375 191 394 eo
214 367 336 402 jubetur
363 369 464 395 statim
494 368 638 404 Kegenem
669 377 734 396 cum
765 378 817 397 suo
843 369 982 396 comitatu

158 412 300 447 accipere,
317 415 404 448 atque
424 413 492 440 huic
517 414 634 448 quidem
664 414 828 441 necessaria
844 415 983 449 praebere,

159 457 256 491 ipsum
273 459 371 484 autem
388 457 532 493 chenem
550 457 710 485 honoriﬁce
725 458 896 494 Byzantium
914 458 982 485 mit-

158 503 228 527 tere.
254 501 306 534 Qui
335 504 366 528 ut
382 510 414 528 eo
441 502 530 535 venit,
556 502 681 538 benigne
703 505 748 529 est
774 502 984 538 splendideque

158 548 306 579 exceptus,
318 554 350 572 nc
362 554 427 572 cum
441 546 615 581 imperatore
626 547 798 580 collocutus,
808 555 838 574 se
847 550 983 574 sanctum

158 589 339 624 baptismum
363 590 564 618 admissurum
589 591 840 626 popularibUsque
861 592 936 619 idem
954 596 985 618 ut

159 631 268 660 faciant
296 642 506 669 persuasurum
533 635 719 670 promittens,
749 637 784 663 ab
808 636 984 672 imperatore

159 676 280 711 patricio
304 677 412 705 honore
436 678 514 706 584
541 682 682 713 ornatur;
708 681 792 716 eique
816 683 875 707 tres
904 689 984 708 arces

158 720 349 756 assignantur
363 722 398 750 de
420 723 456 750 iis
473 731 535 758 quae
560 724 595 750 ad
612 725 706 759 ripam
731 727 801 752 sunt
816 725 891 757 Istri,
908 724 984 752 mul-

158 767 247 800 taque
262 766 323 801 agri
337 766 442 802 jugera
456 776 461 800 ;
480 769 568 803 atque
580 769 651 795 adeo
667 769 695 796 in
708 777 864 797 numerum
876 770 983 797 amico-

160 818 225 837 rum
242 810 449 846 sociorumque
465 811 510 838 PR
527 812 693 845 ascribitur,
710 821 773 840 eam
791 813 935 849 praecipue
947 814 982 841 ob

158 862 279 881 causam
299 856 387 890 quod,
406 855 448 882 uti
474 855 622 891 pollicitus
647 857 750 890 fuerat,
767 859 796 884 et
811 857 874 893 ipse
889 858 983 893 bapti-

157 899 215 925 zari
231 899 325 926 voluit
338 902 367 927 et
384 900 433 935 qui
450 908 516 927 cum
536 900 600 936 ipso
615 904 709 928 erant.
735 902 830 937 anue
846 902 875 929 in
893 910 922 929 re
937 902 982 930 usi

158 944 229 970 sunt
244 942 370 979 religiosi
388 944 543 978 cujusdam
559 945 696 972 monachi
720 946 870 981 Euthymii
885 955 983 981 opera,

160 987 194 1014 ad
214 986 293 1022 ipsos
310 988 405 1019 missi.
421 988 471 1023 qui
493 989 527 1016 ad
547 989 652 1016 Istrum
670 998 786 1017 amnem
802 991 865 1025 ejus
887 999 983 1018 secra-

159 1031 248 1058 menti
265 1031 446 1059 ceremonias
461 1033 676 1061 administravit
692 1034 900 1071 universosque
912 1035 983 1070 bap-

159 1074 269 1102 tizavit.

1037 190 1074 220 είς
1089 191 1133 217 τὸν
1159 189 1272 226 βασιλέα
1296 192 1349 217 τῶν
1366 189 1510 224 Ῥωμαίων
1539 189 1708 226 καταφυγήν.
1735 189 1780 214 Διὸ
1823 189 1886 214 καὶ

1036 234 1105 271 πρὸς
1118 235 1149 262 τὸ
1165 234 1334 269 Δορόστολον
1349 234 1524 270 ἀφικόμενος,
1541 233 1585 259 καὶ
1602 232 1627 259 ἔν
1653 243 1707 259 τινι
1737 232 1890 268 ποταμίᾳ

1036 278 1125 312 νησίδι
1155 278 1326 315 περικλείσας
1355 279 1446 305 ἑαυτὸν
1491 276 1535 304 διὰ
1565 278 1596 304 τὸ
1633 274 1886 304 ἀνεπιϐούλευτον

1039 324 1106 358 μετὰ
1133 326 1187 350 τῶν
1217 323 1262 350 σὺν
1292 323 1364 358 αὖτῷ
1387 323 1463 356 (ἦσαν
1478 321 1507 349 δὲ
1521 321 1590 360 ἀμφὶ
1606 321 1652 352 τὰς
1668 322 1690 348 κ’
1706 320 1884 358 χιλιάδας),

1038 367 1215 404 διαμηνύεται
1230 370 1269 403 τῷ
1285 371 1335 401 τῆς
1350 368 1446 404 ’χώρας
1461 366 1574 404 ἄρχοντι
1591 367 1634 402 (ἦν
1657 364 1686 392 δὶ
1713 363 1843 403 Μιχαὴλ
1868 366 1886 392 ὁ

1036 415 1084 439 τοῦ
1101 412 1275 440 Ἀναστασίου
1291 412 1372 447 υἱὸς),
1388 411 1433 439 καὶ
1449 411 1575 448 γνωρίζει
1605 410 1678 440 ὅστις
1701 420 1730 437 τε
1753 409 1795 444 εἴη
1823 409 1884 436 καὶ

1039 456 1096 487 οἵας
1115 455 1314 493 διαδιδράσκων
1330 456 1417 493 τύχας
1433 456 1553 492 dictum,
1569 455 1614 482 καὶ
1639 454 1679 481 δτι
1704 453 1886 490 αὐτόμολος

1041 501 1168 538 βούλεται
1185 501 1307 537 γενέσθαι
1319 502 1359 535 τῷ
1383 499 1499 537 βασιλεῖ,
1515 498 1733 536 ὑπισχνούμενος
1761 496 1792 525 δὲ
1824 497 1884 524 καὶ

1040 545 1061 572 εί
1091 543 1287 582 προσδεχθείη,
1317 545 1355 575 εἷς
1385 543 1506 582 μεγάλην
1540 542 1631 578 ὄνησιν
1669 541 1774 574 ἔσεσθαι
1801 544 1882 572 ’τοῖς

1038 589 1136 616 τούτου
1164 590 1332 626 πράγμασιν.
1349 589 1378 615 '0
1407 587 1437 615 δὲ
1464 588 1497 615 τὰ
1528 588 1674 624 μηνύματα
1697 586 1782 624 λόγου
1799 589 1884 618 θᾶτ-

1039 644 1083 661 τον
1113 634 1181 670 πρὸς
1209 635 1254 661 τὸν
1287 633 1400 670 βασιλέα
1438 631 1654 670 διαπορθμεύσας
1683 630 1727 658 διὰ
1755 630 1881 668 ταχέων

1038 678 1176 705 κελεύεται
1218 679 1263 705 τὸν
1307 677 1391 716 ἄνδρα
1435 677 1502 713 μετὰ
1542 679 1597 704 τῶν
1626 676 1758 703 συνόντων
1789 675 1884 710 αὐτῷ

1039 721 1245 759 προσδέξασθαι,
1278 722 1321 749 καὶ
1351 722 1457 752 τούτοις
1488 721 1535 757 μὶν
1563 721 1597 748 τὰ
1625 719 1765 755 ἐπιτήδεια
1793 729 1879 757 χορ-

1038 770 1124 804 ηγεῖν,
1137 767 1216 794 αὐτὸν
1232 765 1261 794 δὲ
1274 765 1388 802 ἐνδόξως
1405 766 1430 796 ἇς
1455 767 1486 793 τὸ
1512 766 1654 799 Βυζάντιον
1679 765 1881 801 πεπομφέναι.

1041 813 1090 839 Καὶ
1107 812 1120 838 ὁ
1148 812 1194 847 μὶν
1225 812 1261 842 ὡς
1288 810 1432 845 tutela-5601;
1458 809 1628 848 διεπράξατο,
1645 810 1659 836 ὁ
1687 808 1716 836 δὲ
1744 809 1879 845 Κεγένης

1039 856 1076 886 εἷς
1099 857 1146 890 τήν
1176 854 1303 893 βασιλίδα
1327 856 1459 890 ωοιτήσας
1480 855 1524 882 καὶ
1541 854 1568 885 ἐς
1583 853 1681 891 λόγους
1709 853 1796 885 ἐλθὼν
1829 855 1880 888 τῷ

1041 900 1149 938 βασιλεῖ
1191 900 1364 939 φιλοφρόνως
1392 910 1422 926 τε
1448 899 1492 926 καὶ
1534 897 1752 936 μεγαλοπρεπῶς
1793 898 1872 924 ὑπε-

1040 944 1137 982 δέχθη,
1153 945 1197 972 καὶ
1229 945 1418 982 ὑποσχόμενος
1448 944 1529 974 αὐτός
1550 954 1579 970 τε
1599 943 1631 970 τὸ
1647 943 1722 980 ἅγιον
1738 941 1875 976 δέξασθαι

1041 989 1190 1026 βάπτισμα,
1215 992 1379 1019 παραπεῑσαι
1409 987 1437 1016 δὲ
1464 988 1508 1015 καὶ
1536 988 1600 1018 τοὺς
1630 987 1757 1017 συνόντας
1786 986 1876 1021 αὐτῷ

1037 1036 1118 1060 τοῦτο
1147 1037 1271 1068 ποιῆσαι,
1301 1033 1339 1065 είς
1376 1032 1572 1070 πατρικιότητά
1607 1042 1636 1059 τε
1668 1031 1788 1069 ἀνήχθη,
1819 1030 1876 1058 καὶ

1039 1078 1155 1116 φρούρια
1169 1079 1231 1115 τρία
1246 1078 1298 1105 ἀπὸ
1312 1079 1366 1105 τῶν
1381 1077 1406 1105 ἐν
1433 1080 1490 1108 ταῖς
1513 1075 1608 1114 ὄχθαις
1637 1075 1787 1113 ἱδρυμένων
1816 1077 1876 1102 τοῦ

160 1119 269 1156 Ἴστρου
298 1118 406 1158 εἰλήφει
433 1119 477 1146 καὶ
506 1122 556 1157 γῆς
586 1120 679 1148 πολλὰ
707 1121 811 1157 στάδια,
828 1122 872 1150 καὶ
898 1121 946 1149 τοῦ
971 1121 1071 1150 λοιποῦ
1084 1125 1142 1153 τοῖς
1157 1122 1250 1160 φίλοις
1267 1122 1398 1160 ἐνεγράφη
1414 1122 1458 1149 καὶ
1475 1122 1636 1159 συμμάχοις
1650 1121 1808 1156 Ῥωμαίων.
1829 1119 1876 1148 Τὸ

162 1162 245 1190 πλέον
261 1162 282 1190 δ’
299 1163 340 1190 δτι
356 1163 399 1191 καὶ
412 1164 449 1195 ὡς
467 1164 598 1202 ὑπέσχετο
614 1164 754 1201 ἀνεδέξατο
767 1167 798 1194 τὸ
813 1168 890 1204 ἅγιον
907 1167 1045 1204 βάπτισμα
1060 1167 1140 1197 αὐτός
1154 1177 1184 1194 τε
1197 1168 1241 1194 καὶ
1258 1167 1283 1194 οἱ
1309 1167 1354 1193 σὺν
1376 1166 1458 1202 αὐτῷ,
1477 1166 1613 1202 Εὐθυμίου
1637 1169 1709 1196 τινος
1731 1162 1877 1194 εύλαϐοὖς

165 1209 287 1244 μονοιχοῦ
302 1207 461 1245 πεμθέντος,
477 1212 525 1236 τοῦ
540 1210 573 1237 τὰ
583 1212 631 1237 τοῦ
647 1210 718 1238 θείου
734 1211 851 1248 λουτροῦ
866 1212 938 1249 παρά
952 1214 992 1248 τῷ
1008 1212 1104 1249 Ἴστρῳ
1119 1214 1236 1248 ποταμῷ
1251 1211 1438 1242 ἐκτελέσαντος
1465 1210 1509 1237 καὶ
1534 1213 1599 1237 πᾶσι
1625 1208 1787 1246 μεταδόντος
1818 1210 1876 1236 τοῦ

165 1252 245 1290 ἁγίου
262 1252 459 1289 βαπτίσματος.

200 1316 298 1344 Rebus
327 1317 356 1344 in
386 1319 449 1345 tuto
474 1319 644 1347 constitutis
674 1319 815 1356 Kegenes,
841 1329 906 1348 cum
929 1321 988 1356 jam

165 1365 268 1388 contra
284 1361 399 1389 subitos
416 1362 545 1390 hostium
563 1363 691 1399 impetus
707 1373 738 1392 se
754 1365 936 1399 munivisset,
954 1365 989 1392 ad

167 1405 368 1433 ulciscendum
394 1406 508 1434 hostem
533 1415 564 1435 se
589 1409 709 1441 confert,
735 1410 867 1444 Istroque
893 1412 988 1436 trans-

167 1448 258 1476 misso
271 1457 350 1477 nunc
364 1458 431 1478 cum
448 1451 592 1485 millibus,
608 1452 682 1480 alias
692 1461 758 1480 cum
774 1454 888 1480 duobus
904 1453 989 1480 milli-

166 1493 233 1527 bus,
249 1496 278 1520 et
293 1493 604 1541 aliquando-pluribus
628 1497 786 1532 aliquando
803 1498 988 1533 paucioribus
1005 1508 1026 1541 ο

166 1537 283 1569 ductis,
328 1538 570 1573 impressionibus
617 1541 781 1569 subitaneis
821 1542 990 1570 Patzinacas

166 1581 324 1616 Tyrachios
353 1584 480 1618 graviter
494 1584 607 1618 afﬂixit,
624 1585 712 1620 viros,
726 1585 755 1613 in
783 1594 856 1621 quos
873 1587 992 1614 incidis-

167 1627 225 1657 set,
239 1625 386 1659 occidens,
404 1627 543 1655 mulieres
568 1631 666 1657 autem
692 1633 721 1658 et
736 1639 841 1664 pueros
857 1630 886 1658 in
903 1631 992 1658 servi-

170 1672 261 1697 tutem
286 1670 434 1698 abducens
457 1680 490 1700 ac
512 1675 653 1701 Romanis
677 1675 817 1703 vendens.
844 1675 992 1712 Tyrachus

169 1713 366 1743 clandestinae
383 1716 436 1744 has
458 1718 582 1751 Kegenis
599 1718 808 1754 impressiones
824 1728 881 1747 non
899 1720 993 1748 ferens

170 1758 205 1785 ad
224 1758 428 1794 imperatorem
456 1761 548 1788 mittit
570 1762 691 1799 legatos,
708 1765 758 1799 qui
775 1765 835 1792 haec
851 1773 993 1801 propone-

171 1805 236 1830 rent
261 1812 267 1830 :
294 1804 500 1839 Imperatorem
530 1806 705 1843 Romanum,
736 1809 782 1836 cui
812 1817 878 1836 cum
907 1812 993 1845 gente

171 1847 391 1876 Patzinacarum
416 1850 510 1878 fwdus
535 1855 621 1885 esset,
639 1853 758 1881 omnino
782 1862 839 1881 non
856 1854 994 1882 debuisse

172 1891 300 1928 recipere
314 1901 380 1921 eum
398 1895 448 1929 qui
471 1895 506 1922 ab
522 1896 596 1931 ipsis
612 1897 799 1931 descivisset;
824 1901 875 1926 aut
889 1899 993 1926 saltem

173 1939 288 1972 recepto
313 1937 496 1971 interdicere,
522 1948 557 1967 ne
582 1942 655 1968 Istro
678 1942 799 1976 trajectu
824 1943 929 1970 amicos
949 1943 994 1970 PR

171 1980 299 2008 laederet.
320 1981 445 2010 Proinde
472 1985 523 2011 aut
537 1984 660 2020 Kegenis
685 1989 881 2022 compesceret
893 1995 994 2014 excur-

173 2024 281 2058 siones,
298 2028 348 2053 aut
363 2026 505 2054 auxilium
515 2028 540 2055 ei
556 2037 613 2056 non
630 2030 765 2064 prebeat.
776 2031 805 2058 Si
823 2039 907 2059 secus
920 2032 994 2059 face-

174 2071 226 2102 ret,
244 2070 330 2097 sciret
345 2078 376 2097 se
391 2071 466 2100 585
484 2073 692 2106 gravissimum
714 2077 816 2102 contra
829 2083 860 2103 se
876 2083 910 2103 ac
925 2084 995 2104 suos

172 2113 282 2141 bellum
300 2115 454 2143 concitare.
472 2117 589 2145 Auditis
603 2117 762 2154 imperator
776 2119 821 2147 his
838 2119 994 2155 postulatis

172 2158 349 2186 cachinnum
366 2160 497 2194 sustulit,
509 2163 587 2196 quod
599 2162 757 2190 ludibrium
776 2166 901 2199 putaret,
917 2165 942 2192 si
958 2164 994 2192 ob

173 2203 332 2230 Patzinacae
340 2204 435 2232 minas
443 2206 563 2240 prodere
570 2209 721 2242 cogeretur
731 2215 798 2235 eum
810 2209 858 2244 qui
869 2209 896 2236 in
909 2209 994 2236 fidem

173 2247 268 2284 ipsius
284 2249 476 2285 confugisset,
492 2253 543 2278 aut
565 2259 630 2278 eum
653 2252 689 2279 ab
705 2252 874 2281 ulciscenda
889 2253 996 2289 injuria

174 2294 340 2329 abstinere;
367 2295 537 2331 legatosque
565 2305 595 2324 re
620 2297 728 2325 infecta
751 2298 882 2326 dimittit.
901 2299 996 2327 Simul

175 2338 288 2366 litteras
303 2340 338 2366 ad
356 2339 529 2368 Michaelum
553 2341 612 2374 dat,
629 2341 746 2369 urbium
773 2343 845 2370 Istro
860 2343 996 2378 adjacen-

174 2383 248 2410 tium
267 2384 444 2419 praelectum,
460 2388 489 2412 et
512 2385 548 2412 ad
564 2385 732 2419 Kegenum;
757 2386 852 2422 iisque
869 2387 997 2424 injungit
1012 2400 1014 2402 ι

176 2430 207 2454 ut
222 2427 301 2462 ripas
318 2427 380 2454 [stri
398 2431 533 2456 accurate
548 2430 725 2466 custodiant,
738 2439 770 2458 sc
782 2432 805 2459 si
822 2432 888 2467 quis
902 2433 997 2468 gravis

174 2472 316 2499 exercitus
333 2475 462 2507 appetat,
480 2473 506 2500 id
524 2473 578 2501 ΒΗιί
605 2483 656 2509 per
681 2475 792 2503 litteras
807 2476 948 2510 indicent,
964 2479 996 2504 ut

174 2516 210 2544 de
226 2515 462 2545 Occidentalibus
485 2518 572 2545 etiam
589 2517 752 2554 legionibus
775 2520 890 2548 mittere
905 2521 998 2556 possit

175 2559 225 2595 qui
242 2559 315 2595 ipsis
328 2560 475 2596 conjuncti
493 2563 660 2590 Patzinacas
674 2564 799 2591 transitu
816 2564 880 2592 lstri
897 2565 997 2600 prohi-

175 2604 273 2632 beant.
299 2604 386 2632 Mittit
413 2605 498 2634 etiam
522 2607 656 2635 triremes
681 2612 808 2642 centum,
839 2617 902 2644 qua
933 2610 997 2637 Istri

175 2649 255 2684 ripas
271 2647 372 2684 legant
395 2653 424 2677 et
446 2650 614 2679 Patzinacas
629 2653 750 2687 trajectu
777 2656 903 2681 arceant.
923 2656 997 2682 Cum

175 2692 261 2728 legali
278 2693 359 2721 irrita
375 2702 427 2730 spe
445 2695 610 2728 rediissent.
622 2697 773 2733 Tyrachus
789 2698 998 2734 indignabatur

175 2745 209 2765 ac
223 2737 377 2775 fremebat,
394 2739 559 2776 hiemisque
583 2741 741 2770 adventum
756 2742 921 2778 exoptabat.
936 2743 997 2771 Sub

1081 1320 1228 1355 Γενόμενος
1249 1318 1278 1346 Et
1303 1319 1328 1346 ἰν
1352 1319 1392 1354 τῷ
1422 1318 1547 1356 ἀσφαλεῖ,
1568 1318 1613 1344 κιὶ
1637 1317 1684 1349 τὰς
1714 1314 1874 1355 αἰφνιδίους

1045 1363 1157 1402 ἐφόδους
1187 1362 1416 1402 ἀσφαλισάμενος,
1436 1363 1505 1400 πρὸς
1533 1360 1634 1398 ἄμυναν
1665 1361 1794 1398 ὶτράπετο
1819 1363 1874 1387 τοῦ

1044 1407 1155 1446 ἐχθροῦ,
1177 1408 1220 1435 καὶ
1249 1407 1445 1444 περαιούμενος
1473 1407 1518 1434 τὸν
1535 1407 1637 1444 Ἴστρον
1666 1409 1711 1433 νῦν
1742 1406 1788 1442 μὲν
1821 1405 1873 1432 σὺν

1045 1452 1161 1489 χιλίοις,
1178 1452 1233 1479 εἶτα
1257 1451 1303 1479 σὺν
1329 1450 1480 1488 δισχιλίοις
1498 1451 1542 1478 καὶ
1558 1451 1590 1478 αὖ
1619 1450 1664 1478 σὺν
1695 1449 1819 1477 πλείοσιν

1046 1497 1181 1531 ἐλάττοσι,
1206 1496 1251 1523 καὶ
1277 1496 1302 1532 ἐξ
1332 1495 1430 1533 ἐφόδου
1469 1495 1657 1532 προσπίπτων,
1684 1495 1717 1521 τὰ
1754 1495 1875 1532 μέγιστα

1047 1541 1144 1568 ἰχάκου
1172 1540 1217 1568 καί
1244 1539 1408 1576 ἐλυμαίνετο
1436 1539 1499 1570 τοὺς
1519 1540 1581 1577 περὶ
1594 1539 1640 1566 τόν
1657 1539 1755 1577 Τυρᾶχ
1769 1541 1875 1573 [Ιςιτζι-

1046 1586 1138 1621 νάκας,
1169 1583 1266 1623 ἄνδρας
1301 1585 1348 1621 μὶν
1384 1585 1449 1616 τοὺς
1489 1584 1709 1622 προσπίπτοντας
1740 1584 1876 1620 ἀναιρῶν,

1047 1630 1144 1667 γύναια
1159 1628 1187 1656 ’δὲ
1202 1630 1245 1657 καὶ
1272 1628 1372 1660 παῖδας
1402 1627 1666 1666 ἀνδραποδιζόμενος
1693 1628 1738 1655 καὶ
1766 1626 1876 1655 πωλῶν

1046 1677 1104 1705 τοῖς
1133 1673 1291 1710 Ῥωμαίοις.
1315 1673 1422 1705 Ταύτας
1451 1672 1479 1700 δὲ
1503 1673 1550 1704 τὰς
1580 1672 1709 1710 λαθραίας
1738 1672 1877 1704 ἐπιθέσεις

1046 1721 1094 1746 τοῦ
1122 1718 1252 1756 Κιγένους
1278 1719 1315 1754 μὴ
1356 1718 1445 1757 φέρων
1472 1718 1486 1745 ὁ
1515 1717 1610 1755 Τυράχ
1649 1714 1873 1754 διαπρεσϐεύεται

1047 1763 1115 1800 πρὸς
1143 1764 1189 1790 τὸν
1220 1761 1342 1800 βασιλέα,
1375 1761 1496 1798 μηνύσας
1526 1762 1562 1793 ὡς
1601 1760 1654 1788 ἔδει
1695 1762 1741 1788 τὸν
1785 1761 1871 1798 μεγαν

1050 1807 1184 1845 βασιλέα,
1215 1806 1332 1837 σπονδάς
1372 1804 1474 1844 ἔχοντα
1517 1805 1584 1842 μετὰ
1620 1807 1667 1832 τοῦ
1695 1805 1787 1842 γένους
1813 1807 1871 1832 τῶν

1048 1853 1231 1887 Πατζινάκων,
1249 1853 1290 1888 [Ρ.
1312 1852 1376 1887 777]
1406 1849 1476 1887 μηδὲ
1505 1849 1697 1887 προσδέξασθαι
1727 1849 1799 1880 ὅλως
1820 1850 1870 1876 τὸν

1049 1897 1202 1931 ἀποστάτην
1230 1895 1328 1929 αὐτῶν,
1346 1894 1403 1922 ὲπεὶ
1424 1894 1452 1922 δὶ
1476 1893 1664 1932 προσεδέξατο,
1680 1892 1796 1920 κωλύειν
1829 1894 1870 1929 μή

1049 1940 1177 1978 διαπερᾷν
1205 1940 1250 1967 καὶ
1278 1939 1344 1970 τοὺς
1370 1937 1557 1969 ὑποσπόνδους
1585 1938 1770 1973 λυμαίνεσθαι·
1787 1938 1805 1972 ἢ
1821 1937 1869 1964 οὖν

1047 1984 1201 2019 κωλυθήτω
1217 1985 1230 2011 ὁ
1255 1984 1323 2022 ἆνήρ
1348 1983 1382 2010 τὰ
1408 1985 1520 2010 τοιαῦτα
1543 1984 1680 2020 πράττειν,
1696 1981 1713 2016 ἢ
1732 1981 1871 2018 μηδεμιᾶς

1048 2029 1155 2066 τυχέτω
1179 2027 1351 2065 συμμαχίας,
1380 2027 1398 2062 ἢ
1437 2027 1592 2065 γινωσκέτω
1626 2028 1639 2054 ὁ
1675 2025 1801 2064 βασιλεὺς
1831 2027 1870 2057 ὡς

1048 2075 1106 2101 καθ’
1133 2073 1229 2101 ἑαυτοῦ
1254 2083 1284 2100 τε
1312 2072 1356 2100 καὶ
1382 2075 1432 2106 τῆς
1461 2072 1557 2099 ἑαυτοῦ
1601 2072 1696 2109 χώρας
1729 2070 1870 2110 ἐφέλκεται

1051 2118 1199 2155 βαρύτατον
1227 2116 1359 2153 πόλεμον.
1389 2117 1439 2144 Καὶ
1475 2118 1558 2143 ταῦτα
1588 2116 1635 2152 μὲν
1661 2115 1695 2142 τὰ
1725 2115 1871 2151 μηνύματα

1048 2164 1097 2189 τοῦ
1125 2161 1232 2199 Τυρᾶχ,
1249 2162 1262 2188 ὁ
1292 2160 1320 2188 δὲ
1352 2160 1478 2198 βασιλεὺς
1506 2160 1554 2191 τὰς
1583 2159 1710 2197 ἀγγελίας
1727 2158 1870 2195 δεξάμενος

1049 2206 1117 2243 πρὸς
1142 2206 1239 2237 ταύτας
1269 2206 1316 2242 μὲν
1341 2205 1385 2233 καὶ
1414 2204 1608 2242 ἐπεκάγχασεν,
1625 2203 1647 2231 εί
1674 2202 1718 2231 διὰ
1742 2204 1870 2238 Πατζινά-

1049 2261 1099 2278 κου
1114 2249 1227 2282 ἀπειλὰς
1243 2249 1380 2288 προδότης
1395 2250 1500 2287 γένοιτο
1514 2251 1562 2276 τοῦ
1579 2248 1617 2280 είς
1644 2248 1724 2276 αὐτὸν
1749 2258 1868 2288 προσφυ-

1049 2295 1156 2333 γόντος,
1171 2295 1216 2322 καὶ
1231 2294 1347 2322 κωλύειν
1362 2296 1412 2322 τοῦ
1442 2294 1479 2330 μὴ
1510 2295 1608 2320 κακοῦν
1635 2294 1699 2323 τοὺς
1728 2293 1868 2320 κακώσαν-

1048 2350 1097 2371 τας
1115 2363 1122 2374 ,
1151 2339 1215 2370 τοὺς
1254 2338 1283 2366 δὶ
1323 2336 1487 2376 πρεσϐευτὰς
1527 2337 1682 2375 ἀπράκτους
1722 2337 1866 2374 ἐξέπεμψε.

1051 2385 1203 2421 Γράμματα
1232 2381 1260 2411 δὲ
1288 2382 1356 2420 πρός
1376 2393 1405 2410 τε
1434 2381 1551 2420 Μιχαὴλ
1583 2383 1627 2409 τὸν
1671 2382 1791 2420 ἄρχοντα
1816 2385 1868 2410 τῶν

1049 2428 1215 2466 παριστρίων
1238 2427 1357 2463 πόλεων,
1387 2425 1425 2454 ἔτι
1463 2425 1492 2454 δί
1527 2427 1571 2454 καί
1609 2427 1677 2464 πρὸς
1708 2427 1788 2454 αὐτὸν
1823 2427 1866 2454 τὸν

1050 2474 1166 2511 Κεγένην
1209 2472 1354 2509 ἐκπέμπει,
1379 2470 1522 2510 φυλάττειν
1562 2468 1681 2509 ἀκριϐῶς
1711 2471 1758 2502 τὰς
1786 2469 1867 2508 ὄχθας

1049 2520 1097 2545 τοῦ
1137 2516 1282 2554 ποταμοῦ*
1313 2515 1336 2544 εἰ
1370 2515 1399 2544 δέ
1435 2526 1477 2546 τις
1514 2515 1577 2552 ὶπίῃ
1618 2516 1714 2553 βαρεῖα
1747 2514 1867 2552 δύναμις,

1049 2563 1192 2600 γράμμασι
1210 2561 1331 2598 μηνύειν,
1345 2559 1391 2588 ἵνα
1404 2561 1450 2588 καὶ
1465 2561 1518 2588 ἀπὸ
1537 2562 1589 2587 τῶν
1621 2563 1741 2587 Δυτικῶν
1769 2560 1866 2598 ταγμά-

1050 2617 1104 2634 των
1146 2605 1337 2643 ἐκπεμπόμενά
1373 2615 1434 2633 τινα
1474 2605 1520 2632 σὺν
1556 2604 1648 2636 αὐτοῖς
1677 2603 1785 2642 εἷ’ργωσι
1812 2607 1866 2635 τοῖς

1051 2650 1228 2686 Πατζινᾶκαις
1255 2651 1304 2685 τήν
1333 2653 1382 2678 τοῦ
1403 2651 1529 2686 ποταμοῦ
1545 2647 1678 2678 διάϐασιν.
1692 2650 1815 2687 Ἔπεμψε
1841 2648 1867 2677 δὲ

1050 2696 1096 2724 καὶ
1132 2697 1254 2734 τριήρεις
1297 2695 1389 2723 ἑκατὸν
1407 2716 1415 2729 ,
1444 2694 1595 2730 ἐπισκήψας
1635 2693 1787 2731 παραπλεῖν
1825 2694 1866 2721 τὸν

1051 2741 1157 2779 Ἴστρον
1180 2740 1226 2768 καὶ
1251 2739 1438 2778 πειρωμένους
1463 2737 1625 2767 διακωλύειν
1652 2738 1716 2770 τοὺς
1744 2738 1866 2773 Ηατζινά-
