1919 3048
83 106 144 136 317

659 108 932 139 HISTORIARUM
955 108 1225 140 COMPENDIUM.

1735 107 1795 137 318

80 182 133 202 κας
164 174 261 209 περᾷν.
291 171 497 207 Ἐπανηκόντων
527 171 550 200 δ’
579 173 723 212 ἀπράκτων
752 175 806 201 τῶν
829 184 838 200 c

1032 184 1057 202 [ι]
1074 175 1221 207 autumni,
1237 183 1270 202 ac
1286 174 1381 202 hieme
1397 173 1525 207 ineunte,
1541 181 1607 200 cum
1621 173 1683 208 jam
1697 173 1741 201 sol
1757 174 1790 201 ad

82 213 238 253 πρέσϐεων,
269 217 283 244 6
312 217 406 254 Τυρεὶχ
430 216 593 254 ἐχαλέπαινε
624 218 668 245 καὶ
710 218 842 256 ὦργίζιτο
871 217 915 245 καὶ

82 262 186 287 θᾶττον
213 259 315 298 ηὔχετο
347 259 510 289 καταλαϐεῖν
545 263 591 290 τὸν
621 265 756 301 χειμῶνα.
786 261 855 298 Ἤδη
887 261 916 290 δὶ

82 309 134 340 τῆς
151 309 358 344 φθινοπωρινῆς
374 305 517 343 ληγούσης
533 306 604 344 ὥρας
628 307 672 334 καὶ
705 310 753 334 τοῦ
777 309 915 345 χειμῶνος

83 350 259 386 ἐπιστάντος,
288 353 335 377 τοῦ
369 350 451 385 ἡλίου
481 350 558 382 ὄντος
585 351 628 379 ἐπὶ
660 352 703 379 τὸν
729 352 913 389 Δίγοκέρωτα,

82 398 187 434 ἄνεμος
217 396 339 426 ἔπνευσαν
369 399 517 437 ἀπαρκτίας
547 399 644 434 πολὺς,
661 400 697 431 ὡς
722 399 914 436 άποκρυσταλ-

83 443 210 478 λωοῆναι
241 444 324 481 μέχρι
354 443 543 471 πεντεκαίδεκα
572 445 684 482 πήχεων
711 444 737 475 ἃς
760 445 842 482 βάθος
869 445 914 472 τὸν

82 487 222 523 ποταμόν.
255 489 345 523 Πάσης
377 487 421 515 οὖν
447 488 572 527 φυλακῆς
602 488 786 526 σχολασάσης,
819 488 913 526 δραξά-

85 542 171 568 μενος
188 532 278 564 ἁὸιίας
293 534 325 567 ἧς
347 533 486 570 ἐπιτυχεῖν
502 532 605 571 ηὔχετο
635 533 650 560 6
675 534 771 571 Τυρὰχ
801 532 915 570 διαπερᾷ

83 577 130 603 τὸν
160 578 267 615 Ἴστρον
299 577 366 614 μετὰ
387 577 492 605 πάντων
521 580 574 605 τῶν
605 579 787 612 Πατζινάκων,
818 577 912 612 ὄντων,

84 621 121 652 ὡς
139 621 262 659 ἰλέγετο,
279 621 414 660 χιλιάδων
433 622 608 657 ὀκτακοσίων,
624 622 668 650 καὶ
685 622 711 653 ἇς
727 623 775 658 τήν
800 622 911 659 περαίαν

82 664 205 703 ἱδρύατο,
236 666 332 703 κείρων
367 666 411 694 καὶ
453 667 586 706 ἀφανίζων
624 667 657 694 τὰ
694 667 911 704 παραπίπτοντα.

85 710 239 747 Γράμματα
263 709 292 738 δὶ
315 710 382 747 πρὸς
411 711 456 738 τὸν
489 711 602 748 βασιλέα
629 710 772 739 ἐστέλλετο
803 712 911 748 βοηθεῖν

83 753 201 790 δεόμενα
214 755 263 790 τὴν
282 755 426 792 ταχίστην,
443 756 472 784 Ὀ
497 755 525 783 δὶ
551 755 616 792 μηδ’
640 755 692 783 ὅλα
707 756 740 783 τὰ
766 756 913 794 γράμματα

80 799 215 836 ἀναγνοὺς
243 802 282 836 τῷ
309 798 385 827 δουκὶ
410 799 662 838 Ἀὂριανουπόλεως
690 801 787 839 γράφει
816 801 860 837 (ἦν
884 799 912 828 δὲ

83 844 292 874 Κωνσταντῖνος
322 843 470 882 μάγιστρος
496 845 510 872 6
539 845 708 882 Ἀριανίτης)
737 845 784 877 τὰς
823 849 910 872 Μακε-

83 886 194 919 δονικὰς
208 888 336 925 εἰληφότι
349 887 489 925 δυνάμεις,
505 886 544 916 ἔτι
561 888 588 916 δὲ
604 889 648 917 καὶ
675 891 742 927 πρὸς
766 888 910 918 Βασίλιιον

87 933 218 970 Μοναχὸν
243 933 288 960 τὸν
316 933 440 970 ἡγεμόνα
468 937 518 968 τῆς
549 933 719 971 Βουλγαρίας
746 935 795 968 τὴν
827 933 912 962 Βουλ-

87 977 205 1014 γαρικὴν
222 976 356 1014 εἰληφότα
371 980 451 1015 χεῖρα
480 978 620 1016 ἀφικέσθαι
643 978 687 1005 καὶ
717 979 848 1013 ἑνωθῆναι
873 981 912 1014 τῷ

87 1020 208 1058 Μιχαὴλ
237 1021 282 1048 καὶ
311 1023 350 1057 τῷ
377 1022 477 1059 Κεγὲνῃ
505 1023 548 1049 καὶ
581 1023 639 1058 μετ’
654 1022 740 1050 αὐτῶν
769 1023 835 1060 πρὸς
849 1023 912 1054 τοὺς

87 1068 257 1099 Πατζινάκας
285 1064 504 1103 διαγωνίσασθαι.
533 1069 579 1093 Ὠν
608 1068 676 1094 κατὰ
703 1068 734 1094 τὸ
770 1067 911 1104 βασιλικὸν

85 1110 262 1143 ποιησάντων
293 1109 431 1147 ἐπίταγμα
467 1110 510 1138 καὶ
541 1111 647 1138 πάντων
674 1111 717 1148 ὑφ’
741 1111 768 1138 ἓν
800 1112 912 1149 γινομέ-

85 1165 153 1187 νων,
171 1151 314 1181 ἀναλαϐὼν
343 1154 357 1181 ὁ
382 1155 496 1192 Κεγένης
524 1155 572 1186 τὰς
597 1155 750 1191 Ῥωμαϊκὰς
774 1154 911 1194 φάλαγγας

85 1198 112 1224 ἐν
129 1201 190 1229 τοῖς
217 1198 358 1236 ὑπαίθροις
386 1198 636 1236 στρατοπεδεύιται,
652 1199 696 1226 καὶ
726 1200 784 1226 καθ’
798 1200 910 1235 ἑκάστην

85 1242 171 1269 ἐπιὼν
186 1243 211 1278 ἐξ
227 1242 325 1282 ἐφόδου
348 1243 378 1270 οὐ
411 1244 494 1280 μικρὰ
521 1243 584 1274 τοὺς
612 1245 777 1278 Πατζινάκοις
806 1243 910 1272 ἐλύπει.

85 1292 205 1322 Τούτοις
219 1292 270 1329 γὰρ
291 1292 348 1328 ἅμα
362 1294 395 1329 τῇ
411 1294 459 1319 τοῦ
483 1295 611 1329 ποταμοῦ
636 1290 756 1321 διαϐάσει
782 1293 911 1331 ἀφθονίαν

87 1335 165 1369 ζώων
183 1335 291 1373 εὑροῦσι
306 1335 417 1370 πολλὴν
434 1336 478 1363 καὶ
495 1335 568 1363 oi'voo
596 1337 640 1364 καὶ
668 1339 721 1364 τῶν
751 1336 780 1364 ἐκ
803 1337 913 1373 μέλιτος

84 1379 358 1415 κατασκευαζομένων
388 1380 531 1417 πομάτων,
559 1381 596 1408 ὧν
627 1379 691 1408 οὐδὲ
722 1381 805 1415 ἀκοὴν
829 1379 911 1419 ἔσχον

86 1425 212 1457 πώποτε,
239 1425 285 1451 καὶ
326 1423 422 1460 ἀνέδην
452 1427 505 1452 τῶν
533 1425 664 1452 τοιούτων
694 1425 911 1464 ἰμφορουμένοις

84 1468 166 1499 νόσος
212 1468 336 1496 ἐσπίπτει
378 1469 524 1504 κοιλιακῆν
563 1469 680 1502 διάθεσιν
724 1468 836 1508 ἔχουσα,
866 1471 911 1498 καὶ

83 1512 279 1570 άπώλλυντοΛ
293 1514 407 1549 ἑκάστης
432 1515 554 1570 ’ἡμέρας
592 1514 763 1552 ἀναρίθμητοι
800 1515 906 1550 πλήθη.
924 1537 946 1570 C

98 1559 475 1570 ,ι-νπηηκηκιιΔ
557 1559 657 1570 in.
755 1558 795 1570 οι

84 1558 126 1594 [Ρ.
157 1559 220 1594 778]
245 1558 331 1596 ’Όπιρ
371 1558 526 1595 πυθόμινος
553 1559 567 1586 6
597 1560 711 1596 Κεγὲνης
754 1558 798 1586 διά
836 1571 907 1591 τινος

83 1601 255 1638 αὐτομόλου,
280 1602 324 1629 καὶ
363 1603 456 1640 καιρὸν
498 1602 651 1638 ἐπιτήδειον
687 1604 780 1641 κρίνας
814 1606 909 1631 τοῦτον

84 1646 152 1673 εἶναι
176 1649 235 1678 τοῖς
264 1646 375 1683 ἐχθροῖς
402 1646 586 1682 ἆπιθήσεσθαι,
612 1647 693 1675 ὁπότε
717 1648 761 1674 καὶ
791 1651 909 1684 χειμῶνι

82 1690 128 1717 καὶ
151 1690 224 1726 νόσῳ
253 1691 400 1725 πιὶζονται,
424 1691 567 1723 ἀναπείσας
591 1691 636 1719 καὶ
664 1691 728 1723 τοὺς
752 1693 909 1729 Ῥωμαίους

84 1735 230 1766 ὀκνοῦντας
245 1736 288 1762 καὶ
318 1734 440 1767 δεδιότας
464 1736 531 1773 πρὸς
553 1736 683 1767 τοσαύτας
714 1737 909 1774 ἀντιπαρατάτ-

83 1785 178 1810 τεσθαι
206 1778 349 1816 μυριάδας,
365 1781 568 1818 προσρήγνυται
592 1783 650 1812 τοῖς
680 1780 802 1818 ἐχθροῖς.
820 1781 854 1809 Οἱ
881 1780 910 1809 δὶ

83 1824 134 1858 τήν
173 1823 258 1860 ὀξεῖαν
297 1823 401 1851 ἕλευσιν
452 1823 627 1862 ἐκπλαγέντες
669 1825 713 1852 καὶ
751 1825 818 1863 πρὸς
862 1827 908 1853 τὸν

83 1867 208 1904 πόλεμον
238 1867 487 1904 ἀποδιιλιάσαντες,
514 1869 638 1907 ῥίψαντες
666 1870 699 1896 τὰ
728 1869 801 1897 δπλα
829 1870 908 1902 αὐτός

83 1923 112 1939 τε
138 1913 152 1939 6
181 1913 277 1950 Τυρὰχ
304 1914 349 1940 καὶ
379 1913 475 1944 πάντας
504 1915 530 1941 οἱ
546 1913 676 1952 ἄρχοντες
692 1915 782 1942 καὶτὸ
811 1914 907 1943 λοιπὸν

84 1956 193 1990 πλῆθος
212 1958 323 1988 ἑαυτοὺς
353 1957 562 1996 ἐγχειρίζουσιν.
579 1958 609 1986 Ὁ
637 1959 683 1995 μὶν
713 1959 758 1986 οὖν
789 1959 908 1997 Κεγένης

84 2003 264 2033 συνεϐούλευε
287 2007 330 2034 καὶ
355 2005 552 2044 διεμαρτύρατο
577 2006 676 2038 πάντας
704 2005 808 2043 ἡϐηδὸν
839 2008 908 2035 ἀπο-

84 2050 193 2088 σφάξαι,
210 2047 287 2088 ἕλεγι
303 2050 331 2078 δὶ
354 2051 398 2078 καὶ
427 2052 578 2088 παροιμίαν
610 2049 745 2090 βάρϐαρον
771 2052 829 2089 μὲν,
845 2055 907 2080 νοῦν

83 2093 113 2121 δὲ
128 2094 217 2122 πολὺν
239 2093 365 2132 ἔχουσαν,
379 2095 417 2127 ὡς
433 2097 492 2124 Ἑτι
522 2098 662 2134 χειμῶνος
690 2094 767 2128 ὄντος
797 2095 837 2124 δεῖ
861 2098 906 2124 τὸν

82 2137 145 2177 ὅφιν
174 2139 340 2176 ἀποκτεῖναι,
368 2140 486 2175 ὁπηνίκα
529 2141 578 2175 τὴν
622 2141 718 2179 κίρκον
751 2144 835 2169 κινιῖν
877 2141 908 2169 οὖ

84 2182 194 2210 δ·5ναται
212 2193 218 2200 ⁸
249 2184 300 2211 ὑπὸ
341 2183 423 2219 ἡλίου
460 2185 512 2222 γὰρ
551 2185 680 2224 θαλφθείς
708 2186 810 2217 κόπους
837 2186 905 2222 ἡμῖν

971 219 1176 254 Capricornum
1192 219 1366 254 appulisset,
1382 220 1484 246 ventus
1499 218 1645 254 aparetias
1659 217 1793 253 copiosus

971 263 1049 290 ﬂavit
1064 263 1194 299 Isterque
1208 263 1237 290 in
1254 262 1377 298 glaciem
1394 262 1562 297 quindecim
1578 260 1692 288 cubitos
1704 260 1792 289 altum

970 307 1141 343 congelavit.
1158 308 1257 336 Otiosa
1282 306 1380 342 itaque
1404 306 1485 334 omni
1508 305 1641 333 custodia
1662 307 1790 341 optatam

970 353 1119 388 Tyrachus
1135 357 1238 380 nactus
1262 351 1420 384 licentiam,
1440 354 1545 378 lstrum
1572 359 1638 377 cum
1655 349 1792 377 omnibus

971 397 1139 430 Patzinacis,
1156 405 1282 432 quorum
1300 397 1458 423 multitudo
1472 395 1707 430 octingentorum
1724 402 1791 422 cen-

969 444 1090 471 sebatur
1115 443 1251 477 millium,
1276 446 1488 478 transgressus,
1513 443 1541 469 in
1569 441 1736 470 ulteriorem
1761 448 1792 468 se

969 489 1071 516 etl'udit
1094 488 1246 521 ditionem,
1273 488 1413 524 diripiens
1439 490 1526 522 atque
1550 486 1650 514 delens
1674 485 1703 513 in
1728 494 1793 521 qua:

969 537 1115 565 incidebat
1129 537 1239 564 omnia.
1255 537 1412 564 Mittuntur
1435 545 1503 572 ergo
1526 536 1561 563 ad
1584 535 1788 571 imperatorem

969 582 1082 612 litterae,
1100 581 1208 617 quibus
1232 582 1267 608 ad
1288 581 1435 608 ferendam
1461 580 1680 616 quamprimum
1706 587 1789 615 opem

967 627 1153 655 incitabatur.
1172 628 1197 653 ls
1212 626 1326 653 vixdum
1344 624 1592 660 perlectislitteris
1601 625 1636 652 ad
1649 625 1790 652 Adriano-

969 671 1042 706 polis
1059 671 1135 699 586
1158 670 1262 697 ducem
1278 669 1503 697 Constantinum
1520 669 1692 704 magistrum
1708 669 1788 696 Aria—

967 716 1060 742 nitnm
1085 715 1197 748 scribit,
1215 718 1246 740 ut
1269 713 1463 740 Macedonicis
1487 721 1554 740 cum
1580 712 1682 748 copiis,
1703 715 1731 740 et
1755 712 1791 739 ad

968 759 1109 787 Basilium
1123 758 1296 786 Monachum
1315 757 1456 794 Bulgaria!
1473 757 1588 788 ducem,
1601 759 1633 784 ut
1643 765 1710 784 cum
1722 756 1791 784 Bul-

967 804 1065 839 garico
1081 804 1208 831 exercitu
1224 802 1365 830 Michaelo
1391 810 1424 828 ac
1440 802 1548 837 Kegeni
1565 810 1595 828 se
1610 801 1791 836 conjungant

928 858 950 889 Β
966 850 994 876 et
1010 851 1111 876 contra
1125 847 1296 874 Patzinacas
1309 847 1487 882 depugnent.
1499 846 1580 881 lique
1592 846 1679 880 jussa
1690 845 1788 872 statim

968 895 1037 920 sunt
1063 891 1201 920 exsecuti.
1231 891 1400 926 Conjunctis
1424 891 1562 918 omnibus
1591 890 1788 918 Romanorum

967 936 1059 972 copiis
1075 936 1204 971 Kegenes
1220 944 1269 963 eas
1293 935 1402 967 eduxit,
1418 935 1581 970 castrisque
1602 934 1658 962 sub
1673 934 1720 962 dio
1737 942 1789 969 po-

968 981 1043 1013 sitis,
1067 981 1247 1016 quotidiauis
1272 979 1491 1007 incursionibus
1515 980 1682 1007 Patzinacas
1710 978 1789 1006 haud

966 1025 1067 1053 leviter
1077 1025 1199 1052 vexavit.
1219 1024 1249 1058 li,
1266 1032 1351 1051 amne
1367 1024 1499 1059 trajecto,
1510 1024 1541 1050 in
1558 1024 1715 1059 pecudum,
1731 1022 1790 1050 vini

967 1073 996 1097 et
1021 1073 1105 1105 potus
1129 1077 1144 1096 e
1173 1068 1259 1096 melle
1287 1068 1410 1096 confecti
1441 1068 1599 1095 maximam
1626 1067 1791 1095 inciderant

967 1114 1092 1150 copiam,
1110 1121 1145 1141 ne
1166 1113 1266 1140 auditu
1294 1113 1412 1148 quidem
1438 1115 1523 1140 antea
1537 1112 1610 1147 ipsis
1632 1111 1703 1140 noti.
1720 1111 1788 1143 Qui-

968 1159 1023 1186 bus
1039 1166 1105 1185 cum
1122 1157 1231 1185 aﬂ‘atim
1249 1157 1426 1189 fruerentur,
1444 1157 1563 1184 morbus
1579 1164 1628 1184 eos
1653 1156 1789 1184 cmliacus

966 1203 1084 1234 invasit,
1100 1205 1128 1229 et
1143 1201 1274 1238 quotidie
1289 1201 1490 1228 moriebantur
1504 1201 1661 1228 innumeri.
1680 1200 1719 1228 De
1731 1209 1789 1236 quo

966 1247 1073 1274 certior
1088 1255 1104 1273 a
1119 1247 1272 1281 transfuga
1287 1246 1413 1281 quodam
1431 1246 1524 1273 factus
1537 1245 1676 1279 Kegenes,
1701 1245 1790 1280 idque

967 1290 1123 1318 invadendi
1139 1291 1231 1318 hostis
1242 1293 1442 1326 opportunum
1454 1292 1571 1326 tempus
1587 1292 1679 1323 ratus,
1691 1297 1749 1324 quo
1762 1292 1790 1317 et

967 1335 1063 1363 hieme
1083 1337 1111 1363 et
1127 1335 1228 1362 morbo
1253 1335 1471 1370 premebantur,
1488 1334 1641 1370 pertractis
1657 1333 1686 1361 in
1703 1342 1788 1361 suam

966 1380 1141 1408 sententiam
1158 1380 1243 1407 etiam
1270 1379 1418 1412 Romanis,
1435 1379 1698 1415 tergiversantibus
1714 1387 1788 1406 non-

966 1425 1040 1452 nihil
1057 1428 1084 1452 et
1097 1427 1199 1452 contra
1216 1426 1326 1451 tantam
1344 1423 1564 1450 multitudinem
1580 1431 1711 1459 pugnare
1728 1431 1787 1450 ms—

966 1469 1128 1502 tuentibus,
1144 1468 1173 1495 in
1200 1467 1368 1495 Patzinacas
1385 1469 1527 1503 impetum
1544 1469 1603 1495 dat.
1621 1467 1674 1499 Qui
1692 1467 1789 1495 celeri-

965 1515 1024 1540 tate
1053 1512 1227 1540 irruentium
1267 1512 1393 1539 bostium
1427 1512 1571 1547 perterriti
1599 1514 1627 1539 et
1659 1519 1788 1547 pugnam

966 1557 1188 1585 reformidantes
1205 1557 1323 1591 abjectis
1339 1557 1428 1584 armis
1437 1565 1500 1584 sese
1512 1556 1652 1584 Romanis
1666 1557 1789 1589 dedunt,

965 1614 1033 1634 cum
1067 1605 1217 1642 Tyrachua
1251 1606 1313 1641 ipse
1346 1607 1375 1633 et
1408 1605 1505 1633 caeteri
1539 1604 1697 1640 principes,
1726 1607 1789 1632 tum

965 1649 1076 1686 reliqua
1103 1650 1191 1677 etiam
1217 1650 1313 1677 turba.
1339 1649 1517 1678 Consulebat
1543 1649 1684 1684 Kegenes,
1704 1651 1791 1685 atque

965 1694 1052 1722 etiam
1069 1694 1273 1722 obtestabatur
1287 1694 1329 1721 uti
1347 1695 1381 1721 ad
1400 1702 1491 1721 unum
1508 1701 1610 1722 omnes
1627 1694 1790 1721 occideren-

965 1741 1013 1766 tur
1026 1738 1136 1766 hostes.
1163 1740 1197 1766 Et
1222 1739 1360 1774 adagium
1386 1738 1533 1770 ail'erebat,
1550 1738 1709 1765 barbarum
1726 1739 1791 1773 qui-

964 1783 1043 1815 dem,
1068 1783 1118 1811 sed
1143 1783 1226 1810 valde
1255 1786 1391 1819 argutum
1416 1791 1422 1810 :
1448 1791 1573 1818 anguem
1604 1782 1699 1810 hieme
1728 1790 1792 1810 esse

964 1828 1140 1857 necandum.
1157 1827 1230 1856 581
1249 1836 1315 1855 cum
1333 1836 1389 1855 non
1411 1829 1506 1863 potest
1526 1828 1648 1854 caudam
1666 1835 1792 1860 movere,

964 1881 999 1899 ne
1027 1871 1099 1899 solis
1127 1871 1222 1899 calore
1249 1872 1374 1900 refectus
1404 1871 1568 1899 molestiam
1600 1870 1790 1906 laboremque

963 1916 1036 1952 ipsis
1052 1919 1138 1944 creet.
1152 1916 1291 1944 Romanis
1307 1915 1517 1944 ductoribusid
1530 1923 1586 1942 non
1600 1914 1790 1950 probabatur,

964 1960 1078 1988 facinus
1095 1960 1148 1987 hoc
1173 1961 1359 1988 barbaricum
1386 1960 1445 1987 fore
1460 1962 1488 1987 et
1510 1959 1632 1995 impium
1654 1967 1687 1986 ac
1704 1967 1720 1986 a
1735 1961 1790 1986 Ro-

964 2013 1051 2032 mana
1075 2004 1229 2032 clementia
1251 2004 1380 2032 alienum
1398 2004 1598 2032 censentibus.
1623 2003 1724 2031 Potius
1739 2011 1789 2031 eos

964 2057 1014 2084 per
1052 2050 1182 2077 desertas
1213 2048 1351 2084 Bulgarize
1395 2048 1531 2085 planities
1567 2048 1790 2084 dispergendos,

963 2096 1051 2128 atque
1066 2093 1133 2120 hinc
1149 2093 1217 2120 inde
1237 2093 1388 2129 dissipatis
1403 2093 1547 2120 tributum
1564 2092 1788 2128 imponendum,

963 2138 1022 2166 Hoc
1038 2138 1123 2165 modo
1139 2140 1167 2165 et
1181 2138 1327 2173 ingentem
1345 2138 1380 2165 ab
1397 2137 1431 2165 iis
1453 2137 1579 2164 reditum
1597 2137 1634 2164 rei
1653 2138 1788 2164 Romanis

963 2190 1163 2216 accessurum,
1173 2184 1276 2210 etcum
1292 2182 1451 2217 imperator
1466 2181 1611 2210 militibus
1626 2189 1700 2217 opus
1711 2182 1790 2208 esset

83 2228 192 2264 πιρέξιι
212 2228 256 2255 καὶ
278 2228 433 2266 πράγματα,
449 2220 533 2256 Teii-to
563 2228 591 2256 δὲ
611 2220 673 2260 ’τοῖς
702 2230 833 2268 ἄρχουσιν

1028 2227 1120 2254 iturus
1149 2227 1289 2254 adversus
1317 2229 1427 2254 Turcos
1456 2228 1507 2254 aut
1535 2226 1607 2253 alios
1636 2225 1786 2259 barbaros,

82 2271 172 2299 ἐδόκει
196 2272 351 2309 Ῥωμαίων,
381 2273 454 2301 ἀλλὰ
488 2271 654 2311 βαρϐαρικὸν
689 2275 720 2302 τὸ
756 2271 832 2312 ἔργον
862 2275 907 2302 καὶ

83 2316 192 2344 ἀνόσιον
217 2317 355 2353 ἐνομίζετο
375 2318 420 2345 καὶ
445 2318 603 2354 Ῥωμαϊκῆς
633 2318 738 2354 ἀνάξιον
767 2319 907 2357 ἡμερότη-

82 2371 139 2393 τος.
155 2361 268 2389 Μᾶλλον
285 2362 333 2398 μὲν
349 2362 395 2389 οὖν
418 2363 554 2400 συμφέρον
584 2362 708 2399 ἐνόμιζον
736 2362 906 2391 διασκεδάσαι

82 2406 198 2437 τούτους
214 2407 239 2433 ἰν
256 2409 315 2438 ταῖς
331 2406 445 2444 ἐρήμοις
458 2409 507 2440 τῆς
532 2407 701 2445 Βουλγαρίας
730 2407 838 2435 πεδιάσι
861 2408 906 2436 καὶ

83 2448 188 2482 ἄλλους
203 2449 329 2488 ἅλλαχοῦ
344 2450 526 2488 ἐγκατοικίσαι
541 2452 586 2479 καὶ
609 2451 709 2490 φόρους
733 2452 825 2484 αὐτοῖς
845 2451 906 2480 ἐπι-

83 2497 180 2526 θεῖναι’
197 2493 302 2527 ἔσεσθαι
330 2496 382 2534 γὰρ
413 2496 462 2524 οὐκ
490 2495 672 2533 εὐαρίθμητον
700 2496 745 2524 τᾶν
771 2496 824 2524 ἀπὸ
851 2499 905 2524 τῶν

80 2539 215 2567 τοιούτων
248 2538 369 2576 δασμῶν
401 2540 422 2567 ei
459 2539 548 2576 δεήσει
587 2539 615 2567 δὲ
653 2543 692 2576 τῷ
726 2539 832 2579 βασιλεῖ
861 2542 904 2569 καὶ

81 2586 197 2620 στρατοῦ
226 2585 293 2622 πρός
319 2595 348 2612 τι
376 2584 439 2616 τοὺς
468 2585 605 2623 Τούρκους
645 2585 690 2613 καὶ
732 2585 800 2624 πρὸς
833 2584 907 2614 ἄλλα

80 2627 233 2666 ἑτερόφυλα
248 2629 324 2667 γάνη,
341 2628 515 2664 καθοπλίζειν
544 2630 590 2657 ἀπ’
605 2629 704 2658 αὐτῶν.
721 2629 838 2659 Πολλῶν
859 2630 905 2658 οὖν

79 2672 170 2710 λόγων
202 2673 336 2711 ῥηθέντων
364 2674 486 2709 ἐνίκησεν
509 2675 527 2709 ὴ
549 2677 603 2702 τῶν
626 2674 770 2711 Ῥωμαίων
794 2675 904 2712 γνώμηο

77 2720 123 2744 καὶ
150 2718 164 2745 6
192 2718 240 2753 μὶν
271 2717 389 2756 Κεγένης
413 2718 493 2750 ὅσους
517 2717 598 2746 ἔλαϐε
619 2719 748 2756 ζωγρίας,
763 2717 836 2753 πλὴν
867 2718 903 2747 ὧν

962 2273 1032 2298 tunc
1057 2279 1106 2298 eos
1129 2270 1236 2298 armari
1267 2279 1363 2307 posse.
1392 2273 1432 2298 Re
1462 2270 1511 2298 diu
1541 2270 1692 2306 disputata
1718 2269 1788 2298 vicit

961 2315 1082 2343 tandem
1106 2315 1303 2343 Romanorum
1324 2314 1479 2343 sententia.
1496 2315 1550 2342 Sed
1565 2317 1697 2350 Kegenes
1711 2314 1786 2342 occi-

962 2359 1003 2387 sis
1019 2362 1164 2395 quotquot
1176 2362 1293 2396 ceperat
1304 2359 1476 2394 Patzinacis,
1487 2359 1544 2387 nisi
1560 2367 1634 2395 quos
1644 2358 1787 2391 vendidit,

962 2404 1082 2431 domum
1107 2406 1152 2431 est
1174 2412 1316 2432 reversus.
1333 2404 1473 2432 Ceterum
1495 2411 1595 2432 eorum
1622 2402 1788 2431 multitudi-

962 2456 1028 2475 nem
1055 2448 1196 2484 Bulgarize
1221 2449 1376 2484 praefectus
1401 2448 1525 2476 Basilius
1551 2447 1712 2476 Monachus
1737 2455 1788 2484 per

962 2492 1137 2528 campestria
1152 2493 1287 2526 Serdicae,
1311 2493 1390 2521 Naisi
1407 2495 1434 2521 et
1459 2492 1608 2528 Eutzapeli
1624 2492 1784 2526 distribuit,

961 2537 1100 2565 omnibus
1115 2537 1260 2573 ademptis
1277 2537 1378 2570 armis,
1396 2545 1432 2565 ne
1455 2536 1524 2573 quid
1542 2537 1637 2564 moliri
1654 2539 1784 2572 possent.

962 2586 1113 2622 Tyrachus
1128 2588 1156 2613 et
1181 2594 1246 2614 cum
1269 2594 1302 2614 eo
1319 2590 1435 2614 centum
1461 2586 1657 2622 quadraginta
1680 2585 1733 2612 viri
1751 2585 1786 2613 ad

961 2631 1166 2666 imperatorem
1189 2631 1307 2659 abducti
1324 2634 1413 2666 sunt;
1430 2634 1516 2668 atque
1540 2633 1576 2660 ab
1591 2632 1646 2660 hoc
1661 2632 1786 2667 benigne

961 2676 1081 2711 accepti.
1111 2676 1246 2712 baptizati
1271 2676 1467 2712 maximisque
1492 2676 1653 2704 honoribus
1678 2676 1785 2710 aﬁ‘ecli,

960 2720 1051 2748 vitam
1069 2721 1107 2748 ibi
1120 2721 1283 2756 jucundam
1300 2724 1433 2757 egerunt.

80 2767 281 2803 ἀπημπόληκε,
305 2767 369 2798 τοὺς
396 2769 498 2799 πάντας
521 2768 675 2808 ἀποσφάξας
705 2767 882 2803 ὑπινόστησεν
925 2767 1026 2804 οἴκαδε,
1055 2769 1103 2799 τὰς
1147 2767 1176 2796 δδ
1217 2771 1271 2796 τῶν
1311 2770 1483 2804 Πατζινάκων
1523 2768 1654 2809 μυριάδας
1696 2769 1710 2796 6
1734 2772 1784 2804 τῆς
