1936 3050
53 100 114 129 325

621 98 891 130 HISTORIARUM
913 99 1186 131 GOMPENDIUM.

1695 100 1756 131 326

54 176 99 192 σιν
126 165 170 192 καὶ
198 163 297 192 ἄκοντα
326 164 525 196 ἀνανεώσασθαι
550 164 598 196 τὰς
612 161 728 194 σπονδὰς
742 163 787 190 καὶ
804 162 846 200 εμ·

970 165 990 199 i,
1007 167 1191 194 Cantzacenaa
1207 167 1336 203 regionis
1352 167 1506 203 principis.
1517 167 1588 195 Cum
1606 167 1658 195 hoc
1673 166 1755 194 Nice-

54 221 99 247 ρον
116 208 206 237 δοῦναι
223 208 386 246 Ἀρτασύραν
401 209 446 236 τὸν
460 209 517 236 υἱὸν
543 207 679 244 Φατλουμ
699 210 748 235 τοῦ
773 207 875 236 οἰκείου

55 254 173 292 ἀδελφοῦ
201 256 249 281 τοῦ
278 257 327 288 τῆς
355 256 551 288 Καντζακηνῶν
589 253 776 290 κατάρχοντος
803 255 875 290 γῆς’

55 301 84 326 ’ὸν
100 299 221 337 εἴληφὼς
239 299 252 325 ὁ
269 298 424 336 Νικηφόρος
440 297 558 325 ἐπάνεισι
574 297 642 332 πρὸς
656 298 705 331 τήν
722 295 814 324 πόλιν.

91 361 124 389 Οἱ
139 360 302 395 Πατζινάκαι
325 359 354 386 δὶ
377 359 422 386 τὸν
447 360 547 395 Αἷμον,
566 359 603 390 ὡς
631 358 754 395 εἴπομεν,
772 355 879 385 διαϐάν-

57 418 110 441 τες,
134 407 177 434 καὶ
205 407 256 440 τήν
282 405 379 442 μεταξὺ
400 404 498 432 τούτου
522 404 567 432 καὶ
595 405 644 431 τοῦ
666 404 773 441 Ἴστρου
801 414 879 431 κατα-

60 452 240 486 σιοπήσαντες
255 449 370 478 πεδιάδα
384 450 433 484 τήν
450 449 596 484 διήκουσαν
625 448 707 486 μέχρι
731 448 878 483 θαλάσσης,

60 497 101 523 ui
128 496 211 523 τόπον
241 494 364 532 εὑρόντες
392 493 476 525 νάπας
509 493 552 520 καὶ
591 492 662 528 ἄλση
698 491 798 530 ἔχοντα
834 493 877 520 καὶ

61 541 168 578 λόχμας
197 538 370 571 παντοδαπὰς
397 538 441 566 καὶ
471 537 544 576 ὕδωρ
574 537 619 564 καὶ
647 538 732 574 νομὰς
758 537 879 572 (Ἑκατὸν

63 584 172 623 βουνοὺς
186 584 232 611 τὸν
247 583 330 611 τόπον
355 583 533 619 ὀνομάζουσιν
565 583 590 609 οἱ
620 581 776 619 ἐγχώριοι),
794 580 880 608 ἐκεῖσε

61 627 345 666 ἐγκαθιδρύονται,καὶ
365 626 501 665 ἐκδρομὰς
517 626 630 658 αὐτόθεν
659 626 820 662 ποιούμενοι
848 625 879 652 οὒ

63 674 142 711 μικρὰ
168 674 219 707 τὴν
246 673 296 699 ὑπὸ
311 671 465 708 Ῥωμαίους
492 671 618 699 ἐλύπουν.
635 671 665 699 Ὁ
693 669 722 698 Et
752 669 879 708 βασιλεὺς

63 719 262 755 μεταπέμπεται
289 717 335 744 τὸν
365 715 480 754 Κεγίνην
510 715 554 743 ἰπὶ
591 713 735 752 συμϐουλῇ
766 715 802 746 εἰς
830 715 880 749 τὴν

63 761 202 801 βασιλίδα·
227 761 272 789 καὶ
300 762 337 792 ὡς
366 759 474 788 εἷ’σεισιν
505 760 581 792 εὐθὺς
613 760 681 796 μετὰ
708 759 807 790 παντὸς
833 761 881 786 τοῦ

61 807 159 835 οἰκείου
187 808 312 843 πρατοῦ,
326 806 373 833 καὶ
404 807 571 840 κατασκηνοῐ
600 805 667 831 κατὰ
695 805 744 838 τὴν
775 805 880 841 ἀφωρι-

933 209 1043 245 phorus
1058 210 1087 237 in
1104 211 1206 238 urbem
1227 212 1324 239 rediit.

968 360 1128 388 Patzinacze
1153 363 1252 389 autem
1278 362 1389 395 Haamo,
1407 364 1438 389 ut
1461 362 1656 395 ostendimus,
1672 370 1759 397 supe-

934 409 1008 438 rato,
1026 405 1176 441 planitiem
1188 415 1251 442 quze
1262 407 1337 434 inter
1350 407 1428 434 hunc
1444 409 1473 434 et
1490 407 1595 434 Istrum
1608 407 1760 442 interjacet

934 450 968 477 ad
987 458 1066 478 mare
1082 459 1175 486 usque
1189 454 1321 487 porrecta
1336 451 1563 487 speculati,eum
1581 451 1761 478 invenissent

934 494 1031 522 locum
1048 494 1085 522 ibi
1103 495 1196 523 saltus
1212 498 1237 523 el
1262 495 1343 522 lucos
1358 496 1513 531 omnisque
1534 495 1650 531 generis
1671 496 1761 523 silvas

934 542 963 566 et
977 547 1084 574 aquam
1101 548 1133 567 ac
1145 548 1254 575 pascua
1269 540 1426 567 habentem
1443 540 1554 573 (incola:
1575 539 1670 567 locum
1687 540 1761 567 Cen-

935 585 997 610 tum
1024 583 1113 611 colles
1129 583 1339 620 appellabant),
1356 584 1383 611 in
1400 593 1433 612 eo
1452 584 1658 616 consederunt.
1673 588 1761 619 atque

935 627 1002 655 inde
1016 627 1099 655 factis
1110 628 1333 656 excursionibus
1345 629 1478 656 subditos
1493 629 1689 656 Romanorum
1702 637 1759 656 non

935 673 1036 700 leviter
1051 675 1201 700 vexarunt.
1218 673 1292 708 Ergo
1308 673 1438 709 Kegenes
1462 672 1647 700 consultandi
1672 681 1762 701 causa

936 717 972 744 ab
990 717 1163 751 imperatore
1187 719 1406 746 evocatuseum
1428 718 1566 745 omnibus
1590 717 1654 745 suis
1669 717 1762 753 copiis

937 761 971 788 ad
989 761 1091 788 urbem
1108 761 1228 795 accedit,
1241 764 1270 789 ct
1285 764 1382 789 castra
1405 761 1473 789 facit
1493 762 1521 789 in
1534 770 1638 797 campo
1654 762 1762 798 Byzan-

937 806 986 832 tiis
1003 805 1166 841 designato,
1181 805 1227 833 cui
1243 805 1304 833 loco
1321 806 1423 834 Maitas
1441 814 1545 833 nomen
1555 809 1609 834 est.
1626 806 1761 834 Nondum

61 851 159 889 σμένην
188 849 304 878 πεδιάδα
332 849 487 885 Βυζαντίοις
518 849 556 880 εἷς
594 847 687 876 πεδίαν
720 847 838 883 (Marini:

968 853 1036 877 item
1052 859 1117 878 cum
1135 851 1312 886 imperatore
1327 859 1610 887 cougressus,neque
1621 859 1673 878 cur
1687 853 1764 878 esset

61 897 142 927 τόπος
157 895 381 931 κατονομάζεται)
398 894 444 921 σὺν
470 895 565 921 ἅπαντι
585 895 626 929 τῷ
655 895 771 930 στρατῷ.
790 893 884 927 Μήπω

63 941 89 969 at
103 940 224 978 ἱντυχὼν
247 942 287 976 τῷ
310 938 428 976 βασιλεῖ,
446 937 510 974 μηδ’
526 939 590 966 ὅτου
617 937 772 974 μετεκλήθη
803 938 884 974 χάριν

65 987 164 1022 μαθὼν,
179 982 386 1012 ἐπιϐουλεύεται
401 982 486 1020 ταύτῃ
502 985 536 1019 τῇ
550 983 624 1010 νυκτὶ
644 982 696 1010 ὑπὸ
713 981 885 1016 Πατζινάκων

63 1033 141 1067 τριῶν
159 1030 324 1068 μετάξιξρῶν
340 1027 509 1059 ἐπελθόντων
539 1028 708 1063 κοιμωμένῳ
736 1026 781 1053 καὶ
810 1025 883 1060 πλη-

62 1076 108 1112 γὰς
133 1073 332 1112 ἐπενεγκόντων
365 1072 449 1108 αὐτῷ,
476 1073 513 1108 μή
546 1072 639 1108 μέντοι
667 1070 784 1109 καιρίας·
810 1081 883 1107 γνω-

64 1120 227 1156 σθέντες-(ἀρ
244 1117 320 1150 εὐθὺς
348 1117 400 1144 ὑπὸ
428 1119 482 1144 τῶν
504 1115 812 1154 σωματοφυλακούντων
837 1115 884 1145 τάς

62 1175 88 1192 τε
116 1163 227 1201 πληγὰς
266 1163 382 1193 ἀσθενεῖς
421 1161 587 1200 ἐπιφέρουσι,
617 1160 661 1188 καὶ
694 1160 762 1195 πρὸς
796 1160 882 1198 φυγὴν

64 1210 227 1246 ὁρμήσαντες
246 1206 490 1245 βοηδρομήσαντος
510 1208 558 1233 τοῦ
573 1203 698 1240 πλήθους
715 1204 782 1240 μετὰ
809 1203 882 1232 Βαλ-

63 1254 125 1290 τζὰρ
153 1253 215 1280 υἱοῦ
243 1253 290 1279 τοῦ
320 1251 452 1288 Κεγένους
481 1249 649 1278 ἁλίσκονται.
666 1250 767 1277 Ἑωθεν
794 1247 839 1275 οὖν
869 1248 883 1275 ὁ

66 1298 184 1335 Ιῖαλτζὰρ
200 1296 241 1330 ἐφ’
258 1296 362 1332 ἀμάξης
387 1292 572 1332 τετρατρόχου
597 1293 643 1321 τὸν
673 1293 768 1320 ἑαυτοῦ
783 1292 884 1329 πατέρα

66 1343 128 1376 θεὶς,
143 1340 268 1371 καὶτοὺς
293 1337 536 1369 ἐπιϐουλεύσαντας
561 1336 669 1370 ὄπισθεν
697 1341 747 1372 τῆς
777 1337 882 1373 ἁμάξης

65 1387 148 1414 ἕλκων
163 1384 370 1420 πεπεδημένους
387 1381 474 1420 (οὖδὶν
498 1383 548 1420 γὰρ
574 1382 612 1413 εἷς
640 1381 737 1413 αὐτοὺς
767 1380 884 1418 διαπρά-

66 1432 152 1465 ξασθαι
167 1429 254 1457 πλέον
275 1427 426 1464 ἰτόλμησεν
451 1425 656 1463 ἐπιϐοωμένους
679 1427 724 1454 τὸν
749 1425 882 1463 βασιλέα),

68 1476 120 1510 ἅμα
134 1474 217 1502 παντὶ
233 1473 342 1512 ἐφίππῳ
366 1475 406 1508 τῷ
430 1474 548 1509 στρατῷ,
563 1472 643 1502 αὐτὸς
672 1471 751 1505 πεζὸς
775 1470 820 1497 σὺν
845 1472 884 1506 τῷ

64 1519 169 1558 ἀδελφῷ
186 1518 309 1554 ΓουΛίνῳ
325 1517 457 1553 ἑπόμενος
471 1518 504 1553 τῇ
521 1515 608 1552 ἁμάξῃ
624 1515 676 1542 ὑπὸ
701 1514 774 1542 δυοῖν
805 1514 882 1571 Uno:
898 1539 920 1571 G

88 1565 92 1571 .
140 1563 152 1571 ,ι
261 1560 272 1571 ν
426 1561 433 1570 κ
495 1561 502 1571 ν
547 1560 561 1571 ι,
613 1559 638 1571 ηε
688 1559 738 1571 vr,»
765 1559 830 1571 Μελ
853 1570 864 1571 γ

67 1565 128 1601 μὲνῃ
140 1560 368 1600 ’ίππων,ἕρχεται
384 1561 452 1598 πρὸς
476 1561 522 1588 τὸν
547 1559 669 1598 βασιλέα.
687 1559 739 1588 Καὶ
764 1559 831 1586 κατὰ
851 1559 881 1586 τὸ

65 1607 244 1646 ἱπποδρόμιον
271 1606 417 1644 γενόμενος
444 1605 544 1639 ταύτην
577 1605 623 1641 μὶν
651 1603 758 1639 ’ίστησιν
785 1603 881 1639 ἐκεῖσε,

65 1653 139 1684 αὐτὸς
160 1652 188 1680 δὲ
206 1651 299 1679 εἶ’σεισι
316 1651 383 1688 πρὸς
403 1650 449 1677 τὸν
476 1647 600 1687 βασιλέα,
615 1650 664 1680 τῆς
689 1648 785 1685 φήμης
813 1657 880 1685 προ-

65 1696 218 1735 δραμούσης
241 1697 284 1723 καί
311 1693 569 1732 προοδοποιησάσης
592 1692 666 1728 αὐτῷ
684 1694 733 1726 τὴν
763 1690 880 1720 εἶ’σαὸον.

63 1743 106 1770 ’Ὁν
122 1741 280 1779 εἷσαχοὲντα
295 1740 308 1766 ὁ
326 1738 451 1778 βασιλεὺς
478 1738 592 1775 ἐπήρετο
617 1735 662 1764 διὰ
686 1736 711 1764 τί
737 1737 776 1772 μὴ
805 1737 882 1768 εὐθὺς

63 1787 180 1824 τιμωρὸς
213 1785 316 1823 ἐγένετο
344 1786 396 1811 τῶν
426 1785 475 1810 τοῦ
503 1783 604 1819 πατρὸς
630 1781 750 1815 φονὲων·
776 1783 824 1808 τοῦ
854 1780 883 1808 δὶ

65 1831 326 1870 φήσαντος,”οτιπερ
341 1829 373 1856 τὸ
389 1829 431 1862 σὸ,
448 1826 629 1854 ἐπεκαλοῦντο
645 1828 767 1863 συνεχῶς
784 1824 882 1862 ὄνομα,

65 1875 99 1907 εἷς
115 1875 236 1912 ὑποψίας
265 1873 382 1904 ἀτόπους
407 1871 528 1899 ἐνέπεσεν
545 1871 558 1898 ὁ
577 1869 714 1908 βασιλεὺς,
729 1870 774 1897 καὶ
797 1870 882 1907 Λόγου

63 1924 151 1952 θᾶττον
178 1920 320 1956 ἐκπέμψας
350 1916 409 1954 ἄγει
437 1916 501 1948 τοὺς
531 1914 658 1952 δεσμίους
683 1915 751 1952 πρὸς
777 1915 882 1948 ἑαυτὸν,

64 1966 103 1992 καὶ
117 1966 164 1999 τὴν
181 1964 271 1992 αῗτίαν
287 1963 448 1994 ἐπυνθάνετο
469 1959 504 1988 δι’
517 1959 603 1997 ἥνπερ
628 1959 808 1997 ἐπεχείρησαν
836 1959 881 1986 τὸν

61 2010 197 2046 πατρίκιον
214 2006 330 2036 ἀνελεῖν.
348 2009 387 2043 [Ρ.
405 2007 469 2042 783]
485 2006 544 2033 Τῶν
562 2003 590 2031 δὶ
606 2004 880 2042 φησάντων,“οτιπερ

63 2054 186 2084 κακόνους
214 2053 249 2088 ἦν
274 2054 308 2089 τῇ
336 2050 461 2089 βασιλείᾳ
491 2060 538 2076 σου
567 2048 612 2076 καὶ
628 2049 663 2084 τῇ
674 2047 764 2082 πόλει,
782 2045 881 2086 ὄρθρου

65 2098 178 2133 μελετῶν
193 2096 324 2126 εἰσελθεῖν
347 2096 391 2123 καὶ
419 2094 520 2125 πάντας
549 2094 595 2130 μὶν
624 2093 789 2131 κατασφάξαι
818 2093 880 2124 τοὺς

63 2142 142 2178 ἔνδον,
159 2142 397 2181 λαφυραγωγῆσαι
426 2138 455 2167 δὲ
483 2138 527 2166 καὶ
554 2139 603 2172 τήν
628 2137 710 2165 πόλιν
739 2137 783 2164 καὶ
812 2139 880 2175 πρὸς

63 2188 118 2218 τοὺς
150 2186 318 2221 Πατζινάκας
362 2182 570 2222 ἐπαναδραμεῖν,
601 2181 660 2210 δὲον
702 2181 820 2218 ἐξετάσαι
848 2183 881 2210 τὰ

940 897 1061 922 vocatus
1070 895 1175 928 sciens,
1187 894 1240 922 hac
1248 895 1312 930 ipsa
1321 898 1404 922 nocte
1414 895 1530 922 insidiis
1542 894 1763 922 Patzinaearum

940 939 1028 965 trium
1048 939 1166 974 petitur,
1182 938 1231 974 qui
1252 939 1362 966 strictis
1387 939 1507 966 ensibus
1532 938 1679 967 irruentes
1701 939 1764 967 dor-

941 983 1040 1010 mienti
1058 983 1178 1010 vulnera
1193 983 1418 1018 imponunt,non
1439 985 1538 1011 tamen
1553 983 1760 1011 lethalia.Nam

940 1035 956 1055 a
971 1027 1146 1055 satellitibus
1160 1028 1259 1055 statim
1276 1028 1383 1063 cogniti
1401 1028 1476 1055 ictus
1502 1027 1702 1063 languidiores
1716 1027 1762 1055 in-

939 1072 1055 1100 ferunt:
1072 1075 1100 1098 et
1115 1071 1187 1108 fugin
1209 1080 1239 1100 se
1265 1072 1367 1099 dantes
1393 1074 1562 1099 accurrente
1586 1071 1762 1107 opitulatum

940 1116 1128 1144 multitudine
1143 1125 1209 1144 cum
1228 1116 1345 1144 Balzaro
1368 1117 1493 1153 Kegenis
1510 1116 1569 1144 filio
1596 1117 1763 1153 capiuntur.

939 1161 1022 1188 Mane
1038 1161 1150 1188 Bullzar
1161 1162 1259 1188 currui
1275 1164 1401 1197 quatuor
1412 1161 1531 1188 babenti
1549 1163 1628 1189 rotas
1640 1161 1765 1197 imponit

939 1209 1063 1241 patrem,
1089 1209 1117 1233 et
1140 1214 1329 1240 percussores
1354 1209 1420 1242 post
1446 1214 1511 1233 eum
1537 1206 1650 1234 vinctos
1673 1206 1764 1234 trahit

939 1250 1024 1285 (nihil
1040 1251 1117 1277 enim
1134 1250 1262 1286 amplius
1276 1253 1406 1278 statuere
1420 1251 1455 1278 de
1470 1250 1512 1278 eis
1533 1251 1668 1284 audebat,
1686 1251 1762 1286 quod

939 1295 1142 1329 imperatorem
1158 1295 1378 1330 appellassent),
1391 1297 1420 1322 et
1434 1295 1513 1322 omni
1530 1303 1583 1322 suo
1599 1303 1665 1322 cum
1680 1303 1763 1323 exer-

939 1339 997 1367 citu
1014 1340 1141 1375 equestri
1163 1340 1250 1375 pedes
1274 1340 1349 1368 595
1367 1339 1430 1375 ipse
1451 1347 1517 1367 cum
1544 1339 1632 1368 fratre
1657 1339 1764 1368 Gulino

939 1384 1218 1411 currumaduobus
1247 1386 1373 1411 tractum
1400 1384 1484 1420 equis
1509 1392 1634 1419 sequens
1660 1385 1760 1412 urbem

940 1428 1051 1461 intrat;
1068 1436 1195 1464 cumque
1211 1429 1246 1456 ad
1263 1428 1378 1456 Circum
1396 1428 1708 1464 pervenisset,currum
1724 1429 1764 1456 ibi

939 1472 1047 1500 sistens
1063 1473 1097 1500 ad
1124 1473 1329 1508 imperatorem
1360 1482 1389 1500 se
1411 1472 1531 1506 confert,
1548 1481 1604 1506 quo
1615 1474 1678 1509 jam
1695 1476 1762 1501 ante

941 1518 1017 1544 fama
1030 1520 1219 1551 praecurrerat
1235 1517 1366 1552 ipsisque
1389 1517 1500 1544 aditum
1515 1519 1628 1545 fecerat.
1643 1517 1761 1545 Admis-

940 1569 1006 1588 sum
1034 1561 1193 1597 imperator
1216 1564 1403 1596 percontatur
1416 1570 1468 1588 cur
1493 1570 1548 1589 non
1565 1561 1644 1590 illico
1669 1562 1761 1598 patris

938 1614 1124 1642 percussores
1139 1606 1283 1642 supplicio
1299 1605 1435 1633 eﬂ‘ecerit.
1453 1606 1628 1641 Respondet,
1645 1606 1717 1639 Quia
1733 1609 1760 1634 te

937 1650 1097 1677 identidem
1122 1650 1296 1678 nominatim
1324 1650 1506 1678 invocabant.
1530 1650 1603 1678 Hinc
1627 1651 1760 1679 absurdae

937 1694 1045 1722 obortae
1074 1695 1264 1722 Monomacho
1293 1694 1489 1730 suspiciones,
1506 1703 1538 1722 ac
1567 1695 1644 1722 dicto
1673 1695 1761 1723 citius

938 1739 1020 1766 missi
1053 1739 1102 1774 qui
1133 1739 1244 1767 vinctos
1271 1740 1342 1766 istos
1371 1739 1560 1772 adducerent,
1583 1748 1760 1776 causamque

937 1783 1063 1819 exquirit
1078 1791 1136 1819 qua
1150 1784 1186 1811 ad
1199 1792 1299 1812 necem
1317 1784 1439 1819 Kegenis
1456 1784 1570 1819 patricii
1586 1785 1694 1812 fuerint
1707 1785 1760 1812 im-

937 1827 1026 1864 pulsi.
1043 1828 1084 1855 llli
1101 1828 1177 1856 hanc
1202 1829 1352 1863 proferunt
1369 1828 1491 1855 infidum
1517 1828 1639 1864 imperio
1656 1829 1760 1856 Roma-

937 1881 975 1900 no
991 1872 1082 1900 fuisse
1105 1875 1251 1909 Kegenem
1275 1874 1363 1908 atque
1388 1872 1464 1905 urbi,
1491 1875 1519 1900 et
1541 1873 1569 1900 in
1587 1873 1683 1900 animo
1709 1873 1759 1900 ha-

937 1917 1037 1944 buisse
1067 1917 1160 1952 prima
1186 1917 1251 1944 luce
1280 1918 1382 1944 urbem
1407 1917 1531 1953 ingredi,
1548 1917 1760 1953 trucidatisque

937 1962 1074 1989 omnibus
1091 1962 1140 1997 qui
1166 1962 1246 1989 intus
1261 1964 1437 1993 essent,eam
1463 1961 1600 1997 diripere,
1618 1964 1707 1998 atque
1723 1963 1759 1990 ad

936 2006 1106 2034 Patzinacas
1122 2006 1236 2034 reverti.
1247 2006 1295 2034 llic
1313 2007 1471 2042 imperator
1485 2015 1552 2034 cum
1568 2006 1714 2041 inquirere
1729 2007 1758 2035 in

936 2051 1013 2079 dicta
1030 2055 1057 2078 et
1081 2051 1230 2078 veritatem
1258 2051 1433 2086 perscrutari
1450 2051 1584 2084 debebat,
1601 2051 1712 2079 omissa
1726 2060 1759 2080 ea

935 2104 1006 2123 cura
1024 2096 1110 2123 ﬁdem
1127 2095 1246 2123 incertis
1256 2099 1284 2122 et
1298 2095 1373 2122 male
1384 2095 1598 2124 coherentihus
1606 2096 1760 2124 calumniis

935 2141 1080 2175 deferens,
1097 2142 1242 2176 Kegeuem
1266 2140 1294 2167 in
1311 2139 1453 2175 palatium
1478 2140 1678 2168 introductum
1704 2141 1759 2168 sub

935 2184 1095 2212 curationis
1111 2193 1143 2212 ac
1156 2184 1307 2211 medicinae
1318 2184 1452 2219 speciein
1467 2184 1660 2220 Elephantina
1670 2185 1761 2213 inclu-

65 2231 187 2269 λεχθέντα
217 2231 263 2259 καὶ
291 2231 377 2267 εὑρεῖν
407 2230 457 2263 τὴν
487 2228 659 2262 ἀλήθειαν,ὁ
679 2225 707 2254 δὶ
721 2229 803 2254 τοῦτο
834 2238 846 2263 μ

968 2232 988 2261 t,
1005 2229 1080 2256 lilios
1096 2230 1160 2264 ejus
1175 2238 1192 2256 a
1207 2237 1238 2256 se
1253 2229 1378 2256 invicem
1393 2228 1525 2256 divulsos
1549 2229 1672 2257 diversis
1687 2229 1758 2257 locis

63 2276 107 2304 οὐκ
131 2276 268 2311 ἐποίησεν,
298 2274 360 2302 ἀλΛ“
386 2272 546 2302 ἀδεσπότοις
576 2271 718 2303 πιστεύσας
745 2281 877 2309 συκοφαν-

63 2320 126 2352 τῖ-ιις
141 2321 185 2348 καὶ
204 2319 376 2352 ἐισυσπτάτοις⁷
392 2318 437 2345 τὸν
457 2317 503 2354 μὶν
528 2315 645 2353 Κεγὲνην
670 2314 726 2353 ἄγει
751 2315 819 2354 πρός
848 2317 881 2343 τὰ

65 2365 182 2400 βασίλεια
206 2365 251 2392 καὶ
277 2364 302 2390 ἐν
332 2362 512 2400 προσχήματι
545 2360 618 2397 τάχα
657 2360 798 2396 θεραπείας
834 2361 877 2387 καὶ

65 2408 174 2446 ἷατρείας
190 2408 218 2436 ἐν
240 2410 274 2444 τῇ
305 2406 460 2446 ἐλεφαντίνῃ
481 2404 664 2442 καθείργνυσι,
680 2403 742 2434 τοὺς
767 2403 794 2432 δὲ
815 2405 879 2432 τού-

61 2463 104 2480 του
130 2453 206 2485 υἱοὺς
235 2452 260 2480 ἂν
287 2452 370 2489 ἒτὲρῳ
397 2451 442 2478 καὶ
467 2450 549 2486 ὲτέρῳ
571 2448 648 2484 τόπῳ
673 2447 806 2483 διίστησιν
835 2449 881 2476 ἀπ’

65 2497 151 2525 αὐτοῦ.
167 2498 202 2525 Τὸ
219 2496 248 2524 δὲ
271 2496 375 2531 πλῆθος
399 2497 452 2522 τῶν
479 2493 653 2527 Πατζινάκων
681 2493 806 2530 βρώμασι
835 2493 880 2520 καὶ

62 2541 157 2577 πόμασι
173 2542 314 2571 παντοίοις
329 2540 396 2577 πρὸς
411 2539 442 2566 τὸ
464 2538 552 2565 δοκεῖν
577 2538 678 2564 εὐνοεῖν
699 2534 878 2573 ἀνελάμϐανε¹

66 2585 228 2619 σπεύδων,εἶ
259 2585 316 2613 οἶόν
344 2595 384 2620 τε,
397 2586 450 2611 τῶν
476 2583 604 2620 ἁρμάτων
632 2581 745 2612 τούτους
774 2581 879 2619 ἀπογυ-

68 2631 164 2663 μιιῶσαι
177 2631 223 2658 καὶ
239 2632 291 2657 τῶν
305 2629 400 2656 ’ίππων
413 2628 456 2655 καὶ
473 2628 619 2663 κατασχεῖν
642 2625 687 2653 καὶ
717 2627 879 2664 φρουρῆσαι,

66 2674 122 2705 τοὺς
136 2674 311 2711 ἐπιθεμένους
335 2675 374 2709 τῷ
400 2672 475 2712 φόνῳ
504 2670 604 2702 ἀνέτως
635 2670 679 2697 καὶ
709 2669 880 2708 ἐλευθερίως,

64 2717 109 2753 ὅπη
124 2719 168 2746 καὶ
193 2720 231 2750 ὡς
257 2717 413 2756 βούλονται,
430 2715 530 2754 διάγειν
556 2714 700 2745 κελεύσας.
718 2715 767 2741 Καὶ
794 2713 880 2742 ἐδόκει

69 2762 108 2796 μὶν
117 2766 199 2791 ταῦτα
215 2762 430 2801 διαπραξάμενος
453 2759 606 2795 λανθάνειν,
622 2757 696 2786 ἀλλὰ
717 2759 763 2786 τὸν
791 2757 879 2796 δῆμον

935 2273 1068 2306 collocat,
1082 2273 1280 2308 simulataque
1295 2273 1507 2308 benevolentia,
1535 2273 1757 2301 multitudinem

935 2318 1115 2346 Patzicarum
1140 2326 1274 2345 recreans
1290 2318 1346 2345 cibi
1369 2326 1401 2345 ac
1427 2320 1513 2353 potus
1538 2317 1617 2345 omni
1642 2325 1757 2354 genere,

933 2362 962 2390 id
978 2363 1080 2398 quierit
1100 2365 1133 2390 ut
1147 2362 1172 2389 si
1188 2371 1244 2397 qua
1269 2362 1331 2390 fieri
1348 2362 1440 2397 possit
1466 2362 1588 2395 ratione,
1604 2362 1694 2390 armis
1709 2371 1758 2390 eos

934 2407 1078 2443 equisque
1094 2407 1219 2434 nudatos
1235 2407 1263 2434 in
1280 2407 1442 2434 custodiam
1461 2407 1557 2434 dedat.
1577 2407 1757 2435 Percussori-

934 2452 999 2485 bus,
1016 2451 1183 2486 ubicunque
1208 2450 1314 2479 vellent
1329 2450 1419 2478 libere
1442 2451 1565 2486 degendi
1590 2451 1757 2479 facultatem

934 2496 1077 2523 concedit.
1094 2496 1171 2524 596
1187 2496 1221 2522 Et
1242 2496 1364 2531 putabat
1391 2503 1461 2522 sane
1484 2504 1540 2523 non
1564 2495 1759 2524 animadverti

934 2540 1004 2575 quid
1021 2542 1137 2576 ageret:
1151 2540 1200 2567 sed
1214 2540 1381 2567 Patziuacas
1391 2542 1487 2567 tamen
1509 2539 1631 2568 minime
1644 2540 1755 2568 fefellit.

934 2585 1006 2612 Nam
1033 2584 1107 2611 nihil
1138 2584 1206 2611 boni
1235 2584 1395 2620 signiﬁcari
1424 2592 1456 2612 eo
1478 2584 1652 2620 judicabant
1679 2585 1757 2621 quod

934 2629 1037 2657 ducem
1054 2629 1186 2664 ipsorum
1203 2629 1350 2656 detinebat
1366 2637 1399 2656 ac
1424 2629 1499 2664 quod
1517 2629 1593 2656 ﬁlios
1619 2629 1682 2664 ejus
1698 2629 1757 2656 dis-

931 2674 1088 2709 junxerat;
1106 2675 1134 2700 et
1150 2673 1312 2700 libertatem
1339 2673 1558 2708 percussoribus
1583 2673 1758 2709 permissam

935 2727 987 2754 pro
1003 2720 1102 2753 aperto
1127 2717 1335 2744 malevolentiae
1361 2718 1444 2754 signo
1469 2718 1627 2746 habebant.
1654 2719 1757 2754 Itaque

936 2771 972 2790 ea
985 2771 1049 2798 quas
1066 2762 1261 2790 mittebantur
1284 2762 1320 2789 ab
1338 2762 1512 2798 imperatore
1528 2763 1601 2790 actis
1616 2762 1717 2798 gratiis
1732 2765 1761 2789 et
