1936 3050
169 87 228 117 359

841 90 999 120 GEORGII
1023 89 1192 121 GEDRENI

1815 92 1875 121 360

169 154 245 182 629
262 153 467 189 imperatorem
490 162 506 181 α
530 153 677 181 Comneno
695 154 851 182 deﬁcerent
868 157 930 191 tyra

1108 155 1133 182 οἱ
1148 157 1196 182 τοῦ
1211 155 1349 182 ἀντιθέτου
1376 155 1487 192 μέρους,
1504 155 1548 182 καὶ
1565 154 1709 190 ἀλλήλους
1725 155 1872 193 ἐπιμιγνύ-

169 207 202 226 ac
219 198 375 234 perduells,
392 206 482 233 neque
499 198 535 225 ob
552 198 638 226 unius
655 198 784 226 hominis
800 199 990 235 cupiditatem

169 251 202 271 eo
217 251 249 270 se
264 243 368 270 darent
383 242 430 270 ubi
448 242 533 278 paulo
557 246 622 278 post.
645 243 823 271 exauctorati
839 252 872 271 ac
898 244 990 271 fortu-

169 288 216 314 nis
231 287 333 320 eversi,
350 287 436 314 etiam
453 287 488 314 de
504 287 674 314 emittendis
689 288 782 315 oculis
797 291 895 315 essent
917 288 990 323 peri-

169 331 307 359 clitaturi.
324 333 429 358 Contra
440 331 598 359 Commenii
618 332 815 368 imperatoriis
829 333 991 360 suadebant

169 380 201 404 ut
222 377 257 404 ab
273 385 305 403 eo
329 377 377 412 qui
404 385 509 403 nomen
536 376 629 404 solum
657 377 842 412 imperatoris
866 379 988 412 gereret,

166 421 254 448 homo
271 421 381 456 alioqui
397 420 517 456 putidus
532 423 559 448 et
576 421 686 449 delirus
698 430 786 448 senex
801 425 889 457 atque
904 421 991 448 inuti~

165 466 211 499 lis,
229 468 258 493 et
273 465 322 501 qui
349 474 365 492 Β.
389 465 571 501 spadonibus
597 468 756 501 regeretur,
779 466 939 493 transirent
954 467 988 493 sd

165 510 358 541 Comnenum,
375 510 468 536 virum
487 509 561 537 bello
577 509 687 537 clarum
706 513 734 538 ct
754 510 843 544 gestis
859 510 990 545 imperiis

163 554 327 586 illustrem;
353 554 391 581 ob
416 562 479 589 quis
508 554 644 582 universa
669 554 864 582 Romanorum
889 555 932 582 vis
960 555 988 582 in

163 599 273 634 ipsum,
289 598 378 626 veluti
395 607 411 626 ει
427 598 534 626 circulo
557 599 591 626 ad
621 607 711 626 unum
731 602 870 634 punctum
888 608 988 626 omnes

162 643 247 671 lineas
264 643 395 670 unanimi
413 643 597 670 etconstanti
609 643 757 671 voluntate
769 643 988 671 conﬂuxissent.

164 688 264 715 Neutri
289 690 387 715 tamen
413 687 520 715 alteros
545 691 759 723 permoverunt.
784 689 877 723 Atque
903 689 989 715 [iebat

165 732 221 760 hoc
233 733 331 760 dedita
344 740 432 767 opera
448 732 584 767 utrinque
599 733 723 760 ducibus
739 741 788 760 eos
805 733 989 760 mittentibus

164 778 214 813 qui
229 777 264 805 ad
287 777 358 804 talia
381 776 527 812 colloquia
552 777 703 804 tractanda
727 780 811 805 erant
835 777 940 812 idonei,
958 780 989 805 ut

164 821 293 850 oratione
318 821 352 848 ad
380 829 410 848 se
432 821 538 848 alteros
564 821 753 871 attraherent.
777 822 909 850 Tentatis
938 822 986 849 alii
1006 840 1025 871 Β

164 866 294 902 quandiu
320 866 459 901 utrinque
483 865 601 898 animis,
619 869 646 893 et
663 866 777 894 nemine
800 867 985 898 aseentientc,

163 911 331 938 Comnenus
347 910 462 937 interim
475 919 543 937 suos
556 919 642 945 quam
656 911 826 946 parcissime
842 911 987 946 lignatum

162 955 393 990 pabulatumque
409 954 450 982 ire
462 955 654 990 jubet,neque
669 955 796 991 procula
807 956 912 983 castris
927 955 987 982 dis-

162 1000 273 1028 cedere.
301 999 360 1026 Hoc
385 999 564 1026 domesticus
593 1003 622 1026 et
650 999 793 1035 praecipue
817 1001 988 1027 Macedones

162 1053 220 1080 prae
238 1046 316 1071 metu
342 1043 402 1071 ﬁeri
427 1043 539 1079 opinati
566 1044 663 1079 praelio
688 1044 901 1072 decernendum
925 1047 986 1072 sta-

163 1088 376 1121 tuunt.Quibus
391 1096 457 1115 cum
471 1088 571 1123 reliqui
582 1088 627 1115 vel
645 1089 725 1115 inviti
742 1089 986 1125 obtemperarent,

163 1135 259 1161 castra
271 1133 451 1167 imperatorii
468 1133 649 1160 transferunt
664 1134 698 1160 ad
717 1133 861 1165 Petroam,
878 1133 928 1169 qui
944 1133 986 1160 lo-

162 1186 214 1205 cus
230 1187 245 1204 a
260 1177 337 1204 680
353 1177 456 1204 castris
473 1177 600 1204 hostium
625 1177 726 1205 aberat
742 1178 775 1205 15
798 1178 856 1205 tere
872 1177 985 1205 stadiis.

161 1222 233 1249 Cum
250 1221 364 1249 adversi
380 1221 523 1249 exercitus
541 1221 580 1248 ita
604 1221 633 1248 in
657 1222 821 1257 propinquo
845 1226 943 1249 essent
959 1224 987 1249 et

162 1275 178 1294 a
193 1266 317 1293 ducibus
333 1266 483 1301 pugnandi
501 1265 667 1293 facultatem
685 1269 846 1302 poscerent,
863 1267 984 1295 Comne-

162 1319 218 1338 nus
237 1310 299 1338 suis
324 1311 488 1346 obsequens
512 1310 611 1337 educit
632 1310 785 1345 aciemque
809 1310 941 1342 instruit,
957 1313 985 1337 et

162 1355 282 1382 sinistro
299 1355 400 1382 cornui
416 1354 603 1385 Ambustum.
630 1355 729 1382 dextro
745 1355 908 1382 Romanum
924 1355 978 1382 Du-

162 1408 227 1427 rum
245 1399 374 1434 preﬁcit,
390 1398 453 1434 ipse
466 1399 594 1426 medium
611 1401 708 1426 tuens.
724 1399 905 1426 Liomesticus
917 1408 984 1434 qui»

161 1451 218 1479 que
242 1446 271 1471 et
295 1444 388 1470 Aaron
413 1443 491 1478 passi
517 1446 587 1470 sunt
612 1443 781 1478 persuaderi
806 1443 861 1470 sibi
888 1446 918 1470 ut
947 1444 983 1470 ad

161 1495 291 1524 pugnam
313 1487 463 1522 prodirent
487 1487 637 1522 aciemque
662 1487 732 1514 aciei
750 1487 877 1514 hostium
894 1496 982 1523 oppo-

159 1535 272 1560 nerent.
303 1532 440 1559 Dextrum
471 1539 562 1558 cornu
587 1531 679 1558 tenuit
705 1531 830 1559 Basilius
853 1532 982 1559 Tracha-
998 1521 1019 1554 C

161 1577 250 1609 niota,
269 1576 432 1604 Occidentis
449 1578 509 1602 tum
523 1576 634 1609 ductor,
648 1575 840 1611 omniumque
856 1576 984 1604 Macedo-

161 1629 231 1648 num
247 1628 363 1656 genere,
380 1620 533 1656 prudentia
547 1629 579 1648 nc
590 1621 693 1655 peritia
708 1620 983 1654 excellentissimus,

160 1666 392 1700 auctoritateque
410 1673 532 1700 primus.
559 1665 609 1692 Sin
625 1668 718 1691 strum
739 1665 843 1692 Aaroni
861 1665 984 1692 manda-

159 1712 223 1738 tum
242 1710 307 1742 fuit,
331 1709 456 1737 ducibus
483 1709 631 1746 Lyrnntha
657 1709 793 1745 Pnyemio
808 1712 837 1737 et
853 1710 983 1737 Randul—

162 1754 220 1791 pho
239 1754 359 1790 patricio
374 1754 493 1782 France.
517 1754 712 1781 Commissum
739 1756 783 1781 est
806 1754 937 1789 praelium
954 1754 982 1782 in

163 1799 224 1827 loco
239 1799 290 1835 qui
309 1799 389 1832 Ades,
405 1799 433 1826 id
459 1801 503 1826 est
517 1807 613 1833 orcus,
631 1799 800 1826 nominatur
815 1799 851 1826 ab
869 1799 982 1826 incolis.

161 1845 202 1872 lbi
220 1846 314 1872 Aaron
331 1844 465 1871 dextrum
483 1851 571 1871 cornu
589 1843 717 1870 hostium
736 1843 826 1878 pellit,
844 1844 984 1879 fusosque

161 1889 193 1916 ad
212 1891 308 1916 castra
325 1897 418 1924 usque
435 1888 631 1923 persequitur,
647 1891 731 1922 capto
748 1887 878 1915 Romano
894 1887 981 1915 Duro.

160 1934 240 1966 Quod
259 1933 315 1960 nisi
331 1941 398 1960 eum
415 1932 505 1959 nimia
526 1931 622 1959 cautio
648 1940 664 1958 a
688 1931 862 1966 diripiendis
879 1931 983 1958 castris

160 1977 289 2004 hostium
306 1976 508 2011 abstinuisset,
526 1976 626 2010 utique
638 1975 752 2010 integra
769 1976 872 2003 luisset
888 1976 984 2011 potius

159 2022 291 2055 victoria,
316 2021 377 2056 jam
408 2020 555 2048 Comneno
581 2020 668 2047 etiam
696 2028 838 2047 concusso
863 2023 892 2047 et
917 2021 985 2055 fuga

160 2066 282 2093 Nicaeam
301 2068 398 2100 petere
418 2064 573 2099 cogitante.
600 2066 635 2090 At
659 2064 822 2090 Ambustus
847 2063 918 2090 tusis
934 2064 983 2098 qui

158 2110 212 2146 ipsi
229 2108 458 2144 erantoppositi,
469 2110 504 2136 ab
516 2108 696 2143 insequendo
709 2108 782 2135 ea:
798 2116 983 2143 nequaquam

157 2154 281 2189 destitit,
299 2154 347 2181 sed
366 2155 399 2181 ad
417 2155 512 2180 castra
539 2152 656 2180 hostilia
682 2161 775 2187 usque
791 2152 903 2180 delatus
921 2161 983 2187 per-

1047 209 1123 235 μενοι
1148 199 1191 226 οἵα
1217 198 1355 238 ὁμόφυλοι
1379 200 1423 226 καὶ
1453 202 1588 237 συγγενεῖς
1616 200 1661 227 καὶ
1683 199 1772 238 φίλοι,
1803 210 1873 237 προ-

1046 244 1189 282 ετρέποντ)
1204 243 1358 279 ἀλλήλους,
1375 244 1400 270 οἱ
1419 243 1465 280 μὶν
1486 244 1519 272 τὰ
1550 243 1684 281 βασιλέως
1709 247 1872 282 φρονοῦντες

1044 289 1091 315 τὸν
1121 289 1260 325 Κομνηνὸν
1292 288 1450 316 καταλιπεῖν
1481 288 1711 326 παρακαλοῦντες,
1738 289 1871 325 τύραννον

1045 331 1128 369 ἄνδρα
1143 333 1187 359 καὶ
1212 333 1377 368 ἀποστάτην,
1402 333 1446 360 καὶ
1461 335 1501 369 τῷ
1524 332 1633 370 βασιλεῖ
1657 337 1872 371 προσχωρῆσαι,

1045 377 1087 404 καῖ
1107 378 1144 413 μὴ
1175 376 1209 404 δι’
1231 377 1374 412 ἐπιθυμίαν
1394 377 1438 404 καὶ
1462 375 1548 414 ὄρεξιν
1570 377 1629 408 ἑνὸς
1646 376 1742 414 ἀνδρὸς
1772 377 1798 408 ἐς
1823 388 1870 404 το-

1045 423 1139 448 σοῦτον
1162 420 1281 449 κίνδυνον
1304 421 1392 454 ἐλθεῖν
1423 422 1490 449 ὥστε
1517 422 1583 458 μετᾶ
1609 422 1704 459 μικρὸν
1724 422 1761 458 μὴ
1785 422 1869 458 μόνον

1044 463 1176 493 ἔκπτωσιν
1202 469 1328 502 στρατιᾶς
1353 466 1397 493 καὶ
1427 466 1583 503 περιουσίας
1610 467 1768 501 ὑποστῆναι,
1796 465 1871 494 ἀλλὰ

1044 511 1088 537 καὶ
1119 510 1185 538 αὐτὸ
1208 511 1239 538 τὸ
1259 510 1426 548 γλυκύτατον
1455 508 1605 538 ἀποϐαλεῖν
1619 509 1789 538 κινδυνεῦσαι
1814 513 1869 537 τῶν

1045 554 1176 591 ὀμμάτων
1203 555 1309 594 (φέγγος⁷
1340 554 1448 582 ἐκείνων
1472 554 1500 582 δὲ
1524 554 1606 582 πάλιν
1622 555 1781 582 καταλιπεῖν
1799 565 1869 593 παρ-

1044 599 1189 626 αινούντων
1218 599 1263 626 τὸν
1294 599 1417 636 βασιλέα,
1442 597 1530 635 ὄνομα
1558 599 1640 635 μόνον
1664 599 1763 637 ἔχοντα
1793 600 1869 637 βασι-

1044 642 1125 678 λέως,
1154 642 1244 671 τᾶλλα
1270 642 1353 681 ἄνδρα
1369 643 1469 680 σαπρὸν
1499 644 1543 670 καὶ
1560 643 1728 681 κρονόληρον
1745 646 1800 680 (51)
1821 644 1868 671 καὶ

1043 687 1166 725 ἀχρεῖον,
1198 688 1249 715 ὑπὸ
1276 688 1414 726 εὐνούχων
1443 688 1609 726 ἀρχόμενον,
1634 688 1678 715 καῖ
1695 692 1866 726 προσρυῆναι

1042 735 1082 768 τῷ
1107 734 1255 769 Κομνηνῷ,
1272 732 1348 770 ἀιδρὶ
1372 733 1440 760 κατὰ
1465 735 1546 771 χεῖρα
1559 733 1674 770 γενναίῳ
1685 733 1730 760 καὶ
1746 732 1869 771 λαμπρῷ

1042 777 1087 804 καὶ
1117 776 1239 816 διαφανεῖ
1265 780 1322 808 τοῖς
1353 777 1594 814 προηγησαμένοις
1629 778 1867 814 στρατηγήμασιν,

1043 821 1083 860 ἐφ’
1110 822 1132 857 ᾦ
1161 824 1232 848 πᾶσα
1253 822 1269 856 ἡ
1292 824 1345 848 τῶν
1360 821 1500 858 Ῥωμαίων
1519 821 1597 859 ἰσχὺς
1615 821 1703 858 ὥσπερ
1720 821 1749 849 ἐκ
1763 821 1868 849 κύκλου

1039 865 1165 903 γραμμαὶ
1194 866 1261 901 πρὸς
1291 866 1371 892 αὐτὸν
1397 865 1434 896 ὡς
1462 865 1499 896 si:
1527 876 1553 893 τι
1584 869 1698 901 σημεῖον
1712 866 1866 893 νενεύκασιν

1041 909 1066 937 ἐν
1098 909 1147 946 ἴσῳ
1171 910 1215 937 καῖ
1245 909 1449 946 ἀπαραλλάκτῳ
1482 909 1650 947 βουλήματι.
1682 910 1769 938 Ἀλλὰ
1782 912 1868 938 ταῦτα

1041 953 1168 991 λέγοντες
1192 953 1243 981 οὐκ
1279 953 1384 986 ἔπειθον
1410 953 1563 988 ἀλλήλους.
1592 956 1676 981 Τοῦτο
1707 953 1735 982 δὲ
1756 954 1867 992 νέγίνετο

1041 997 1207 1034 ἐξεπίτηδες,
1234 1000 1287 1025 τῶν
1312 998 1442 1036 ἀρχηγῶν
1473 997 1605 1035 ἑκατέρων
1626 1000 1679 1025 τῶν
1697 1000 1867 1036 στρατευμά-

1039 1054 1094 1071 των
1123 1040 1283 1079 πεμπόντων
1308 1043 1381 1073 τινᾶις
1405 1045 1458 1069 τῶν
1486 1041 1648 1078 ἐπιτηδείων
1679 1043 1717 1074 εἰς
1733 1043 1764 1070 τὸ
1793 1054 1867 1082 προ-

1041 1087 1211 1125 διαλέγεσοαι
1236 1091 1294 1118 τοῖς
1320 1090 1368 1115 τοῦ
1393 1087 1542 1116 ἀντιπάλου
1569 1087 1769 1126 στρατεύματος
1785 1099 1867 1125 στραυ

1039 1132 1151 1164 τιώταις
1162 1132 1206 1159 καὶ
1232 1132 1346 1164 καθόσον
1373 1132 1428 1159 οἷον
1455 1142 1485 1159 τε
1511 1131 1574 1163 τοὺς
1590 1132 1770 1168 πειθομένους
1786 1132 1868 1171 ἐφέλ-

1039 1183 1141 1209 κεσθαι.
1158 1177 1201 1208 Ὠς
1215 1175 1243 1204 δὲ
1256 1176 1299 1204 ἐπὶ
1315 1178 1412 1214 χρόνον
1428 1176 1487 1204 τινὰ
1500 1177 1550 1210 τὴν
1566 1175 1705 1214 διάπειραν
1722 1176 1868 1204 ἐποιοῦντο

1040 1222 1083 1249 καὶ
1113 1220 1202 1251 οὐδεὶς
1230 1224 1363 1258 προσεῖχε
1390 1224 1448 1252 τοῖς
1474 1219 1633 1258 λεγομένοις
1649 1221 1693 1248 τὸν
1707 1223 1783 1255 νοῦν,
1798 1222 1869 1257 μετὰ

1039 1265 1169 1301 πλείστης
1187 1265 1215 1293 δὲ
1239 1264 1347 1304 φειδοῦς
1371 1265 1416 1292 καὶ
1430 1265 1444 1292 ὁ
1465 1265 1604 1301 Κομνηνὸς
1628 1265 1674 1295 τὰς
1689 1263 1795 1300 ξυλείας
1819 1266 1866 1292 καὶ

1038 1310 1086 1341 τὰς
1108 1309 1293 1347 χορτολογίας
1318 1312 1453 1341 ποιεῖσθαι
1479 1309 1623 1347 παρηγγύα
1643 1309 1687 1336 καὶ
1713 1310 1751 1345 μή
1767 1309 1866 1347 πορῥω

1037 1358 1087 1389 τῆς
1113 1353 1318 1392 στρατοπεδείας
1345 1353 1515 1391 ἀφίστασθαι,
1539 1354 1600 1380 τότε
1625 1353 1658 1388 δὴ
1684 1354 1710 1380 οἱ
1729 1354 1789 1391 περὶ
1816 1355 1864 1382 τὸν

1039 1398 1215 1435 δομέστικον,
1244 1399 1289 1426 καὶ
1321 1397 1427 1435 μᾶλλον
1455 1399 1481 1425 οἱ
1508 1397 1674 1432 Μακεδόνες,
1704 1398 1864 1426 ὑπόπτωσιν

1037 1444 1081 1471 καὶ
1111 1442 1212 1471 δειλίαν
1242 1444 1307 1470 εἷμαι
1338 1443 1387 1477 τὴν
1405 1442 1561 1476 ὑποστολὴν
1581 1442 1715 1477 οἰηθέντες
1731 1442 1862 1478 πολεμη-

1037 1489 1095 1516 τέον
1138 1488 1203 1515 εἶναι
1240 1486 1361 1514 ἐδόκουν.
1401 1488 1444 1518 Οἷς
1482 1487 1526 1514 καὶ
1565 1486 1673 1518 ἄκοντες
1707 1487 1862 1519 πεισθέντες

1039 1530 1294 1569 στρατοπεδεύονται
1320 1531 1387 1559 κατὰ
1417 1531 1464 1558 τὸν
1490 1531 1638 1568 λεγόμενον
1668 1531 1799 1569 Πετρόην,
1830 1532 1863 1560 οὗ

1039 1577 1108 1604 πάνυ
1141 1576 1236 1614 πόρῥω
1270 1576 1393 1612 κείμενον
1432 1579 1482 1610 τῆς
1519 1575 1640 1607 ἐναντίας
1669 1574 1864 1613 παρεμϐολῆς,

1038 1622 1102 1649 ἀλλ’
1131 1621 1192 1648 ὅσον
1221 1621 1274 1648 ἀπὸ
1299 1619 1414 1648 σταδίων
1442 1619 1641 1648 πεντεκαίδεκα.
1669 1621 1748 1649 Οὕτω
1767 1619 1795 1648 δὲ
1809 1624 1865 1648 τῶν

1039 1665 1178 1702 δυνάμεων
1209 1663 1318 1703 ἔγγιστα
1346 1665 1499 1702 γενομένων
1531 1664 1669 1700 ἀλλήλαις
1687 1687 1694 1700 ,
1726 1665 1771 1692 καὶ
1799 1665 1867 1698 τοὺς

1039 1710 1205 1748 στρατηγοὺς
1247 1710 1415 1747 βιαζομένων
1452 1709 1553 1747 ἐξάγειν
1587 1709 1632 1737 καὶ
1668 1711 1706 1746 μὴ
1734 1710 1866 1745 κωλύειν,

1038 1756 1208 1787 ἀναπείθεται
1226 1755 1274 1791 μὶν
1291 1754 1304 1782 ὀ
1319 1754 1464 1790 Κομνηνὸς
1479 1754 1522 1781 καὶ
1540 1754 1587 1785 τὰς
1612 1754 1710 1785 οἲκείας
1735 1752 1865 1782 ἐκϐάλλει

1039 1799 1178 1839 φάλαγγας
1213 1799 1258 1826 καὶ
1298 1799 1366 1835 πρὸς
1409 1798 1555 1835 παράταξιν
1600 1797 1699 1833 τ’στησι,
1725 1798 1774 1826 τοῦ
1816 1799 1865 1835 μὲν

1039 1844 1180 1880 εὐωνύμου
1215 1842 1326 1880 κέρατος
1357 1842 1504 1879 κατάρχειν
1531 1842 1710 1879 προχειρίσας
1736 1843 1782 1870 τὸν
1814 1846 1863 1870 Κε-

1037 1889 1182 1925 καυμένον,
1210 1887 1241 1914 τὸ
1262 1885 1346 1923 δεξιὸν
1364 1885 1475 1924 ἔχοντος
1500 1887 1643 1922 Ῥωμανοῦ
1658 1888 1706 1913 τοῦ
1722 1886 1867 1924 Σκληροῦ,

1038 1933 1118 1962 αὐτὸς
1144 1931 1172 1959 δὶ
1196 1931 1221 1959 ἐν
1251 1930 1343 1967 μέσοις
1365 1930 1498 1964 ἐτάττετο,
1528 1930 1696 1962 ἀναπείθεται
1726 1929 1755 1957 δὲ
1784 1930 1829 1957 καί
1852 1932 1867 1959 ὁ

1040 1976 1200 2012 δομέστικος
1227 1975 1273 2002 σὺν
1303 1977 1342 2010 τῷ
1369 1975 1487 2010 Ἀαρὼν,
1516 1974 1561 2001 καὶ
1589 1974 1635 2001 τὸν
1653 1973 1754 2001 οἰκεῖον
1770 1974 1866 2011 ἐξαγα-

1038 2022 1095 2058 γὼν
1125 2020 1190 2047 λαὸν
1220 2019 1408 2055 ἀντιμέτωπον
1441 2018 1530 2052 ἵστησι
1557 2021 1615 2049 τοῖς
1640 2019 1783 2049 ἐναντίοις.
1813 2021 1868 2046 Τοῦ

1041 2065 1087 2101 μὶν
1115 2064 1159 2091 οὖν
1187 2062 1274 2099 δεξιοῦ
1300 2064 1386 2099 κέρως
1402 2062 1495 2100 ἅρχων
1522 2063 1555 2097 ἦν
1568 2062 1710 2093 Βασίλειος
1727 2063 1741 2090 ὁ
1754 2066 1866 2100 Ταρχα-

1038 2109 1151 2143 νιώτης,
1177 2106 1367 2145 στρατηλάτης
1391 2107 1453 2134 τότε
1466 2108 1610 2145 τυγχάνων
1625 2110 1674 2141 τῆς
1691 2107 1797 2138 Δΰσειυς
1820 2109 1868 2135 καὶ

1039 2153 1146 2180 πᾶντων
1161 2154 1214 2178 τῶν
1231 2150 1393 2179 Μακεδόνων
1418 2150 1454 2178 ὢν
1469 2151 1640 2188 ἐξοχώτατος
1664 2152 1703 2182 ὡς
1727 2151 1770 2179 καὶ
1795 2152 1870 2189 γένει

158 2202 243 2234 rupto
259 2198 334 2226 vallo
351 2198 520 2234 penetravit.
534 2198 660 2224 tentoria
675 2197 789 2232 direptu
803 2197 908 2231 gladiis

1111 2197 1241 2236 φρονήσει
1255 2196 1299 2223 καὶ
1315 2195 1441 2233 ἐμπείρίᾳ
1457 2197 1499 2232 [Ρ.
1529 2197 1592 2232 802]
1624 2195 1866 2230 διαπρεπέστατος·

157 2244 239 2279 cidit,
255 2247 283 2271 et
300 2243 328 2271 in
342 2246 449 2270 terram
475 2241 589 2276 dejecit,
617 2242 647 2269 Id
664 2241 779 2268 eminus
795 2244 983 2276 conspectum

157 2289 252 2326 (erant
265 2289 341 2316 enim
355 2290 453 2315 castra
469 2286 532 2314 loco
542 2286 630 2321 edito)
647 2286 828 2313 Comnenum
841 2294 907 2313 cum
921 2286 984 2313 suis

158 2333 283 2361 audacia
292 2334 330 2360 im
337 2333 466 2368 plevit,et
478 2332 525 2367 qui
535 2331 571 2358 ab
580 2332 693 2357 Aarone
702 2330 985 2363 stabant,metu.lta~

157 2386 214 2414 que
226 2380 253 2405 et
262 2378 305 2404 illi
316 2377 473 2404 clamorem
488 2374 672 2402 sustulerunt
684 2373 795 2401 alacres
804 2377 832 2401 et
844 2374 871 2401 hi
887 2374 984 2410 fugam

158 2423 300 2450 fecerunt.
316 2421 424 2449 Cecidit
440 2421 468 2448 in
487 2427 583 2455 pugna
600 2427 616 2446 a
633 2421 715 2454 parte
727 2418 915 2453 imperatoris
927 2427 985 2446 ms.-

156 2475 214 2503 gna
230 2466 402 2497 multitudo,
416 2464 608 2492 Macedonum
623 2463 794 2498 presertim,
808 2471 865 2490 non
878 2463 986 2490 milites

159 2512 246 2539 modo
261 2511 311 2538 sed
328 2511 418 2537 duces
440 2509 540 2539 etiam.
569 2507 812 2541 Maurocatacalo,
828 2508 986 2543 Phyemius

155 2556 361 2584 Catzamuntes
377 2554 485 2588 aliique
497 2561 552 2579 non
566 2553 661 2586 pauci.
674 2551 756 2587 Capti
771 2551 862 2579 multo
875 2551 983 2586 plures.

1039 2243 1069 2269 τὸ
1094 2240 1122 2268 δὲ
1145 2241 1283 2276 εὐώνυμον
1315 2239 1501 2277 ἐγκεχείριστο
1529 2241 1542 2267 ὁ
1573 2239 1718 2277 μάγιο-τρος
1747 2240 1867 2276 Ἀαρὼν,

1039 2285 1112 2323 ἔχων
1149 2284 1318 2321 στρατηγοὺς
1345 2284 1390 2311 τὸν
1420 2284 1560 2318 Λυκάνθην
1583 2284 1628 2311 καὶ
1652 2284 1697 2311 τὸν
1728 2284 1866 2320 Πνυέμιον

1039 2329 1083 2357 καὶ
1107 2328 1290 2367 Ῥανδοῦλφον
1316 2328 1446 2363 πατρίκον
1468 2328 1512 2354 τὸν
1539 2329 1676 2366 Φράγγον.
1707 2331 1808 2356 Τοῦτον
1838 2328 1868 2356 δὶ

1039 2375 1085 2401 τὸν
1110 2372 1211 2411 τρόπον
1247 2373 1396 2410 γενομένης
1429 2376 1480 2406 τῆς
1508 2372 1681 2408 παρατάξεως
1710 2373 1777 2400 κατά
1805 2383 1868 2400 τινα

1039 2418 1122 2446 τόπον
1147 2416 1234 2453 ’ᾍδην
1264 2417 1337 2453 παρὰ
1364 2419 1418 2443 τῶν
1434 2416 1575 2454 ἐγχωρίων
1592 2416 1809 2453 ὀνομαζόμενον,
1828 2418 1868 2448 ὡς

1040 2461 1120 2497 ἐδόθη
1152 2463 1183 2490 τὸ
1220 2464 1270 2488 τοῦ
1302 2460 1427 2497 πολέμου
1455 2460 1580 2496 σύνθημα
1606 2461 1649 2488 καὶ
1678 2461 1867 2499 προσέρῥαξαν

1040 2506 1179 2542 ἀλλήλαις
1210 2506 1237 2533 αἱ
1262 2504 1401 2541 δυνάμεις,
1430 2504 1555 2542 τρέπεται
1583 2505 1629 2540 μὲν
1658 2505 1672 2532 ὁ
1701 2505 1806 2542 ’Λαρὼν
1837 2506 1870 2532 τὸ

1041 2550 1125 2587 δεξιὸν
1156 2551 1238 2587 μέρος
1261 2550 1305 2576 καὶ
1338 2550 1435 2586 μέχρις
1451 2548 1533 2576 αὐτοῦ
1560 2548 1653 2576 διώκει
1668 2551 1716 2576 τοῦ
1731 2550 1868 2586 χάρακος,

154 2599 299 2637 κατασχὼν
324 2597 440 2636 ζωγρίαν
466 2597 508 2624 καὶ
533 2595 672 2632 Ῥωμανᾶν
697 2595 742 2622 τὸν
776 2596 912 2633 Σκληρὸψ
937 2595 981 2622 καὶ
1006 2596 1078 2633 τάχα
1095 2595 1122 2622 ἂν
1142 2594 1311 2632 ἀπηνέγκατο
1339 2593 1457 2630 καθαρὰν
1480 2593 1529 2627 τὴν
1558 2593 1648 2628 νίκην,
1679 2593 1700 2620 εἷ
1733 2595 1770 2629 μὴ
1803 2593 1867 2621 λίαν

750 2663 934 2690 XYLANDRI
955 2663 999 2690 ET
1018 2662 1126 2691 GOARI
1147 2662 1260 2690 NOT/E.

192 2715 248 2752 (51)
264 2713 598 2752 Κρανόληρονμάθιίνιιπι,
615 2711 699 2747 quasi
717 2711 829 2739 diceres
851 2710 956 2739 GBI‘Bbl‘t

1099 2711 1173 2739 tione
1197 2710 1289 2738 delira
1313 2717 1424 2738 senem.
1449 2708 1497 2736 Τὸν
1513 2705 1682 2746 κρονόληρον
1705 2711 1739 2737 ad
1756 2710 1863 2747 Xylan-

154 2749 244 2782 drum
260 2749 387 2782 remitto.
396 2749 437 2770 ’-
453 2749 544 2777 (ΞοΑιι.
