1936 3050
666 132 938 164 HISTORIABUM
961 132 1222 164 COMPENDIUM

1738 133 1799 165 366

91 202 224 227 σταντῖνον
245 200 308 231 τοὺς
324 198 510 238 αὖτιδᾶλφους
533 198 578 226 καὶ
604 197 689 229 ἰδίους
713 197 849 235 ἀνεψιοὺς,
866 197 911 225 καὶ

1018 207 1043 226 ιο
1065 207 1082 226 a
1107 199 1277 228 Stratiotico
1302 201 1431 236 tractati)
1449 200 1595 235 patrueles
1625 199 1798 236 patriarchas

93 243 125 271 δι’
138 244 224 271 αὐτῶν
245 244 293 275 τὰς
314 254 422 274 πευσεις
444 244 661 281 προσενεχθῆναι
688 244 714 270 οἱ
742 242 914 278 κελεύοντος,

94 289 117 316 οἱ
132 287 305 320 συνελθόντες
329 288 373 315 καὶ
401 286 471 315 ἄλλο
492 287 599 322 πλῆθος
623 284 845 322 προσλαϐόμενοι
867 285 916 313 οὐκ

95 333 187 370 ὀλίγον
202 332 268 368 (ἤδη
283 333 334 371 γὰρ
362 336 412 367 τῆς
441 333 536 371 φήμης
561 330 732 365 διαδοθείσης
754 331 914 368 συνέτρεχον

94 376 220 409 πανσυδὶ),
238 377 269 404 οὐ
294 378 376 413 μόνον
399 378 425 404 οἱ
451 379 508 407 τοῖς
535 378 730 413 νεωτερισμοῖς
755 375 915 412 ἐπιχαίρον-

93 432 144 456 uc,
160 421 232 449 ἀλλά
251 422 297 448 καὶ
325 424 380 448 τῶν
406 420 594 458 συνετωτέρων
612 420 661 447 οὐκ
677 419 766 456 ὀλίγοι
792 420 838 446 καί
861 421 914 446 τῶν

94 465 280 504 συγκλητικῶν
297 466 417 500 πλῆθος,
434 465 493 493 ὅσοι
518 465 556 501 μή
581 465 679 494 ἱκανῶς
692 464 765 501 παρὰ
779 466 827 491 τοῦ
843 464 917 500 βασι-

97 510 163 541 λέως
186 510 411 547 ἐθεραπεύθησαν)
431 510 609 547 περισχόντες
630 508 694 539 τοὺς
718 511 766 536 τοῦ
786 509 916 546 πατριάρ-

96 565 146 592 χου
161 555 288 592 ἀνεψιοὺς
315 554 441 592 ἀπάγξειν
462 553 605 588 ἠπείλουν,
622 553 644 580 εί
671 554 709 589 μή
725 556 822 590 τάχιον
839 552 918 584 αὐτὸς

95 597 226 634 καταϐαίη
251 600 320 636 πρὸς
350 598 475 629 τούτους.
500 599 530 626 Ὀ
547 597 575 625 δὲ
600 596 652 625 εἷ’τε
675 596 759 631 ἄκων,
774 597 824 624 οὐκ
845 595 916 631 οἶδα,

95 643 141 676 εἴθ’
157 644 237 680 διιὼν,
254 644 291 676 ὡς
313 644 327 671 ὁ
347 645 401 670 τῶν
424 642 559 670 πλιιύνων
582 643 641 679 εἶχε
666 641 759 679 λόγος,
775 642 824 675 τὴν
842 642 915 678 ἱερα-

95 689 171 722 τικὴν
200 687 377 726 περιθέμενος
413 685 542 714 διπλοίδα
576 688 634 723 (53)
675 687 720 714 καὶ
761 686 795 713 τὰ
833 684 917 713 λοιπὰ

95 735 244 771 παράσημα
283 736 334 767 τῆς
374 731 581 770 ἀρχιερωσὺνης
623 728 767 758 ἀναλαϐὼν
798 730 916 758 κάτεισιν

96 777 271 813 ἁκκιζόμενος
295 777 341 804 καὶ
375 775 449 804 δεινὰ
481 776 616 813 πάσχοντι
643 775 761 806 ἐοικώς·
791 775 859 809 ἦσαν
890 773 918 802 δὶ

95 822 175 850 ταῦτα
191 822 279 849 πάντα
305 822 404 856 σκηνὴ,
425 821 462 851 ὡς
491 820 524 848 τὰ
548 822 696 858 πράγματα
720 818 832 854 ἔδέιξαν.
849 822 917 846 Κατ-

97 867 210 899 ελθόντα
250 866 302 904 γὰρ
344 865 446 893 ἐκεῖνον
496 865 594 896 εὐθέως
639 865 664 892 οἱ
713 865 827 891 ἁνάπται
869 866 918 890 τοῦ

95 910 217 946 πλήθους
246 909 459 947 παρειληφότες,
485 910 529 936 καὶ
560 908 655 946 θρόνον
685 909 847 945 ἐνεγκόντες,
873 907 916 934 ἐπὶ

95 958 142 983 τοῦ
167 954 254 990 δεξιοῦ
285 954 383 991 μέρους
423 954 562 989 καθίζουσι
600 956 648 980 τοῦ
674 953 750 990 ἁγίου
782 953 916 990 βήματος.

97 1000 146 1028 Καὶ
171 1002 279 1036 πρῶτον
302 999 362 1035 μὲν,
387 999 423 1029 ὡς
443 999 469 1026 ἐν
490 999 667 1036 προσχήματι
684 997 767 1035 τάχα,
782 994 917 1034 πρεσϐευ-

95 1045 143 1079 τήν
167 1045 246 1072 αὐτὸν
276 1043 447 1081 παρεκάλουν
471 1043 508 1074 ὡς
541 1042 654 1080 βασιλέα
681 1043 813 1080 γενέσθαι,
843 1041 918 1074 ὅπως

96 1087 244 1124 ἀποδοθείη
274 1088 366 1118 αὐτοῖς
389 1087 420 1115 τὸ
448 1087 602 1126 ὑπογραφὶν
631 1087 694 1125 παρ’
713 1086 799 1114 αὐτῶν
823 1084 919 1124 ἔγγρα-

99 1144 158 1172 φον,
175 1134 212 1164 ὡς
227 1132 280 1168 ἤδη
297 1135 345 1160 τοῦ
362 1132 496 1170 βασιλέως
520 1132 701 1168 σπεισαμένου
726 1134 765 1167 τῷ
782 1130 918 1167 Κομνηνῷ

98 1178 141 1206 καὶ
173 1177 286 1215 βασιλέα
315 1177 472 1207 ἀνειπόντος
506 1176 597 1204 αὐτόν,
626 1178 681 1205 Τοῦ
706 1175 756 1214 γὰρ
783 1175 918 1214 ἐγγράφου

98 1221 257 1258 σωζομένου
293 1220 488 1260 ἀδισῤῥήκτου,
534 1219 610 1248 δυοῖν
653 1220 766 1248 ἆτόποιν
807 1220 918 1255 θάτερον

99 1265 212 1306 ἔφασκον
235 1265 260 1301 ἐξ
289 1266 407 1303 ἀνάγκης
434 1264 562 1302 ἕψεσθαι·
594 1264 611 1299 ἥ
636 1265 687 1302 γὰρ
715 1265 918 1303 εὑφημήσαντες

98 1311 177 1338 αὐτὸν
206 1311 243 1341 ὡς
275 1309 387 1348 βασιλέα
412 1310 632 1347 έπιορκήσουσιν,
655 1307 673 1344 ἤ
702 1309 738 1340 ὡς
767 1306 918 1346 ένυϐρίσαν-

97 1366 139 1386 τες
156 1355 194 1387 εἰς
223 1354 337 1393 βασιλέα
365 1353 592 1389 κολασθήσονταί.
623 1355 653 1382 'O
685 1353 713 1381 δέ
737 1355 845 1391 πρῶτον
871 1354 918 1389 μὶν

99 1397 285 1436 ἀνελάμϐανεν
325 1399 434 1432 αὐτοὺς,
473 1399 518 1426 καὶ
557 1398 714 1435 πληρώσειν
743 1398 774 1425 τὸ
816 1396 921 1432 αἶίεημα

97 1445 200 1471 τούτων
231 1443 479 1480 κατεπηγγέλλετο.
510 1444 577 1470 Εἶτα
615 1445 714 1480 μικροῦ
747 1441 920 1473 διαλιπόντος

97 1491 193 1526 καιροῦ
222 1489 329 1515 πάντων
355 1487 484 1526 ἀφέμενοι
512 1487 699 1524 αὐτοκράτορα
724 1485 836 1523 βασιλέα
855 1485 920 1512 ἀνα-

98 1533 242 1571 γορεύουσι
268 1533 312 1559 τὸν
344 1532 499 1568 Κομνηνὸν,
524 1532 568 1558 καὶ
596 1531 659 1562 τοὺς
687 1530 746 1558 ὅσοι
778 1531 815 1567 μὴ
840 1532 919 1557 τοῦτο

933 889 955 921 Β

970 244 1146 280 curripuere,
1163 244 1400 279 strangulaturos
1417 245 1531 275 minati.
1549 244 1604 272 nisi
1620 244 1720 272 statim
1734 244 1797 280 ipse

971 289 1168 317 descenderet.
1193 289 1294 324 itaque
1319 289 1496 325 patriarcha,
1519 289 1579 316 sive
1603 289 1713 316 invitus
1728 290 1797 323 (non

971 334 1048 360 enim
1067 334 1246 369 pronuntio)
1263 334 1334 368 sive,
1347 334 1425 368 quod
1452 333 1646 369 plurimorum
1662 341 1799 360 sermone

971 378 1122 409 asseritur,
1143 378 1242 405 volens
1267 386 1301 405 ac
1325 380 1430 413 sponte
1455 386 1519 412 sua,
1546 380 1625 405 veste
1649 377 1800 413 pontiﬁcis

972 422 1142 457 reliquoque
1165 422 1264 450 habitu
1281 425 1310 450 et
1325 422 1492 454 insignibus
1512 422 1621 450 summi
1644 421 1799 450 sacerdotii

972 470 1094 494 ornatus
1110 467 1273 500 descendit,
1287 467 1433 494 simulans
1456 475 1487 494 sc
1509 467 1589 502 gravi
1605 466 1714 502 injuria
1728 465 1799 494 alfa-

972 515 1050 539 ctum
1068 511 1224 547 indignari.
1242 511 1299 539 Res
1320 511 1385 547 ipsa
1400 511 1500 538 docuit
1520 512 1580 538 haec
1596 511 1705 545 omnia,
1722 513 1754 538 ut
1770 511 1799 538 in

972 564 1069 588 scena,
1100 565 1151 592 per
1179 556 1396 583 simulationem
1428 559 1501 583 acta.
1519 556 1583 583 Mox
1608 564 1675 583 eum
1700 554 1801 591 populi

972 600 1166 627 concitatores
1177 601 1375 636 arripuerunt,
1383 600 1530 636 allathue
1539 600 1611 628 solio
1622 601 1656 627 ad
1668 600 1800 628 dextram

973 648 1084 680 partem
1107 652 1196 671 sacra:
1222 644 1299 671 sellas
1325 644 1514 672 collocarunt.
1529 645 1569 672 Ac
1593 644 1734 679 primum,
1749 643 1800 671 sed

973 689 1028 716 sub
1049 691 1200 724 praetextu,
1219 688 1373 716 hortantur
1387 697 1453 716 eum
1471 691 1503 716 ut
1518 697 1570 724 pro
1594 688 1666 724 ipsis
1686 688 1802 724 legatus

973 733 1178 768 imperatorem
1194 733 1290 766 adeat,
1303 736 1496 768 reposcatque
1510 733 1658 760 decretum
1674 733 1751 761 886
1765 733 1801 760 ab

974 777 1046 813 ipsis
1071 777 1284 812 subscriptum,
1301 777 1540 813 quandoquidem
1564 777 1627 812 jam
1648 778 1710 814 ipse
1734 785 1802 805 cum

974 821 1121 849 Comncno
1143 822 1217 848 facta
1235 830 1303 857 pace
1318 830 1385 849 eum
1404 822 1517 856 imperii
1533 830 1733 850 successorem
1750 822 1801 849 de-

975 866 1131 902 signasset.
1149 866 1221 896 Nam
1239 866 1294 893 nisi
1312 875 1345 894 ea
1354 866 1457 894 charta
1468 867 1692 902 discerperetur,
1705 874 1803 894 neces-

971 910 1049 938 sario
1059 910 1184 938 alterum
1197 911 1268 944 fore,
1278 913 1309 938 ut
1319 913 1370 938 aut
1378 911 1559 938 Comnenum
1574 911 1629 947 ipsi
1643 910 1803 947 imperato-

972 963 1032 982 rem
1048 954 1204 982 salutando
1221 955 1348 990 perﬁdia;
1364 964 1395 983 se
1411 955 1583 991 obligarent,
1593 955 1635 982 vel
1656 955 1797 984 honorem

972 1000 996 1027 ei
1008 1000 1140 1027 debitum
1156 1009 1211 1027 non
1225 1000 1380 1027 deferendo
1394 1008 1493 1035 pcenas
1505 1000 1618 1028 darent.
1632 1000 1802 1028 Patriarcha

973 1043 1117 1078 principio
1133 1051 1183 1070 eoe
1199 1043 1275 1071 bono
1291 1043 1389 1071 animo
1404 1051 1468 1071 esse
1480 1043 1581 1077 jussit,
1594 1052 1683 1080 seque
1698 1052 1800 1072 eorum

974 1088 1120 1123 postulata
1135 1088 1326 1123 impleturum
1349 1088 1494 1124 promisit.
1512 1087 1600 1116 Paulo
1616 1091 1682 1124 post
1702 1090 1799 1116 autem

973 1131 1025 1166 illi,
1043 1132 1181 1159 omnibus
1197 1131 1262 1159 aliis
1279 1132 1364 1159 rebus
1378 1132 1507 1165 omissis,
1521 1133 1727 1168 imperatorem
1743 1134 1800 1160 Au-

974 1179 1093 1212 gustum
1125 1176 1307 1211 proclamant
1330 1176 1523 1210 Comnenum,
1544 1180 1572 1204 et
1595 1177 1803 1205 dissentientes

975 1229 1026 1256 pro
1035 1220 1169 1248 hostibus
1179 1221 1300 1247 Romani
1312 1221 1426 1256 imperii
1440 1221 1539 1248 haberi
1548 1229 1581 1248 ac
1591 1221 1802 1257 perduellibus,

975 1268 1003 1292 et
1018 1273 1118 1292 eorum
1135 1265 1238 1292 domos
1252 1273 1268 1292 a
1285 1265 1474 1293 multitudine
1491 1265 1578 1301 diripi
1590 1266 1708 1301 jobont.
1722 1266 1803 1293 Prin-

976 1318 1043 1344 ceps
1060 1310 1226 1344 patriarcha
1242 1317 1293 1344 per
1307 1309 1500 1345 Stephanum,
1518 1310 1565 1344 qui
1583 1310 1748 1346 proximum
1765 1311 1801 1338 ab

976 1355 1040 1389 ipso
1056 1354 1085 1381 in
1097 1353 1221 1381 ecclesia
1232 1354 1387 1390 dignitatis
1399 1354 1493 1382 locum
1507 1355 1667 1388 obtinebat,
1676 1363 1803 1390 prasen-

976 1402 1033 1425 tem
1046 1399 1100 1425 hoc
1117 1399 1269 1434 approbat,
1281 1407 1314 1426 ac
1329 1399 1513 1426 Theodorum
1532 1399 1693 1427 Antiochea
1710 1399 1802 1435 patri-

976 1443 1106 1477 archam,
1135 1442 1363 1478 proclamantem
1393 1443 1468 1470 hanc
1497 1443 1747 1479 designationem,
1773 1446 1803 1472 et

977 1488 1194 1523 perluittentem
1212 1490 1243 1514 ut
1257 1496 1441 1515 summorum
1460 1488 1588 1516 virorum
1605 1488 1655 1524 qui
1672 1488 1732 1516 hec
1749 1488 1803 1516 im-

977 1532 1133 1567 probarent
1147 1532 1224 1559 .sdes
1235 1532 1391 1559 diruantur
1407 1535 1493 1568 atque
1510 1532 1696 1568 diripiantur.
1708 1535 1803 1568 Atque

101 1577 245 1615 βούλονται
276 1576 393 1614 ἐχθροὺς
431 1576 570 1612 Ῥωμαίων
609 1575 653 1603 καὶ
675 1575 827 1605 ἀποστάτας
852 1574 920 1601 ὠνό-

1018 1584 1039 1604 ιο
1055 1577 1160 1612 agebat
1184 1576 1350 1611 patriarcha
1366 1576 1444 1604 intra
1463 1585 1577 1605 sacram
1601 1577 1688 1605 istam
1715 1579 1804 1613 atque

101 1624 196 1658 μαζον,
231 1622 275 1649 καὶ
312 1620 504 1658 διαρπάζεσθαι
537 1622 584 1651 τὰς
619 1619 705 1651 οίκίας
741 1618 826 1646 αὐτῶν
871 1619 922 1646 ὑπὸ

98 1669 147 1694 τοῦ
177 1666 301 1701 πλήθους
340 1664 513 1702 ἐδοκίμαζον,
552 1664 635 1692 αὐτοῦ
668 1667 716 1691 τοῦ
749 1664 922 1700 πατριάρχου

99 1711 212 1748 πρώτοῦ
239 1709 283 1737 διὰ
307 1712 354 1737 τοῦ
385 1713 436 1744 τῆς
460 1709 607 1744 ἐκκλησίας
635 1707 836 1746 διυτερεύοντος
866 1708 921 1744 (54)

100 1756 238 1794 Στεφάνου
267 1755 454 1791 συμπαρόντος
478 1754 523 1781 καὶ
547 1753 784 1788 συνευδοκοῦντος,
803 1752 848 1779 καὶ
861 1755 922 1779 Θεο-

99 1799 190 1837 δώρου
218 1801 266 1826 τοῦ
296 1800 370 1835 [805]
396 1798 565 1836 Ἀντιοχείας
588 1798 760 1835 πατριάρχου
775 1797 824 1831 τήν
839 1796 922 1834 ἀνάρ-

98 1844 177 1883 ῥησιν
192 1847 242 1878 τῆς
266 1842 402 1881 εὐφημίας
425 1843 586 1880 βοησαντος,
602 1842 647 1869 καὶ
674 1841 737 1872 τοὺς
754 1840 847 1872 οἴκους
867 1843 922 1867 τῶν

97 1889 124 1916 έν
160 1889 322 1926 ὑπεροχαῖς,
351 1886 409 1915 ὅσοι
435 1887 473 1924 μὴ
503 1888 651 1925 ἠρέσκοντο
673 1889 732 1916 τοῖς
754 1885 922 1923 γινομένοις,

97 1934 278 1960 ἀνασκάπτειν
299 1932 344 1959 καὶ
368 1931 525 1969 διαρπάζειτ
548 1931 759 1969 προτρέποντος.
777 1930 826 1957 Καὶ
840 1932 923 1957 ταῦτα

100 1978 148 2014 μὶν
174 1974 303 2014 ἔπραττεν
329 1976 427 2008 ἔσωθεν
469 1978 517 2003 τοῦ
553 1976 627 2002 θείου
663 1975 707 2002 καὶ
747 1974 923 2011 περιωνύμου

99 2024 169 2049 ναοῦ
187 2031 193 2038 ·
221 2020 336 2059 ἄγγελον
363 2019 392 2048 δὶ
407 2021 473 2058 πρὸς
489 2021 534 2047 τὸν
563 2020 706 2056 Κομνηνὸν
734 2019 854 2055 πέμψας,
879 2017 922 2046 καὶ

98 2067 168 2101 πρός
192 2066 237 2093 τὸν
262 2066 377 2103 γέροντα
405 2064 518 2098 ἄλλους,
536 2064 631 2100 έκιίνῳ
657 2064 704 2100 μὶν
725 2063 821 2100 μηνύει
846 2063 925 2090 σπεύ-

98 2110 155 2138 δειν
194 2111 239 2138 καὶ
270 2111 307 2146 μή
350 2108 502 2147 βραδύνειν,
545 2109 590 2136 καὶ
621 2109 715 2144 μισθὸν
750 2108 848 2144 ἀπῄτει
872 2111 923 2142 τῆς

99 2155 244 2193 συνεργίας
261 2155 298 2185 ὡς
315 2153 369 2189 ἤδη
390 2153 473 2184 τέλος
498 2153 616 2191 ἐχούσης
636 2157 685 2187 τῆς
700 2152 782 2180 αὐτοῦ
797 2152 923 2191 ἐφέσεως,

97 2200 190 2236 τούτῳ
220 2197 249 2226 δὲ
272 2198 392 2226 κατιέναι
415 2201 469 2226 τῶν
491 2198 647 2234 ἀνακτόρων
662 2198 720 2224 κατ’
749 2195 828 2224 οὐδὲν
851 2196 924 2231 αὐτῷ

98 2241 308 2282 προσηκόντων.
325 2243 385 2271 Κὰκ
410 2243 508 2270 τούτου
534 2245 593 2273 τοῖς
616 2244 695 2269 πᾶσιν
721 2241 923 2280 ἀπροφάσιστος
942 2256 963 2287 D

98 2288 185 2327 ἐφάνη
201 2289 217 2315 ἀ
232 2287 405 2325 πατριάρχης
427 2287 465 2323 μή
490 2287 572 2323 μόνον
597 2287 718 2323 μέτοχος
742 2286 778 2313 ὥν
793 2285 865 2313 ἀλλὰ
880 2285 924 2312 καὶ

98 2333 266 2370 πρωταίτιος
293 2336 343 2367 τῆς
375 2331 547 2362 ἀποστασίας.
565 2333 621 2359 Τοῦ
647 2330 675 2357 δὶ
699 2330 762 2361 τοὺς
787 2330 925 2368 πεμφθέν-

96 2389 147 2409 ⁴τας
176 2377 215 2408 εἷς
244 2377 324 2404 αὐτὸν
355 2376 561 2414 μητροπολίτας
588 2375 772 2413 έρωτὺσαντος
790 2385 796 2391 ⁸
824 2374 870 2402 Καῗ
900 2373 926 2401 τί

100 2433 149 2458 μοι
180 2422 239 2449 ἀντὶ
265 2425 314 2456 τῆς
343 2420 483 2459 βασιλείας
513 2421 527 2448 ὸ
556 2420 728 2457 πατριάρχης
752 2419 924 2456 παρέχεταις

99 2467 208 2494 ἐκείνων
227 2465 257 2494 δὶ
280 2465 503 2503 ἀποκριναμένων
522 2476 528 2482 ·
546 2465 603 2499 Τὴν
630 2464 756 2501 οὐράνιον
775 2463 925 2500 βασιλείαν,

98 2511 154 2549 ἄγα
169 2513 208 2547 τῷ
223 2511 298 2548 λόγῳ
326 2511 376 2545 τὴν
404 2510 544 2548 πορφύραν
574 2507 722 2536 ἀποϐαλὼν
745 2508 790 2536 καὶ
817 2509 851 2534 τὰ
865 2518 927 2535 κοκ-

97 2553 209 2594 κοϐαφῆ
225 2553 334 2590 πέλιδα,
350 2555 394 2582 καὶ
417 2554 558 2588 ἴδιωτικήν
586 2552 686 2588 ἕσθῆτπι
708 2553 924 2592 ἀμφιασάμενος,

96 2602 215 2628 κάτεισι.
232 2601 321 2628 Τοῦτο
345 2598 374 2626 δὶ
398 2599 506 2630 πάντως
531 2599 634 2636 ἐγένετο
664 2597 692 2625 ἂν
723 2598 760 2629 ὡς
783 2597 883 2628 ἐκεῖνός
897 2608 926 2625 τε

977 1620 1119 1648 celebrem
1131 1622 1233 1648 aedem.
1242 1621 1306 1648 Mox
1318 1621 1391 1648 idem
1405 1621 1525 1649 nuntios
1536 1624 1564 1649 et
1575 1622 1609 1649 ad
1620 1622 1802 1650 Comnenum

978 1665 1068 1692 mittit
1083 1669 1111 1692 et
1133 1665 1168 1692 ad
1186 1665 1398 1703 Stra‘tioticum,
1415 1665 1499 1692 illum
1525 1674 1604 1693 mora
1619 1666 1697 1694 omni
1715 1675 1803 1702 repu-

977 1710 1056 1737 diata
1067 1710 1353 1744 accelerarejubens,
1362 1711 1573 1746 praemiumque
1584 1719 1679 1746 operae
1691 1711 1804 1747 praesti-

977 1757 1011 1780 tse
1024 1756 1124 1789 utpote
1140 1761 1170 1780 re
1181 1754 1245 1788 jam
1261 1754 1394 1781 confecta
1414 1754 1577 1790 postulans,
1595 1755 1673 1782 hunc
1695 1755 1803 1791 palatio

978 1798 1117 1825 nimirum
1136 1798 1208 1824 nihil
1225 1799 1261 1825 ad
1278 1798 1375 1833 ipsum
1388 1799 1461 1826 687
1478 1799 1639 1834 pertinente
1654 1800 1804 1828 discedere

978 1842 1132 1869 mandans.
1146 1841 1228 1869 Unde
1243 1842 1381 1869 omnibus
1402 1843 1497 1878 patuit
1517 1843 1713 1879 patriarcham
1731 1844 1804 1872 nihil

978 1895 1063 1922 posse
1089 1888 1255 1921 praet-ciere,
1271 1887 1430 1921 quominus
1446 1895 1503 1914 non
1527 1889 1625 1915 socius
1650 1889 1736 1916 modo
1752 1889 1803 1916 sed

978 1933 1079 1958 auctor
1094 1931 1297 1967 praecipueque
1310 1939 1400 1958 causa
1420 1931 1509 1967 hujus
1526 1931 1617 1959 fuisse
1632 1932 1804 1960 defectionis

978 1975 1154 2002 crederetur.
1172 1975 1276 2003 Missos
1301 1979 1398 2003 autem
1416 1976 1449 2003 ad
1472 1985 1502 2004 se
1519 1977 1721 2012 metnopolitas
1735 1986 1803 2005 cum

978 2020 1171 2055 interrogaret
1193 2020 1391 2052 Stratioticus.
1408 2021 1512 2056 crquid
1534 2021 1588 2048 sibi
1614 2030 1665 2057 pro
1681 2022 1804 2058 imperio

980 2064 1144 2100 patriarcha
1168 2064 1312 2097 redderet,
1330 2073 1452 2100 regnum
1479 2065 1594 2093 sceleste
1618 2067 1803 2094 redditurum

978 2109 1085 2136 dixere.
1104 2111 1196 2144 Atque
1220 2109 1244 2135 is
1269 2109 1413 2145 extemplo
1430 2118 1589 2145 purpuram
1614 2119 1647 2138 ac
1672 2112 1805 2140 coccinos

978 2153 1088 2180 calceos
1097 2152 1213 2188 abjecit,
1223 2153 1384 2189 privatique
1395 2154 1516 2181 indutus
1533 2154 1634 2182 habitu
1658 2156 1804 2184 discessit.

978 2197 1131 2224 Enimvero
1148 2198 1223 2232 quod
1245 2197 1361 2225 volebat
1387 2201 1415 2225 et
1440 2199 1630 2234 metropolitaa
1655 2201 1807 2235 promitte-

979 2242 1060 2274 bant,
1078 2241 1153 2269 haud
1171 2242 1258 2269 dubie
1273 2245 1448 2270 consecutus
1465 2243 1577 2277 fuisset,
1589 2244 1613 2271 si
1627 2245 1661 2271 ad
1677 2244 1806 2280 primum

982 2289 1095 2313 motum
1120 2286 1292 2314 defectionis
1317 2287 1425 2322 regiam
1453 2288 1642 2316 deseruisset.
1659 2290 1742 2317 Nunc
1770 2290 1806 2318 ad

981 2331 1089 2358 bellum
1108 2339 1201 2366 usque
1222 2332 1249 2358 in
1268 2340 1301 2359 ea
1318 2335 1459 2367 moratus,
1476 2342 1543 2360 cum
1560 2334 1751 2363 sustinuisset
1765 2338 1808 2363 tot

980 2376 1085 2403 civium
1102 2376 1198 2402 videre
1214 2376 1290 2403 bello
1306 2377 1445 2404 intestino
1465 2378 1590 2412 cladem,
1605 2381 1706 2414 postea
1720 2379 1808 2408 rebus

982 2420 1079 2447 tractis
1095 2423 1124 2447 et
1140 2421 1266 2448 subditis
1290 2422 1526 2457 opprimentibus
1549 2423 1673 2459 imperio
1697 2424 1807 2452 invitus

981 2473 1012 2491 se
1028 2465 1177 2497 abdicans,
1190 2464 1265 2492 haud
1283 2467 1344 2492 scio
1360 2475 1395 2493 an
1413 2467 1663 2502 compensationis
1677 2468 1740 2496 loco
1757 2477 1808 2505 pro

980 2509 1089 2536 caduco
1102 2513 1242 2536 aeternum
1256 2509 1294 2536 sit
1306 2514 1518 2538 consecuturus
1530 2512 1697 2547 imperium.
1710 2513 1764 2540 Sed
1779 2514 1808 2541 in

980 2553 1034 2581 hac
1051 2561 1081 2580 re
1097 2554 1146 2580 ﬁet
1162 2554 1239 2588 quod
1258 2553 1315 2581 Deo
1332 2555 1466 2590 place-bit.
1483 2556 1650 2584 Stratiotico
1667 2557 1695 2584 in
1713 2566 1810 2591 suam,

981 2607 1044 2634 quae
1064 2601 1125 2626 erat
1151 2598 1179 2624 in
1206 2607 1281 2629 arce.
1300 2599 1418 2627 domum
1445 2601 1589 2636 digresso,
1605 2601 1676 2629 feria
1697 2605 1812 2637 quarta,

703 2661 888 2688 XYLANDRI
910 2661 954 2689 ET
974 2661 1083 2690 GOARI
1104 2661 1218 2688 NOTE.

132 2717 190 2753 (53)
221 2715 384 2750 Φελώνιον,
419 2718 448 2744 id
483 2719 526 2745 est
560 2714 927 2753 sacerdotalem_c_asulam

93 2751 296 2819 gn‘dequaque
313 2756 406 2782 totum
429 2761 535 2790 corpus
558 2751 720 2782 sacerdotis
736 2751 926 2779 ambientem.

119 2798 190 2819 om.

1018 2715 1074 2753 (54)
1089 2713 1144 2741 Τοῦ
1169 2717 1352 2753 πρωτοπαπᾶΑ
1366 2716 1519 2750 nimirum,
1536 2717 1584 2753 qui
1613 2717 1757 2745 secundas
1781 2718 1811 2745 in

983 2751 1120 2786 omnibus
1136 2752 1201 2786 post
1218 2751 1414 2786 patriarcham
1431 2751 1556 2781 obtinet.
1568 2754 1698 2783 Codinus
1713 2756 1741 2783 et
1757 2753 1812 2782 Eu-

983 2785 1164 2824 chologium.
1180 2785 1270 2815 om.
