1936 3050
159 75 219 106 383

817 78 981 109 JOANNIS
1005 76 1208 108 SGYLITZAL'

1806 76 1887 106 384

158 141 295 168 sultanus
325 141 392 169 illac
422 143 475 170 iter
509 143 624 178 faceret,
656 144 733 172 654
763 152 858 179 neque
885 145 982 170 tamen

1075 152 1101 168 αι
1116 142 1161 169 καί
1191 142 1400 178 κατεπτηχέναι,
1413 141 1477 170 τοὺς
1500 137 1658 177 Βαρϐάρους
1677 138 1706 166 δὲ
1731 140 1881 178 φυσᾶσθαι

161 186 355 214 Romanorum
377 187 522 222 regionem
548 191 673 221 vexaret,
696 189 815 223 quidam
831 196 864 214 ex
881 188 917 214 iis
933 187 981 222 qui

160 238 225 257 cum
240 230 390 258 Pancratio
402 234 493 261 erant.
507 236 694 268 erumpentes
706 235 866 259 extremum
879 240 983 267 agmen

160 275 296 302 sultanici
313 276 455 303 exercitus
482 276 625 304 ledehant
649 280 678 304 et
692 278 850 304 caedebant.
872 277 984 308 Quibus

160 320 196 346 de
221 321 319 347 causis
344 320 481 348 sultanus
509 322 636 356 graviter
664 321 835 356 indignatus
861 321 984 348 ulterius

159 366 295 400 progredi
311 366 457 393 desistens
473 366 507 392 nd
525 367 631 394 Anium
647 375 781 394 reversus
796 369 850 400 est,
867 370 895 394 et
911 375 984 402 pau—

160 410 201 436 cis
217 410 320 437 diebus
335 413 398 437 tum
415 411 512 446 ipsum
530 411 646 443 Anium,
663 414 726 438 tum
743 411 869 438 finitima
885 411 985 438 omnia

161 454 222 481 loca
255 453 284 481 in
319 463 400 482 suam
437 458 610 490 potestatem
648 456 765 483 redacta
793 459 821 483 et
851 456 984 490 praesidio

161 498 298 533 imposito
315 499 426 526 munita
442 507 474 526 ac
489 499 613 526 ducibus
629 499 741 527 idoneis
758 500 865 527 tradita
880 502 983 526 Roma-

162 551 265 569 norum
291 543 397 570 exemit
422 543 556 575 imperio.
583 543 648 570 Haec
663 544 751 579 igitur
772 544 802 571 in
828 544 882 571 hoc
907 547 984 571 statu

162 589 255 620 erant,
271 590 300 614 et
315 589 405 613 tanta
420 587 564 614 vexationi
590 588 713 614 obnoxia
738 590 820 615 erant
837 588 984 615 Romano-

162 639 226 658 rum
243 630 306 658 loca
321 631 349 658 in
367 632 436 658 Asis
460 634 489 658 et
504 631 532 658 in
550 632 629 658 omni
646 632 772 659 Orientis
797 633 914 667 regione
931 641 937 658 :
956 632 983 658 in

162 675 317 702 Occidente
345 684 411 703 vero
445 676 523 703 circa
550 676 663 703 tertiam
690 676 889 707 indictionem.
917 684 983 703 cum

163 723 321 754 praeessent
336 719 451 755 oppidis
463 720 498 746 ad
516 720 625 746 Istrum
642 720 761 747 ﬂuvium
773 720 838 747 sitis
848 720 985 755 magister

164 763 289 791 Basilius
315 767 462 799 Apocapes
487 766 515 791 et
539 764 679 800 magister
704 764 883 800 Nicephorus
904 765 984 791 Βοια-

163 809 265 835 niates.
302 807 426 835 Uzorum
461 808 539 835 natio
573 808 615 843 (hi
650 809 737 835 etiam
777 812 847 836 sunt
880 816 984 844 genere

162 852 285 888 Scythae,
311 856 340 880 et
365 853 525 880 Patzinacis
555 853 712 880 nobiliores
741 856 767 880 et
797 853 986 880 multitudine

162 897 338 932 superiores)
353 905 418 924 cum
436 900 496 924 tota
511 901 596 933 gente
609 900 637 924 et
654 897 779 933 propriis
796 897 986 933 impedimen-

161 941 200 968 tis
227 941 402 968 transmisso
429 942 502 968 Istro
531 941 625 977 longis
651 941 773 969 navibus
797 946 824 969 et
847 941 952 968 lembis
972 949 986 968 e

164 986 284 1013 caudice
299 989 398 1013 cavato
419 987 502 1013 factis
519 989 547 1013 et
564 986 688 1019 utribus,
706 986 812 1013 milites
829 986 984 1013 transitum

164 1030 365 1065 prohibentes,
382 1031 521 1065 Bulgaros
545 1031 663 1066 inquam
689 1033 717 1057 et
734 1030 879 1057 Romanos
894 1033 921 1057 et
936 1030 987 1065 qui

165 1083 232 1102 cum
262 1074 334 1110 ipsis
365 1078 458 1107 erant,
488 1075 584 1102 statim
617 1074 809 1107 debellaruut,
838 1083 872 1102 ac
898 1075 987 1102 duces

165 1118 296 1154 ipsorum
313 1119 453 1146 Basilium
470 1120 631 1154 Apocapem
643 1123 671 1146 et
688 1119 882 1154 Nicephorum
898 1119 984 1145 Bote-

166 1163 274 1190 niatem
301 1164 429 1198 captivos
450 1164 606 1195 abduxere,
623 1171 800 1198 omnemque
825 1163 860 1190 ad
879 1164 985 1190 Istrum

165 1207 318 1242 planitiem
343 1207 535 1243 complerunt.
561 1208 730 1235 Excreverat
752 1207 830 1235 enim
847 1208 936 1240 natio,
954 1210 986 1234 ut

164 1251 184 1278 ii
200 1251 251 1287 qui
266 1251 398 1279 viderant
413 1253 637 1284 conﬁrmabant,
654 1253 689 1279 ad
715 1255 851 1280 sexcenta
868 1252 986 1279 bellico-

164 1304 263 1323 sorum
281 1296 409 1323 virorum
427 1296 528 1323 millia.
545 1297 579 1323 Et
593 1298 726 1331 quaedam
743 1297 820 1324 haud
837 1297 911 1324 655
931 1297 984 1323 mi-

165 1341 244 1367 nima
262 1349 328 1376 pars
340 1341 470 1376 ipsorum
484 1342 575 1368 divisa
588 1349 681 1376 usque
697 1342 731 1368 ad
744 1341 984 1368 Thessalonicam

163 1386 192 1412 et
206 1384 300 1419 ipsam
317 1384 455 1413 Graeciam
478 1385 594 1419 irrupit,
610 1388 639 1412 et
653 1385 737 1412 obvia
758 1385 857 1412 omnia
873 1385 985 1412 vexavit

164 1429 356 1464 diripuitque,
383 1429 498 1456 inﬁnita
523 1430 626 1456 abacta
651 1430 756 1464 praeda.
781 1430 835 1457 Sed
861 1438 928 1456 cum
955 1430 982 1456 in

162 1474 362 1501 vehementem
388 1473 504 1500 hiemen
528 1473 689 1505 incidisset,
714 1475 832 1509 quando
855 1475 890 1501 ad
913 1483 982 1501 suos

162 1517 287 1549 redibat.
300 1526 355 1544 non
368 1517 462 1545 solum
480 1517 574 1545 aliena
584 1519 633 1545 sed
645 1518 733 1545 etiam
750 1527 803 1545 sua
815 1520 873 1545 fere
884 1518 983 1545 omnia

1075 1519 1215 1552 τανειάτην
1260 1516 1415 1555 Νικηφόρον

163 1562 273 1593 amisit,
290 1565 318 1588 et
335 1561 493 1589 infortunio
510 1565 627 1597 accepto
640 1562 669 1589 in
686 1565 783 1589 castra
797 1571 913 1590 reversa
928 1566 982 1589 est.

164 1607 324 1641 Imperator
339 1609 435 1634 autem
451 1607 486 1634 de
502 1615 602 1634 eorum
619 1607 808 1634 multitudine
823 1608 928 1635 certior
943 1607 983 1634 fa-

163 1653 228 1678 ctus
244 1651 430 1678 cruciabatur
445 1650 542 1678 animo
557 1654 586 1678 et
599 1659 673 1686 aegre
691 1651 809 1683 ferebat,
826 1652 984 1679 exercitum

163 1698 263 1722 tamen
279 1703 380 1729 cogere
395 1698 424 1723 et
440 1695 560 1722 idoneas
584 1695 682 1730 copias
705 1698 807 1723 contra
821 1696 902 1731 ipsos
918 1697 985 1723 mit-

165 1742 226 1766 tere
260 1740 463 1772 cunctabatur,
497 1748 530 1767 ac
561 1741 660 1775 segnis
693 1742 764 1772 erat,
801 1743 832 1767 ut
864 1741 983 1776 quidam

164 1783 291 1817 aiebant,
312 1784 481 1819 sumptibus
505 1792 627 1820 parcens
645 1792 651 1812 :
669 1787 731 1812 erat
754 1785 843 1816 enim,
860 1788 891 1812 ut
913 1786 985 1812 dixi-

164 1836 242 1862 mus,
259 1837 375 1862 avarus,
391 1832 418 1856 et
436 1837 588 1856 nummum
609 1829 746 1856 omnibus
764 1829 851 1856 rebus
867 1832 986 1864 antepo-

165 1873 273 1900 nebat:
292 1876 324 1900 ut
339 1881 404 1900 vero
421 1873 479 1905 alii,
496 1874 572 1908 quod
600 1881 657 1900 non
674 1873 831 1901 conﬁderet
846 1874 987 1901 adversus

165 1919 263 1944 tantas
287 1917 362 1944 vires
389 1926 473 1952 posse
498 1917 558 1944 acie
580 1917 728 1945 decertare
752 1926 758 1945 :
783 1926 885 1946 omnes
908 1919 986 1946 enim

166 1961 335 1988 aeserebant
358 1962 590 1988 adversariorum
609 1961 827 1989 multitudinem
843 1963 986 1998 inexpug-

166 2005 292 2032 nabilem
299 2013 355 2036 ,om
361 2006 386 2032 ni
393 2007 504 2040 busque
513 2006 550 2032 im
557 2006 704 2040 possibilia
712 2006 870 2041 redemptio
879 2008 987 2035 ducum

166 2049 329 2082 videbatur,
346 2052 374 2076 et
387 2050 421 2077 de
438 2050 681 2084 migrationejam
702 2050 800 2085 plures
810 2052 986 2087 cogitabant.

168 2094 329 2128 Imperator
353 2097 449 2121 autem
469 2094 569 2121 missis
596 2094 697 2129 legatis
713 2095 747 2121 ad
778 2095 922 2130 principes
939 2105 989 2123 na-

166 2139 255 2165 tionis
272 2139 414 2171 tentabat,
430 2139 454 2165 si
481 2139 558 2165 factu
584 2139 723 2174 possibile
739 2141 825 2171 esset,
842 2140 923 2175 ipsos
939 2142 989 2168 ab-

1037 187 1080 213 καί
1111 186 1267 223 ἐπαίρεσθαι
1296 185 1339 212 καὶ
1382 186 1448 222 μιτᾶ
1490 184 1600 219 πολλῆς
1642 185 1881 221 προσρήγνυσθαι

1038 232 1227 266 πεποιθήσεως
1242 241 1247 246 ·
1265 229 1310 257 ὅτε
1331 229 1364 264 δὴ
1390 230 1434 257 καὶ
1463 229 1490 260 ἐς
1514 230 1545 256 τὸ
1559 231 1649 257 Ἀνιον
1666 228 1882 255 ἀποστέλλεται

1040 275 1101 310 δοὺξ
1130 276 1277 313 ’Λρμὲνιός
1313 286 1354 305 τις
1394 274 1561 311 Παγκράτιος
1590 272 1724 309 τοῦνομα,
1753 273 1782 299 ἐκ
1808 275 1880 300 τῶν

1039 318 1153 346 ἒνόντων
1187 319 1376 357 ὑποσχόμενος
1404 319 1437 346 τὰ
1466 317 1551 346 ἔκιῖσι
1580 318 1766 354 στρατεύματα
1791 316 1878 344 διοι-

1038 366 1105 391 κεῖν.
1136 365 1190 392 Τοῦ
1223 363 1251 391 δὲ
1275 363 1426 391 σουλτάνου
1447 365 1501 399 (12)
1527 362 1685 400 παριόντος,
1714 362 1751 398 μή
1771 362 1880 397 μέντοι

1038 419 1070 445 γε
1099 407 1304 444 πημαινολένου
1332 409 1382 442 τήν
1409 408 1504 446 χώραν
1533 407 1582 442 τήν
1612 407 1781 442 Ῥωμαϊκήν,
1801 403 1882 434 ’τῶν

1038 453 1100 488 περὶ
1128 453 1173 480 τὸν
1205 452 1373 490 Παγκράτιον
1411 451 1526 487 ἐξιόντες
1555 451 1624 482 τινὶς
1653 452 1702 484 τὴν
1732 450 1872 488 οὐραγίαν

1038 500 1087 524 τοῦ
1116 497 1294 525 σουλτανικοῦ
1328 495 1510 532 στρατοπέδου
1546 495 1665 523 ἐσίνοντο
1703 495 1748 522 καὶ
1782 495 1878 522 κατά-

1039 552 1141 569 καινον.
1174 543 1248 578 [815]
1277 542 1334 579 Ἐφ’
1363 542 1404 571 οἷς
1427 541 1473 568 καὶ
1504 539 1678 575 ὃυσθυμήσας
1708 540 1721 566 ὁ
1747 538 1877 566 σουλτά-

1039 597 1084 616 νος
1101 586 1192 623 ἐφίησι
1207 588 1255 613 τοῦ
1279 587 1373 623 πρόσω
1397 585 1475 614 ίὲναι.
1499 585 1573 621 Πρὸς
1596 585 1628 611 τὸ
1644 586 1737 611 ’Ἄνιον
1755 583 1784 611 δὲ
1799 584 1876 615 ἀνθ-

1040 631 1196 667 υπὲστρεψε,
1213 631 1257 657 καὶ
1274 630 1308 657 δι’
1324 630 1424 667 ὀλίγων
1450 629 1560 666 ἡμερῶν
1583 629 1647 656 αὐτό
1678 639 1707 656 τε
1723 629 1753 655 τὸ
1768 631 1876 655 ’Ἄνιον

1038 675 1083 701 καὶ
1117 676 1149 702 τὰ
1176 675 1238 712 περὶ
1260 674 1324 702 αὐτὸ
1362 674 1449 701 πάντα
1481 673 1732 711 περιποιησάμενος
1757 671 1878 710 στραιτῷ

1038 729 1068 745 τι
1097 719 1251 756 ὀχυρώσας,
1277 719 1320 746 καὶ
1361 721 1507 755 τρατηγοῖς
1541 716 1694 754 ἀξιολόγοις
1721 718 1754 744 τὰ
1780 716 1881 743 ἐκεῖσε

1039 762 1186 799 παραδοὺς,
1212 765 1261 795 τῆς
1288 765 1343 790 τῶν
1373 762 1515 797 Ῥωμαίων
1539 761 1710 798 ἐπικρατείας
1740 761 1806 796 αὐτό
1838 770 1881 787 τε

1040 808 1083 834 καὶ
1111 809 1161 840 τήν
1192 808 1255 834 αὐτὸ
1295 807 1388 844 χώραν
1422 806 1613 843 ἀπεστέρησεν.
1643 805 1710 842 Εἶχε
1739 805 1785 841 μὶν
1816 804 1876 831 οὖν

1042 852 1114 880 οὕτω
1139 855 1233 886 ταῦτα,
1261 853 1305 879 καὶ
1345 851 1382 882 εἷς
1422 853 1551 878 τοσιῦτον
1597 849 1717 886 σκυλμὸν
1747 851 1804 884 (13)
1836 849 1880 875 τὰ

1040 897 1179 933 Ῥωμαϊκὰ
1204 906 1368 934 περιηγοντο
1395 896 1462 922 κατά
1491 906 1520 922 τε
1544 895 1593 929 τὴν
1622 894 1715 921 Ἀσίαν
1742 894 1786 920 καὶ
1814 894 1875 928 τὴν

1042 941 1130 976 ἄλλην
1158 944 1244 968 πᾶσαν
1276 939 1438 974 Ἀνατολήν.
1454 940 1496 967 Ἐν
1519 938 1547 966 δὲ
1570 941 1604 975 τῇ
1633 938 1710 965 Δύσει
1735 938 1803 965 κατὰ
1814 938 1874 971 τὴν

1040 986 1134 1023 τρίτην
1155 985 1323 1017 ἲνδικτιῶνα,
1352 984 1493 1021 ἀρχόντων
1522 986 1576 1010 τῶν
1605 983 1667 1020 περὶ
1691 983 1735 1009 τὸν
1760 983 1876 1018 Ἵστρον

1041 1030 1165 1065 ποταμὸν
1194 1031 1242 1056 τοῦ
1274 1028 1422 1066 μαγίσορου
1458 1027 1602 1056 Βασιλίίου
1629 1029 1678 1054 τοῦ
1705 1026 1872 1055 Ἀποκάπου

1041 1075 1086 1102 καὶ
1110 1076 1158 1101 τοῦ
1185 1073 1333 1110 μαγίστρου
1358 1073 1516 1112 Νικηφόρου
1544 1074 1591 1099 τοῦ
1621 1071 1810 1104 Βοτανειάτου,
1834 1071 1872 1098 τὸ

1040 1121 1093 1145 τῶν
1110 1117 1203 1152 Diisz
1221 1117 1293 1148 ἔθνος
1324 1117 1409 1154 (γένος
1445 1115 1473 1144 δὲ
1501 1117 1547 1144 καὶ
1573 1116 1648 1143 οὗτοι
1673 1116 1803 1143 Σκυθικὸν
1819 1115 1873 1142 καὶ

1040 1166 1093 1190 τῶν
1109 1163 1282 1197 ΙΙατζινάκων
1303 1161 1488 1199 εὐγενέπερόν
1516 1171 1544 1188 τε
1570 1161 1615 1188 καὶ
1638 1159 1871 1194 πολυπληθὲστε-

1041 1211 1098 1244 ρον)
1128 1207 1254 1245 παγγενεὶ
1295 1207 1361 1243 μετὰ
1401 1207 1450 1240 τῆς
1492 1205 1593 1236 οἰκείας
1636 1205 1789 1239 ἀποσκευῆς
1817 1204 1873 1231 τὸν

1040 1253 1145 1286 Ἵστρον
1175 1251 1323 1288 περαιωθὲν
1353 1249 1446 1285 ξύλοις
1477 1252 1591 1286 μακροῖς
1615 1249 1659 1276 καὶ
1685 1246 1801 1285 λέμϐοις
1819 1248 1871 1275 αὐ-

1038 1297 1203 1333 τοπρέμνοις
1235 1297 1287 1331 (llr)
1315 1295 1360 1322 καὶ
1401 1295 1522 1332 βόρσαις,
1557 1294 1620 1324 τοὺς
1657 1292 1869 1324 διακωλύοντας

1038 1345 1087 1375 τῆν
1115 1341 1201 1368 αὖτὼν
1231 1340 1376 1377 περαίωσιν
1418 1339 1594 1377 στρατιώτας,
1629 1337 1802 1375 Βουλγάρους
1832 1338 1868 1365 τά

1039 1396 1110 1424 φημι
1132 1386 1176 1412 καί
1205 1384 1359 1420 Ῥωμαίους
1396 1384 1440 1411 καὶ
1474 1383 1588 1414 λοιπούς
1617 1383 1680 1413 τοὺς
1710 1382 1785 1412 ὄντας
1812 1381 1864 1409 σὺν

1038 1430 1141 1463 αὐτοῖς,
1166 1427 1387 1466 κατηγωνίσαντο
1411 1426 1564 1466 αἰφνιδίως,
1588 1427 1633 1454 καὶ
1662 1426 1726 1457 τοὺς
1755 1426 1864 1463 ἡγεμό-

1037 1485 1083 1505 νας
1111 1474 1197 1500 αὐτῶν
1226 1473 1272 1500 τόν
1299 1483 1328 1499 τε
1356 1472 1512 1506 Ἀποκάπην
1552 1471 1695 1499 Βασίλειον
1733 1471 1778 1498 καὶ
1811 1470 1862 1497 τὸν

1468 1515 1666 1553 αἰχμαλώτους
1704 1515 1851 1552 ἀπήγαγον
1857 1538 1864 1548 ,

1038 1564 1083 1590 καὶ
1098 1564 1147 1596 τήν
1161 1562 1223 1599 περί
1237 1562 1283 1589 τὸν
1302 1564 1408 1598 Ἵστρον
1424 1564 1509 1588 πᾶσαν
1527 1559 1691 1597 ἐπλήρωσαν
1709 1559 1840 1596 ὕπαιθρον
1857 1570 1864 1576 ·

1039 1609 1219 1634 συνεποσοῦτο
1259 1606 1311 1643 γὰρ
1340 1607 1370 1633 τὸ
1400 1603 1488 1639 ἔθνος,
1525 1605 1562 1636 ὡς
1592 1605 1618 1632 οὶ
1649 1603 1749 1635 εἰδότες
1780 1602 1871 1632 διεϐε-

1039 1650 1176 1685 ϐαιοῦντο,
1207 1651 1245 1681 εἷς
1274 1651 1406 1686 ἑξήκοντα
1437 1648 1570 1686 μυριάδας
1604 1649 1735 1686 μαχίμῶν
1759 1647 1870 1686 ἀνδρῶν

1038 1696 1083 1724 καὶ
1103 1695 1289 1731 πολεμιστῷν.
1306 1698 1397 1730 Μοῖρα
1420 1693 1449 1722 δὲ
1474 1705 1515 1725 τις
1540 1693 1628 1721 αὐτῶν
1659 1693 1707 1720 οὐκ
1731 1692 1869 1730 ἐλαχίστη

1039 1740 1141 1768 τούτων
1172 1740 1360 1775 ἀποτμηθεῖσα
1389 1737 1455 1776 ἄχρι
1483 1737 1683 1772 Θεσσαλονίκης
1710 1737 1754 1764 καὶ
1784 1737 1872 1770 αὐτῆς

1040 1783 1174 1815 Ἑλλάδος
1189 1784 1346 1821 εἷσήῤῥησε,
1375 1783 1419 1810 καὶ
1439 1786 1491 1810 πᾶν
1519 1783 1551 1810 τὸ
1573 1782 1730 1819 προσουχὸν
1756 1781 1870 1809 κατελο-

1043 1831 1151 1866 μήνατο
1167 1829 1211 1856 καὶ
1234 1828 1368 1865 ἰκεράϊσε,
1391 1827 1436 1854 καὶ
1460 1826 1534 1854 λείαν
1557 1826 1658 1861 ἤλασεν
1683 1826 1732 1853 οὐκ
1747 1826 1869 1863 ἀριθμη-

1040 1875 1102 1908 τήν.
1131 1874 1252 1909 Χειμῶνι
1281 1871 1309 1900 δὲ
1333 1881 1556 1907 περιπεπτωκυια
1585 1869 1698 1906 πολλῷ,
1728 1869 1773 1897 ὅτε
1797 1870 1868 1907 πρὸς

1040 1919 1104 1949 τοὺς
1134 1919 1276 1957 σφετέρους
1302 1917 1472 1955 ὑπέστρεφεν,
1494 1916 1526 1943 οὐ
1553 1915 1635 1952 μόνον
1665 1915 1698 1942 τὰ
1721 1914 1868 1952 ἀλλότρια,

1042 1962 1116 1991 ἀλλὰ
1140 1962 1185 1990 καὶ
1214 1963 1248 1990 τὰ
1276 1961 1373 1996 ἑαυτῆς
1401 1959 1499 1998 σχεδὸν
1533 1957 1667 1987 ἀπέϐαλεν
1694 1958 1805 1992 ἅπαντα,
1821 1960 1868 1986 καὶ

1043 2006 1181 2044 δαστυχὴς
1206 2006 1244 2038 εἷς
1266 2007 1316 2041 τήν
1355 2002 1538 2042 παρεμϐολὴν
1567 2004 1746 2040 ὶπανὲζιυξεν.
1776 2004 1807 2032 Ὀ
1841 2002 1870 2031 δὶ

1046 2051 1173 2089 βασιλεὺς
1189 2050 1392 2086 πυνθανόμενος
1406 2049 1468 2086 περὶ
1490 2051 1538 2076 τοῦ
1553 2048 1719 2085 πληθυσμοῦ
1739 2047 1869 2085 ἤσχαλλε

1046 2096 1093 2132 μὶν
1108 2096 1150 2122 καὶ
1167 2094 1314 2131 ἠδημόνει,
1329 2093 1453 2132 στρατιὰν
1478 2093 1507 2121 δὲ
1535 2093 1659 2130 ἀθροῖσαι
1683 2092 1728 2120 καὶ
1744 2091 1871 2129 δυνάμεις

1044 2139 1212 2177 ἀξιομάχους
1228 2139 1332 2177 ἀφεῖναι
1359 2138 1417 2165 κατ’
1447 2137 1534 2164 αὐτῶν
1569 2137 1749 2174 ὀκνηρότερος
1773 2137 1869 2171 ἧν,ὡς

166 2183 272 2211 ducere
288 2186 316 2210 et
340 2183 396 2210 sibi
421 2183 588 2217 conciliare,
613 2183 715 2211 multis
737 2183 837 2211 missis
862 2187 990 2213 muneri-

1075 2184 1178 2214 ίντινις
1204 2182 1308 2220 ἔλεγον,
1331 2185 1385 2210 τῶν
1411 2181 1598 2218 ἀναλωμάτων
1627 2180 1717 2220 φειδοῖ
1743 2182 1786 2217 (ἦν
1805 2182 1868 2218 γὰρ,

167 2228 231 2261 bus,
262 2227 370 2263 quibus
395 2227 598 2261 di-linirentur,
616 2230 705 2263 atque
731 2228 802 2255 adeo
826 2228 940 2264 aliquos
961 2240 995 2259 ex

166 2273 238 2308 ipsis
250 2273 359 2301 crebris
373 2272 522 2299 beneficiis
536 2274 696 2306 exceperat.
706 2273 758 2299 Sed
768 2274 845 2300 natio
855 2274 992 2308 maxime.

167 2323 194 2346 et
210 2319 317 2346 idcirco
334 2318 464 2353 quotidie
482 2317 672 2351 irruptionom
697 2316 815 2351 faciens,
834 2321 865 2345 ut
881 2319 992 2355 stipen-

166 2363 247 2390 dium
275 2362 345 2389 illud
374 2362 504 2391 haberet.
523 2361 549 2387 in
583 2360 690 2387 multas
718 2361 859 2392 Bulgaria!
883 2368 989 2398 partes,

162 2407 224 2442 jam
242 2407 336 2442 ipsum
354 2414 470 2441 quoque
483 2405 637 2432 Thraciam
648 2409 676 2431 ct
686 2404 882 2434 Macedoniam
896 2409 990 2443 oppri-

166 2451 274 2479 mebat.
291 2451 351 2478 Non
370 2451 466 2478 ferens
477 2453 574 2476 autem
587 2450 717 2476 convicia
731 2450 899 2485 imperator.
911 2455 986 2488 quod

165 2496 200 2524 ab
231 2497 368 2523 omnibus
402 2495 496 2531 palam
531 2497 562 2522 ut
594 2502 699 2522 avarus
733 2497 820 2530 atque
850 2497 987 2525 sordidus

1050 2229 1087 2259 ὡς
1115 2227 1226 2266 ἔφαμεν,
1257 2227 1470 2266 φιλοχρήματος
1501 2226 1545 2253 καὶ
1571 2227 1616 2253 τὸν
1646 2223 1745 2253 ὀϐολὸν
1771 2226 1870 2255 παντὸς

1048 2273 1214 2310 προτιμῶν),
1232 2272 1269 2302 ὡς
1294 2270 1317 2298 δ’
1348 2270 1425 2305 ἔνιοι,
1453 2272 1490 2307 μὴ
1514 2270 1674 2308 ἀπσθαρῥῶν
1688 2271 1756 2308 πρὸς
1771 2272 1869 2297 τοσαύ-

1047 2328 1096 2352 την
1113 2317 1191 2354 ἰσχὺν
1219 2316 1478 2352 ἀντιπαρατάξασθαι
1498 2324 1504 2331 ·
1532 2314 1647 2345 ἅπαντες
1661 2314 1713 2351 γὰρ
1729 2314 1869 2351 ἀπρόσμα-

1046 2371 1098 2400 χον
1129 2362 1160 2388 τὸ
1183 2363 1237 2388 τῶν
1266 2360 1392 2388 ἂναντίων
1430 2358 1537 2394 πλῆθος
1573 2358 1789 2396 διισχυρίζοντο,
1823 2359 1867 2386 καὶ

1045 2407 1189 2443 ἀμήχανος
1213 2404 1300 2432 ἐδόκει
1320 2407 1408 2434 ,πᾶσιν
1434 2405 1451 2438 ἡ
1482 2403 1629 2441 λύτρωσις,
1658 2403 1703 2430 καὶ
1731 2404 1868 2439 μετοικίαν

1043 2450 1097 2486 ἤδη
1115 2451 1141 2477 οἱ
1157 2449 1269 2480 πλείους
1285 2447 1474 2476 ἐϐουλεύοντο.
1493 2448 1524 2477 Ὁ
1540 2447 1568 2474 δὲ
1585 2447 1711 2484 βασιλεὺς
1727 2445 1869 2484 πρεσϐείαν

1045 2495 1114 2532 πρὸς
1136 2494 1201 2525 τοὺς
1230 2493 1364 2530 ἐθνάρχας
1405 2493 1492 2520 αὐτῶν
1521 2491 1658 2523 ἑστάλκὼς
1682 2491 1807 2529 ἐπειρᾶτο
1836 2493 1871 2524 ὡς

820 2549 834 2576 J
840 2550 945 2578 ACOBI
965 2550 1074 2578 GOABI
1093 2549 1209 2576 NOTIE.

204 2601 259 2637 (42)
288 2600 400 2637 Sullani
429 2599 602 2637 vocabulum
630 2598 795 2637 ﬁedrenus
825 2599 991 2637 significare

167 2633 239 2665 dicit
265 2636 470 2672 παντοκράτορα
494 2634 538 2661 καὶ
566 2633 678 2672 βασιλέα
705 2633 928 2672 βασιλὲυ)ν,Ἰ]οο
946 2638 993 2672 est

165 2670 375 2709 imperatorem
390 2674 418 2699 ct
434 2670 530 2707 regem
546 2670 658 2707 regum.
676 2670 815 2709 AVTurcis
827 2670 991 2709 jam_vulgo

166 2706 218 2746 pro
244 2708 365 2746 domino
391 2706 626 2746 usurpaturg’et
650 2714 757 2746 nomen
778 2706 832 2746 hoc
857 2706 993 2746 princeps

165 2741 268 2775 eorum
292 2744 382 2775 habet
404 2741 472 2772 m1"
489 2742 588 2781 ἐξοχὴν
613 2750 667 2771 ceu
689 2741 770 2772 solus
796 2744 825 2773 et
847 2741 994 2781 aluimus

1047 2597 1195 2626 dominus.
1213 2598 1255 2624 Ita
1272 2595 1477 2624 Leunclavius.

1083 2634 1139 2669 (13)
1157 2636 1228 2669 Lego
1244 2630 1446 2669 κατακλυσμόν,
1469 2640 1526 2667 qua
1546 2631 1765 2669 _voce_moderni
1783 2640 1868 2669 nego-

1046 2665 1154 2697 tiorum
1172 2665 1321 2704 ingentem
1338 2665 1493 2703 procellam
1504 2665 1610 2704 solent
1619 2666 1817 2704 interpretari.

1096 2705 1141 2739 14)
1153 2701 1300 2733 (Ζεᾱῖ-οιιαε
1318 2701 1346 2731 et
1361 2703 1569 2731 Constantinus
1593 2701 1626 2729 de
1640 2701 1720 2730 Adni.
1735 2703 1802 2739 Imp.
1820 2712 1866 2739 μο-

1096 2706 1141 2739 14)
1153 2706 1278 2733 Cedreno

1048 2706 1149 2777 «sim
1161 2741 1278 2770 vocent.
