1936 3050
46 104 107 134 885

803 101 1002 132 HISTORIA.

1697 99 1756 131 386

49 169 109 198 οἷόν
136 180 166 197 τε
193 170 367 206 παρενεγκεῖν
397 167 494 199 αὐτοὺς
511 167 556 195 καὶ
584 167 769 201 καταστεῖλαι,
785 166 892 201 πολλὰ,

985 168 1134 196 sssebatur
1152 169 1182 195 et
1201 167 1405 201 accusabatur,
1422 167 1502 202 regia
1526 167 1598 195 urbe
1620 175 1755 203 egressus

50 215 161 244 τούτοις
191 211 353 243 ἀποστείλας
384 211 514 250 ἐπαγωγὰ
542 212 586 239 καὶ
616 211 878 250 θελκτήρια-χαρί-

51 269 137 296 σμασι
153 259 206 296 γὰρ
219 258 306 288 ἐνίους
322 257 410 284 αὐτῶν
436 256 531 294 ἀδροῖς
560 255 730 293 ἐδεξιώσατο.
747 257 879 294 Μέγιστον

53 303 82 331 δὶ
98 302 174 334 ἔθνος
190 304 231 338 ὃν,
247 302 291 330 καὶ
309 301 353 329 διὰ
375 303 455 328 τοῦτο
482 300 550 338 πρὸς
578 302 712 337 πορισμὸν
742 301 880 338 ὁσημέρας

51 347 302 386 ἆπίῤῥηγνύμενον,
319 346 345 374 ἐν
362 345 480 377 πολλοῖς
507 347 598 383 μέρεσι
626 346 675 380 τὴν
700 345 881 383 Βουλγαρίαν,

53 396 94 428 [Ρ.
122 390 257 427 ὅ161ἥδη
285 390 313 418 δὲ
327 392 378 426 τήν
393 401 422 418 τε
437 390 545 428 Θρᾴκην
574 391 619 418 καὶ
643 391 692 424 τὴν
717 389 883 418 Μακεδονίαν

53 434 208 469 συνέθλιϐε.
240 437 286 470 Μή
317 436 404 473 φέρων
431 434 459 462 δὲ
485 435 498 461 ὁ
532 434 659 472 βασιλεὺς
687 435 720 462 τὰ
749 434 884 471 λεγόμενα

54 481 165 518 (ἀνέδην
181 481 231 518 γὰρ
247 481 321 517 παρὰ
336 479 443 506 πάντων
460 479 497 510 ὡς
520 477 655 518 φειδωλὸς
679 479 723 506 καὶ
749 478 883 516 γλίσχρος

54 525 194 562 διεσύρετο
224 535 254 552 τε
282 524 326 551 καί
357 521 530 559 διεϐάλλετο)
547 520 626 558 ἔξεισι
651 527 700 557 τῆς
731 521 882 560 βασιλίδος,

55 570 100 597 καὶ
130 569 192 607 περὶ
222 569 268 596 τὸν
298 568 382 596 τόπον
414 568 443 598 ὃς
473 565 661 604 Χοιροϐάκχοι
687 567 810 595 καλεῖται
832 567 882 601 τὴν

54 615 159 648 σκηνὴν
191 614 335 650 πήγνυσιν,
363 612 393 639 οὐ
423 610 536 643 πλείους
571 614 627 639 τῶν
655 612 749 639 ἑκατὸν
782 612 883 645 πεντή-

54 669 137 686 κοντα
173 659 347 695 στρατιωτῶν
386 654 555 693 ἰπαγόμενος
594 657 654 692 μεθ’
679 656 791 683 ἑαυτοῦ·
823 657 883 682 ὅθεν

56 703 101 730 καὶ
134 701 253 732 πολλοῖς
284 701 429 737 θαυμάζειν
460 699 537 737 ἐπῄει
566 701 640 730 ὅπως
667 700 734 735 μετὰ
748 700 884 727 τοσούτων

57 746 210 784 ἀνδραρίων
227 747 296 783 πρὸς
319 745 454 779 τοσαύτην
484 744 592 779 πληθὺν
622 743 816 772 ἀπεδειλίασεν.
840 745 883 771 Ἐν

57 791 172 827 τοιαύτῃ
203 789 231 817 δὲ
260 791 416 827 παρασκευῇ
447 787 523 819 ὄντος
553 789 634 816 αὐτοῦ
659 789 704 816 καὶ
728 789 884 824 περὶσυνα-

58 839 153 873 γωγῆς
184 834 386 872 βουλευομένου
411 835 537 871 στρατοῦ,
561 832 700 871 δρομαίως
723 832 885 871 προσελθόν-

59 891 102 910 τες
116 881 188 910 τινὲς
204 877 320 914 ἰδήλουν
340 881 380 914 τῷ
407 877 514 915 βασιλιῖ
538 878 588 912 τήν
611 888 640 904 τε
663 878 717 905 τῶν
742 877 887 915 ἡγεμόνων

60 923 197 961 λύτρωσιν
223 923 268 950 καὶ
303 925 352 950 τοῦ
388 920 479 953 ἔθνους
512 922 612 952 παντὸς
649 923 698 956 τήν
738 922 885 955 ἀπώλειαν,

61 967 210 1007 φράζοντες
225 967 263 998 ὡς
277 967 303 993 οἱ
321 966 367 1003 μὶν
389 966 524 1003 ἡγεμόνες
550 966 637 993 αὐτῶν
663 963 793 1002 ἆμόάντες
822 966 886 993 σκά-

62 1024 122 1051 φεσι
152 1013 198 1039 τὸν
228 1012 332 1049 Ἴστρον
366 1008 555 1045 διαϐεϐήκασι,
580 1010 611 1037 τὸ
650 1009 678 1037 δὶ
714 1009 885 1049 περιλειφθὲν

60 1057 169 1091 πλῆθος
195 1056 273 1092 λιμῷ
295 1065 324 1082 τι
353 1054 397 1082 καὶ
423 1054 514 1090 λοιμῷ
541 1057 599 1085 τοῖς
621 1064 650 1081 τι
677 1055 886 1091 παρακειμένοις

64 1101 235 1138 Βουλγάροις
285 1099 330 1126 καὶ
391 1098 568 1133 Πατζινάκοις
618 1100 887 1135 καταπολεμηθέντες

63 1145 148 1182 ἄρδην
165 1144 322 1177 ἀπώλοντο,
339 1145 406 1171 Θεοῦ
428 1143 459 1170 τὸ
483 1146 534 1170 πᾶν
563 1143 756 1181 ἐργασαμένου.
774 1145 887 1180 Λὲγεται

61 1191 110 1227 γὰρ
142 1190 180 1220 ὡς
207 1187 341 1226 ἀπογνοὺς
371 1188 385 1214 ὁ
417 1186 542 1224 βασιλεὺς
571 1186 601 1214 ἑκ
627 1187 745 1220 παντων,
761 1187 886 1222 νηστείαν

63 1233 246 1272 παραγγείλας
284 1235 322 1268 τῷ
350 1242 380 1259 τι
407 1231 508 1266 πλήθει
544 1231 588 1258 καὶ
624 1231 721 1266 ἑαυτῷ,
752 1230 887 1259 λιτανείαν

64 1279 157 1312 ἐκτενῆ
201 1277 364 1312 ἐποιήσατο,
407 1276 489 1306 αὐτὸς
529 1276 608 1310 πεζὸς
648 1275 887 1312 συμπορευᾶμινος

66 1323 133 1360 μετὰ
159 1321 282 1359 δακρύων
326 1322 370 1348 καὶ
412 1320 645 1356 συντετριμμὶνης
680 1319 800 1356 καρδίας,
829 1320 888 1352 καθ’

64 1369 94 1402 ἣν
121 1368 227 1404 ἡμέραν
258 1365 340 1404 ἐφάνη
370 1367 427 1395 τοῖς
456 1365 480 1391 ἐν
506 1367 546 1400 τῷ
571 1364 718 1401 Τζουρολῷ
732 1364 888 1400 ἐσκηνωμέ-

65 1422 126 1442 νοις
165 1413 218 1438 τῶν
256 1409 347 1444 Οὔζων
392 1408 499 1443 πλῆθος
547 1409 737 1446 στρατιωτικὸν
780 1409 888 1436 ἐπιστὰν

67 1456 199 1493 ἐναέριον,
225 1453 346 1482 διᾶτττον
379 1454 425 1481 σὺν
462 1452 578 1490 σπουδῇ,
610 1452 677 1490 βέλη
716 1454 772 1481 κατ’
803 1454 890 1480 αὐτῶν

65 1501 170 1540 ἀφιέναι
198 1503 310 1537 συνεχῆ,
338 1498 407 1525 ὥστε
435 1498 537 1534 μηδένα
566 1497 591 1532 ἑξ
620 1498 708 1525 αὐτῶν
738 1498 884 1533 ἀπομεῖναι

65 1535 199 1583 ἄτρωτον.
218 1545 248 1572 Ὁ
262 1535 293 1571 δὲ
310 1542 438 1581 βασιλεὺς
453 1545 493 1578 τῷ
509 1544 566 1577 Θεῷ
591 1541 670 1573 θύσας
698 1542 730 1569 τὰ
758 1544 886 1579 χαριστή·
904 1535 925 1568 C

66 1600 111 1627 ρια
140 1588 203 1621 εὐθὺ
229 1592 279 1623 τῆς
313 1585 456 1626 βασιλίδος
493 1586 654 1624 πεπόρευτο.
687 1587 754 1624 Εὗρε
792 1585 821 1614 δὶ
845 1588 889 1614 καὶ

65 1634 166 1668 ταύτην
182 1632 339 1668 ἕκπλήξεως
356 1632 491 1669 γᾶμουσαν
507 1631 550 1658 καὶ
574 1631 607 1658 τὰ
635 1633 741 1669 σῶστρα
767 1633 807 1667 τῷ
833 1633 891 1667 Θεῷ

67 1678 240 1706 ὶπιθύουσαν.
257 1676 346 1704 Ἀλλὰ
368 1677 464 1707 πάντες
489 1675 585 1706 ἁπλῶς
613 1675 761 1711 θεοσημίαν
789 1676 821 1702 τὸ
844 1686 890 1713 γε-

67 1723 146 1761 γονὸς
161 1721 320 1759 ἐλογίζοντο
331 1721 376 1748 καὶ
391 1722 426 1757 τῇ
441 1722 489 1747 τοῦ
507 1719 640 1757 βασιλέως
665 1719 725 1757 περὶ
755 1720 787 1747 τὸ
814 1722 891 1747 Θεῖον

69 1764 190 1802 εὐσεϐείᾳ
219 1767 249 1792 τὸ
275 1768 326 1792 πᾶν
358 1764 520 1797 ἀνετίθεσαν,
547 1764 628 1801 ἀρετῇ
664 1764 702 1800 μὴ
728 1763 821 1800 -κακίᾳ
847 1764 892 1791 καὶ

67 1814 100 1848 τῇ
116 1810 250 1849 ἄρχοντος
267 1810 338 1847 ῥοπῇ
355 1809 401 1836 καὶ
417 1809 478 1846 περὶ
494 1809 524 1836 τὸ
540 1811 616 1836 Θεῖον
634 1805 760 1844 εὐλαϐείᾳ
774 1809 804 1836 τὸ
816 1811 892 1835 Θεῖον

933 212 969 239 ad
999 212 1094 239 locum
1121 212 1170 247 qui
1190 211 1380 240 Chmrobachi
1409 214 1529 238 vocatur
1557 212 1634 240 056
1662 216 1758 240 castra

935 256 1027 292 ponit,
1043 256 1120 284 haud
1144 256 1241 292 plures
1261 259 1378 284 centum
1396 259 1424 283 et
1440 256 1660 292 quinquagenm
1677 256 1757 284 mili-

935 301 1014 328 tibus
1043 309 1142 328 secum
1172 301 1330 334 adducens,
1353 309 1386 328 ex
1413 309 1469 336 quo
1496 301 1593 336 plures
1618 302 1757 328 admirari

937 347 1083 381 quomodo
1100 354 1165 372 cum
1184 346 1262 372 hisce
1285 345 1472 372 homunculis
1488 345 1628 373 adversus
1644 348 1756 373 tantam

937 389 1153 417 multitudinem
1180 390 1317 424 congredi
1342 390 1471 417 auderet.
1489 389 1594 417 Verum
1619 398 1685 417 cum
1711 390 1759 417 ille

937 434 965 461 in
984 434 1186 469 hujuscemodi
1201 437 1340 469 apparatu
1352 437 1517 461 versaretur
1531 443 1563 462 ac
1579 435 1614 462 de
1630 436 1774 470 cogendo.

938 479 1064 506 exercitu
1080 477 1257 510 consuleret,
1274 478 1392 513 quidam
1417 479 1452 505 ad
1477 479 1573 514 ipsum
1591 483 1760 507 accurentes

938 531 1095 554 accessere,
1119 526 1207 557 atque
1231 523 1320 550 duces
1345 523 1512 558 redemptos
1537 526 1710 550 nuntiarunt
1733 527 1762 551 et

937 566 1028 594 totius
1039 567 1166 594 nationis
1178 567 1339 599 interitum,
1348 570 1512 594 asserentes
1525 568 1613 594 duces
1629 569 1759 604 ipsorum

937 610 1104 638 conscensis
1121 610 1245 645 navigiis
1260 612 1367 638 Istrum
1391 612 1602 643 transmisisse,
1618 612 1760 647 reliquam

938 663 1004 682 vero
1030 655 1249 682 multitudinem
1276 657 1351 682 tame
1372 663 1404 682 ac
1425 659 1504 690 peste
1529 659 1557 683 et
1584 665 1600 683 a
1626 657 1761 684 ﬁnitimis

938 699 1071 734 Bulgaria
1087 702 1114 726 et
1129 699 1290 726 Patzinacis
1316 700 1489 727 debellatum
1513 701 1646 728 funditus
1669 701 1760 728 inter-

939 744 1018 776 iisse,
1030 743 1088 771 Deo
1099 752 1185 770 omne
1200 744 1271 770 illud
1283 752 1358 779 opus
1374 748 1558 778 procurante.
1575 746 1673 772 Fertur
1684 746 1760 773 enim

938 788 1108 823 imperator,
1124 788 1286 823 desperatis
1303 790 1400 822 rebus,
1418 789 1557 816 indixisse
1570 790 1718 825 jejunium
1734 793 1763 818 et

939 833 994 860 sibi
1019 835 1047 859 et
1073 832 1191 868 populo,
1211 835 1240 859 et
1264 832 1399 859 assiduas
1424 833 1654 868 supplicationes
1679 834 1762 861 adhi-

940 877 1050 911 buisse,
1062 877 1124 912 ipse
1143 877 1231 912 pedes
1247 876 1335 903 simul
1352 885 1417 904 cum
1435 877 1570 914 lacrymis
1583 878 1719 906 incedens
1736 881 1764 906 et

940 922 1065 949 contrito
1089 921 1185 948 corde.
1199 923 1261 954 Qua
1277 921 1322 948 die
1344 925 1500 956 conspecta
1520 926 1564 949 est
1587 923 1615 950 in
1641 923 1763 950 Tzurolo

941 967 976 993 ab
993 965 1058 993 Uzis
1083 966 1111 993 in
1135 965 1333 993 tabernaculis
1357 967 1609 994 commoraniibus
1635 967 1762 995 militum

941 1010 1100 1037 multitudo
1116 1010 1144 1036 in
1161 1010 1221 1036 acie
1241 1009 1366 1037 emicare
1383 1013 1490 1038 etcum
1507 1019 1625 1038 summa
1644 1012 1764 1039 testina-

941 1055 1019 1082 tione
1034 1054 1136 1081 crebra
1147 1058 1247 1081 contra
1262 1054 1342 1089 ipsos
1358 1054 1413 1081 tela
1424 1055 1531 1089 jacere,
1543 1056 1582 1083 ita
1597 1058 1628 1083 ut
1643 1064 1676 1083 ex
1692 1057 1765 1092 ipsis

941 1107 1025 1127 nemo
1051 1098 1160 1125 illmsus
1185 1099 1369 1131 remanserit,
1386 1099 1456 1133 quin
1478 1099 1584 1126 vulnus
1609 1101 1764 1136 acceperit.

942 1145 1103 1179 Imperator
1127 1147 1222 1170 autem
1254 1143 1311 1170 Deo
1339 1144 1480 1170 sacrificio
1507 1153 1573 1171 cum
1603 1146 1765 1180 gratiarum

941 1189 1054 1216 actione
1079 1191 1206 1223 peracto,
1219 1191 1294 1214 recta
1309 1189 1342 1215 ad
1361 1188 1468 1223 regiam
1495 1189 1597 1216 urbem
1613 1197 1644 1216 sc
1660 1191 1765 1217 contu-

942 1232 985 1266 lit,
1003 1241 1089 1268 quam
1109 1232 1214 1267 reperit
1236 1232 1439 1259 admirationis
1455 1241 1487 1259 ac
1502 1233 1630 1268 stuporis
1647 1234 1763 1269 plenam

942 1280 1069 1312 votaque
1104 1276 1161 1304 Deo
1191 1284 1242 1311 pro
1271 1280 1388 1312 accepta
1416 1276 1510 1304 salute
1539 1277 1764 1313 persolventcm.

942 1321 1050 1348 Verum
1067 1329 1170 1348 omnes
1185 1321 1261 1355 quod
1284 1320 1392 1348 factum
1406 1323 1468 1348 erat
1488 1321 1620 1349 divinum
1639 1323 1764 1350 miracu-

942 1365 1004 1393 lum
1034 1368 1200 1396 censentes,
1228 1365 1414 1400 imperatoris
1443 1374 1512 1401 erga
1542 1366 1632 1393 Deum
1668 1367 1765 1402 pietati

943 1411 1138 1444 ascribebant,
1152 1411 1229 1445 quod
1245 1411 1352 1437 virtute
1367 1414 1395 1438 et
1415 1420 1471 1438 non
1488 1412 1556 1438 vitio
1573 1415 1622 1438 aut
1639 1412 1768 1447 potentia

944 1455 1139 1490 imperatoris,
1158 1456 1207 1482 sed
1233 1455 1373 1491 religione
1394 1455 1469 1483 Deus
1493 1456 1556 1490 ipse
1573 1456 1663 1483 ﬂexus
1678 1459 1766 1484 esset.

944 1501 1012 1526 Post
1028 1499 1230 1534 hujuscemodi
1246 1500 1357 1526 cladem
1370 1500 1488 1535 quidam
1506 1508 1539 1526 ex
1555 1501 1627 1528 651
1648 1500 1720 1536 ipsis
1731 1501 1768 1528 ad

945 1544 1147 1578 imperatorem
1173 1552 1204 1570 se
1230 1544 1391 1575 contulere,
1418 1553 1435 1571 a
1459 1552 1516 1578 quo
1540 1545 1665 1580 acceptis
1691 1545 1769 1580 agris

945 1587 1072 1623 publicis
1098 1587 1272 1614 Macedoniae
1298 1587 1434 1615 Romanis
1464 1590 1618 1623 steterunt,
1646 1592 1674 1616 et
1697 1589 1768 1617 socii

945 1632 1076 1668 ipsorum
1111 1634 1199 1666 atque
1232 1631 1274 1658 eis
1303 1632 1469 1660 obedientes
1502 1633 1644 1660 hactenus
1678 1634 1769 1668 fuere,

947 1677 1107 1704 honoribus
1140 1677 1294 1704 senatoriis
1327 1680 1411 1712 atque
1445 1678 1613 1706 illustribus
1646 1679 1769 1715 dignati.

947 1721 1096 1757 Agebatur
1129 1724 1228 1748 autem
1262 1724 1331 1748 tunc
1361 1725 1460 1749 sextus
1489 1731 1584 1750 annus
1614 1723 1771 1758 imperanti

947 1767 1043 1799 Ducas,
1059 1765 1219 1793 indictione
1244 1766 1338 1798 tertia,
1355 1774 1432 1793 anno
1456 1767 1527 1794 6573
1549 1768 1585 1794 ab
1609 1768 1677 1795 orbe
1703 1776 1771 1795 con-

949 1810 1020 1837 dito.

67 1855 287 1892 ἐπικλινόμενον.
309 1853 470 1892 Προσῆλθον
498 1853 526 1881 δὲ
554 1853 656 1881 τούτων
681 1854 752 1885 τινὲς
779 1854 845 1890 μετὰ
872 1854 918 1881 τὸν
948 1856 1070 1881 τοιοῦτον
1102 1851 1214 1891 ὄλεθρον
1243 1856 1282 1889 τῷ
1315 1854 1433 1891 βασιλεῖ,
1449 1848 1493 1881 xci
1524 1856 1617 1892 χώραν
1643 1853 1771 1887 λαϐόντες

69 1901 204 1938 δημοσίαν
220 1900 273 1927 ἀπὸ
288 1901 336 1933 τῆς
354 1897 539 1933 Μακεδονικῆς
554 1898 588 1925 τὰ.
602 1898 745 1934 Ῥωμαίων
763 1897 924 1937 ἐφρόνησαν,
939 1898 984 1926 καὶ
999 1898 1144 1935 σύμμαχοι
1167 1898 1212 1924 καὶ
1234 1899 1351 1933 ὑπήκοοι
1381 1899 1484 1926 τούτων
1507 1899 1590 1937 μέχρι
1619 1903 1668 1935 τῆς
1693 1899 1772 1938 δεῦρο

67 1946 210 1986 γεγόνασι,
225 1945 269 1972 καὶ
286 1944 446 1980 ἀξιωμάτων
463 1942 651 1980 συγκλητικῶν
665 1943 710 1970 γαί
726 1943 861 1980 λαμπρῶν
877 1944 1046 1980 ἠξιώθησαν.
1061 1944 1110 1970 Ἦν
1127 1941 1155 1970 δὲ
1170 1943 1200 1970 τὸ
1215 1946 1363 1978 τηνικαῦτα
1374 1942 1432 1974 ἔτος
1453 1944 1499 1980 μὲν
1509 1943 1585 1972 ἕκτον
1603 1944 1772 1982 βασιλεύοντι

66 1994 106 2028 τῷ
127 1989 219 2025 Δουκῖ,
237 1988 373 2016 ίνδικτιὼν
387 1989 421 2026 γ’,
439 1986 498 2019 ἔτος
513 1989 596 2026 ,ςφογ’
611 1991 661 2022 τῆς
675 1991 811 2024 κοσμικῆς
827 1987 950 2021 κτίσεως.

102 2053 160 2091 Πρὸ
187 2051 216 2079 Si
243 2051 341 2079 τούτου
367 2052 415 2078 τοῦ
443 2048 520 2081 ἔτους
546 2052 614 2077 κατὰ
642 2050 687 2077 τὸν
707 2047 892 2087 Σεπτὲμϐριον

71 2101 154 2134 μῆνα,
183 2099 233 2131 τῆς
263 2094 386 2131 δευτᾶρας
410 2094 612 2130 ἰπινεμήσεως,
637 2097 677 2132 κγ’
705 2092 818 2132 ἄγοντος
846 2096 894 2121 τοῦ

72 2142 155 2170 αὐτοῦ
190 2140 290 2177 μηνὸς,
319 2139 381 2176 περὶ
411 2137 534 2176 δευτέραν
562 2138 686 2176 φυλακὴν
712 2142 763 2173 τῆς
788 2139 895 2171 νυκτὸς,

71 2185 184 2222 σεισμὸς
198 2183 314 2219 ἐξαίσιος
334 2184 429 2221 γέγονε
456 2185 509 2210 τῶν
537 2184 649 2210 πώποτε
674 2183 825 2220 γενομένων
856 2183 897 2210 ἐκι

71 2229 307 2266 πληκτικὼτιρος,
324 2227 353 2256 ἐκ
371 2230 424 2273 τῷν
446 2227 599 2273 ἙσιιιερίωνΔ
624 2229 713 2273 μερῷν
736 2227 895 2273 ἀρξάμενος.
913 2241 937 2273 D

72 2277 208 2304 Τοσοῦτος
225 2273 254 2300 δὶ
268 2273 301 2307 ἦν
318 2273 348 2300 τὸ
365 2271 479 2309 μέγεθος
495 2273 531 2302 ὡς
559 2271 603 2299 καὶ
634 2271 722 2303 οἰκίας
750 2271 897 2308 ἀνατρέψαι

74 2319 183 2349 πολλὰς
210 2316 257 2345 καὶ
296 2316 375 2347 ναοὺς
404 2316 447 2344 καὶ
477 2316 578 2346 κίονας.
606 2316 646 2344 Τὰ
671 2314 755 2351 ὅμοια
784 2314 812 2342 δὲ
839 2319 896 2344 τοῖς

75 2362 232 2402 εἰρημένοις
253 2361 400 2393 πεπόνθασι
417 2359 567 2390 Ῥαιδεστός
595 2370 625 2387 τι
651 2360 694 2386 καὶ
727 2361 825 2387 Πάνιον
855 2360 899 2387 καὶ

75 2409 104 2436 τὸ
121 2406 307 2445 Μυριόφυτον,
324 2406 360 2436 ὡς
386 2405 429 2432 καὶ
461 2404 531 2442 μέρη
559 2406 660 2442 τειχῶν
683 2405 726 2439 [Ρ.
753 2405 816 2440 817]
841 2405 911 2445 ἀνα-Ξ

75 2455 212 2489 τραπῆναι
229 2451 311 2488 ἄχρις
329 2447 485 2487 ὑποϐάθρας
514 2449 558 2476 καὶ
588 2447 717 2480 πλείστας
742 2448 839 2484 οἶκίας,
855 2449 898 2476 καὶ

76 2497 157 2536 φόνον
182 2495 302 2533 γενέσθαι
326 2493 430 2536 πολύν.
456 2493 543 2522 Ἀλλὰ
573 2494 626 2530 μὴν
656 2493 700 2520 καὶ
728 2494 745 2528 ἧ
777 2492 900 2527 Κύζικος,

76 2533 160 2570 δπότε
187 2540 233 2567 καὶ
260 2539 291 2567 τὸ
320 2533 345 2566 εν
373 2538 442 2575 αὖτῇ
467 2537 631 2573 Ἑλληνικὸν
649 2538 719 2575 ἱερὸν
742 2537 900 2572 κατεσείσθη

76 2588 120 2614 κσὶ
133 2587 176 2621 τῷ
204 2583 326 2619 πλείστῳ
352 2583 425 2620 μὲρει
446 2583 584 2616 κατέπεσε,
603 2583 728 2620 μέγιστον
754 2582 784 2609 ὃν
804 2585 903 2619 χρῆμα

78 2631 145 2668 πρὸς
162 2628 223 2662 om
241 2627 276 2655 δι’
292 2627 450 2666 ὀχυρότητα
464 2627 508 2655 καὶ
526 2627 603 2655 λίθου
627 2629 677 2654 τοῦ
703 2626 853 2654 καλλίστου
875 2637 904 2653 τε

79 2675 122 2703 καὶ
155 2673 284 2711 μεγίστου
313 2672 442 2710 ἁρμονίαν
467 2671 511 2699 καὶ
539 2670 722 2707 ἀνοικοδομήν
750 2671 793 2697 καὶ
820 2670 904 2706 ὕψους

81 2721 124 2748 καὶ
143 2719 273 2756 μεγέθους
303 2715 449 2755 διὲίρκειαν.
467 2716 515 2743 Καὶ
542 2716 624 2753 μέχρι
650 2715 678 2743 δὲ
702 2714 749 2742 δύο
776 2714 903 2742 ἐνιαυτῶν

81 2763 174 2792 ἔκτοτε
204 2760 325 2802 φοράδην
359 2760 506 2799 ἐπεφοίτων
546 2761 650 2797 σεισμοὶ
691 2758 806 2796 μηδαμῆ
849 2762 906 2791 τοῖς

985 2055 1068 2079 Anno
1083 2059 1150 2079 vero
1167 2051 1315 2087 superiore
1330 2051 1406 2078 circa
1427 2059 1557 2079 mensem
1574 2052 1774 2087 Septembrem

949 2097 1109 2124 indictione
1138 2096 1281 2129 secunda,
1298 2096 1436 2124 vicesima
1464 2097 1550 2124 tertia
1579 2097 1625 2124 die
1654 2098 1775 2131 mensis,

950 2141 1026 2168 circa
1041 2140 1201 2168 secundam
1219 2140 1312 2168 noctis
1323 2140 1462 2176 vigiliam,
1472 2143 1554 2168 terra:
1566 2144 1663 2168 motus
1674 2141 1777 2175 ingens

951 2185 1047 2212 factus
1062 2187 1090 2212 et
1105 2184 1238 2212 omnium
1250 2185 1298 2219 qui
1316 2193 1445 2220 unquam
1462 2185 1541 2213 fuere
1554 2185 1678 2213 maxime
1693 2186 1776 2213 terri-

952 2229 1030 2260 bilis.
1044 2229 1080 2256 ab
1095 2229 1260 2256 Occidentis
1284 2228 1415 2263 partibus
1440 2230 1689 2265 incipiens,atque
1706 2230 1778 2258 adeo

952 2274 1108 2301 vehemens
1125 2276 1156 2300 ut
1173 2275 1200 2299 et
1223 2274 1326 2299 domos
1352 2273 1459 2300 multas
1476 2275 1610 2302 everterit
1626 2278 1653 2301 et
1670 2274 1780 2310 templa

953 2320 982 2345 et
997 2317 1160 2344 columnas.
1178 2318 1209 2343 Et
1225 2316 1334 2343 similia
1350 2316 1385 2343 iis
1401 2325 1464 2352 quae
1482 2318 1539 2351 jam
1556 2318 1687 2345 diximus
1703 2318 1777 2346 acci-

954 2362 1022 2389 dere
1043 2362 1173 2388 Rssdesto
1196 2363 1225 2388 et
1251 2361 1338 2387 Panic
1363 2364 1450 2396 atque
1474 2362 1666 2398 Myriophyto,
1684 2363 1724 2390 ita
1749 2365 1781 2390 ut

955 2413 1108 2433 murorum
1129 2408 1224 2440 partes
1252 2413 1344 2441 usque
1365 2405 1400 2432 ad
1427 2406 1522 2440 ipsum
1554 2407 1777 2434 fundamentum

955 2450 1059 2477 diruta;
1084 2449 1145 2476 sint
1168 2452 1197 2476 et
1220 2449 1325 2477 domus
1353 2449 1495 2484 plurimae,
1512 2453 1540 2478 et
1565 2451 1658 2478 multa
1687 2452 1781 2479 caedes

956 2494 1043 2522 facta.
1061 2493 1226 2527 Quinetiam
1243 2494 1360 2529 Cyzicus
1386 2493 1463 2521 haud
1480 2503 1582 2531 expers
1598 2495 1698 2523 damni
1716 2496 1780 2530 fuit,

957 2538 1104 2572 siquidem
1130 2538 1272 2573 templum
1289 2540 1465 2571 Graecorum,
1484 2540 1560 2574 quod
1579 2540 1608 2567 in
1629 2541 1694 2575 ipsa
1709 2543 1780 2574 eratl

957 2585 1136 2610 commotum
1151 2586 1195 2609 est
1212 2582 1252 2609 ita
1265 2584 1296 2609 ut
1313 2582 1439 2610 maxima
1454 2583 1534 2611 illius
1549 2592 1615 2619 pars
1632 2585 1782 2619 deciderit,

958 2635 1024 2654 cum
1041 2629 1118 2654 esset
1130 2626 1290 2653 maximum
1302 2627 1514 2662 spectaculum,
1527 2632 1588 2656 tum
1599 2630 1675 2664 quod
1690 2629 1785 2656 muni-

957 2671 1107 2699 tissimum
1125 2675 1196 2703 erat,
1209 2673 1271 2697 tum
1289 2672 1365 2706 quod
1382 2679 1414 2698 ex
1432 2672 1628 2707 pulcherrimo
1644 2674 1740 2708 lapide
1756 2676 1784 2701 et

960 2715 1088 2743 maximo
1104 2715 1137 2742 ad
1145 2714 1307 2742 mirabilem
1330 2718 1484 2744 structuris
1500 2717 1630 2745 ordinem
1648 2718 1783 2752 habebat,

960 2763 1023 2788 tum
1038 2768 1105 2787 vero
1130 2760 1208 2795 quod
1232 2759 1386 2788 aediﬁcium
1407 2760 1554 2789 videretur
1575 2765 1604 2790 et
1628 2762 1785 2790 altitudine
