1937 3050
189 105 247 137 391

848 103 1012 134 JOANNIS
1035 103 1237 135 SCYLITZE

1833 110 1888 142 392

189 181 222 200 ac
239 172 335 208 praeda
357 174 385 199 et
408 171 533 208 captivis
558 171 657 199 multis
682 170 764 206 potiti
791 171 826 198 ad
849 170 956 205 Chalep
981 179 1005 198 ει

1096 170 1150 207 ὥρᾳ
1178 170 1222 197 καὶ
1250 170 1350 206 ταύτην
1375 170 1583 208 λυμηνάμενοι,
1621 173 1665 200 καὶ
1688 172 1814 212 λαφύρων
1836 176 1887 203 ἑαυ-

189 225 334 252 recepere,
352 225 368 244 a
379 217 506 252 quodam
520 215 672 251 transfuga
684 214 829 242 Amertice
847 215 965 242 nomine
980 223 1013 242 eo

188 262 329 298 perducti,
347 262 395 297 qui
415 261 555 289 Romanis
574 261 697 288 infestus
713 261 790 288 662
806 262 910 287 eratet
924 259 1015 296 impe-

188 309 270 334 rante
286 315 354 334 sene
372 306 513 333 Michaele
531 306 564 332 ad
587 314 651 333 eum
669 306 876 340 tsansfugerat,
894 312 1013 339 magna-

187 361 242 388 que
257 352 333 378 dona
348 354 376 378 et
392 351 516 378 honores
532 358 564 378 ac
581 350 700 385 praemia
716 351 892 376 consecutus
909 349 1013 376 fuerat.

185 397 238 424 Sed
256 396 332 432 apud
358 395 563 430 imperatorem
588 393 812 422 Constantinum
840 395 949 420 Ducum
967 401 1014 420 ac~

184 445 304 469 cusatus
320 441 396 476 quod
416 440 512 476 ipsum
529 440 624 475 gladio
637 439 845 467 interfecturus
858 441 946 472 esset,
961 439 1014 467 hac

184 488 219 515 de
248 495 337 514 causa
362 489 502 522 perpetuo
532 486 626 512 fuerat
655 484 756 512 exsilio
787 484 1014 512 condemnatus.

184 531 291 558 Verum
321 539 387 558 cum
419 537 522 557 rursus
551 532 703 556 revocatus
732 529 873 556 adversus
903 528 1013 556 Turcos

187 575 296 603 missus
309 577 396 609 esset,
414 578 484 602 tunc
499 574 535 602 ob
549 582 644 601 rerum
661 582 723 609 quae
735 573 770 601 ad
787 573 895 600 victum
914 581 1013 600 neces-

186 620 270 647 saria:
299 622 369 646 sunt
395 618 525 654 inopiam
557 625 621 645 sese
646 617 749 645 Turcis
774 617 958 651 adiunxerat,
986 618 1014 644 et

186 664 333 699 regionem
350 663 477 698 pessime
493 662 624 690 vexabat.
650 661 803 697 Conjuncti
821 661 910 696 igitur
925 661 1012 687 Turci

186 711 214 736 et
229 708 393 743 Chalepitaa,
412 707 484 734 inita
506 708 582 734 inter
606 715 638 734 se
654 706 803 738 societate,
821 705 1011 732 Antiocheam

184 753 272 789 Syriae
287 753 410 788 ejusque
427 752 552 779 ﬁnitima
569 751 630 778 loca
643 750 719 778 male
735 752 886 782 vexarunt,
899 750 1011 776 caeden-

185 801 240 831 tes,
251 794 868 830 comburentes,diripieutes,depr&:dantes,
881 793 1012 828 captivos

185 842 373 873 abducentes,
386 843 413 867 et
431 840 557 875 pessima
572 847 692 875 quaeque
709 840 920 874 perpetrantes.
939 837 1009 865 Nam

184 889 214 914 et
229 886 368 914 adversus
392 885 472 920 ipsos
497 884 589 911 ceacti
613 885 728 911 fuerant
753 883 848 910 idonei
866 882 1011 910 exercitus

185 930 347 966 Nicephoro
364 929 514 956 Botaniate
525 929 616 956 duce:
633 929 682 955 sed
697 927 816 955 avaritia
833 930 860 955 et
871 927 1010 963 segnities

186 983 290 1002 rursus
305 974 424 1001 effecere
441 977 472 1000 ut
487 973 584 1000 omnis
599 972 681 1000 labor
694 972 795 1000 irritus
812 974 899 1007 esset,
916 979 1011 1007 neque

184 1019 261 1047 enim
279 1020 390 1054 integer
405 1021 598 1048 commeatus.
615 1017 664 1044 sed
692 1017 850 1044 mediocris
876 1017 1010 1052 quaedam

184 1072 253 1100 pars
268 1063 326 1090 illis
341 1062 448 1090 tradita
465 1062 610 1089 militibus
627 1061 752 1096 torporis
769 1069 856 1088 causa
873 1061 927 1087 fuit
941 1060 1010 1095 ;qui

184 1110 302 1143 accepto
323 1107 401 1142 quod
418 1107 474 1133 sibi
490 1107 590 1133 datum
617 1106 721 1138 fuerat,
738 1105 766 1132 in
784 1113 868 1132 suam
885 1104 1010 1139 quisque

184 1153 308 1189 patriam
323 1152 457 1187 dissipati
467 1154 545 1179 sunt.
560 1155 598 1177 Ac
611 1159 713 1178 rursus
726 1150 842 1177 Barbari
861 1150 1009 1185 regionem

182 1197 338 1224 incendere
352 1199 381 1223 et
404 1196 466 1223 sine
495 1197 573 1222 metu
599 1203 778 1230 percurrere.
805 1194 929 1229 Exiguae
944 1202 1010 1221 vero

179 1241 322 1276 juvenum
349 1240 460 1275 copias,
477 1240 525 1275 qui
552 1240 637 1266 modo
661 1248 675 1266 ο
700 1239 763 1266 suis
789 1238 934 1272 domibus,
960 1238 1009 1265 ubi

183 1285 299 1312 educati
326 1284 451 1316 fuerant,
479 1283 656 1319 prodierant,
683 1282 780 1318 parvis
806 1290 838 1309 ec
873 1282 1005 1309 minimis

182 1329 352 1365 sumptibus
382 1330 495 1355 coactas
525 1327 682 1354 Antiochia:
708 1326 775 1354 duci
800 1327 1006 1361 tradiderunt;

183 1374 232 1410 qui
250 1373 365 1407 aliquod
383 1373 501 1408 quidem
520 1373 632 1400 facinus
660 1374 825 1408 perpetrare
841 1372 1007 1407 cupiebant,

179 1418 301 1454 juvenili
329 1417 452 1444 audacia
477 1416 647 1447 militantes.
674 1417 722 1443 sed
746 1416 812 1443 belli
838 1416 963 1451 imperiti
981 1419 1009 1443 et

184 1463 248 1491 sine
272 1462 402 1497 equitalu
429 1470 462 1488 ac
486 1461 543 1489 fere
568 1461 695 1488 inermes
722 1463 749 1488 et
775 1460 856 1492 nudi,
882 1468 948 1487 cum
974 1468 1009 1487 ne

183 1507 390 1543 quotidianum
403 1506 520 1541 quidem
530 1506 638 1532 victum
651 1505 800 1538 haberent,
813 1504 1009 1532 intolerabilia

1068 215 1132 246 τοὺς
1161 214 1349 251 ἐμπλήσαντες
1378 216 1423 243 καὶ
1446 215 1520 247 λείας
1538 217 1582 243 καὶ
1606 216 1799 255 αἰχμαλωσίας
1823 220 1887 248 πολ-

1071 258 1133 293 λῆς,
1151 259 1244 287 ἀπίασι
1263 260 1329 298 πρὸς
1357 261 1388 287 τὸ
1413 260 1517 296 Χάλεπ,
1542 262 1615 298 παρά
1641 273 1715 293 τινος
1739 263 1887 300 αὐτομόλου

1072 304 1221 342 Ἀμερτικῆ
1250 304 1399 342 λεγομένου
1429 304 1607 343 ὀδηγηθέντες
1636 306 1732 342 ἐκεῖσε,
1759 306 1888 345 δυσμενῶς

1069 351 1127 379 τοῖς
1158 349 1305 384 Ῥωμαίοις
1345 349 1516 387 διακειμένου
1551 350 1594 377 ἐπὶ
1619 353 1667 378 τοῦ
1695 352 1821 388 γὲροντος
1849 355 1888 390 μὲν

1071 392 1187 430 Μιχαὴλ
1210 393 1452 430 αὐτομολήσαντος
1478 395 1522 422 καὶ
1540 396 1674 433 τυχόντος
1702 396 1826 434 μεγάλων
1841 398 1886 426 δω-

1070 439 1137 474 ρεῶν
1162 438 1207 464 καὶ
1230 441 1318 474 τιμῶν
1349 439 1393 466 καὶ
1423 439 1570 474 ἀξιώσεων,
1600 441 1835 478 κατηγορηθὲντος
1860 442 1885 470 δὲ

1069 482 1142 519 παρὰ
1155 484 1196 518 τῷ
1227 483 1336 520 βασιλεῖ
1364 484 1555 520 Κωνσταντίνῳ
1583 486 1622 520 τῷ
1655 484 1744 520 Δούκᾳ
1767 485 1803 517 ὡς
1828 486 1886 523 μὲλ-

1069 525 1165 557 λοντος
1180 526 1258 554 αὐτὸν
1287 528 1412 565 μαχαίρᾳ
1438 527 1666 566 διαχειρίσασθαι,
1690 528 1796 556 καὶδιά
1815 533 1886 558 τοῦτο

1067 571 1274 608 κατακριθέντος
1303 571 1384 608 ἀιδίῳ
1418 574 1500 610 φυγῇ,
1530 572 1613 600 πάλιν
1657 571 1686 600 δὲ
1710 583 1741 611 γι
1763 575 1886 612 τυχόντος

1068 614 1245 650 ἀνακλήσεως
1277 616 1321 644 καὶ
1355 616 1522 649 ἀποστάντος
1561 616 1630 644 κατὰ
1673 616 1728 645 τῶν
1757 618 1886 656 Τούρκων,

1067 662 1214 694 τηνικαῦτα
1229 659 1258 687 δὲ
1275 659 1320 688 διὰ
1341 661 1436 688 σπάνιν
1461 663 1516 688 τῶν
1542 661 1697 698 ἀναγκαίων
1711 663 1886 699 προσθεμένου

1065 714 1095 731 τε
1123 707 1181 736 τοῖς
1209 705 1344 742 Τούρκοις
1373 706 1418 732 καὶ
1459 706 1508 740 τὴν
1539 706 1633 744 χώραν
1660 705 1822 738 διατιθέντος
1845 709 1885 735 κά-

1067 758 1154 776 κιστα.
1172 749 1316 784 Γενόμενοι
1332 751 1397 786 γοῦν
1424 749 1452 777 ἓν
1479 748 1505 776 ο¹ί
1530 760 1559 777 τε
1573 752 1691 787 Τοῦρκοι
1705 751 1750 778 καὶ
1764 751 1790 778 οἱ
1803 751 1883 779 Χαλε-

1066 795 1152 824 πῖται,
1170 793 1214 820 καὶ
1230 793 1383 830 ὁμολογίαν
1405 793 1496 825 δόντες
1512 793 1660 829 ἀλλήλοις,
1681 795 1730 828 τήν
1757 795 1782 822 ἰν
1808 797 1882 833 Συρίᾳ

1067 837 1238 874 Ἀντιόχειαν
1267 838 1310 865 καὶ
1339 838 1373 865 τὰ
1400 838 1462 875 περὶ
1500 839 1585 873 αὐτὴν
1615 841 1706 870 κακῶς
1735 838 1881 877 διετίθεσανγ

1065 881 1217 920 σφάζοντες,
1248 882 1471 919 πυρπολοῦντες,
1501 882 1756 919 ἀνδραποδίζοντες,
1786 883 1880 919 λιηλα-

1065 928 1184 962 τοῦντες,
1213 926 1467 964 αίχμαλωτίζοντες
1496 928 1541 955 καί
1567 929 1617 955 πᾶν
1649 927 1676 955 εἷ’
1701 939 1727 955 τι
1755 929 1882 966 χείριστον

1066 969 1304 1007 διαπραττόμενοι.
1342 972 1578 1010 Συνηθροίσθησαν
1622 973 1676 1010 γὰρ
1707 973 1882 1010 στρατεύματα

1066 1015 1107 1042 ἐπ’
1123 1015 1214 1046 αὐτοῖς
1237 1015 1378 1054 ἀξιόλογα,
1404 1017 1560 1055 Νικηφόρον
1577 1018 1652 1048 ὄντος
1677 1016 1726 1044 τοῦ
1749 1019 1882 1046 Βοτανειὰ-

1064 1070 1112 1087 του
1129 1059 1153 1086 ἓν
1171 1059 1254 1098 ταύτῃ
1282 1059 1390 1097 δουκὸς,
1412 1063 1429 1096 ἡ
1453 1060 1481 1088 δὲ
1507 1060 1643 1100 φειδωλία
1668 1062 1711 1089 καὶ
1728 1063 1744 1097 ἡ
1761 1062 1881 1101 γλισχρό-

1064 1115 1115 1138 της
1131 1103 1251 1141 ἰίπρακτα
1266 1104 1348 1132 πάλιν
1374 1106 1407 1132 τᾶ
1431 1105 1517 1133 πάντα
1543 1105 1691 1141 ἀπέδειξεν.
1705 1107 1745 1135 Οὐ
1760 1108 1808 1145 γὰρ
1825 1107 1882 1134 ὁλό-

1065 1149 1168 1185 κληρον
1184 1150 1214 1176 τὸ
1232 1149 1360 1186 ὀψώνιον,
1378 1149 1451 1177 ἀλλὰ
1476 1151 1586 1188 μερικὸν
1610 1151 1706 1184 αὐτοῖς
1720 1151 1764 1178 καὶ
1783 1159 1881 1189 μετριον

1065 1192 1142 1224 δοθὲν
1159 1197 1291 1231 ναρκῆσαι
1316 1194 1380 1225 τοὺς
1404 1197 1570 1232 στρατιώτας
1600 1195 1713 1231 ἐποίησε
1730 1206 1735 1212 ·
1762 1193 1882 1227 λαϐόντες

1064 1238 1116 1276 γὰρ
1131 1238 1162 1266 τὸ
1178 1237 1254 1266 δοθὲν
1286 1238 1325 1270 εἷς
1353 1240 1387 1266 τὰ
1412 1240 1499 1267 οἰκεῖα
1524 1238 1763 1276 διεσκεδάσθησαν,
1778 1241 1820 1268 καὶ
1840 1242 1882 1268 πάι

1065 1282 1107 1310 λίν
1121 1283 1187 1317 ἦσαν
1204 1283 1232 1310 οἱ
1249 1281 1382 1322 βάρϐαροι
1398 1285 1447 1318 τὴν
1469 1284 1563 1322 χώραν
1580 1283 1732 1321 δῃούμενοι
1746 1285 1790 1312 καί
1804 1283 1881 1316 ἀδεῶς

1063 1327 1343 1365 κατατρέχοντες.[Ρ.
1363 1330 1426 1365 820]
1452 1328 1585 1357 Νεολαίαν
1616 1328 1646 1356 δέ
1675 1340 1734 1357 τινα
1760 1330 1880 1367 βραχιῖαν

1065 1370 1123 1408 ἄρτι
1150 1374 1205 1399 τῶν
1236 1372 1407 1408 οἴκημάτων,
1444 1375 1486 1404 οἷς
1521 1373 1705 1413 ινιτρὲφοντο,
1736 1373 1880 1409 ἐκπεπηδη-

1063 1419 1140 1443 κυῖαν
1159 1420 1268 1455 μικροῖς
1283 1418 1326 1444 καὶ
1351 1417 1509 1455 ἐλαχίστοις
1534 1418 1707 1456 ἀθροίσαντες
1730 1418 1879 1455 ἀναλώμασι

1063 1463 1102 1496 τῷ
1116 1465 1165 1496 τῆς
1189 1462 1359 1499 Ἀντιοχείας
1382 1462 1495 1500 ἡγεμόνι
1522 1462 1689 1500 ἐνεχείρισαν
1709 1473 1714 1479 ·
1742 1463 1767 1490 οἳ
1793 1462 1879 1499 δρᾶσαι

1066 1506 1112 1541 μὲν
1136 1516 1161 1533 τι
1191 1509 1395 1544 προεθυμοῦντο
1429 1507 1481 1534 ἀπὸ
1515 1509 1679 1544 νεωτερικῆς
1722 1507 1878 1545 θρασύτητος

184 1552 277 1580 multa
292 1552 368 1579 668
385 1551 464 1587 passi
480 1550 508 1577 in
526 1550 650 1586 patriam
677 1558 759 1577 suam
776 1550 840 1577 sine
856 1549 948 1585 gloria
964 1558 1005 1577 re-

1096 1550 1304 1588 ρατηγούμινοι,
1335 1550 1552 1588 ἀπειροπόλεμοι
1576 1549 1604 1578 δὲ
1632 1550 1707 1582 ὄντες
1730 1551 1773 1578 καὶ
1803 1550 1876 1590 ἄφιπ-

183 1597 257 1624 versi
276 1599 366 1629 sunt;
389 1604 462 1630 quos
478 1596 536 1622 dux
562 1595 728 1622 Botaniates
744 1603 810 1622 cum
834 1595 896 1622 suis
912 1597 1006 1630 prote-

183 1641 315 1669 ctoribus
331 1643 359 1668 et
373 1640 549 1675 quibusdam
567 1639 693 1667 externis
707 1640 798 1674 copiis
814 1639 896 1667 facile
913 1641 1008 1674 potuit

183 1685 334 1722 repellere.
359 1685 463 1712 Verum
489 1692 555 1711 cum
573 1684 621 1711 ille
643 1683 796 1711 abdicatus
819 1686 896 1711 esset
914 1684 1008 1719 [ηειζί-

183 1732 289 1763 stratu,
318 1729 436 1757 Barbari
475 1728 560 1764 longe
598 1728 768 1755 audaciores
796 1730 865 1755 sunt
903 1727 1006 1763 effecti,

184 1777 366 1803 commeatus
405 1773 503 1809 inopia
541 1772 702 1808 plurimum
742 1772 873 1800 civitates
908 1772 1006 1808 oppri-

185 1822 292 1849 mente,
309 1822 338 1847 et
353 1818 476 1846 aliarum
494 1827 589 1846 rerum
602 1826 664 1854 quas
681 1818 715 1846 ad
732 1817 839 1845 victum
857 1817 922 1845 usui
939 1820 1007 1845 sunt

181 1864 357 1901 indigentia.

215 2015 271 2042 Sed
289 2023 355 2043 cum
381 2014 547 2042 necessario
573 2021 618 2041 res
639 2014 708 2049 ipse
733 2013 897 2048 indigerent
913 2013 1005 2048 impe-

179 2061 285 2090 ratore,
311 2058 360 2093 qui
386 2066 435 2085 eas
461 2061 558 2092 posset
582 2058 761 2085 constituere
785 2060 812 2085 et
832 2057 861 2084 in
888 2066 1003 2093 siquum

179 2105 288 2131 statum
305 2103 376 2130 adeo
392 2103 523 2130 adversis
545 2102 728 2138 temporibus
744 2102 885 2137 redigere,
903 2111 1003 2129 cense-

178 2147 265 2174 batur
282 2145 408 2174 maxime
434 2146 557 2174 idoneus
583 2146 750 2174 Botaniates
774 2149 803 2174 et
827 2146 877 2174 alii
895 2146 1001 2174 multi:

178 2194 308 2219 attamen
325 2191 457 2218 divinum
474 2191 541 2218 vicit
551 2190 719 2224 consilium,
733 2194 760 2218 et
772 2191 880 2218 idcirco
895 2191 929 2218 ad
943 2190 1004 2218 hzee

1063 1605 1120 1628 ποι,
1146 1593 1243 1632 σχεδὸν
1269 1595 1313 1622 καὶ
1343 1594 1445 1622 ἄοπλοι
1474 1596 1517 1623 καὶ
1547 1596 1645 1633 γυμνοί
1675 1596 1718 1623 καὶ
1751 1595 1817 1632 μηδὶ
1835 1597 1876 1623 τὸν

1062 1639 1214 1676 ἡμερήσιον
1239 1639 1318 1677 ἄρτον
1344 1637 1468 1678 ἔχοντες,
1489 1639 1582 1667 πολλὰ
1607 1641 1737 1673 παθόντες
1754 1641 1876 1675 ἀνήκω-τα

1063 1683 1100 1714 εἷς
1121 1683 1170 1717 τήν
1197 1686 1270 1721 σφῶν
1294 1684 1402 1715 ἀκλεῶς
1426 1684 1621 1722 ἐπανέστρεψαν
1650 1688 1711 1723 γῆν,
1727 1687 1773 1712 τοῦ
1789 1683 1876 1715 δουκὸς

1062 1727 1240 1755 Βοτανειάτου
1264 1729 1330 1765 μετᾶ
1343 1730 1396 1756 τῶν
1423 1728 1530 1756 οίκιίων
1556 1729 1730 1757 ὑπασπιστῶν
1746 1729 1788 1756 καί
1801 1740 1875 1756 τινων

1062 1771 1171 1806 ξενικῶν
1208 1771 1348 1809 δυνάμεων
1398 1775 1515 1810 μετρίως
1569 1773 1668 1806 αὐτοὺς
1716 1771 1875 1808 ἀποσοϐῆσαι

1063 1816 1234 1854 ἰσχύσαντος.
1264 1816 1467 1851 Παραλυθὶντσς
1494 1817 1522 1846 δὶ
1551 1817 1655 1846 ἐκείνου
1683 1818 1716 1846 τὰ
1740 1820 1791 1846 τῶν
1814 1819 1874 1855 Βαρ-

1061 1858 1152 1898 ϐάρων
1182 1861 1226 1888 ἰπὶ
1255 1861 1338 1889 πλέον
1377 1861 1538 1900 ἑθρασιῖνθη,
1568 1862 1701 1894 σιτοδείας
1730 1863 1771 1890 ἐπὶ
1799 1863 1873 1889 πλέον

1060 1905 1207 1940 πιεζούσης
1230 1907 1277 1937 τὰς
1305 1906 1400 1938 πόλεις
1434 1907 1478 1934 καὶ
1516 1909 1570 1934 τῶν
1600 1906 1694 1935 ἄλλων
1724 1905 1873 1941 ἐπιτηδείων

1061 1948 1173 1980 ἐνδείας,

1096 2011 1176 2040 Ἀλλ’
1199 2011 1346 2050 ὶπειδήπερ
1375 2012 1400 2048 ἐξ
1425 2013 1542 2051 ἀνάγκης
1570 2013 1707 2048 βασιλεως
1735 2011 1828 2047 ἐδεήθη
1840 2010 1871 2037 τὰ

1059 2056 1204 2094 πράγματα
1239 2055 1386 2093 δυναμένου
1426 2057 1492 2085 αὐτὰ
1533 2060 1625 2090 ποσῶς
1662 2056 1820 2091 καταστῆσαί
1846 2065 1871 2081 τε

1058 2102 1101 2128 καὶ
1119 2100 1249 2137 ὁμαλίσαι
1276 2101 1302 2128 ἂν
1329 2100 1415 2134 οὕτως
1439 2102 1569 2132 ἐναντίοις
1594 2103 1637 2129 καὶ
1650 2102 1768 2139 καιροῖς,
1785 2100 1873 2136 ἐπεψη-

1059 2145 1149 2184 φίζετο
1167 2146 1215 2182 μὶν
1245 2145 1459 2183 ἀξιολογώτατος
1493 2147 1506 2174 ὁ
1538 2148 1714 2181 Βοτανειάτης
1729 2145 1772 2173 καὶ
1799 2143 1871 2171 ἅλΛοι

1058 2189 1172 2224 πολλοὶ,
1189 2193 1250 2226 νικᾷ
1266 2189 1294 2218 δὲ
1310 2191 1386 2227 ὅμως
1400 2193 1417 2226 ἡ
1435 2191 1492 2218 θεία
1510 2191 1612 2229 βουλὴ,
1630 2191 1673 2219 διὸ
1688 2190 1732 2218 καὶ
1756 2189 1871 2225 ἀνάγεται

179 2236 350 2272 perducitur
365 2235 544 2268 bestarches,
559 2235 708 2263 Romanus
719 2235 930 2263 Constantinus
941 2235 1005 2262 Dio-

1096 2234 1103 2261 ἱ
1124 2237 1207 2262 ταῦτα
1235 2235 1249 2261 ὁ
1281 2235 1444 2272 βεστάρχης,
1466 2236 1606 2271 Ῥωμανὸς
1631 2237 1645 2263 ὁ
1672 2235 1868 2265 Κωνσταντῑνος,

177 2281 260 2317 genis
277 2280 364 2308 filius.
377 2280 439 2312 Quo
455 2283 552 2307 autem
566 2280 650 2307 modo
665 2280 823 2315 perductus
834 2280 1005 2312 fuerit,mox

177 2324 283 2352 dicam.
302 2325 372 2352 Erat
387 2327 502 2351 creatus
530 2325 589 2351 dux
605 2324 739 2351 Sardices
763 2324 914 2359 Diogenes.
932 2324 1004 2352 Cum

178 2371 275 2396 autem
302 2369 444 2404 patricius
468 2371 556 2400 esset.
576 2369 657 2404 petiit
681 2369 716 2396 ab
738 2368 914 2404 imperatore
931 2369 1003 2396 Con-

178 2414 307 2441 stantino
334 2414 413 2441 Duca
439 2414 491 2441 hoc
517 2410 635 2441 honorc'
651 2414 725 2441 afﬁci
744 2416 775 2441 ut
799 2416 876 2442 esset
892 2414 1004 2441 bestar-

179 2457 258 2486 ches.
286 2457 447 2493 Imperator
470 2460 568 2485 autem
596 2459 785 2494 respondens,
809 2470 822 2483 σ‹
840 2458 1004 2486 Ostendens

178 2510 265 2536 opera
282 2509 400 2536 reposce
425 2501 600 2535 mercedem,
616 2513 627 2526 ι
655 2502 771 2529 inanem
797 2501 894 2536 ipsum
913 2510 942 2528 re
958 2501 1003 2529 in-

178 2545 253 2573 fecta
277 2545 400 2579 dimisit,
421 2545 485 2580 ejus
502 2545 634 2581 petitioni
659 2545 780 2573 minime
805 2545 1002 2574 consentiens.

178 2590 322 2624 Egressus
338 2589 428 2625 igitur
443 2589 596 2625 Diogenes,
612 2598 679 2617 cum
695 2591 730 2617 ad
747 2590 894 2617 Sardicem
907 2599 1004 2625 perve-

182 2635 276 2662 nisset
292 2634 504 2669 incidissetque
529 2634 557 2661 in
575 2634 752 2668 Patzinacas,
769 2634 818 2669 qui
846 2637 1004 2669 eruperant

179 2681 209 2706 et
225 2679 371 2714 regionem
388 2678 574 2714 diripiebant,
593 2679 628 2706 de
648 2679 720 2714 ipsis
736 2682 844 2714 tropma
859 2679 959 2714 erexit,
976 2682 1001 2707 et

179 2731 215 2750 ex
229 2724 321 2758 captis
336 2723 415 2750 vivos
439 2724 686 2759 quamplurimos.
703 2723 920 2751 interfectorum
938 2732 1003 2752 vero

180 2769 277 2804 capita
291 2767 459 2804 imperatori
482 2769 572 2796 misit.
600 2769 631 2796 Et
647 2769 755 2796 idcirco
781 2767 951 2796 bestarcbes
966 2769 1002 2797 ab

1060 2281 1109 2306 τοῦ
1139 2279 1282 2316 Δοιγὲνους
1310 2279 1380 2310 υἱός.
1410 2281 1459 2308 "Ov
1490 2279 1518 2307 δὲ
1542 2280 1642 2317 τρόπον
1664 2280 1780 2317 ἀνήχθη,
1808 2275 1872 2307 ἔνθεν

1061 2323 1186 2360 ὲρῶ.“ΙΙν
1205 2323 1253 2359 μὶν
1283 2321 1512 2360 προϐεϐλημένος
1540 2322 1602 2359 δοὺξ
1623 2323 1757 2361 Σαρδικῆς
1779 2322 1792 2348 ὁ
1814 2325 1869 2347 Διο-

1060 2368 1139 2405 γένης
1157 2378 1162 2383 ·
1186 2368 1326 2405 πατρίκιος
1348 2366 1376 2395 δὲ
1398 2369 1540 2406 τυγχάνων
1564 2368 1679 2404 ἐζήτησε
1699 2368 1744 2395 τὸν
1769 2363 1871 2403 βασιλέα

1061 2415 1261 2439 Κωνσταντινον
1288 2412 1335 2439 τὸν
1365 2412 1466 2439 Δοόκαν
1491 2414 1640 2449 τιμηθῆναι
1670 2411 1825 2450 βιστάρχης.
1844 2407 1870 2434 Ὀ

1061 2455 1089 2484 δὲ
1106 2455 1232 2493 βασιλεὺς
1251 2456 1369 2483 ὑπειπὼν
1392 2456 1466 2492 αὐτῷ
1481 2466 1487 2472 ·
1506 2470 1520 2483 ιι
1540 2456 1672 2484 Δεικνύων
1689 2455 1753 2493 ἔργα
1773 2451 1870 2480 ἀπαίτει

1062 2500 1174 2536 μισθους
1199 2513 1212 2525 »ι
1237 2501 1313 2528 κενὸν
1340 2500 1418 2528 αὐτὸν
1452 2501 1497 2528 καὶ
1528 2501 1664 2539 ἄπρακτον
1692 2497 1868 2533 ἀπεπέμψατον

1061 2545 1098 2580 μὴ
1126 2544 1269 2582 προσέχων
1298 2547 1332 2581 τῇ
1374 2545 1479 2580 αἰτήσει
1509 2537 1602 2573 αὐτοῦ.
1631 2543 1758 2580 Ἑξελθὼν
1787 2540 1829 2566 οὖν
1856 2537 1868 2563 δ

1059 2589 1191 2626 Διογένης
1216 2590 1260 2616 καὶ
1287 2589 1336 2623 τήν
1363 2587 1501 2624 Σαρδικὴν
1526 2587 1698 2623 καταλαϐὼν,
1722 2582 1867 2623 περιτυχὼν

1060 2634 1235 2668 Πατζινάκοις
1265 2633 1402 2668 ἐξελθοῦσι
1432 2634 1476 2661 καὶ
1504 2633 1670 2669 λεηλατοῦσι
1694 2632 1741 2664 τήν
1770 2628 1866 2666 χώραν»

1057 2679 1187 2714 τρόπαιον
1214 2679 1345 2713 ἓστήσατο
1375 2679 1433 2705 κατ’
1448 2678 1547 2713 αὐτῶν,
1571 2680 1615 2706 καὶ
1637 2681 1690 2706 τῶν
1714 2672 1864 2703 ἑαλωκότων

1060 2725 1160 2756 ζῶντας
1189 2722 1235 2758 μὶν
1259 2721 1392 2756 πολλοὺς,
1417 2722 1536 2760 κφαλὰς
1564 2722 1591 2751 δὲ
1617 2725 1670 2750 τῶν
1700 2716 1864 2756 ἀνῃρημένων

1057 2761 1104 2803 τῷ
1116 2767 1224 2806 βασιλεῖ
1250 2768 1402 2807 πεπομφὼς
1427 2767 1545 2805 ἐτιμήθη
1575 2769 1736 2806 βεστάρχης,
1758 2761 1866 2802 γράψαν-
