1936 3050
87 114 148 144 393

849 112 1043 143 HISTORIA.

1739 118 1797 148 394

86 180 134 210 τὸς
154 179 227 215 αύτῷ
242 181 290 207 τοῦ
308 179 443 217 βασιλέως
457 179 495 210 ὡς
507 191 520 205 ‹‹
530 179 590 207 Οὐκ
600 178 664 215 ίμὸν
679 177 804 216 δῶρον,ὧ
818 182 846 205 Δι

1032 182 1143 207 eratore
1167 184 1282 208 creatus
1308 184 1370 215 est;
1388 182 1437 216 qui
1458 182 1577 217 quidem
1603 183 1628 210 ei
1654 183 1795 220 scripsit:

87 225 238 261 νες,τοῦτο,
250 223 323 251 ἀλλὰ
337 227 386 259 τῆς
403 223 505 254 οἲκείας
519 223 618 262 ἀρετῆς
630 223 675 251 καὶ
697 222 886 261 ἀνδραγαθίας.
902 235 915 248 η

89 265 242 306 Διατρίϐων
268 267 297 296 δὲ
320 268 406 296 ἐκεῖσε
426 266 573 304 ἠϐουλήθη
601 269 650 305 μὲν
675 269 785 305 ἀντᾶραι
808 270 849 304 τῷ
865 267 916 305 βα-

88 313 173 349 σιλεῖ,
190 312 263 341 ἀλλὰ
284 313 316 340 τὸ
341 313 532 350 μελετώμενον
558 313 596 344 εἷς
613 313 671 352 φῶς
688 312 796 350 ἀγαγεῖν
819 310 915 342 δεδιὼς

89 358 136 392 ἦν.
152 358 248 394 Ὅμως
265 356 359 392 ἐπειδή
376 358 389 385 ὁ
407 356 534 396 βασιλεὺς
556 357 628 392 ἀπῆν
653 357 697 385 καὶ
715 357 750 384 τὰ
768 360 817 391 τῆς
839 356 915 394 βασι-

89 402 165 433 λείας
188 401 334 440 ἐχήριυον,
350 401 554 440 κοινολογεῐταί
568 413 620 430 τινι
641 404 693 430 τῶν
709 402 916 429 πιστικωτατων

87 447 120 474 τὸ
133 449 257 485 πρᾶγμα,
272 447 317 474 καὶ
343 446 378 474 δι’
393 447 476 475 αὐτοῦ
499 449 558 478 τοῖς
582 445 790 484 παρακειμένοις
815 444 914 477 ἔθνεσιν

88 491 229 527 ὁμιλήσας
244 491 305 529 περὶ
329 494 429 519 ἐαυτοῦ
453 491 626 529 πράγματος,
643 489 742 530 φιλίως
768 490 843 525 αύτῷ
858 488 915 516 δια-

87 536 237 572 κειμένοις,
259 536 339 574 ἧρξεν
364 537 477 574 ἡμερῶν
500 546 593 570 τινων,
619 539 668 570 τῆς
691 535 775 562 αὐτοῦ
799 533 918 571 γενναιό-

87 591 175 616 τητος
199 583 295 619 πεῖραν
323 580 418 618 ἔχουσι
448 579 572 618 δαψιλῆ.
602 580 655 608 Καὶ
685 579 815 616 μηνύεται
843 578 917 616 παρά

86 636 161 657 τινος
177 626 322 664 Ἀρμενίου
344 626 376 653 τὸ
398 626 484 663 γένος,
500 625 544 652 καὶ
569 623 603 659 δὴ
620 623 788 661 συλληφθεὶς
809 622 916 659 δεσμώ-

87 680 139 705 της
167 671 235 708 πρὸς
258 671 307 705 τήν
335 668 463 707 βασιλίδα
487 669 630 707 ἀπαγεται.
646 667 805 706 Ἐλεγχθεὶς
828 665 857 694 δὲ
871 666 915 694 καὶ

87 716 271 751 καταθὲμενος
295 715 340 742 καὶ
366 713 411 742 διὰ
432 716 513 742 τοῦτο
545 712 714 751 κατακριθεὶς
739 711 851 744 θανάτου
879 711 916 742 ὡς

88 757 239 790 ὗπίϐουλος
263 759 450 797 ὑπερορίζεται
476 759 520 786 καὶ
545 762 594 793 τῆς
618 757 726 788 πόλεως
741 754 914 791 ἐκϐάλλεται,

87 807 170 831 πᾶσιν
198 803 272 831 ἀνίαν
298 803 438 840 ἐνθέμενος
464 804 521 831 ὅσοι
545 804 594 837 τῆς
617 802 698 830 αὐτοῦ
721 801 915 839 γενναιότητος

87 848 133 876 καὶ
165 847 273 886 ἀνδρίας
302 848 328 876 ἂν
358 848 440 886 πείρᾳ
467 847 636 880 καθίσταντο.
666 848 709 882 [Ρ.
735 847 799 882 821]
828 846 862 874 O't
892 843 915 872 δ’

88 893 250 931 ἀγνοοῦντες
276 892 307 920 ἐκ
333 895 387 920 τῶν
412 891 522 920 εἰδότων
548 894 630 920 ταῦτα
653 887 914 928 παραλαμϐάνοντες

90 938 218 975 ὑπῆρχον
243 937 269 973 ἐξ
293 937 415 974 ἀνάγκης
438 936 556 974 ἐρασταί.
581 938 632 965 Καί
651 935 696 963 διὰ
718 937 798 962 τοῦτο
820 933 854 962 δι’
869 935 914 962 εύ-

89 985 147 1019 χῆς
162 982 196 1016 ἦν
218 984 277 1012 τοῖς
301 980 379 1012 ὅλοις
402 981 536 1019 ἀνώτερον
557 981 602 1007 τὸν
628 979 710 1018 ἄνδρα
733 979 851 1016 γενέσθαι
867 989 914 1006 κο-

89 1026 247 1063 λαστηρίων
276 1026 321 1054 καὶ
362 1028 527 1064 χαρισθῆναι
563 1027 598 1062 τῇ
635 1023 779 1060 Ῥωμαίων
816 1025 912 1051 τοῦτον

87 1070 176 1108 ἀρχῇ.
192 1071 266 1098 Ἐπεὶ
289 1069 317 1097 δὶ
341 1071 355 1097 ὁ
370 1070 471 1101 σκοπὸς
497 1070 582 1104 ζήλου
597 1069 671 1096 θείου
685 1069 717 1103 ἦν
738 1068 782 1095 καὶ
799 1068 830 1095 οὑ
849 1067 914 1105 φιλ-

87 1115 193 1149 αυτίας,
226 1114 382 1153 περιαλγῶς
419 1117 469 1149 τῆς
501 1117 555 1141 τῶν
592 1115 758 1151 Χριστιανῶν
788 1112 913 1148 πληθύος

85 1160 250 1198 πασχούσης
271 1160 317 1188 καὶ
340 1162 433 1190 κακῶς
459 1159 657 1197 κεραϊζομένης
680 1158 814 1195 ὁσημίραι
845 1158 914 1196 πρὸς

83 1205 138 1232 τῶν
155 1205 329 1242 Ἀγαρηνῶν,
344 1203 482 1242 ἐνηργήθη
510 1203 606 1231 λοιπὸν
631 1205 690 1234 τοῖς
705 1201 865 1240 εὐχομένοις
879 1202 914 1230 τὰ

83 1253 134 1284 τῆς
157 1249 253 1287 εὐχῆς.
281 1248 468 1286 Παραστάντος
493 1248 545 1286 γὰρ
572 1247 647 1279 αὖθις
667 1247 748 1274 αὐτοῦ
771 1249 810 1283 τῷ
836 1247 912 1284 βασι-

84 1293 156 1330 λικῷ
175 1294 278 1330 βήματι
294 1293 435 1331 περιέσχεν
451 1290 527 1324 ἕλεος
551 1292 666 1329 ἄσχετον
690 1293 740 1326 τὴν
756 1291 910 1328 Αύγοῦσταν

85 1337 230 1366 Εύδοκίσν·
246 1339 278 1372 ἦν
293 1337 344 1376 γὰρ
360 1338 374 1365 ὁ
389 1337 456 1374 ἀνὴρ
475 1338 541 1373 μετά
555 1339 609 1364 τῶν
620 1339 674 1364 τῶν
686 1335 778 1363 ἄλλων
794 1335 838 1363 καὶ
855 1336 913 1362 θεα-

85 1386 168 1418 θῆναι
193 1382 300 1419 ὰγαθὸς,
326 1381 465 1418 ἐπιμήκης
484 1392 514 1409 τε
526 1381 576 1416 τὴν
593 1380 702 1415 ἡλικίαν
719 1379 754 1407 ὢν
775 1380 820 1407 καὶ
834 1380 912 1417 στέρ-

84 1438 139 1454 νων
169 1427 215 1454 καὶ
237 1428 331 1454 νώτων
357 1426 384 1453 ἐν
412 1425 490 1462 καλῷ
513 1425 717 1462 γαθορώμενος,
737 1423 912 1462 εὐόφθαλμός

84 1482 126 1508 τε,
152 1470 228 1510 εἷ’περ
250 1482 293 1503 τις
317 1470 415 1505 ἄλλος,
435 1470 480 1498 καὶ
501 1473 549 1498 τοῦ
572 1470 676 1501 πάθους
698 1469 807 1496 αὐτόθεν
823 1469 911 1506 παρά-

86 1515 186 1552 κλησιν
216 1515 428 1553 ἐκκαλούμενος,
457 1515 521 1551 μήτ’
544 1511 652 1553 ἀκριϐὲς
675 1514 706 1541 τὸ
731 1512 826 1541 λευκὸν
842 1514 912 1550 μήτε

86 1561 118 1590 τὸ
136 1548 239 1598 ’μέλαν
267 1548 428 1595 ἀποσώζων,
454 1548 516 1587 ἀλλ’
540 1548 597 1587 οἷον
624 1557 826 1596 συγκεκραμένα
843 1548 912 1586 ’κατ’
928 1548 949 1582 C

88 1605 146 1634 ἴσον
174 1605 325 1644 ἀμφότερα.
350 1605 394 1635 Ὠς
418 1603 463 1631 οὖν
492 1603 537 1631 καὶ
566 1605 583 1638 ἠ
608 1605 767 1640 παρεστῶσα
787 1603 913 1641 γερουσία

87 1650 245 1685 συνέπαθεν,
272 1650 351 1681 εὐθὺς
379 1647 600 1684 ἐπηκολούθησεν
628 1649 646 1682 ἡ
677 1647 839 1684 συμπάθεια,
868 1647 913 1674 καὶ

85 1694 247 1733 περισωθεὶς
275 1695 323 1722 τοῦ
357 1692 483 1721 κινδύνου
517 1693 591 1730 παρὰ
627 1694 712 1720 πᾶσαν
742 1690 840 1719 ἐλπίδα
867 1691 913 1719 καὶ

85 1738 251 1778 προσδοκίαν
276 1737 422 1776 βασιλικῆς
448 1737 583 1774 ἀξιώσεως
608 1735 698 1774 ἔτυχε.
715 1737 762 1764 Διὸ
786 1737 830 1763 καὶ
850 1736 915 1763 ἀπο-

87 1784 180 1816 λυθεὶς
205 1783 280 1820 παρὰ
302 1783 410 1810 πάντων
435 1781 582 1816 ἠσπάζετο.
611 1781 704 1816 Ἐξιὼν
727 1780 773 1808 οὖν
798 1781 835 1811 είς
863 1781 912 1814 τὴν

87 1826 279 1857 Καππαδοκῶν
297 1848 304 1861 ,
333 1825 359 1862 ἐξ
387 1827 420 1860 ἦς
458 1826 504 1853 καὶ
536 1825 658 1863 γέννησιν
689 1822 801 1863 ἔσχηκε,
830 1824 913 1852 πάλιν

89 1871 294 1909 μεταπεμφθεὶς
317 1871 355 1901 εἷς
380 1871 430 1904 τὴν
454 1869 648 1908 βασιλεύουσαν
671 1868 846 1904 εἰσελήλυθε,
869 1869 913 1896 καὶ

87 1908 146 1947 rei;
161 1914 309 1953 γενεθλίοις
333 1916 382 1942 τοῦ
408 1917 538 1952 Σωτῆρος
555 1915 611 1950 (15)
633 1912 751 1951 Χριστοῦ
768 1913 916 1950 μάγιστρος

87 1963 202 1998 τιμᾶται
230 1960 275 1987 καὶ
309 1958 498 1997 στρατηλάτης
530 1955 721 1995 προϐέϐληται
757 1958 832 1994 παρὰ
865 1961 914 1992 τῆς

90 2004 235 2044 βασιλίδος
249 2003 437 2042 προελθούσης
451 2002 602 2041 βασιλικῶς
617 2002 684 2039 μετὰ
697 2013 750 2030 των
768 2001 844 2029 ἰδίων
856 2001 917 2029 παί-

88 2050 142 2078 δων
168 2050 206 2080 εἷς
226 2049 272 2076 τὸν
299 2048 424 2085 μέγιστον
450 2048 494 2075 καὶ
520 2047 688 2085 περίπυστον
712 2050 761 2081 τῆς
786 2048 834 2073 τοῦ
850 2048 916 2074 Θεοῦ

88 2094 192 2133 Σοφίας
209 2093 306 2128 σηκόν.
323 2091 478 2123 Δεδοικυίας
492 2090 521 2119 δὶ
532 2095 581 2126 τῆς
596 2089 737 2129 βασιλίδος
749 2092 799 2126 τήν
814 2101 842 2118 τε
854 2091 917 2128 σύγ-

86 2139 192 2174 κλητον
217 2138 261 2166 καὶ
285 2137 330 2165 τὸν
355 2135 530 2174 πατριάρχην
555 2137 600 2164 καὶ
625 2135 690 2167 τοὺς
707 2136 917 2173 ὑπογράψαντας

86 2184 133 2211 καὶ
164 2182 328 2219 ὀμόσαντας,
358 2181 402 2209 καὶ
428 2179 473 2208 διὰ
497 2183 577 2208 τοῦτο
606 2181 644 2216 μὴ
659 2179 811 2216 τολμώσης
823 2183 916 2214 συζευ-

972 234 985 248 ι‹
998 223 1059 250 Non
1076 231 1173 252 meum
1190 225 1311 259 donum,
1329 234 1345 252 ο
1359 225 1513 262 Diogenes,
1525 226 1589 260 hoc,
1602 228 1652 255 sed
1670 231 1724 256 tua:
1740 228 1798 256 vir-

971 268 1044 295 tutis
1059 270 1086 295 et
1103 268 1319 297 fortitudinis.»
1335 270 1377 297 lbi
1392 273 1490 298 autem
1505 279 1692 300 commorans
1707 272 1798 300 voluit

971 314 1072 340 contra
1088 312 1293 349 imperatorem
1311 315 1388 342 664
1404 315 1567 351 insurgere.
1578 317 1632 344 Sed
1647 318 1798 353 inceptum

971 356 1002 383 in
1024 355 1119 384 lucem
1150 358 1279 393 proferre
1304 359 1467 387 verebatur.
1486 362 1618 388 Attamen
1642 366 1798 398 postquam

969 400 1065 428 abfuit
1093 402 1253 438 imperator
1276 406 1304 431 et
1327 404 1484 440 imperium
1510 405 1616 432 orbum
1646 409 1718 439 erat,
1735 414 1797 434 rem

971 453 1037 473 cum
1055 454 1109 474 suo
1125 447 1253 482 quodam
1281 448 1454 476 ﬁdelissimo
1477 449 1687 484 communicat,
1705 453 1733 478 et
1748 459 1800 486 per

972 489 1069 524 ipsum
1085 498 1152 518 cum
1172 491 1350 527 quibusdam
1372 493 1507 521 ﬁnitimis
1527 495 1675 530 gentibus,
1690 495 1799 530 quibus

970 537 1048 561 esset
1063 534 1157 570 ipsius
1169 536 1318 572 explorata
1333 538 1435 570 virtus.
1447 538 1608 567 collocutus
1621 539 1798 575 quibusdam

971 579 1105 614 partibus
1133 580 1296 616 imperavit.
1322 582 1471 610 Iudicatur
1496 585 1594 610 autem
1624 592 1641 611 ει
1669 585 1798 619 quodam

969 623 1119 659 Armenio,
1134 627 1162 652 et
1177 626 1403 661 comprehensus
1423 627 1458 654 ad
1481 627 1583 655 urbem
1606 628 1715 664 regiam
1733 637 1798 664 per-

969 667 1098 701 ducitur,
1115 670 1326 706 convictusque
1340 674 1369 698 et
1387 671 1492 707 capitis
1508 672 1666 700 damnatus
1682 676 1714 701 ut
1729 682 1798 709 pro-

970 711 1048 739 ditor
1063 713 1090 740 in
1108 714 1242 742 exsilium
1260 714 1397 748 mittitur,
1415 716 1486 744 urbe
1503 716 1667 752 expellitur,
1685 726 1742 745 non
1755 718 1798 745 si-

970 763 1006 782 ne
1023 757 1150 785 maximo
1166 757 1266 786 dolore
1288 766 1388 786 eorum
1405 760 1538 787 omnium
1554 761 1632 796 apud
1648 768 1721 796 quos
1738 769 1798 788 suae

970 802 1086 830 virtutis
1102 811 1135 830 ac
1150 803 1336 831 strenuitatis
1352 804 1501 839 specimen
1518 805 1648 833 dederat.
1662 807 1716 839 Qui
1731 815 1798 835 vero

971 847 1067 883 ipsum
1098 847 1287 883 ignorabant,
1308 849 1416 876 famam
1447 849 1483 876 ab
1514 849 1581 877 aliis
1605 850 1798 887 percipientes

969 891 1069 919 statim
1084 891 1179 927 ipsius
1193 900 1292 920 amore
1307 893 1509 928 capiebantur.
1522 894 1557 921 Et
1571 894 1680 922 idcirco
1695 903 1797 923 omnes

968 936 1110 973 optabant
1124 936 1219 964 virum
1242 937 1386 972 supplicio
1407 937 1524 966 liberari
1547 941 1576 966 et
1599 939 1795 967 Romanorum

967 980 1091 1016 imperio
1107 981 1220 1008 donari.
1233 981 1266 1009 Et
1278 981 1347 1016 quia
1359 981 1449 1009 divini
1462 982 1515 1010 zeli
1532 983 1724 1019 propositum,
1737 992 1794 1012 non

969 1027 1066 1052 autem
1092 1025 1200 1061 proprii
1225 1025 1335 1053 amoris
1354 1028 1426 1059 erat,
1441 1027 1550 1062 quippe
1573 1035 1640 1055 cum
1655 1027 1795 1056 Christia-

968 1077 1073 1097 norum
1098 1069 1186 1097 turba
1205 1069 1337 1105 quotidie
1362 1071 1398 1098 ab
1422 1071 1564 1107 Agarenis
1589 1071 1796 1101 miserabiliter

967 1116 1068 1141 vexata
1086 1114 1275 1148 cruciaretur,
1286 1115 1423 1151 deinceps
1438 1118 1538 1151 optata
1553 1125 1654 1144 eorum
1668 1117 1717 1153 qui
1728 1120 1795 1145 vota

968 1158 1114 1186 faciebant
1128 1159 1164 1186 ad
1180 1159 1290 1186 exitum
1308 1160 1449 1195 perducta
1463 1163 1541 1188 sunt.
1554 1162 1625 1188 Cum
1641 1162 1718 1189 enim
1731 1170 1795 1189 rur-

968 1211 1019 1231 sus
1032 1203 1067 1230 ad
1084 1203 1196 1238 regium
1213 1205 1384 1239 suggestum
1400 1204 1545 1232 adductus
1562 1204 1677 1239 fuisset,
1696 1206 1795 1241 Augu-

967 1250 1013 1274 sta
1029 1247 1156 1274 Eudocia
1179 1248 1324 1275 immensa
1347 1248 1548 1276 misericordia
1562 1252 1710 1277 commota
1724 1252 1770 1277 est
1786 1259 1793 1277 :

967 1295 1028 1319 erat
1041 1292 1118 1319 enim
1135 1292 1181 1319 vir
1197 1295 1302 1328 praeter
1318 1292 1373 1319 alia
1394 1296 1526 1328 spectata
1543 1302 1661 1330 quoque
1675 1294 1794 1330 dignus,

966 1339 1080 1364 statura
1109 1345 1257 1372 procerus,
1279 1340 1393 1372 pectore
1418 1339 1446 1364 et
1471 1337 1603 1366 humeris
1632 1338 1794 1374 pulcherri-

968 1389 1044 1413 mus,
1061 1383 1088 1408 et
1104 1380 1326 1417 pulchritudine
1348 1380 1499 1409 oculorum
1527 1385 1557 1410 ut
1582 1383 1607 1410 si
1634 1385 1702 1419 quis
1717 1383 1793 1411 alius

967 1427 1120 1460 praestans,
1137 1425 1183 1453 his
1207 1426 1346 1453 omnibus
1371 1425 1503 1454 levamen
1519 1426 1696 1455 calamitatis
1711 1428 1791 1456 efﬂa-

966 1469 1075 1505 gitans,
1087 1477 1181 1505 neque
1192 1477 1312 1505 prorsus
1323 1470 1422 1497 album
1437 1478 1530 1506 neque
1543 1480 1663 1507 prorsus
1674 1473 1791 1508 nigrum

967 1514 1016 1541 sed
1042 1523 1076 1542 ex
1099 1516 1222 1550 utroque
1251 1514 1402 1550 aequaliter
1416 1515 1491 1544 665
1519 1516 1640 1544 mistum
1666 1516 1793 1544 colorem

968 1565 1155 1586 conservans.
1173 1560 1208 1586 Ut
1223 1558 1313 1594 igitur
1331 1559 1420 1586 etiam
1437 1567 1565 1595 praasens
1581 1562 1700 1588 senatus
1715 1569 1794 1589 com-

969 1605 1066 1630 motus
1079 1602 1241 1637 est,statim
1259 1603 1618 1640 misericordiajudicium
1635 1605 1795 1633 subsecuta

968 1649 1022 1674 est.
1040 1647 1072 1674 Et
1087 1655 1104 1674 a
1120 1647 1249 1683 periculo
1279 1650 1413 1675 servatus
1441 1651 1546 1684 prater
1570 1657 1688 1677 omnem
1712 1658 1795 1686 spem

969 1693 1056 1726 atque
1069 1692 1315 1727 exspectationem
1333 1692 1442 1728 regiam
1457 1693 1658 1728 dignationem
1674 1696 1718 1722 est
1731 1703 1796 1722 con-

969 1738 1102 1769 secutus;
1128 1738 1157 1763 et
1181 1736 1289 1764 idcirco
1314 1737 1483 1764 absolutum
1509 1746 1610 1766 omnes
1639 1738 1796 1774 amplecte-

969 1781 1085 1808 bantur.
1116 1781 1256 1816 Egressus
1284 1781 1375 1817 igitur
1403 1782 1431 1809 in
1463 1782 1689 1818 Cappadociam,
1719 1784 1797 1810 unde

969 1826 1113 1853 oriundus
1129 1828 1202 1857 erat.
1215 1834 1319 1853 rursus
1335 1827 1370 1854 ad
1387 1826 1495 1861 regiam
1513 1828 1614 1855 urbem
1638 1828 1798 1855 accersitus

970 1877 1034 1897 sese
1060 1870 1167 1905 recepit
1191 1871 1237 1897 die
1261 1870 1349 1897 natali
1375 1870 1533 1898 Salvatoris
1549 1872 1666 1906 Christi,
1682 1875 1710 1899 et
1734 1880 1798 1899 ma-

969 1914 1053 1950 gistri
1069 1914 1179 1942 honore
1193 1914 1347 1942 decoratus
1369 1915 1429 1942 dux
1451 1915 1595 1944 exercitus
1618 1917 1654 1944 ab
1669 1918 1801 1952 Augusta

970 1961 1094 1993 creatur,
1109 1967 1171 1994 quae
1187 1959 1375 1995 imperatoris
1391 1968 1471 1987 more
1487 1969 1554 1988 cum
1569 1961 1631 1989 suis
1648 1960 1716 1989 ﬁliis
1732 1968 1801 1996 pro-

971 2006 1099 2031 cesserat
1122 2004 1158 2031 ad
1188 2003 1349 2031 maximum
1380 2007 1408 2031 et
1437 2004 1660 2033 celeberrimum
1685 2005 1800 2041 Sophia:

971 2047 1126 2084 templum.
1138 2049 1211 2076 Cum
1237 2050 1335 2076 autem
1349 2051 1499 2076 vereretur
1522 2051 1656 2085 Augusta
1670 2052 1698 2077 et
1713 2058 1800 2077 sena-

971 2094 1034 2119 tum
1050 2094 1079 2119 et
1094 2091 1292 2126 patriarcham
1308 2093 1337 2119 et
1362 2100 1411 2120 eos
1437 2092 1487 2128 qui
1511 2093 1603 2127 jurati
1620 2093 1802 2129 subscripse-

972 2139 1048 2171 rant,
1065 2139 1093 2164 et
1106 2137 1215 2164 idcirco
1231 2144 1288 2164 non
1311 2136 1434 2164 auderet
1448 2145 1514 2164 cum
1531 2137 1690 2166 illustriore
1705 2137 1801 2172 aliquo

973 2181 1160 2208 matrimonio
1184 2181 1314 2216 copulari
1341 2181 1500 2216 ipsumque
1523 2181 1730 2217 imperatorem
1752 2182 1802 2209 de-

88 2227 191 2266 χθῆναί
211 2237 264 2255 τινι
287 2229 341 2254 τῶν
371 2225 508 2265 ἐπιφανῶν
535 2225 580 2252 καὶ
606 2224 720 2262 βασιλέα
741 2224 852 2262 ἀναγορε

1037 2233 1091 2258 are,
1109 2225 1213 2252 statuit
1237 2233 1327 2260 supra
1344 2224 1518 2253 muliebrem
1540 2225 1672 2253 animum
1690 2226 1730 2253 nil
1746 2226 1801 2254 sibi

89 2272 185 2308 αὐτὸν,
213 2271 283 2310 ἔγνω
309 2269 364 2298 δεῖν
393 2270 458 2306 ὑπὲρ
482 2272 596 2307 γυναῖκα
623 2270 660 2306 μὴ
684 2272 828 2308 φρονῆσαι,
851 2279 917 2296 παν-

91 2317 188 2356 ουργίᾳ
217 2315 246 2344 δὲ
274 2315 320 2343 καὶ
350 2313 424 2351 δόλῳ
450 2315 496 2342 τὸν
526 2313 699 2351 πατριάρχην
723 2312 846 2340 ὑπελθεῖν
872 2313 918 2340 καὶ

91 2362 180 2392 οὕτως
206 2361 276 2397 αὐτῇ
299 2360 331 2387 τὸ
359 2358 452 2396 ἐφετὸν
474 2358 693 2394 καταπράξασθαι
718 2357 762 2384 καὶ
789 2357 838 2392 τὴν
865 2359 920 2384 τῶν

90 2406 175 2433 ἐθνῶν
205 2406 297 2435 ποσῶς
334 2402 507 2441 ἀναχαιτίσαι
544 2403 645 2440 ὁρμήν.
676 2403 820 2429 Κοινοῦται
855 2403 917 2438 γοῦν

88 2451 121 2478 τὸ
145 2450 260 2487 πρᾶγμά
282 2459 336 2476 τινι
365 2449 419 2475 τῶν
447 2447 477 2474 ἐκ
501 2448 550 2482 τῆς
570 2445 793 2482 γυναικωνίτιδος
811 2445 848 2476 ὡς
864 2445 920 2473 ἐπι-

88 2493 193 2530 τηδείῳ
218 2494 287 2530 πρὸς
303 2494 395 2520 τοῦτο.
418 2492 446 2518 Ὁ
462 2490 491 2518 δὲ
509 2491 681 2528 ὑπισχνεῖται
701 2490 730 2518 ἐκ
744 2490 842 2520 παντὸς
856 2488 920 2527 τρό-

88 2549 143 2566 που
167 2536 331 2575 συμπράξειν
357 2535 427 2572 αὖτῇ
449 2535 517 2573 πρὸς
536 2535 567 2562 τὸ
583 2533 816 2571 σπουδαζόμενον,
842 2533 920 2571 ξυρὸς

89 2583 128 2614 εἰς
145 2581 257 2616 ἀκόνην,
273 2580 304 2608 τὸ
328 2581 377 2608 τοῦ
401 2578 498 2617 λόγου,
515 2578 551 2607 ὣν
574 2579 613 2611 είς
633 2580 666 2606 τὰ
684 2581 806 2607 τοιαῦτα.
823 2576 920 2606 ’Δδελ-

89 2626 139 2665 φὸς
155 2626 190 2661 ἦν
208 2627 248 2661 τῷ
269 2624 428 2662 πατριάρχῃ
449 2623 554 2662 Βάρδας
580 2622 677 2660 ὄνομα,
696 2622 876 2660 λαγνίστατός
891 2632 921 2650 τε

974 2269 1215 2306 aggrediendum,
1232 2269 1281 2297 sed
1308 2270 1406 2305 potius
1423 2270 1488 2297 dolo
1505 2278 1538 2297 ac
1555 2270 1658 2297 fraude
1676 2270 1801 2297 circum-

973 2314 1152 2341 veniendum
1176 2313 1372 2348 patriarcham
1386 2324 1392 2347 ;
1410 2317 1438 2341 et
1462 2314 1502 2342 ita
1517 2322 1548 2342 se
1564 2314 1619 2342 voti
1636 2317 1801 2350 compotem

974 2358 1102 2385 futuram
1119 2360 1147 2385 et
1161 2357 1293 2394 gentium
1315 2358 1459 2393 impetum
1481 2367 1695 2394 reprcssuram,
1711 2367 1801 2395 quam

975 2405 1038 2430 tum
1059 2403 1087 2429 in
1113 2410 1144 2429 se
1168 2404 1256 2436 esset,
1272 2402 1470 2430 existimabat.
1488 2403 1690 2430 Communicat
1713 2403 1803 2439 igitur

975 2455 1035 2474 rem
1052 2447 1180 2482 quodam
1205 2454 1271 2473 cum
1293 2446 1429 2474 eunucho
1446 2454 1480 2474 ex
1495 2455 1630 2483 gynaeceo
1657 2449 1688 2475 ut
1713 2449 1748 2475 ad
1773 2448 1802 2475 id

973 2491 1088 2524 idoneo,
1105 2491 1156 2527 qui
1180 2491 1299 2518 omnino
1323 2499 1355 2518 se
1380 2491 1405 2518 ei
1434 2499 1494 2519 rem
1512 2500 1527 2519 e
1543 2492 1688 2519 sententia
1705 2493 1802 2520 confe-

975 2539 1090 2563 cturum
1117 2535 1280 2571 pollicetur,
1298 2536 1398 2570 utpote
1423 2535 1474 2570 qui
1501 2535 1640 2563 novacula
1656 2536 1690 2563 ad
1707 2539 1801 2564 cotem

975 2582 1060 2613 esset,
1087 2582 1119 2607 ut
1143 2579 1200 2606 dici
1225 2578 1309 2613 solet,
1325 2579 1361 2606 ad
1386 2579 1447 2606 haec
1471 2580 1610 2615 negotia:
1629 2580 1717 2608 frater
1741 2584 1804 2608 erat

976 2623 1158 2660 patriarcha,
1174 2623 1284 2650 Bardas
1305 2623 1435 2658 nomine,
1453 2624 1579 2651 maxime
1605 2624 1733 2653 lascivus
1748 2624 1802 2663 vir,

754 2700 878 2729 JACOBI
898 2701 1011 2730 GOARI
1029 2699 1144 2728 NOT/E.

126 2774 187 2811 (15)
202 2773 265 2806 Quo
278 2773 326 2802 die
341 2781 407 2802 sese
423 2772 522 2802 cuncti
536 2772 614 2809 apud
630 2771 745 2801 Gnaeos
759 2772 933 2802 muneribus
948 2771 1107 2808 excipiunt.

257 2836 390 2869 Panos.
413 2837 470 2868 ϐε.
492 2834 609 2868 CXXII.

1604 2836 1642 2867 l3
