1937 3050
188 99 245 128 395

846 95 1010 126 JOANNIS
1032 95 1234 128 SCYLlTZxE

1827 108 1880 137 396

189 165 218 192 et
233 162 432 199 voluptatibus
448 162 489 190 ita
505 162 640 190 addictus
657 164 689 189 ut
703 162 803 189 omnia
819 161 848 188 in
864 161 943 188 omni
960 161 1015 188 vilu

1109 161 1116 188 ἱ
1132 163 1199 200 πρὸς
1222 162 1322 198 ἡδονὰς
1343 164 1510 202 ἐπτοημένος
1525 167 1570 193 καὶ
1588 165 1670 203 μηδὲν
1687 166 1757 195 ἄλλο
1773 167 1814 196 διὰ
1829 171 1881 207 βίου

189 209 232 237 eis
249 208 447 245 posthaberet.
465 206 582 236 Accedit
604 208 738 234 exsectus
758 205 807 233 ille
832 206 867 233 ad
892 205 1017 241 patriar-

191 253 288 288 cham,
304 252 389 288 eique
410 260 516 280 arcano
541 251 650 279 factum
674 250 778 287 aperit,
796 250 1019 285 denuntiatque,

191 298 217 326 si
232 298 312 332 velit,
326 297 385 325 imo
405 297 482 324 666
497 296 521 324 si
539 298 654 324 tantum
682 298 802 329 annuat,
821 294 893 322 nihil
918 293 1019 330 pericli

192 343 386 370 metuendum
400 350 433 369 ex
446 341 579 369 horribili
595 340 646 368 illo
657 340 853 376 chirographo
865 347 871 366 :
884 339 947 374 ejus
962 339 1019 365 fra-

191 389 264 415 trem
276 394 450 423 germanum
461 393 528 413 cum
539 385 724 421 imperatrice
736 384 904 420 copulatum
919 382 1018 410 statim

188 432 396 467 imperatorem
412 429 593 458 declaratum
619 429 664 456 iri.
683 429 777 465 thue
799 431 893 456 totum
915 426 1020 454 habuit

192 476 249 504 sibi
261 475 458 512 patriarcham
471 474 558 502 veluti
571 474 747 506 inescatum,
754 474 877 509 jamque
888 472 1020 500 studiose

193 520 416 548 matrimonium
431 521 546 547 tantum
558 527 616 546 non
642 521 859 554 procurantem,
871 516 1021 544 consuluit

191 568 224 593 ut
239 565 293 593 hac
309 564 375 600 ipsa
387 564 422 592 de
440 572 470 592 re
492 565 611 591 senatus
629 571 745 598 quoque
761 561 936 590 sententiam
953 568 1018 596 per-

190 611 354 638 cunctetur.
365 608 494 645 Singulis
505 608 596 644 igitur
606 608 641 635 ad
653 615 684 635 se
693 607 842 634 accersitis
854 604 1020 642 patriarcha

190 655 232 683 rei
249 654 455 683 necessitatem
471 653 674 687 conﬁrmabat,
686 652 830 688 scriptum
845 650 919 678 illud
935 658 1020 677 accu-

190 708 260 728 sans
280 701 308 727 et
332 699 467 734 iniquum
492 700 521 725 et
546 697 645 724 minus
673 696 850 732 legitimum,
867 696 903 723 ab
932 694 1019 722 unius

192 744 245 772 viri
269 743 412 780 zelotypia
440 743 615 778 profectum,
636 741 683 769 cui
710 740 877 768 communis
906 739 1019 767 utilitas

189 789 290 817 minus
318 787 469 824 proposita
499 786 619 820 fuisset;
636 797 650 811 ‹‹
667 785 718 813 Cui
748 792 880 821 prorsus,
909 783 1017 819 inquit,

189 834 360 861 consuletur
375 832 399 860 si
417 840 484 860 cum
499 838 642 867 generoso
657 832 685 857 et
709 830 774 857 forti
790 829 850 856 viro
867 827 1019 864 copuletur

191 878 293 914 regina
303 878 453 913 Augusta:
466 884 570 903 rursus
581 875 659 903 enim
671 882 716 902 res
729 874 926 902 Romanorum
939 872 1018 899 eiﬁo-

191 924 315 957 rescent,
330 929 393 958 quae
407 921 470 956 jam
481 928 514 948 eo
530 920 652 947 redactis
668 921 738 946 sunt
749 920 782 946 ut
796 918 881 946 atteri
897 920 926 944 et
941 916 1020 952 peni-

195 970 244 996 tus
259 967 403 1003 exstingui
420 966 477 994 cito
490 973 575 1002 posse
587 966 683 992 metus
693 964 871 1000 impendeat.
882 974 892 987 ι›
905 962 942 990 Ut
951 969 1018 989 vero

193 1012 237 1040 illi
253 1020 355 1040 omnes
370 1019 555 1044 consensere,
569 1009 619 1037 alii
635 1018 724 1037 suasu
738 1011 766 1037 et
782 1008 957 1040 adulatione,
969 1006 1018 1034 alii

192 1057 323 1093 pecuniis
350 1056 505 1092 largitione
530 1057 558 1082 et
583 1054 693 1082 crebris
719 1053 902 1085 muneribus,
925 1058 1019 1086 neque

191 1105 289 1130 metus
312 1101 392 1128 ullus
420 1101 540 1127 suberat
567 1098 762 1134 transigenda
792 1097 842 1130 rei,
863 1097 1020 1124 adducitur

191 1147 336 1182 Diogenes
361 1147 448 1173 noctu
474 1144 503 1171 in
528 1144 638 1179 regiam
665 1143 808 1177 armatus,
825 1143 853 1169 et
877 1149 943 1169 cum
959 1141 1018 1167 Au-

190 1192 278 1228 gusta
292 1190 490 1226 conjungitur,
504 1190 665 1224 statimque
679 1188 839 1224 imperator
853 1186 1019 1214 declaratur

189 1236 323 1265 Januarii
344 1235 454 1263 mensis
470 1233 565 1270 prima
579 1233 636 1266 die,
652 1232 810 1260 indictione
835 1233 925 1264 sexta,
942 1238 1018 1258 anno

190 1282 272 1315 6576,
289 1281 364 1308 clam
386 1278 524 1308 omnibus
545 1279 684 1314 Augustae
709 1276 788 1304 ﬁliis.
805 1277 843 1304 Ac
868 1277 987 1311 repente
1002 1283 1019 1302 a

191 1325 334 1361 Barangis
363 1324 492 1352 exoritur
520 1322 613 1350 multa
641 1321 833 1358 perturbatio,
857 1320 934 1356 quod
960 1328 1018 1346 non

192 1370 373 1398 sustinerent
389 1369 416 1396 id
433 1368 544 1404 vulgari
563 1369 667 1403 praeter
682 1365 814 1394 omnium
829 1364 1015 1392 sententiam.

192 1415 300 1443 Verum
317 1422 385 1441 cum
409 1412 531 1441 Michael
560 1411 654 1447 ipsius
679 1413 817 1446 Augustos
847 1409 925 1436 ﬁlius
950 1416 1017 1436 cum

192 1459 333 1488 fratribus
358 1457 534 1491 advenisset,
549 1456 584 1483 de
607 1463 662 1483 sua
685 1455 832 1482 sententia
856 1455 964 1481 factum
988 1453 1017 1480 id

192 1513 257 1533 esse
272 1504 419 1535 dixerunt,
436 1511 469 1529 ac
493 1501 590 1529 subito
612 1500 743 1528 conversi
760 1507 864 1535 magno
891 1501 919 1526 et
942 1499 1017 1526 elato

1074 204 1145 251 lixam
1169 208 1340 246 προτέρημα.
1358 209 1482 247 Πρόσεισι
1507 211 1546 246 τῷ
1566 211 1722 250 πατριάρχῃ
1747 213 1761 240 ὁ
1785 204 1881 251 τομίας,

1073 250 1240 288 ἀπαγγέλλει
1262 253 1334 290 αὐτῷ
1360 255 1496 290 μυστικῶς
1519 256 1553 283 τὰ
1580 258 1628 283 τοῦ
1651 257 1816 295 πράγματος,
1843 250 1882 287 καί

1074 295 1110 326 ὡς
1135 296 1158 323 εἰ
1183 297 1315 333 Θελήσειε,
1340 299 1445 335 μᾶλλον
1472 299 1500 327 δὲ
1525 300 1671 328 ἐπινιύσειε
1687 302 1768 338 μόνον
1792 302 1884 339 μηδὲνα

1073 339 1195 386 κίνδυνον
1225 342 1373 381 ὑφορᾶσθαι
1398 343 1427 371 ἐκ
1452 348 1502 380 τῆς
1528 349 1642 384 φρικτῆς
1667 345 1771 382 ἐκείνης
1798 357 1883 386 χειρο.

1074 385 1200 424 γραιρίας,
1225 388 1400 424 ζευχθήσεται
1428 390 1474 425 μὶν
1499 391 1533 426 τῇ
1551 389 1670 427 βασιλίδι
1687 391 1701 418 ὁ
1720 391 1813 419 τούτου
1827 385 1884 421 αὖτ-

1073 428 1190 469 άδελφος
1207 452 1213 464 ,
1243 432 1394 469 παραυτίκα
1423 432 1451 461 δὶ
1487 433 1613 471 βασιλεὺς
1641 434 1882 473 ἆναγορευθήσιται.

1075 475 1115 510 [Ρ.
1140 476 1203 511 822]
1225 476 1270 506 Ὧς
1295 475 1324 504 δὲ
1346 475 1424 514 ἔσχεν
1450 477 1515 505 ὅλον
1539 479 1584 506 τὸν
1612 479 1785 517 πατριάρχην
1810 491 1883 509 κατα-

1073 516 1170 546 πιόντα
1184 520 1215 546 τὸ
1232 519 1327 558 δέλεαρ
1352 522 1396 549 καὶ
1421 521 1475 558 ἤδη
1502 523 1582 559 μόνον
1608 524 1671 561 οὐχὶ
1698 516 1882 563 τῆνγσυναρμοι

1074 564 1126 601 γὴν
1151 563 1355 601 ἐπισπεύδοντα,
1382 566 1539 604 βουλεύεται
1562 569 1692 600 πυθὲσοαι
1717 569 1776 607 περὶ
1796 571 1883 598 τούτου

1074 608 1117 635 καὶ
1134 609 1182 643 τήν
1209 609 1372 647 σύγκλητον.
1389 612 1454 638 Ἕνα
1477 613 1536 644 καθ’
1551 611 1597 640 ἕνα
1611 615 1676 650 γοῦν
1693 614 1707 641 ὁ
1722 615 1884 653 πατριάρχης

1073 654 1136 690 παρ’
1175 654 1268 681 ἑαυτὸν
1307 655 1561 693 προσκαλεσάμενος
1597 658 1629 685 τὸ
1666 657 1806 695 ἀναγκαῖον
1843 663 1885 687 τοῦ

1074 697 1233 742 πράγματος
1263 700 1446 735 κατεσκεύαζε,
1482 700 1615 740 διασύρων
1645 703 1676 730 τὸ
1705 701 1833 742 ἔγγραφον
1853 705 1885 736 ὡς

1073 741 1187 779 ἔκνομόν
1217 753 1246 770 τε
1274 743 1318 771 καὶ
1345 744 1463 782 ἄθεσμον
1493 745 1538 773 καὶ
1572 745 1616 774 διὰ
1645 741 1809 783 ζηλοτυπίαν
1836 749 1885 781 ἑνὸς

1072 785 1170 824 ἀνδρὸς
1186 788 1295 826 γεγονὸς
1319 789 1363 816 καὶ
1388 790 1426 826 μή
1451 791 1519 827 πρὸς
1543 792 1637 826 κοινὴν
1661 791 1826 820 λυσιτέλειαν
1842 794 1885 832 ἀφ-

1074 833 1156 870 ορῶν.
1169 832 1254 869 Ὅπερ
1279 831 1351 861 ἔσται
1375 834 1494 870 πάντως,
1510 835 1533 863 εί
1559 837 1736 874 ζευχθήσιται
1752 838 1769 872 ἡ
1788 831 1885 874 βασιλῖς

1074 875 1151 913 ἀνδρὶ
1180 877 1293 914 γενναίῳ
1320 888 1350 904 τε
1378 879 1422 906 καὶ
1447 878 1596 916 θυμοειδεῖ·
1621 879 1823 916 ἀναθηλήσουσι
1840 882 1884 920 γὰρ

1073 920 1106 947 τὰ
1129 921 1274 958 Ῥωμαίων
1299 921 1416 959 ἐσαῦθις,
1440 922 1495 959 ἤδη
1523 926 1692 963 μαρανθῆναι
1717 925 1762 953 καὶ
1777 924 1884 954 ἀποσϐε-

1074 966 1167 1000 σθῆναι
1190 964 1364 1003 ἐλπιζόμενα.
1390 968 1433 999 Ὠς
1457 967 1486 995 δὲ
1510 967 1574 1007 ἔσχε
1597 970 1700 1002 πάντας
1722 972 1885 1010 συμψήφους,

1073 1009 1135 1041 τοὺς
1152 1011 1198 1047 μὲν
1215 1012 1306 1038 πειθοῖ
1323 1012 1368 1039 καί
1388 1012 1529 1048 κολακείᾳ,
1544 1013 1608 1045 τοὺς
1634 1013 1664 1042 δὲ
1678 1015 1723 1042 καὶ
1743 1016 1884 1053 χρημάτων

1073 1057 1185 1092 παροχῇ
1207 1055 1254 1082 καὶ
1280 1056 1456 1094 μειλίγμασιν
1484 1057 1651 1096 ἀδροτὲροις,
1679 1060 1725 1087 καί
1748 1062 1786 1096 τῷ
1809 1071 1884 1099 παρα-

1073 1100 1240 1136 χθησομὲνῳ
1270 1099 1328 1131 δέος
1356 1101 1408 1140 οὐχ
1435 1102 1515 1138 ὑπῆν,
1539 1102 1630 1140 ἄγεται
1660 1104 1707 1140 μὶν
1731 1105 1744 1132 ὁ
1769 1105 1885 1143 Διογένης

1072 1145 1167 1175 νυκτὸς
1183 1145 1220 1176 εἷς
1236 1145 1267 1172 τὰ
1285 1145 1408 1182 βασίλεια
1425 1145 1541 1179 ἔνοπλος
1566 1148 1610 1175 καὶ
1625 1150 1660 1185 τῇ
1679 1147 1797 1186 βασιλίδι
1812 1159 1887 1187 προσ-

1075 1188 1224 1226 ζιύγνυται,
1250 1190 1439 1228 ἀναγορεύεται
1464 1190 1493 1219 δὲ
1516 1192 1652 1229 παρευθὺς
1679 1193 1805 1231 βασιλεὺς
1827 1193 1887 1221 κατὰ

1072 1234 1121 1267 τὴν
1141 1234 1253 1271 πρώτην
1276 1235 1323 1261 τοῦ
1349 1235 1516 1272 Ἰανουαρίου
1542 1237 1640 1273 μηνὸς,
1665 1240 1715 1272 τῆς
1732 1240 1754 1270 ς’
1767 1237 1886 1274 ἆπινιμή-

1073 1288 1152 1314 σεως,
1176 1276 1254 1310 ἓτους
1275 1282 1366 1318 ,ςφοςζ
1394 1278 1484 1308 λαθὼν
1511 1280 1611 1312 πάντας
1634 1280 1699 1314 τοὺς
1723 1285 1772 1317 τῆς
1789 1281 1885 1320 βασιλί-

1073 1321 1119 1353 δος
1144 1323 1228 1354 υἱούς.
1257 1323 1359 1351 Γίνεται
1384 1323 1413 1351 δὶ
1437 1326 1586 1363 παραυτίκα
1605 1328 1728 1364 τάραχος
1752 1328 1822 1365 παρὰ
1839 1329 1885 1354 τῶν

1074 1368 1220 1405 Βαράγγων
1252 1367 1355 1401 πολὺς,
1388 1369 1425 1405 μή
1455 1370 1628 1407 ἀνιχομάνων
1664 1371 1744 1401 αὐτὸν
1778 1371 1885 1410 φημίσαι

1072 1412 1146 1448 παρὰ
1168 1413 1201 1439 τὰ
1223 1415 1301 1449 κοινῇ
1326 1412 1449 1448 δόξαντα.
1472 1415 1627 1452 Ἐπιφανεῖς
1643 1414 1673 1443 δὶ
1697 1417 1711 1443 ὁ
1725 1415 1823 1451 ταύτης
1837 1416 1887 1447 υίὸς

1073 1455 1188 1494 Μιχαὴλ
1205 1456 1250 1484 σὺν
1266 1460 1324 1488 τοῖς
1350 1456 1480 1497 ἀδελφοῖς
1506 1459 1601 1496 γνώμῃ
1625 1459 1714 1487 αὐτῶν
1738 1460 1769 1488 τὸ
1783 1459 1886 1498 γεγονδς

1073 1500 1274 1539 ἀπαγγέλλουσι
1312 1503 1443 1539 γενέσθαι,
1473 1503 1517 1530 καὶ
1560 1503 1656 1531 αὐτίκα
1687 1505 1885 1542 μετατραπέντις

191 1550 319 1578 clamore
341 1547 397 1583 ipsi
421 1554 538 1582 quoque
562 1553 628 1573 eum
654 1545 861 1580 imperatorem
886 1542 1014 1571 declara-

1108 1545 1204 1584 γάλαις
1229 1547 1273 1574 καὶ
1299 1545 1434 1584 διατόροις
1459 1551 1562 1587 φωναῖς
1584 1548 1664 1576 αὐτὸν
1690 1550 1734 1577 καὶ
1754 1549 1827 1577 αὐτοὶ
1847 1550 1885 1576 άν-

193 1595 271 1622 ruut.
286 1592 323 1620 Ut
337 1591 428 1628 igitur
447 1599 477 1618 re
499 1589 722 1625 comprobatum
745 1590 801 1622 est,
817 1588 895 1616 haud
910 1590 1018 1615 temere

191 1638 356 1674 complures
380 1638 499 1672 propter
518 1635 592 1662 667
620 1634 717 1670 ipsum
747 1634 820 1661 bene
851 1635 1017 1669 sperarunt.

190 1684 292 1719 Itaque
306 1684 439 1718 Augusta
453 1689 520 1709 cum
542 1680 610 1708 ﬁliis
635 1679 698 1708 suis
723 1687 840 1707 menses
863 1680 975 1714 septem
991 1680 1019 1706 et

189 1727 277 1765 paulo
293 1727 422 1762 amplius
438 1725 604 1761 imperavit.

226 1791 375 1818 Romanus
391 1790 488 1816 autem
504 1787 647 1822 Diogenes
664 1786 706 1814 ita
720 1786 844 1822 adeptus
860 1785 1015 1821 imperium

189 1835 268 1862 haud
285 1834 429 1861 minorem
442 1831 630 1868 praesentium
643 1839 742 1859 rerum
758 1831 901 1858 rationem
913 1830 1018 1858 habuit

190 1888 278 1915 quam
295 1877 430 1906 militaris
456 1877 496 1905 rei
514 1877 586 1904 bene
601 1876 808 1911 componendas
832 1878 920 1911 atque
945 1883 1015 1902 con-

189 1924 355 1957 stituendre,
371 1922 460 1950 etiam
477 1922 500 1949 si
517 1929 605 1957 quam
623 1920 748 1947 maxime
763 1920 946 1948 consiliarios
962 1919 1015 1947 ha-

188 1968 253 1996 buit
269 1968 428 2004 privignos,
444 1966 502 1994 imo
530 1967 559 1993 ut
580 1965 677 1992 verius
693 1965 799 1998 dicam,
817 1964 1012 1998 insidiatores,

187 2015 216 2041 et
239 2013 384 2040 Joannem
398 2011 541 2038 Caesarem
567 2009 726 2045 superioris
750 2009 936 2044 imperatoris
956 2009 1013 2036 fra—

185 2059 272 2089 trem,
289 2056 340 2092 qui
355 2055 381 2082 ei
397 2062 512 2090 semper
527 2053 563 2082 ad
584 2054 671 2080 ﬁnem
696 2053 775 2081 fuere
801 2053 1012 2088 impedimento

186 2103 215 2129 et
231 2101 430 2128 Romanorum
445 2107 491 2126 res
506 2098 535 2125 in
551 2098 713 2133 pessimum
730 2099 840 2124 statum
857 2097 1010 2132 deduxere,

187 2145 237 2182 qui
255 2153 332 2172 nunc
356 2143 494 2171 cernitur.
508 2142 600 2177 Coepit
626 2144 724 2169 autem
740 2143 769 2168 et
783 2141 931 2177 digniores
947 2150 1011 2169 am-

185 2189 284 2226 plecti,
296 2191 325 2217 et
341 2196 407 2216 cum
421 2186 659 2223 prudentioribus
670 2193 703 2213 ac
718 2185 906 2220 peritioribus
920 2185 1008 2213 collo-

1075 1591 1260 1628 αγορεύουσιν.
1285 1592 1330 1622 Ὡς
1354 1591 1376 1619 δ’
1406 1593 1451 1619 οὗν
1481 1592 1563 1631 ἐφάνη
1594 1592 1624 1621 ἐκ
1652 1594 1750 1621 τούτου
1767 1616 1774 1628 ,
1800 1594 1836 1624 ὡς
1861 1593 1887 1620 οὗ

1077 1635 1162 1671 μάτην
1179 1634 1327 1670 ἡλπίκασιν
1353 1635 1394 1663 ἐπ’
1417 1636 1490 1673 αὐτῷ
1513 1638 1539 1664 oi.
1564 1637 1678 1667 πολλοί.
1695 1639 1814 1676 Ἐκράτει
1829 1639 1886 1676 γοῦν

1073 1680 1090 1714 ἡ
1110 1679 1216 1751 Ξασιλῖς
1236 1679 1281 1707 σὺν
1306 1683 1365 1712 τοῖς
1390 1680 1456 1708 υἱέσι
1484 1685 1572 1718 μῆνας
1595 1682 1665 1710 ἑπτὰ
1689 1682 1733 1711 καὶ
1760 1682 1850 1720 μικρόν
1864 1693 1886 1710 τι

1073 1734 1108 1751 πο
1129 1735 1151 1751 ς.

1071 1734 1151 1762 προς.

1107 1787 1246 1824 Ῥωμανὸς
1268 1786 1297 1815 δὲ
1321 1788 1334 1814 ὁ
1361 1787 1493 1826 Διογένης
1518 1789 1589 1816 οὕτω
1603 1791 1659 1817 τῶν
1677 1791 1819 1828 σκήπτρων
1833 1789 1885 1817 tm-

1070 1833 1162 1870 τυχὼν
1193 1831 1241 1860 οὐκ
1267 1831 1378 1859 ἔλαττον
1406 1835 1458 1860 τῶν
1490 1833 1515 1860 ἐν
1545 1834 1609 1861 ποσὶ
1647 1835 1813 1872 πραγμάτων
1838 1837 1883 1868 τῆς

1072 1880 1269 1914 στρατιωτικῆς
1290 1876 1334 1903 καὶ
1360 1876 1480 1912 εὐταξίας
1502 1877 1641 1916 ἐφρόντισε
1663 1878 1708 1906 καὶ
1731 1879 1883 1911 συστάσεως,

1071 1921 1120 1948 κᾶν
1149 1921 1190 1948 ὅτι
1221 1921 1339 1957 μάλιστα
1369 1920 1513 1959 συνέδρους
1540 1922 1599 1959 εἶχε
1625 1922 1691 1954 τοὺς
1720 1923 1882 1961 προγονοὺς,

1070 1964 1200 2004 ἐφέδρους
1225 1964 1253 1993 δὲ
1276 1964 1382 2002 μᾶλλον
1407 1965 1490 1993 εἰπεῖν
1507 1965 1699 2004 ἀληθέστερον,
1715 1967 1760 1995 καὶ
1785 1968 1828 1995 τὸν
1840 1968 1882 1995 τοῦ

1069 2007 1351 2048 προϐεϐασιλευκότος
1380 2009 1496 2048 ἀδελφὸν
1526 2011 1654 2046 Ἰωάννην
1685 2012 1730 2039 τὸν
1763 2011 1881 2048 Καίσαρα,

1069 2055 1095 2082 οἳ
1110 2055 1154 2082 καὶ
1184 2053 1311 2091 ἐμποδὼν
1341 2054 1413 2090 αὐτῷ
1442 2054 1488 2081 ἀπ’
1517 2055 1606 2093 ἀρχῆς
1635 2054 1703 2094 ἄχρι
1726 2055 1818 2087 τέλους
1842 2065 1882 2092 γε-

1068 2099 1174 2137 γόνασι,
1199 2099 1244 2126 καὶ
1266 2100 1299 2126 τὰ
1320 2099 1459 2136 Ῥωμαϊκᾶ
1488 2102 1578 2131 κακῶς
1602 2099 1722 2132 διέθεσαν
1747 2099 1881 2138 πράγματα

1068 2144 1113 2171 καιὶ
1137 2143 1176 2175 εἰς
1204 2144 1218 2171 ’ὀ
1243 2146 1288 2171 νῦν
1318 2144 1409 2181 ὁρᾶται
1434 2142 1686 2183 ἔχονταηἬρξατο
1708 2145 1759 2182 γὰρ
1779 2143 1839 2175 τούς
1856 2153 1881 2170 τι

1068 2187 1255 2226 ἀλογωτὲρους
1285 2186 1435 2223 δεξιοῦσθαι
1463 2188 1506 2215 καὶ
1536 2190 1594 2220 τοῖς
1622 2187 1752 2228 ἐχίφροσι
1777 2188 1819 2215 καὶ
1839 2197 1880 2214 πε-

186 2235 248 2270 qui,
265 2236 294 2262 et
309 2232 377 2260 belli
403 2239 526 2259 munera
545 2231 704 2266 suscipere,
721 2232 749 2257 et
763 2229 875 2265 legatos
897 2239 1010 2266 parare,

1107 2233 1241 2271 ,ραμένοις
1270 2231 1378 2269 ὁμιλεῖν
1406 2234 1459 2259 τῶν
1491 2235 1676 2269 στρατιωτῶν,
1707 2233 1751 2260 καὶ
1773 2232 1880 2268 πολεμι-

186 2282 275 2315 atque
290 2277 421 2313 undique
444 2276 579 2304 hostibus
600 2275 714 2302 aditum
740 2274 944 2302 intercludere.
961 2275 1012 2303 His

186 2324 223 2350 de
237 2323 333 2351 causis
348 2321 464 2349 duobus
488 2319 597 2348 exactis
622 2319 784 2352 mensibus,
801 2319 927 2348 Orientis
942 2328 1013 2348 cura

184 2367 284 2403 ipsum
309 2367 397 2402 cepit,
412 2368 441 2392 et
456 2363 576 2392 ultionis
593 2363 775 2398 justitirsque
798 2363 876 2391 zelus
893 2364 1012 2392 delicias

185 2414 214 2439 et
230 2411 320 2439 animi
336 2409 497 2442 mollitiem,
511 2416 573 2443 quae
586 2408 615 2434 in
627 2408 698 2434 urbe
714 2408 794 2442 regia
809 2407 914 2442 inerat,
927 2408 1010 2443 vicit;

185 2456 263 2491 quod
285 2454 404 2490 quidem
429 2461 532 2481 omnes
558 2451 691 2488 perculit,
709 2451 784 2479 celer
799 2451 933 2480 videlicet
958 2462 1012 2488 ap-

183 2502 305 2536 paratus
319 2501 348 2526 et
363 2498 444 2530 ordo,
457 2505 544 2532 quem
560 2496 685 2524 maxime
701 2496 865 2524 necessario
882 2497 1012 2532 require-

184 2545 256 2572 bant
270 2552 316 2571 res
341 2542 500 2570 Antiochiae
515 2543 544 2568 et
558 2540 665 2568 Cilicia:
685 2540 920 2576 excursionibus,
936 2549 1011 2576 quas

181 2588 318 2624 superius
342 2586 482 2618 diximus,
507 2585 671 2621 defatigatus
694 2587 723 2613 et
747 2585 776 2612 in
801 2588 928 2614 extrema
957 2587 1008 2614 ad-

180 2633 275 2660 ductae
290 2631 471 2660 discrimina.
488 2630 532 2657 Ad
553 2633 650 2666 partes
674 2631 772 2657 autem
789 2630 883 2665 magis
908 2631 1007 2659 Borea

188 2677 339 2712 subjectae
352 2676 414 2712 ipse
430 2674 568 2703 sultanus
583 2682 649 2702 cum
661 2673 742 2702 omni
755 2674 881 2702 exercitu
898 2674 1008 2712 irrupit

180 2730 284 2760 graves
304 2729 404 2750 secum
433 2719 533 2756 copias
557 2721 586 2747 et
608 2719 717 2755 quibus
745 2718 843 2746 resisti
871 2720 1003 2755 nequire,

180 2767 341 2799 adducens.
355 2767 389 2793 Et
403 2765 439 2793 ad
454 2764 528 2793 ﬁnes
540 2765 738 2792 Romanorum
753 2765 897 2792 autumno
914 2773 1009 2797 acces.

1067 2280 1120 2306 κῶν
1150 2277 1234 2315 ἔργων
1264 2277 1433 2314 ἀντέχεσθαι,
1462 2274 1628 2315 πρεσϐευτάς
1654 2288 1684 2305 τι
1713 2277 1878 2314 ἑτοιμάζειν,

1066 2323 1111 2350 καὶ
1154 2322 1320 2359 πανταχόθεν
1366 2323 1424 2352 τοῖς
1464 2320 1593 2354 ἐναντίοις
1633 2321 1809 2359 ἐπιτιιχίζειν
1835 2321 1878 2353 τὴν

1066 2366 1198 2405 πάροδον.
1215 2367 1264 2393 Διὰ
1288 2365 1371 2394 ταῦτά
1398 2376 1440 2393 τοι
1471 2364 1514 2393 διὰ
1542 2365 1589 2393 δύο
1603 2369 1699 2403 μηνῶν
1713 2365 1878 2403 παρολκηνὴ

1066 2415 1115 2446 τῆς
1133 2411 1216 2447 Ἐῲας
1231 2411 1311 2438 αὐτὸν
1338 2409 1446 2447 δέχεται
1462 2410 1627 2448 Προποντὶς,
1643 2411 1688 2438 καὶ
1704 2411 1717 2438 ό
1739 2409 1820 2445 ζῆλος
1833 2411 1879 2443 τῆς

1067 2454 1186 2487 ἐκδικίας
1210 2454 1317 2490 ἐνίκησε
1340 2455 1389 2489 τὴν
1412 2454 1437 2482 ιν
1462 2456 1497 2492 τῇ
1524 2454 1644 2492 βασιλίδι
1668 2455 1772 2493 τρυφήν
1793 2464 1820 2481 τε
1838 2452 1878 2480 καὶ

1067 2498 1212 2536 θυμηδίαν.
1238 2500 1272 2528 Ὀ
1295 2499 1339 2526 καὶ
1365 2498 1465 2530 πάντας
1490 2498 1668 2536 κατέπληξεν,
1684 2500 1701 2534 ἡ
1723 2501 1817 2536 ταχεῖα
1832 2495 1878 2531 δη-

1067 2543 1137 2579 λαδὴ
1175 2542 1318 2580 ίτοιμασία
1346 2544 1391 2571 καὶ
1418 2541 1535 2578 διάταξις
1562 2543 1607 2570 καὶ
1636 2543 1788 2581 παρασκευὴ
1818 2540 1880 2577 πρὸς

1066 2589 1184 2626 ἀνάγκης
1213 2588 1287 2623 αὐτῷ
1315 2588 1446 2625 γενομένη
1476 2586 1596 2622 πολλῆς.
1621 2589 1663 2625 [Ρ.
1685 2588 1760 2623 823].
1783 2586 1821 2614 Td
1836 2584 1879 2621 μὲν

1065 2634 1133 2660 κατὰ
1146 2634 1196 2668 τὴν
1221 2633 1392 2669 Ἀντιόχειαν
1417 2632 1461 2659 καὶ
1489 2631 1614 2659 Κιλικίαν
1638 2634 1696 2662 ταῖς
1720 2628 1878 2668 προειρημέ-

1065 2688 1122 2709 ναις
1146 2676 1294 2715 ἑκδρομαῖς
1318 2673 1487 2712 ἁπειρηκὸτα
1508 2675 1534 2703 ἐν
1550 2675 1674 2714 ἐσχάτοις
1698 2673 1838 2704 κινδύνοις·
1855 2672 1877 2699 ἐν

1066 2721 1094 2750 δὶ
1118 2724 1177 2753 τοῖς
1204 2722 1385 2759 Βοριιοτὲροις
1412 2720 1492 2752 αὐτὸς
1517 2721 1530 2748 ὁ
1558 2721 1705 2752 σουλτάνος
1721 2718 1878 2755 πανστρατιᾷ

1065 2766 1222 2803 ἐξελήλυθα,
1243 2765 1371 2803 δυνάμεις
1393 2766 1468 2804 ἄγων
1493 2764 1671 2798 ἀνυποίστους
1694 2764 1739 2793 καὶ
1765 2762 1878 2802 βαρείας,
