1936 3050
48 132 111 161 39⁵1

812 132 1009 163 HISTORIA.

1703 135 1763 166 398

45 196 94 223 καὶ
115 199 176 226 τοῖς
203 196 293 233 ὁρίοις
314 197 366 223 τῶν
394 195 537 232 Ῥωμαίων
561 198 601 232 τῷ
624 198 711 233 καιρῷ
734 198 783 224 τοῦ
802 207 809 224 ι

994 200 1023 232 it,
1039 201 1071 226 ut
1095 199 1136 226 ibi
1152 199 1346 232 hiemaret,et
1370 201 1490 228 ineunte
1503 208 1570 228 vere
1585 204 1618 229 ut
1632 202 1708 229 668
1725 210 1758 230 ex

45 241 160 278 οπώρου
186 240 362 277 προσῄνωτο,
381 239 552 278 βουλόμενος
578 240 783 278 παραχειμάσαι
798 240 884 268 έκεῖσε

42 285 90 312 καὶ
113 284 272 322 ἀρχομένου
294 287 344 312 τοῦ
369 283 447 322 ἔαρος
471 287 618 323 προσεχῶς
643 282 811 323 προσϐαλεῖν
837 291 884 318 καὶ

45 328 136 367 ἄρδην
160 328 309 366 ἀνατρέψαι
335 330 387 364 τὴν
411 329 556 366 Ῥωμαίων
579 330 624 357 καὶ
647 330 782 358 καθελεῖν.
803 330 833 358 Ὀ
855 328 884 357 δὲ

47 373 180 411 βασιλεὺς
209 374 322 410 στρατὸν
348 373 517 412 ἐπαγόμενος
540 374 593 412 οὐχ
607 375 667 402 οἷον
684 374 756 405 εΐκὸς
771 374 816 402 τὸν
835 375 869 411 βα

47 417 126 445 σιλέα
148 418 303 454 Ῥωμαίων,
328 417 393 445 ἀλλ’
417 419 476 446 οἷον
499 422 629 457 παρεῖχεν
652 419 666 446 ὁ
689 419 783 456 καιρὸς
805 417 837 446 ’έκ
851 414 883 461 τέ

44 461 210 490 Μακεδόνων
250 462 295 489 καὶ
336 461 506 500 Βουλγάρων
536 463 581 490 καὶ
619 461 806 491 Καππαδοκῶν
836 470 883 497 καῖ

44 505 141 542 Οὖζων
168 506 214 534 καὶ
240 508 294 534 τῶν
322 505 416 534 ἄλλων
440 505 654 546 παρατυχόντων
674 507 797 542 ἐθνικῶν,
813 508 882 544 πρὸς

44 550 73 578 δὲ
88 551 135 578 καὶ
154 551 287 589 Φράγγων
309 551 355 578 καὶ
380 551 540 589 Βαράγγων,
562 555 612 587 τῆς
638 551 703 580 ὁδοῦ
726 550 882 582 σπουδαίως

43 595 182 634 ἐφήψατο.
210 595 259 623 Καὶ
295 597 470 633 συνήχθησαν
497 595 526 624 δὲ
550 597 575 623 οἱ
603 596 700 627 πάντες
730 595 880 632 κιλεῦματι

44 639 183 678 βασιλικῷ
210 639 235 667 ἐν
255 641 290 677 τῇ
313 640 421 677 Φρυγίᾳ
435 639 500 675 ἤτοι
525 643 565 677 τῷ
581 641 678 677 θέματι
693 643 746 668 τῶν
763 639 879 668 Ἀνατο“

41 683 141 719 λικῶν,
159 683 223 717 ἔνθα
238 684 284 711 καὶ
308 684 341 718 ἧν
369 683 436 711 rem
449 685 481 711 τὸ
501 683 668 723 παράδοξον,
683 685 746 716 τοὺς
764 681 878 719 διαϐοή-

41 739 106 760 τους
129 728 296 766 προμάχους
311 731 366 756 τῶν
383 728 527 765 Ῥωμαίων
543 731 597 756 τῶν
613 732 700 757 πᾶσαν
720 730 770 764 τήν
791 729 878 765 ’Κῴαν

43 774 88 801 καὶ
104 774 156 808 τὴν
173 773 307 810 Ἑσπέραν
330 772 618 810 καταδουλωσαμένων
644 774 670 809 έξ
685 773 788 811 ὀλίγων
811 783 879 811 συγ-

43 818 189 855 κειμένους
227 816 344 855 ἀνδρῶν,
381 818 427 846 καὶ
466 817 570 845 τούτων
608 818 813 856 συγκεκυφότων
843 819 876 854 τῇ

41 863 122 898 πενίᾳ
157 862 204 889 καὶ
240 862 377 900 κακουχίᾳ
410 862 456 890 καὶ
485 862 639 894 πανοπλίας
667 861 878 900 ἑστερημένων,

40 912 100 940 ἀντὶ
128 913 274 950 μαχαιρῶν
298 911 344 939 καὶ
368 910 461 939 ἄλλων
487 911 611 949 ὀργάνων
635 912 795 948 πολιμικῶν
809 935 816 946 ,
840 911 872 939 τὸ

39 958 89 988 τῆς
104 959 217 995 Γραφῆς
232 955 313 993 έρεῖν,
331 953 440 991 ζιϐύνας
462 956 508 984 καὶ
534 956 652 994 δρέπανα
675 956 725 984 οὐκ
743 956 770 984 ἰν
784 959 871 993 καιρῷ

40 1001 156 1038 εἰρήνης
177 1000 372 1039 ἐπαγομένους,
400 999 489 1028 ’ίππου
515 1011 544 1028 τε
569 999 723 1037 πολιμικοῦ
752 1001 796 1028 καὶ
823 1002 873 1033 τῆς

40 1045 133 1081 ἄλλης
163 1046 335 1082 παρασκευῆς
369 1044 467 1076 ἐνδεῶς
496 1043 622 1083 ἔχοντας,
652 1046 697 1073 ἅτε
724 1046 762 1082 μὴ
792 1055 872 1083 στρα-

40 1090 211 1126 τευσαμένου
240 1088 376 1127 βασιλέως
405 1089 435 1117 έκ
462 1089 583 1124 πολλοῦ,
609 1090 654 1118 καὶ
681 1089 726 1117 διὰ
739 1092 819 1118 τοῦτο
836 1090 874 1122 ὡς

41 1135 192 1172 ἀχρήστων
220 1134 265 1161 καὶ
295 1133 448 1162 eamdem
475 1135 519 1161 καὶ
547 1134 593 1162 τὸν
624 1134 757 1171 ὀψωνικὸν
785 1134 872 1162 αὐτῶν

41 1178 261 1217 παραιρεθιντων
300 1179 346 1206 καὶ
374 1179 406 1206 τὸ
441 1179 563 1206 ἀνέκαθεν
591 1179 742 1216 σιτηρέσιον
775 1179 873 1215 (δειλοὶ

42 1225 92 1261 γὰρ
123 1224 172 1251 καὶ
200 1223 341 1255 ἀνάλκιδες
363 1223 408 1251 καὶ
431 1224 500 1261 πρὸς
526 1223 602 1251 οὖδὶν
628 1227 750 1261 γενναῖον
776 1234 875 1262 χρησιη

45 1268 174 1306 μεῦοντες
199 1267 415 1307 κατιφαίνοντο)·
440 1268 485 1295 καὶ
510 1268 592 1300 αὐτὰς
610 1269 657 1299 τὰς
673 1268 791 1304 σημαίας
808 1278 876 1295 σιω-

44 1316 144 1351 πηρῶς
183 1314 398 1351 ἀποφθέγγεσθαι
436 1313 550 1350 πιναρὰς
600 1314 741 1351 ὁρωμένας
786 1313 875 1351 ὥσπερ

44 1359 97 1386 ἀπὸ
113 1357 228 1395 λιγνύος
242 1357 417 1396 ἐζοφωμίνας
433 1360 548 1391 καπνοῦ,
564 1358 609 1385 καὶ
624 1357 744 1389 ὀπαδοὺς
759 1357 876 1395 ἐχούσας

46 1403 254 1441 εὐαριθμήτους
283 1402 328 1429 καὶ
359 1402 519 1440 πενιχρούς.
547 1404 635 1430 Ταῖγτα
662 1405 721 1433 τοῖς
745 1404 876 1439 παροῦσιν

49 1448 180 1484 ὁρώμενα
209 1446 317 1481 πολλὴν
349 1446 465 1483 ἀθυμίαν
492 1450 632 1485 προσῆγον
658 1447 703 1474 καὶ
728 1446 876 1481 ἐνεποίουν,

47 1495 294 1534 ἀναλογιζομένοις
320 1495 346 1531 έξ
377 1495 442 1523 οἵων
467 1499 517 1523 ποῖ
544 1497 729 1531 κατηντήκασι
753 1495 787 1523 τὰ
809 1496 877 1524 Ῥω-

49 1541 137 1577 μαίων
152 1539 332 1578 στρατόπεδα,
357 1540 401 1568 καὶ
426 1540 502 1572 αὖθις
527 1541 588 1568 τίνα
606 1541 707 1578 τρόπον
723 1540 775 1568 κάκ
789 1539 876 1567 ποίων

45 1586 204 1624 χρημάτωι
219 1585 262 1612 καὶ
289 1584 334 1612 διὰ
356 1585 442 1612 πόσου
465 1587 514 1612 τοῦ
538 1585 641 1623 χρόνου
662 1585 700 1616 είς
714 1585 745 1612 τὸ
761 1585 875 1623 ἀρχαῖον

47 1628 287 1665 έπανελεύσονται,
308 1631 364 1656 τῶν
390 1629 437 1666 μὲν
464 1629 650 1667 γηραιοτὲρων
678 1640 722 1657 και
747 1639 878 1667 πεπειρα-

51 1675 137 1711 μένων
168 1673 299 1712 ἀφίππων
329 1671 413 1701 ὄντων
443 1674 489 1701 καὶ
514 1673 613 1711 ψιλῶν,
639 1677 690 1709 τῆς
716 1673 744 1701 δὲ
763 1673 878 1704 νεαλοῦς

46 1721 178 1756 στρατιᾶς
208 1717 431 1756 ἀπειροπολέμου
461 1718 656 1753 καθεστηκυίας
685 1718 730 1746 καὶ
757 1720 810 1745 τῶν
829 1728 880 1745 πο-

49 1765 175 1800 λεμικῶν
202 1763 254 1791 οὐκ
275 1761 371 1795 ἐθαδος
388 1762 511 1801 ἀγώνων.
540 1763 588 1790 Καὶ
610 1762 685 1794 αὖθις
709 1763 741 1790 τὸ
763 1763 817 1790 τῶν
833 1762 881 1789 ἀν-

48 1808 253 1846 τιτεταγμένων
275 1806 534 1845 φιλοκινδυνότατον
562 1807 588 1835 ὶν
612 1806 758 1843 πολέμοις,
784 1807 881 1843 ἐπίμο-

51 1864 96 1881 νον
126 1853 174 1880 καΐ
204 1850 335 1890 ἔμπειρον
365 1852 409 1880 καὶ
440 1850 604 1887 έπιτήὸειον.
635 1853 769 1883 Πάντοθεν
797 1850 842 1878 οὖν
867 1851 882 1878 ὁ

53 1901 183 1939 βασιλεὺς
211 1901 429 1940 ἑξαπορούμενος
454 1900 530 1938 ὅμως
557 1900 602 1928 διὰ
624 1901 673 1935 τὴν
695 1902 791 1935 κοινήν
806 1895 882 1927 lucri-

52 1947 162 1974 τέλειαν
186 1943 290 1983 ἔκρινεν
317 1946 355 1977 ὡς
382 1945 444 1981 ἐνῆν
468 1948 526 1977 τοῖς
546 1945 657 1983 ἐχθροῖς
671 1945 884 1981 ἀντιπαρατάξα-

56 1997 116 2024 σθαι
131 1991 179 2018 καὶ
203 1992 253 2026 τῆς
275 1990 385 2026 πολλῆς
407 1990 504 2021 αὐτοὺς
530 1992 624 2021 ποσῶς
647 1990 820 2028 ἀναγαιτίσαι
840 1990 884 2017 καὶ

57 2036 215 2064 ἀναστεῖλαι
254 2035 353 2073 ὅρμῆς.
380 2035 449 2067 Τοὺς
475 2035 526 2073 γὰρ
554 2034 691 2066 ἐναντίους
726 2034 886 2072 ἀγνοοῦντας

54 2081 86 2108 τὰ
111 2079 186 2108 ο’ίκοι
209 2079 255 2107 τὸν
281 2079 393 2117 βασιλέα
414 2080 542 2115 πιέζοντά
566 2090 596 2107 τε
620 2081 660 2114 [Ρ.
677 2080 741 2116 824]
757 2079 801 2106 καὶ
827 2078 886 2111 θλί-

59 2123 142 2153 6οντι
158 2125 176 2159 ἠ
197 2124 283 2162 ἀθρόα
306 2124 404 2152 τούτου
434 2125 508 2162 ὁρμή
536 2134 566 2151 τε
588 2123 632 2151 καί
658 2121 756 2161 ἔφοδος
780 2122 886 2160 μᾶλλον

58 2169 214 2206 ἐξέπληξεν,
245 2168 396 2206 οἰηθέντας,
427 2169 518 2207 ὥσπερ
547 2169 593 2196 καὶ
622 2169 731 2207 ὕστερον
763 2169 887 2205 μεμαθή-

59 2225 156 2251 καμεν,
179 2213 222 2241 ὅτι
245 2212 377 2241 κινδύνων
404 2213 483 2245 οὗτος
499 2215 513 2241 ὁ
533 2212 676 2251 ἅνθρωπος
692 2211 789 2240 οὐδένα
804 2212 887 2250 λόγον

938 243 1103 279 propinquo
1119 247 1218 279 posset
1237 244 1373 272 invadere
1388 247 1416 272 et
1431 244 1549 281 penitus
1564 245 1762 274 Romanorum

938 296 986 316 res
1000 291 1130 316 evertere
1154 297 1186 316 ac
1210 289 1354 317 demoliri.
1372 289 1533 325 Imperator
1546 292 1643 318 autem
1669 290 1763 318 addu-

939 340 1007 360 cens
1021 333 1193 366 exercitum,
1209 342 1267 361 non
1289 333 1405 369 qualem
1421 334 1542 362 decebat
1561 334 1762 362 Romanorum

938 376 1156 412 imperatorem.
1171 378 1221 405 sed
1237 378 1353 413 qualem
1365 387 1494 414 praesens
1507 379 1622 406 occasio
1638 378 1765 414 praebuit

937 429 972 448 ex
992 421 1201 450 Macedonibus
1225 425 1253 450 et
1278 422 1413 459 Bulgaria
1436 425 1465 451 et
1489 423 1711 458 Cappadocibus
1735 425 1765 451 et

938 465 1004 494 Uzis
1015 469 1043 494 et
1056 466 1132 500 aliis,
1145 469 1178 494 ut
1190 467 1249 494 fors
1261 467 1377 501 tulerat,
1390 468 1573 500 nationibus,
1583 468 1765 504 iusuperque

937 518 952 537 e
969 510 1088 538 Francis
1100 513 1130 538 et
1145 511 1296 547 Bsrangis,
1311 512 1442 540 studiose
1458 513 1513 539 iter
1527 512 1662 548 arripuit,
1674 515 1703 539 et
1718 521 1766 540 co-

937 555 992 582 acti
1008 557 1078 582 sunt
1101 555 1287 591 imperatoris
1307 557 1395 591 jussu
1420 564 1523 584 omnes
1549 557 1598 591 qui
1624 559 1708 584 erant
1733 557 1764 584 in

936 599 1059 635 Phrygia
1088 609 1138 628 seu
1170 601 1318 636 provincia
1341 601 1544 628 Orientalium.
1562 601 1615 628 Ubi
1645 609 1765 629 cernere

935 646 1047 680 poterat
1064 645 1160 672 nescio
1174 645 1243 680 quid
1261 645 1443 679 incredibile,
1455 645 1584 673 celebres
1601 644 1667 673 illos
1681 647 1763 672 ante-

935 688 1075 724 signanos
1098 689 1306 722 Romanorum,
1321 690 1370 725 qui
1395 697 1512 717 omnem
1528 692 1557 717 et
1571 690 1717 717 Orientem
1734 692 1764 717 et

934 732 1121 761 Occidentem
1146 734 1175 761 in
1199 734 1369 762 servitutem
1394 735 1576 769 redegerant,
1599 742 1634 762 ex
1659 733 1763 770 paucis

933 777 1003 805 viris
1027 778 1174 810 collectos,
1194 779 1289 814 iisque
1314 781 1486 814 paupertate
1500 780 1529 806 et
1542 778 1695 807 vexatione
1710 779 1762 806 de-

932 822 1034 850 missis
1047 826 1135 858 atque
1154 823 1234 850 omni
1258 831 1408 850 armorum
1423 831 1530 859 genere
1545 822 1691 859 spoliatis,
1708 831 1762 859 pro

932 866 1039 902 gladiis
1063 869 1092 894 et
1116 867 1181 895 aliis
1197 867 1310 895 bellicis
1326 868 1428 900 armis,
1447 871 1479 895 ut
1503 868 1655 903 Scriptura
1678 867 1762 900 dicit,

927 910 1027 946 jacula
1041 914 1070 939 et
1085 911 1174 939 falces
1199 919 1256 939 non
1280 915 1412 947 tempore
1429 911 1508 947 pacis
1533 911 1761 946 adducentibus,

927 961 956 987 et
984 959 1088 987 bellico
1116 959 1250 996 equitatu
1280 959 1395 996 alioque
1428 960 1632 996 indigentibus
1669 968 1764 996 appa-

927 1006 1004 1037 ratu,
1021 1004 1130 1040 quippe
1154 1012 1221 1031 cum
1247 1004 1408 1040 imperator
1437 1004 1506 1032 illuc
1533 1013 1600 1032 cum
1625 1004 1756 1032 exercitu

923 1048 1103 1084 jampridem
1120 1049 1267 1084 profectus
1292 1057 1349 1076 non
1374 1051 1462 1083 esset,
1478 1051 1506 1077 et
1528 1049 1583 1076 hac
1607 1049 1643 1076 de
1667 1056 1756 1077 causa

928 1093 989 1121 illis
1004 1095 1144 1128 tanquam
1161 1093 1314 1121 inutilibus
1333 1094 1471 1129 adempta
1491 1095 1589 1121 essent
1603 1093 1713 1121 cibaria
1728 1095 1757 1120 et

929 1137 979 1173 qui
995 1137 1116 1172 praeberi
1135 1139 1327 1165 consueverat
1342 1140 1524 1166 commeatus
1540 1146 1547 1165 :
1564 1138 1661 1165 timidi
1677 1137 1755 1165 enim

929 1185 958 1210 et
977 1181 1137 1210 imbecilles
1165 1184 1194 1209 et
1222 1180 1257 1210 ad
1288 1182 1400 1210 nullam
1430 1191 1491 1210 rem
1516 1185 1666 1210 strenuam
1688 1181 1756 1210 usui

931 1228 1143 1260 censebantur;
1173 1227 1213 1254 ita
1242 1230 1273 1254 ut
1305 1227 1392 1254 etiam
1427 1227 1491 1261 ipsa
1524 1227 1610 1263 signa
1638 1225 1756 1254 silentio

931 1271 1160 1306 responderent,
1194 1271 1315 1298 sordida
1347 1274 1519 1306 conspecta,
1546 1273 1686 1306 tanquam
1721 1270 1758 1298 ab

931 1315 1059 1343 extincto
1086 1315 1199 1343 lumine
1223 1316 1378 1343 obscurato
1403 1315 1494 1350 fumo,
1511 1318 1540 1343 et
1568 1323 1676 1351 paucos
1705 1314 1760 1342 ha-

932 1360 1031 1387 bentia
1059 1359 1211 1387 ministros
1239 1368 1349 1395 eosque
1378 1368 1531 1396 pauperes.
1549 1359 1614 1387 Hec
1642 1359 1679 1386 iis
1708 1359 1758 1394 qui

932 1405 1054 1432 aderant
1093 1404 1283 1432 cernentibus
1323 1412 1411 1432 causa
1450 1406 1532 1432 erant
1565 1407 1596 1432 ut
1629 1404 1756 1432 multum

933 1449 1148 1484 desponderent
1177 1450 1310 1476 animum
1336 1452 1366 1476 et
1390 1450 1565 1481 metuerent,
1594 1449 1758 1483 cogitantes

933 1502 966 1521 ex
987 1501 1044 1529 quo
1064 1495 1142 1521 statu
1171 1494 1200 1520 in
1226 1501 1313 1529 quem
1339 1493 1449 1521 redacti
1474 1493 1534 1521 sint
1560 1493 1758 1521 Romanorum

934 1542 1009 1570 669
1028 1541 1182 1575 exercitus,
1199 1544 1228 1569 et
1243 1550 1346 1569 rursus
1370 1549 1498 1577 quanam
1524 1541 1636 1569 ratione
1651 1543 1681 1568 et
1695 1540 1760 1576 qui-

935 1589 990 1614 bus
1005 1586 1111 1622 opibus
1136 1588 1165 1614 et
1188 1588 1299 1622 quanto
1319 1589 1451 1622 tempore
1475 1586 1505 1613 in
1532 1586 1687 1621 antiquum
1701 1589 1761 1614 sta-

933 1634 996 1659 tum
1011 1631 1152 1658 vindicari
1178 1631 1303 1666 possint,
1319 1639 1386 1658 cum
1413 1631 1540 1666 maiores
1555 1633 1625 1658 natu
1641 1632 1670 1658 et
1683 1633 1761 1658 vete-

934 1676 998 1704 rani
1014 1675 1124 1703 milites
1145 1677 1174 1703 et
1196 1675 1280 1710 periti
1295 1678 1428 1703 carerent
1441 1675 1575 1710 equitatu
1592 1677 1621 1702 et
1634 1674 1763 1702 inermes

935 1723 1042 1753 essent,
1058 1720 1169 1748 tirones
1184 1722 1282 1747 autem
1305 1719 1433 1755 imperiti
1450 1727 1546 1755 neque
1570 1719 1685 1747 bellicis
1700 1727 1764 1747 cer-

935 1765 1098 1792 taminibus
1126 1764 1247 1792 assueti.
1278 1764 1318 1791 Ad
1349 1764 1404 1791 hoc
1433 1763 1617 1791 adversarios
1646 1771 1764 1799 quoque

937 1809 1062 1837 maxime
1088 1811 1222 1836 strenuos
1244 1810 1272 1836 et
1296 1809 1422 1836 audaces
1451 1809 1487 1836 ab
1512 1808 1667 1836 subeunda
1696 1807 1763 1836 belli

937 1853 1075 1890 pericula,
1091 1857 1121 1881 et
1145 1853 1267 1880 stabiles
1292 1855 1380 1889 atque
1404 1853 1515 1888 peritos
1529 1855 1558 1880 et
1572 1852 1693 1880 idoneos
1710 1861 1763 1880 no-

937 1901 1013 1926 rant.
1035 1899 1073 1925 Ex
1097 1897 1177 1925 omni
1208 1897 1298 1933 igitur
1323 1899 1404 1932 parte
1429 1904 1536 1932 anceps
1563 1898 1591 1923 et
1619 1896 1764 1924 sollicitus

937 1943 1096 1978 imperator
1119 1945 1216 1970 tamen
1242 1941 1406 1969 communis
1432 1941 1568 1968 utilitatis
1588 1949 1688 1976 causa,
1702 1943 1763 1969 sta-

938 1987 1007 2020 tuit,
1023 1990 1167 2023 quantum
1193 1987 1222 2014 in
1248 1995 1279 2014 se
1303 1988 1376 2019 erat,
1392 1988 1494 2014 contra
1522 1985 1620 2014 hostes
1643 1985 1763 2020 instrui,

939 2044 1101 2072 eorumque
1132 2043 1166 2062 ex
1195 2034 1292 2070 aliqua
1324 2037 1404 2070 parte
1437 2034 1587 2070 ingentem
1620 2034 1764 2069 impetum

940 2081 1143 2116 comprimere.
1159 2080 1194 2107 Et
1215 2079 1398 2107 adversarios
1419 2078 1549 2114 quidem,
1565 2078 1684 2114 ignaros
1699 2079 1765 2114 qui-

941 2127 998 2154 bus
1012 2124 1097 2152 malis
1108 2124 1186 2152 domi
1198 2127 1350 2152 vexaretur
1360 2131 1393 2151 ac
1407 2125 1588 2159 premeretur
1597 2123 1766 2159 imperator,

942 2170 1112 2206 repentinus
1137 2169 1232 2205 ipsius
1248 2172 1369 2196 conalus
1391 2170 1420 2195 et
1435 2167 1579 2194 adventus
1595 2167 1689 2202 magis
1704 2176 1768 2204 per-

942 2214 1058 2247 terruit,
1075 2216 1163 2248 ratos,
1177 2215 1209 2240 ut
1225 2215 1326 2249 postea
1341 2212 1510 2246 didicimus,
1527 2211 1675 2239 hominem
1692 2211 1771 2240 hunc

60 2259 221 2294 πεποίηται,
238 2257 300 2286 ἀλλ’
326 2256 404 2296 ἔαρος
429 2257 466 2286 ὣν
482 2258 617 2296 φοιτητθκ
640 2258 824 2292 καινοποιήσει

1006 2258 1139 2287 culorum
1152 2257 1263 2285 nullam
1276 2257 1419 2284 rationem
1432 2256 1673 2288 habiturum,sed
1682 2264 1770 2283 verno

61 2301 196 2339 ἆνηῦήσιι
223 2303 257 2330 τὰ
284 2303 428 2339 Ῥωμαίων
456 2302 602 2341 πράγματα
630 2303 673 2330 καὶ
708 2302 888 2337 ἆντισηκώσει

61 2352 119 2380 τοῖς
136 2348 251 2385 έχθροῖς
265 2347 298 2374 τὰ
313 2346 449 2385 έπίχειρα.
467 2348 538 2384 [Διά]
554 2348 639 2374 ταῦτα
653 2358 695 2374 τοι
711 2348 726 2374 ὁ
743 2347 790 2383 μὶν
807 2350 888 2374 σουλ-

59 2400 137 2424 τανος
164 2391 369 2429 ὀπισθόρμητος
394 2391 497 2429 γὲγονε,
526 2395 625 2429 μοῖραν
641 2391 669 2419 δέ
691 2402 752 2419 τινα
768 2391 888 2429 μεγάλην

59 2436 278 2473 ἀποτεμόμενος,
292 2436 336 2463 καὶ
349 2435 450 2471 ταύτην
463 2435 646 2474 διχῆδιιλὼν,
659 2437 709 2470 τήν
727 2437 774 2473 μὶν
789 2436 827 2467 εἲς
842 2437 892 2470 τήν

61 2486 153 2515 Ἀσίαν
182 2486 233 2519 τήν
261 2484 316 2512 ἅνω
344 2485 509 2524 νοτιωτέραν
540 2484 684 2522 έκπὲμπει,
713 2485 763 2519 τήν
793 2483 822 2512 δὲ
847 2485 894 2522 βο-

61 2531 200 2568 ρειοτέραν
227 2529 412 2568 παραγγέλλει
441 2529 574 2568 γενέσθαι.
602 2530 631 2556 '0
654 2529 682 2557 δὶ
709 2528 836 2567 βασιλεὺς
857 2528 894 2559 ὡς

62 2573 123 2609 ένῆν
137 2573 204 2604 τοὺς
221 2573 268 2600 σὺν
290 2573 364 2609 αὐτῷ
390 2572 547 2611 ἐπιρρώσας
570 2572 622 2610 ὅλῃ
644 2574 730 2611 χειρὶ,
752 2573 797 2600 καὶ
813 2573 895 2607 ἀξιώ-

65 2629 128 2654 μασι
155 2618 201 2645 καὶ
224 2617 325 2655 δώροις
347 2617 531 2656 ἀναοαρῥῆσαι
557 2617 728 2653 πεποιηκὼς,
752 2618 795 2645 καὶ
824 2617 896 2654 λοχ-

62 2663 142 2702 αγοὺς
188 2661 234 2690 καί
276 2662 424 2700 ταξιάρχας
466 2661 594 2700 ἀρίστους
635 2662 738 2698 ἑκάστῳ
778 2662 896 2700 τάγματι

61 2707 206 2744 έπιμιλῶς
227 2707 465 2745 προστησάμενος,
495 2706 522 2735 ἐν
548 2706 635 2744 ὀλίγῳ
663 2706 756 2744 χρόνῳ
771 2707 896 2743 στρατιὰν

62 2751 211 2789 ἀξιόλογον
239 2753 433 2788 κατεστήσατο,
459 2752 505 2779 καὶ
532 2752 590 2788 μετ’
618 2750 703 2786 αὐτῆς
733 2750 778 2779 ἐπὶ
795 2752 897 2789 Πέρσας

62 2796 271 2837 προθυμότερον
295 2795 424 2833 ἤλαυνεν.
440 2797 484 2830 Ὠς
507 2795 538 2825 εὶ
557 2796 590 2825 τὸ
614 2795 724 2836 βόρειον
747 2796 900 2836 στρατόπε-

941 2306 1073 2340 tempore
1088 2303 1295 2334 adventurum,
1309 2303 1518 2336 auctoremque
1533 2300 1593 2327 fore
1613 2302 1645 2327 ut
1666 2308 1772 2328 rursus

944 2349 1076 2376 Romana
1090 2355 1137 2374 res
1152 2346 1318 2374 efﬂorescat
1328 2348 1356 2373 et
1371 2345 1452 2381 paria
1468 2344 1601 2372 hostibus
1617 2345 1769 2380 rependat.

945 2397 1058 2429 Quibus
1074 2396 1109 2424 de
1124 2395 1222 2423 causis
1245 2394 1381 2422 sultanus
1406 2393 1536 2421 recessit.
1553 2392 1661 2420 Verum
1677 2393 1773 2421 divisa

946 2441 1025 2469 haud
1041 2441 1145 2476 exigua
1159 2440 1303 2467 exercitus
1325 2446 1414 2466 manu
1438 2438 1466 2464 in
1490 2438 1563 2465 duas
1579 2440 1687 2473 partes,
1703 2437 1773 2466 alte-

947 2494 1010 2514 ram
1027 2486 1056 2513 in
1073 2485 1172 2512 Asiam
1188 2483 1368 2520 superiorem
1389 2483 1425 2510 ad
1451 2483 1557 2510 Istrum
1575 2483 1670 2518 magis
1685 2483 1773 2510 sitam

948 2530 1066 2564 emittit,
1083 2530 1204 2557 alteram
1221 2529 1255 2556 ad
1274 2531 1371 2565 partes
1394 2527 1489 2563 magis
1504 2526 1701 2562 aquilonares.
1719 2528 1775 2556 Im-

949 2577 1066 2611 perator
1089 2577 1186 2602 autem
1210 2573 1284 2605 suis.
1309 2575 1454 2608 quantum
1480 2571 1573 2605 licuit,
1597 2572 1778 2600 conﬁrmatis

950 2619 1030 2648 omni
1053 2621 1196 2654 potestate
1210 2621 1239 2645 et
1253 2617 1397 2653 dignitate
1413 2624 1446 2644 ac
1462 2615 1645 2650 muneribus,
1657 2619 1685 2644 et
1700 2617 1778 2644 bono

952 2664 1051 2692 animo
1067 2671 1131 2691 esse
1146 2663 1252 2698 jussis,
1268 2661 1547 2697 manipulorumque
1563 2660 1736 2688 ductoribus
1751 2664 1781 2689 et

952 2707 1073 2744 optimis
1084 2707 1228 2743 prsal'ectis
1240 2706 1401 2741 unicuique
1411 2705 1522 2741 legioni
1535 2704 1691 2740 diligenter
1701 2706 1784 2733 attri-

953 2752 1131 2786 butis,brevi
1146 2755 1278 2788 tempore
1293 2750 1432 2778 idoneum
1447 2749 1594 2778 contraxit
1609 2749 1783 2781 exercitum,

953 2800 982 2828 et
996 2805 1064 2827 eum
1079 2797 1144 2834 ipso
1159 2797 1190 2825 in
1205 2799 1310 2825 Persas
1330 2794 1460 2824 alacrius
1482 2793 1735 2830 proﬁciscebatur.
1750 2793 1787 2822 Ut
