1936 3050
174 110 234 140 399

824 111 987 140 JOANNIS
1011 109 1225 140 SCYLlTZ/E.

1826 109 1885 139 400

176 183 244 203 vero
272 175 399 203 Borealis
429 175 573 203 exercitus
601 176 786 212 imperatoris
815 177 940 204 successi

1133 173 1180 204 τὰς
1207 176 1256 201 τοῦ
1295 174 1428 211 βασιλέως
1462 173 1596 212 προόδοος
1623 174 1786 212 παρέσχετο,
1813 172 1885 212 ἔγνω

178 221 255 248 670
277 220 358 254 favit,
383 221 487 248 statuit
510 221 648 256 deinceps
676 221 818 257 Diogenes
847 221 876 248 in
906 223 1002 258 partes

176 265 321 294 australes
337 273 387 293 eos
402 265 538 294 invadere
561 266 611 301 qui
627 265 812 302 Coclesyriam
827 268 856 294 et
870 266 1003 294 Ciliciam

174 311 328 346 ipsamque
340 310 524 338 Antiochiam
538 310 760 346 pradabantur;
772 310 932 346 relictaque
957 311 1003 338 via

175 363 239 390 quas
255 357 333 382 recta
349 354 430 382 ducit
440 353 589 382 Coloniam
605 357 633 382 et
644 355 817 388 Sebastiam,
830 355 866 382 ad
880 355 1003 390 Lycandi

175 400 324 435 regionem
340 398 474 432 accessit,
489 399 588 426 aestivo
601 401 751 435 tempore:
769 401 912 427 autumno
923 399 1001 427 enim

175 443 322 479 cogitabat
337 443 366 470 in
383 443 495 479 Syriam
518 443 664 477 invadere,
686 452 722 471 ne
744 444 816 471 forte
831 446 904 472 aestu
919 453 1003 472 vexa-

175 489 224 515 tus
239 487 385 515 exercitus
401 495 505 523 parum
522 496 661 523 prospere
681 496 726 515 res
746 491 858 524 gereret
873 490 901 516 et
914 489 1002 516 detri-

176 535 274 559 mento
298 531 376 560 haud
408 532 548 559 mediocri
579 532 753 560 afﬁceretur.
782 534 895 561 Interea
918 533 1004 561 Turci

176 576 393 606 Neocaesaream
423 585 458 604 ex
492 577 650 612 improviso
680 577 774 604 adorti
803 580 946 608 evertunt.
976 579 1004 606 et

175 620 335 649 multorum
351 621 481 649 virorum
506 629 655 657 opumque
679 622 763 657 potiti
782 624 861 657 sunt,
878 623 1004 650 abducta

177 665 304 694 maxime
328 666 439 702 ingenti
464 666 626 702 spoliorum
650 667 760 702 prmda;
777 666 854 702 quod
872 675 937 694 cum
966 668 1002 695 ad

177 719 264 739 aures
280 711 467 746 imperatoris
480 711 646 745 accidisset,
659 713 782 738 multum
800 711 840 738 illi
856 720 942 739 casus
956 712 1002 739 hic

178 755 270 783 animi
299 755 529 783 sollicitudinem
559 754 665 788 attulit,
681 755 759 790 quod
778 756 913 791 quamvis
937 764 1001 784 cum

176 799 303 828 exercitu
326 799 495 836 prodiisset,
513 798 703 827 nihilominus
727 799 827 828 hostes
851 800 999 836 regionem

173 857 259 878 suam
275 857 307 877 se
327 849 511 885 inspectante
526 852 671 877 vexarent.
686 849 816 878 Tandem
832 851 932 887 copias
953 861 1003 888 per

175 894 298 922 semitas
327 901 447 921 accessu
473 893 608 921 difﬁciles
631 894 721 921 veluti
747 894 869 922 habenis
889 904 905 923 a
925 899 1010 933 tergo

175 938 313 967 retractis
329 937 458 972 reduxit;
476 946 601 973 cumque
616 938 754 966 Sehastiae
770 940 1006 977 appropinquas-

174 986 231 1017 set,
248 983 389 1011 militaria
415 982 628 1019 impedimenta
654 986 682 1011 et
706 991 809 1012 omnes
833 985 946 1020 pedites
965 986 1007 1014 ibi

180 1028 302 1064 reliquit
323 1036 391 1055 cum
415 1027 548 1063 privigno
563 1035 617 1055 suo
637 1028 814 1062 Andronico,
832 1029 882 1065 qui
905 1038 1006 1059 secum

181 1073 292 1108 aderat,
320 1080 407 1108 quem
437 1072 582 1099 delectum
611 1072 816 1108 imperatorem
842 1076 875 1101 ut
898 1075 1006 1111 pignus

179 1117 243 1153 ipse
267 1117 394 1144 habebat
410 1116 454 1144 vel
470 1116 623 1152 collegam,
640 1119 672 1143 ut
696 1117 720 1144 si
745 1117 811 1152 quis
835 1119 1007 1154 repentinus

178 1170 266 1190 casus
281 1162 421 1198 exigeret,
432 1161 458 1189 is
472 1169 519 1188 res
534 1161 764 1189 administraret.
778 1161 844 1197 Ipse
857 1171 924 1191 vero
939 1172 1007 1192 cum

178 1206 411 1242 expeditioribus
435 1214 451 1233 a
475 1208 557 1241 tergo
578 1205 809 1241 persequebatur
832 1207 932 1235 hostes
957 1216 1009 1244 per

178 1251 287 1279 multos
301 1253 329 1279 et
344 1250 524 1278 celsissimos
549 1249 649 1285 colles,
666 1252 693 1277 et
719 1259 770 1286 per
793 1251 965 1287 Tephricem
980 1255 1009 1280 et

178 1297 304 1330 Argaum
326 1295 356 1322 in
379 1294 459 1330 ipsos
475 1294 612 1322 invadere
636 1302 670 1322 ex
695 1294 814 1330 obliquo
840 1296 1006 1324 testinabat.

180 1340 274 1372 Quare
300 1347 368 1367 cum
398 1347 451 1367 nec
474 1339 629 1374 opinantes
654 1339 774 1367 adortus
798 1343 885 1375 esset,
903 1341 1008 1376 suique

181 1385 325 1412 adventus
348 1384 426 1411 fama
450 1392 553 1411 omnes
578 1383 778 1417 deterruisset,
795 1384 895 1413 statim
919 1393 1009 1413 causa

180 1429 238 1457 fuit
268 1431 301 1457 ut
324 1429 399 1456 611
426 1427 468 1455 illi
499 1428 529 1455 in
559 1427 658 1463 fugam
685 1427 762 1455 versi
791 1430 870 1463 terga
893 1430 1007 1458 darent.

181 1478 313 1510 Quorum
328 1477 422 1506 cades
438 1477 516 1505 haud
541 1476 635 1504 multa
659 1476 735 1504 facta
750 1479 804 1510 est,
817 1477 924 1514 quippe
939 1487 1006 1507 cum

181 1525 248 1550 ante
263 1522 415 1558 defatigati
432 1523 531 1549 essent
552 1521 661 1549 milites
676 1521 861 1557 imperatoris
875 1522 947 1550 locis
963 1524 1007 1550 in-

179 1566 234 1595 viis
252 1575 259 1594 :
276 1567 327 1594 sed
344 1566 400 1593 vivi
416 1565 494 1602 capti
518 1567 587 1593 sunt
603 1565 698 1600 multi,
711 1565 819 1602 quibus
834 1569 932 1595 tamen
948 1568 1006 1595 vita

180 1611 302 1639 minime
317 1610 437 1647 profuit,
454 1611 532 1646 quod
552 1609 650 1645 gladio
669 1610 791 1638 confecti
807 1614 886 1639 sunt.
903 1612 1005 1640 Omnis

178 1664 244 1684 vero
260 1658 329 1684 aetas
344 1655 380 1683 ab
394 1655 515 1682 homine
530 1663 623 1690 usque
637 1655 673 1682 ad
689 1655 824 1690 jumenta
839 1655 867 1683 in
883 1655 1005 1685 liberta-

178 1703 237 1728 tem
262 1700 390 1728 vindicta
417 1699 625 1735 imperatorem
651 1707 709 1727 uno
735 1707 785 1728 ore
809 1699 1003 1732 celebrarunt.

178 1745 324 1780 siquidem
342 1744 414 1780 ipsis
425 1745 542 1779 quoque
559 1743 694 1771 hostibus
706 1744 814 1772 factum
830 1745 901 1772 illud
914 1746 1006 1773 admi-

178 1790 290 1817 ratione
312 1789 434 1824 dignum
457 1788 620 1823 videbatur,
635 1789 781 1824 quomodo
806 1789 1002 1817 Romanorum

178 1835 338 1870 imperator
347 1836 449 1861 contra
465 1841 495 1860 se
511 1833 660 1868 profectus
674 1835 752 1860 esset
767 1833 807 1860 ita
822 1836 854 1860 ut
868 1833 1004 1870 impediri

177 1891 237 1911 non
254 1882 390 1918 potuerit,
404 1882 498 1909 instar
510 1881 637 1917 expediti
653 1884 679 1910 et
696 1882 801 1910 bellica
814 1882 920 1910 virtute
935 1891 1005 1919 pra:-

177 1928 283 1956 stantis
299 1927 414 1955 militis.
428 1927 501 1954 Cum
516 1934 584 1954 vero
598 1926 694 1953 tribus
707 1929 822 1954 tantum
838 1927 941 1954 diebus
957 1927 1006 1955 Se-

176 1972 280 2000 bastite
301 1971 459 1999 exercitum
481 1970 590 2005 quietis
614 1978 704 1998 causa
729 1970 933 2006 continuisset,
949 1971 1005 1999 iter

176 2016 303 2052 arripuit
326 2024 361 2043 ea
380 2023 445 2050 'qua
461 2015 495 2042 ad
517 2014 631 2050 Syriam
656 2015 789 2050 pergitur
811 2015 872 2049 via;
898 2017 927 2043 et
952 2025 1005 2051 per

174 2061 281 2089 Cucusi
299 2059 452 2096 angustias
471 2058 500 2086 in
517 2058 731 2086 Germaniciam
749 2060 896 2094 profectus
912 2060 941 2087 in
957 2069 1002 2089 re-

174 2105 290 2141 gionem
308 2104 426 2132 nomine
441 2102 549 2131 Teluch
575 2103 697 2136 invadit,
709 2103 802 2131 divisa
824 2104 907 2139 prius
923 2104 1001 2133 haud

173 2149 314 2177 mediocri
331 2148 476 2184 phalange
487 2157 553 2175 cum
569 2147 693 2184 legionis
709 2148 947 2184 praefecto,quam
965 2151 1001 2178 ad

171 2194 337 2222 Melitenem
354 2201 422 2221 cum
439 2193 513 2220 duce
532 2193 660 2225 misit,ut
675 2192 821 2220 Orientem
837 2194 1001 2222 custodiret

1059 218 1155 246 λοιπὸν
1185 219 1199 246 ὁ
1228 218 1355 257 Διογένης
1382 222 1442 251 τοῖς
1470 219 1571 250 νοτίοις
1601 219 1778 253 ἐπεισπεσεῖν,
1804 220 1831 246 οἳ
1853 219 1887 246 τὰ

1057 263 1118 300 περὶ
1135 263 1239 299 Κοίλην
1264 264 1362 301 Συρίαν
1387 264 1431 291 καὶ
1459 263 1585 292 Κιλικίαν
1608 263 1654 291 καὶ
1673 264 1757 298 αὐτὴν
1774 264 1886 292 Ἀντιό-

1058 317 1136 345 χειαν
1166 307 1378 343 ναταληίζοντες
1405 309 1483 343 ἦσαν.
1511 309 1560 336 Καὶ
1588 307 1746 336 καταλιπὼν
1773 308 1805 336 τὸ
1822 308 1886 341 εὐθὺ

1059 351 1210 382 Κολωνείας
1232 353 1277 379 καὶ
1303 350 1461 384 Σεϐαστείας
1488 353 1625 392 φέρεσθαι,
1647 355 1688 389 τῷ
1710 355 1759 380 τοῦ
1779 357 1886 380 Λυκαν-

1058 395 1106 424 δοῦ
1135 396 1296 434 ἐπεχώρησε
1325 397 1420 434 θέματι
1449 398 1516 425 κατὰ
1536 398 1583 425 τὸν
1602 398 1694 434 καιρὸν
1711 400 1760 425 τοῦ
1776 398 1884 436 θέρους’

1059 440 1085 468 ἐν
1113 441 1164 479 γὰρ
1193 443 1234 477 τῷ
1261 443 1428 480 φθινοπώρῳ
1455 446 1514 474 τοῖς
1542 445 1687 481 Συριακοῖς
1716 440 1887 480 παραϐαλεῖν

1058 484 1174 522 ἐμελέτα
1204 486 1325 523 μέρεσιν,
1356 487 1394 518 ὡς
1410 487 1439 514 ἂν
1457 488 1496 524 μή
1509 490 1549 524 τῷ
1572 488 1689 515 καύσωνι
1709 488 1885 525 κακουχηθέν

1056 531 1088 557 τὸ
1119 530 1300 568 στρατόπεδον
1338 530 1514 570 δυσπραγήσῃ
1553 532 1597 560 καὶ
1634 530 1808 569 διαλωϐηθῇ.
1840 533 1887 561 Ἐν

1058 574 1180 611 τοςούτῳ
1205 574 1233 602 δὲ
1255 576 1282 602 οἱ
1306 577 1423 613 Τοῦρκοι
1451 577 1500 611 τήν
1526 576 1731 613 Νεοκαισάρειαν
1756 576 1781 612 ἐξ
1797 576 1884 614 ἀπρο-

1058 617 1143 645 όπτου
1168 618 1328 652 ἐπελθόντες
1353 621 1577 660 καταστρέφουσι,
1592 621 1637 648 καὶ
1651 620 1765 649 πολλῶν
1788 622 1884 657 σωμά-

1056 673 1109 690 των
1126 663 1170 690 καὶ
1196 665 1349 701 χρημάτων
1374 664 1499 703 ἐγένοντο
1525 665 1626 703 κύριοι,
1650 665 1731 703 βάρος
1747 665 1885 703 ἐπαγόμε-

1057 718 1098 734 νοι
1129 707 1339 747 λαφυραγωγίας
1367 709 1416 737 οὐκ
1441 709 1598 748 ἐλάχιστον.
1624 711 1658 739 "0
1687 710 1732 737 καὶ
1761 709 1798 740 εἷς
1828 710 1885 737 ὦτα

1055 754 1103 779 τοῦ
1119 752 1253 789 βασιλέως
1278 754 1358 781 πεσὸν
1384 753 1493 789 πολλὴν
1509 754 1582 791 αὖτῷ
1605 755 1655 790 τὴν
1675 754 1747 782 ἀνίαν
1763 754 1885 790 ἐνέσταξε

1054 795 1086 823 τὸ
1114 794 1230 833 συμϐὰν,
1250 797 1292 824 ὅτι
1316 797 1405 826 καίτοι
1432 798 1678 837 ἐκστρατευομένου
1707 797 1785 827 οὐδὲν
1799 800 1884 834 ἧττον

1055 840 1082 867 οἱ
1109 840 1241 877 πολέμιοι
1268 843 1318 876 τὴν
1347 843 1441 881 χώραν
1472 843 1554 871 αὐτοῦ
1581 843 1696 871 ἐνώπιον
1721 843 1804 871 αὐτοῦ
1818 854 1885 871 κατ-

1018 875 1042 907 Β
1058 875 1204 913 εσθίουσιν.
1222 875 1333 922 Ἀμέλει
1350 875 1404 914 ’τοι
1432 887 1477 915 καὶ
1505 888 1551 918 τὶς
1577 887 1702 925 δυνάμεις
1726 887 1884 927 ἀνειληφὼς

1062 928 1097 956 δι’
1112 929 1238 967 ἀτραπῶν
1262 929 1400 959 δυσϐάτων
1423 932 1476 959 ἀπὸ
1500 932 1618 971 ῥυτῆρος
1641 933 1753 961 κατόπιν
1769 932 1883 968 ἤλαυνε.

1062 978 1218 1014 Πλησιάσας
1244 978 1272 1007 δὲ
1293 982 1327 1017 τῇ
1358 978 1504 1017 Σεϐαστείᾳ
1530 983 1580 1017 τήν
1610 982 1657 1018 μὲν
1684 983 1882 1019 στρατιωτικὴν

1060 1023 1211 1059 ἀποσκευήν
1249 1025 1294 1052 καὶ
1322 1027 1353 1053 τὸ
1389 1026 1467 1060 πεζὸν
1497 1026 1564 1053 ἅπαν
1595 1027 1676 1054 αὐτοῦ
1705 1037 1760 1054 που
1788 1027 1883 1066 ἀφίησι

1063 1068 1129 1104 μετὰ
1143 1071 1191 1096 τοῦ
1215 1067 1286 1096 ἷδίου
1309 1072 1444 1107 προγονοῦ
1459 1069 1635 1109 Ἀνδρονίκου
1656 1072 1782 1102 συνόντος
1799 1072 1886 1107 αὐτῷ,

1061 1112 1089 1139 ὃν
1106 1113 1187 1144 αὐτὸς
1204 1113 1316 1151 βασιλέα
1342 1116 1540 1153 χειροτονήσας
1564 1116 1601 1148 ὡς
1622 1115 1748 1154 ἐνέχυρον
1776 1117 1850 1154 εἶχεν
1868 1117 1887 1151 ἢ

1062 1158 1256 1195 συστράτηγον,
1280 1157 1307 1186 εἴ
1326 1170 1364 1194 πη
1389 1159 1525 1191 πολλάκις
1541 1161 1671 1198 παρήκων
1692 1161 1722 1188 ἐκ
1736 1163 1784 1188 τοῦ
1799 1161 1891 1200 αἰφνι-

1063 1199 1121 1228 δίου
1150 1201 1333 1240 πολυτρόπως
1361 1206 1400 1240 τῷ
1429 1204 1518 1242 χρεὼν
1547 1204 1776 1243 λειτουργήσειεν·
1805 1199 1890 1236 αύτὸς

1063 1244 1091 1272 δὲ
1121 1247 1179 1282 μετ’
1207 1246 1393 1285 εύζωνοτέρων
1423 1247 1532 1276 ἐδίωκεν
1560 1248 1667 1276 ὄπισθεν
1695 1251 1748 1277 τῶν
1778 1249 1889 1288 ἐχθρῶν

1063 1288 1107 1317 διὰ
1121 1289 1235 1318 πολλῶν
1255 1291 1300 1319 καὶ
1316 1291 1493 1328 ὑψηλοτάτων
1513 1293 1616 1331 βουνῶν
1637 1296 1685 1328 νῆς
1700 1303 1729 1320 τε
1749 1295 1890 1332 Τεφρικῆς

1061 1335 1104 1362 καὶ
1134 1338 1183 1370 τῆς
1212 1336 1351 1374 Ἀργάου,
1379 1337 1422 1364 καὶ
1449 1341 1507 1368 τοῖς
1537 1337 1646 1376 ἐχθροῖς
1675 1337 1827 1373 ἐπιτεθῆναι
1859 1338 1890 1366 ἐκ

1061 1380 1109 1406 τοῦ
1134 1379 1277 1418 ἐγκαρσίου
1300 1381 1438 1418 ἠπείγετο.
1463 1383 1543 1414 “Οθεν
1567 1382 1612 1410 καὶ
1637 1381 1770 1418 ἀδόκητος
1792 1383 1890 1415 αὐτοῖς

1062 1422 1226 1452 ἐπεισπεσὼν
1243 1426 1288 1452 καὶ
1308 1427 1343 1462 τῇ
1359 1427 1438 1464 φήμῃ
1462 1430 1513 1461 τῆς
1531 1426 1612 1454 αὐτοῦ
1627 1427 1777 1465 παρουσίας
1793 1427 1890 1458 αὐτοῖς

1061 1478 1108 1499 τας
1135 1467 1336 1506 ἐκδειματώσας
1363 1471 1458 1499 αὐτίκα
1486 1473 1558 1499 νῶτα
1583 1470 1725 1500 δεδωκέναι
1751 1474 1827 1499 ποιεῖ
1840 1473 1889 1499 καὶ

1061 1518 1129 1554 πρὸς
1151 1518 1200 1552 τὴν
1226 1519 1311 1556 φυγήν
1338 1519 1468 1557 ὁρμῆσαι.
1494 1519 1582 1551 Φόνος
1604 1521 1653 1557 μὲν
1669 1521 1714 1548 οὖν
1731 1521 1818 1548 αὐτῶν
1835 1521 1891 1549 οὐκ

1021 1559 1042 1593 C
1061 1562 1163 1600 ἐγένετο
1193 1563 1291 1599 πολὺς,
1321 1564 1610 1603 προκατειργασμένων
1640 1568 1693 1593 τῶν
1721 1568 1772 1593 τοῦ
1799 1566 1889 1603 βασι-

1060 1605 1130 1637 λέως
1157 1609 1215 1638 ταῖς
1244 1606 1374 1642 ἀνοδίαις,
1407 1609 1518 1646 ζωγρίαι
1549 1607 1577 1636 δὲ
1615 1611 1657 1646 [Ρ.
1687 1611 1750 1646 825]
1779 1610 1890 1640 πολλοὶ

1060 1650 1191 1679 ἑάλωσαν.
1208 1652 1265 1687 Τῆς
1299 1650 1327 1679 δὲ
1354 1651 1423 1684 ἰδίας
1447 1656 1520 1688 ζωῆς
1545 1654 1594 1681 ούκ
1617 1654 1771 1689 ἀπώναντο,
1786 1655 1891 1693 μαχαί-

1060 1705 1108 1731 ρας
1137 1693 1215 1733 ἕργον
1243 1696 1393 1734 γενόμενοι.
1425 1697 1532 1725 ’Πλικία
1559 1699 1650 1734 μέντοι
1675 1702 1747 1726 πᾶσα
1767 1698 1821 1726 ἀπὸ
1836 1699 1890 1726 ἆν-

1060 1739 1170 1776 θρώπου
1195 1738 1247 1771 ἳως
1273 1742 1387 1775 κτήνους
1412 1741 1622 1778 ἐλευθερωθεῖσα
1643 1743 1689 1770 τὸν
1708 1742 1823 1780 βασιλέα
1837 1745 1888 1771 καὶ

1059 1782 1172 1822 γλώσσῃ
1202 1785 1247 1812 καὶ
1276 1785 1390 1822 στόματι
1419 1786 1589 1825 ἐπεφήμισαν
1613 1796 1619 1802 ’
1650 1788 1802 1824 θαυμαστὸν
1832 1789 1888 1828 γὰρ

1058 1829 1102 1856 καὶ
1132 1829 1224 1861 αὐτοῖς
1252 1833 1310 1861 τοῖς
1336 1830 1465 1863 ἐναντίοις
1488 1832 1520 1859 τὸ
1541 1833 1663 1870 πραχθὲν
1695 1833 1888 1872 κατεφαίνετο,

1058 1876 1118 1905 πῶς
1151 1875 1165 1901 ὁ
1204 1873 1330 1912 βασιλεύς
1366 1876 1510 1912 Ῥωμαίων
1545 1876 1668 1914 ἀκρατῶς
1703 1878 1762 1905 κατ’
1792 1877 1887 1906 αὐτῶν

1058 1917 1145 1952 ἤλασε
1172 1918 1274 1956 τρόπον
1300 1919 1418 1954 εὖζώνου
1442 1920 1487 1947 καὶ
1516 1921 1674 1957 μονοζώνου
1702 1922 1885 1959 στρατιώτου.

1059 1968 1138 2005 Τρισὶ
1168 1966 1197 1995 δὶ
1225 1968 1320 2004 μόναις
1347 1969 1462 2007 ἡμέραις
1489 1969 1514 1997 ἐν
1539 1967 1686 2006 Σεϐαοτείᾳ
1701 1969 1886 2003 διαναπαύσας

1057 2012 1088 2039 τὸ
1104 2012 1255 2049 στράτευμα
1278 2016 1328 2047 τῆς
1354 2013 1422 2051 πρὸς
1450 2014 1548 2052 Συρίαν
1571 2015 1689 2052 ἀγούσης
1714 2015 1815 2052 ἥψατο,
1835 2017 1886 2043 καὶ

1058 2055 1103 2084 διὰ
1130 2059 1184 2084 τῶν
1209 2060 1260 2092 τῆς
1290 2060 1444 2085 Κουκουσοῦ
1473 2058 1601 2086 αὐλώνων
1629 2059 1667 2091 εἷς
1687 2060 1883 2096 Γερμανίκειαν

1057 2101 1187 2132 καταστὰς
1209 2101 1246 2132 εἰς
1271 2102 1302 2129 τὸ
1324 2102 1392 2139 θὲμα
1416 2103 1447 2130 τὸ
1475 2102 1646 2140 καλούμενον
1668 2101 1810 2132 εἰσϐάλλει
1834 2108 1884 2133 Ta-

1058 2144 1140 2183 λοὺχ,
1166 2145 1296 2184 πρότερον
1325 2147 1529 2183 ἀποτεμόμενος
1553 2147 1678 2186 φάλαγγα
1707 2149 1758 2176 οὐκ
1783 2148 1882 2186 ὀλίγην

1058 2190 1124 2226 μετά
1149 2191 1402 2229 συνταγματάρχου,
1424 2192 1468 2219 καὶ
1493 2192 1532 2223 εἰς
1559 2192 1718 2228 Μελιτηνὴν
1740 2192 1884 2231 ἐκπέμψας

170 2238 417 2267 etinvasionibus
439 2237 684 2265 eommorentium
708 2237 748 2264 ibi
774 2236 902 2265 hostium
929 2247 934 2265 ι

1128 2234 1236 2273 φυλακῇ
1265 2239 1315 2269 τῆς
1344 2235 1429 2271 Ἑῴας
1453 2236 1497 2263 καὶ
1523 2237 1685 2264 ἀντιπτώσει
1712 2239 1764 2264 τῶν
1793 2237 1881 2266 ἐκεῖσε

170 2285 270 2317 steret,
283 2283 392 2318 quibus
405 2284 525 2318 prmerat
536 2284 672 2309 versutus
687 2284 714 2308 et
725 2281 883 2310 bellicosus
894 2282 938 2310 vir
951 2291 999 2311 no-

170 2328 250 2356 mine
263 2327 462 2364 Hapsinalius.
476 2327 586 2354 Idcirco
603 2326 760 2361 imperator
771 2326 836 2354 duci
854 2327 909 2363 ipsi
925 2336 998 2363 pre-

168 2373 370 2400 stantissimos
386 2379 520 2407 quosque
535 2370 679 2398 exercitus
697 2370 812 2405 tribuit,
828 2374 856 2398 et
872 2371 999 2400 Francos

167 2416 403 2453 ipsos,homines
414 2416 491 2443 caede
503 2415 664 2451 gaudentes
676 2423 709 2442 ac
722 2414 996 2444 bellicosos.Vcrum

167 2470 234 2489 cum
251 2462 310 2488 dux
330 2460 408 2488 haud
435 2459 549 2487 fortiter
573 2459 660 2486 rebus
676 2467 749 2487 usus
773 2462 850 2487 esset
865 2463 945 2488 metu
962 2469 998 2489 ne

164 2506 330 2534 vinceretur
344 2505 417 2541 (erat
432 2504 511 2531 enim
535 2503 787 2540 prudentissimus
803 2506 832 2532 et
847 2507 954 2533 cautus
970 2507 998 2534 et

161 2555 245 2583 valde
261 2563 367 2582 cavens
384 2553 538 2588 futurum),
556 2553 616 2580 fere
633 2552 740 2588 duplex
755 2553 866 2581 bellum
884 2554 997 2583 invase‘

161 2602 208 2628 rat
236 2599 444 2635 imperatorem
474 2597 583 2625 talibus
607 2597 699 2633 copiis
724 2597 882 2633 privatum.
915 2599 996 2635 Saepe

161 2644 240 2672 enim
257 2642 484 2678 provocantibus
500 2642 636 2670 hostibus
652 2644 684 2670 ut
699 2651 714 2670 e
730 2642 866 2670 Melitene
883 2644 996 2679 egressi

162 2691 337 2725 pugnarent,
350 2687 427 2716 812
445 2687 495 2714 ubi
511 2695 547 2714 ne
563 2687 692 2715 sensisse
709 2687 828 2723 quidem
846 2687 926 2723 ipsos
943 2696 996 2715 no-

162 2735 277 2766 verunt,
290 2733 340 2760 sed
353 2731 442 2768 quieti
455 2734 484 2760 et
497 2740 602 2760 somno
615 2732 740 2766 deditos,
752 2740 804 2767 per
814 2732 938 2760 obscura
953 2732 995 2760 lo-

163 2786 197 2807 ea
210 2777 358 2815 progressi
381 2776 456 2806 clam
478 2776 664 2813 imperatoris
680 2775 840 2805 exercitum
856 2777 995 2806 audacter

1053 2278 1288 2317 προσεδρευόντων
1314 2280 1432 2317 ἐχθρῶν,
1458 2281 1494 2307 ὧν
1518 2281 1604 2319 ἦρχεν
1628 2281 1697 2318 ἀνὴρ
1721 2284 1882 2320 πανοῦργος

1053 2325 1097 2351 καὶ
1129 2325 1253 2362 μάχιμος
1283 2325 1397 2361 ἀνόματι
1427 2324 1597 2362 ’Λψινάλιος.
1627 2327 1677 2353 Διὰ
1699 2325 1779 2354 τουτο
1801 2327 1880 2355 καὶὸ

1055 2368 1182 2406 βασιλεὺς
1209 2369 1272 2400 τοὺς
1293 2369 1446 2407 κρείττονας
1469 2372 1518 2397 τοῦ
1542 2369 1643 2398 ο¹ίκείου
1675 2373 1789 2407 στρατοῦ
1813 2382 1881 2399 του-

1052 2415 1105 2441 τωῒ
1127 2412 1313 2452 παραδέδωκε,
1333 2414 1378 2441 καὶ
1408 2415 1550 2452 Φράγγους
1573 2414 1681 2451 αὐτοὺς,
1709 2414 1808 2452 ἄνδρας
1834 2417 1879 2444 αἱ-

1054 2461 1187 2496 μοχαρεῖς
1213 2459 1258 2486 καὶ
1284 2457 1464 2495 πολεμικούς.
1496 2460 1541 2494 Μὴ
1570 2461 1745 2497 χρησαμένου
1775 2458 1804 2487 δὲ
1827 2464 1880 2488 τοῦ

1050 2503 1219 2541 προάγοντος
1245 2502 1399 2542 φιλοτίμως
1420 2506 1478 2534 τοῖς
1503 2503 1642 2541 πράγμασι
1668 2503 1720 2531 δέει
1740 2508 1791 2539 τῆς
1808 2505 1880 2533 ἀπο-

1050 2548 1149 2585 τυχίας
1164 2548 1207 2584 (ἦν
1223 2548 1275 2585 γὰρ
1300 2546 1433 2587 διαφέρων
1450 2549 1577 2587 φρονήσει
1602 2548 1645 2576 καὶ
1663 2546 1786 2580 εὐλαϐῶς
1803 2548 1879 2588 ἔχων

1050 2593 1112 2629 περὶ
1135 2595 1183 2620 τοῦ
1209 2591 1371 2629 μέλλοντος)
1396 2595 1494 2630 μικροῦ
1520 2591 1635 2624 διπλοῦς
1662 2594 1676 2620 ὸ
1698 2592 1822 2630 πόλεμος
1838 2598 1880 2631 τῷ

1052 2637 1162 2675 βασιλιῖ
1185 2636 1330 2675 ἐπεγίνετο,
1356 2638 1555 2674 στιρισκομένῳ
1579 2638 1708 2673 τοιαύτης
1723 2636 1878 2676 δυνάμεως.

1049 2685 1188 2717 Πολλάκις
1215 2687 1265 2724 γὰρ
1293 2685 1528 2724 προκαλουμένων
1557 2688 1611 2714 τῶν
1641 2686 1748 2725 ἐχθρῶν
1780 2687 1877 2724 ἐξιέναι

1047 2730 1096 2759 τοῦ
1117 2734 1170 2759 τῶν
1191 2730 1350 2766 Μελιτηνῶν
1372 2731 1476 2766 ἄστεος,
1501 2731 1539 2763 ὡς
1560 2730 1629 2759 εἶδον
1657 2730 1722 2769 μηδ’
1746 2731 1876 2761 ἐπαισθα-

1048 2776 1170 2814 νομένων
1187 2775 1286 2810 αὐτῶν,
1303 2774 1366 2804 ἀλλ’
1381 2775 1560 2814 ἠρεμούντων
1584 2775 1629 2804 καὶ
1645 2777 1702 2805 οἷον
1719 2776 1874 2806 ὑπνωττόν-
