1936 3050
41 138 104 168 401

818 137 1016 168 HISTORIA.

1703 139 1762 170 402

39 214 113 238 των,
132 202 279 231 διὰτόπων
308 202 420 239 ἀδήλων
451 202 609 242 βαδίσαντες
638 204 802 243 ἀσυμφανῶς

996 204 1016 232 ri
1021 206 1120 239 untur,
1130 206 1160 232 et
1169 206 1357 232 occurrentes
1368 204 1495 232 maxime
1506 204 1617 241 exiguis
1633 206 1709 240 parti
1724 206 1760 234 ad

44 247 196 286 βασιλικοῦ
220 247 416 284 κατατολμῶσι
460 248 673 286 στρατεύματος.
704 248 879 286 Ἑντυχόντες

42 292 72 320 δὲ
106 292 192 328 μοίρᾳ
220 293 273 320 τινὶ
300 292 446 330 ἐλαχίστῃ,
461 291 497 319 δι’
511 293 612 331 ἀγορὰν
638 292 730 320 σιτίῶν
757 292 878 330 ἐξιοῦσῃι

43 337 185 375 ὥρμησαν
214 337 272 364 κατ’
301 338 397 371 αὐτῆς.
428 338 544 365 Ἐκεῖνοι
579 336 608 364 δὲ
649 338 686 374 μὴ
718 338 880 368 ὑποστάντες

43 381 151 419 ἔφυγον
182 382 389 418 ἀμεταστρεπτί.
406 382 456 409 Καὶ
483 383 556 419 τάχα
581 381 611 409 ἃν
641 381 768 409 ἀπώλετο
799 382 880 419 μέρος

43 428 225 464 στρατιωτῶν
256 426 306 453 οὐκ
334 425 480 464 ἐλάχιστον
510 425 568 453 οὐδ’
593 426 838 465 εὐκαταφρὸνητον,
855 425 879 453 εἲ

44 472 86 507 μή
115 470 205 509 ταχὺς
222 470 315 502 αὐτοῖς
343 469 528 506 ἐπεϐοήθησεν
546 471 559 498 ὁ
585 470 712 508 βασιλεὺς
731 470 877 509 ἰπιφανεὶς.

41 517 158 550 καὶτῆς
184 516 274 543 αὐτῶν
304 514 402 555 ίφόδου
427 515 604 551 ἑξείλετο.Εἷ’
629 526 670 546 τις
701 514 789 543 τοίνυν
819 517 878 546 τοῖς

41 562 212 598 στρατηγοῖς
229 559 372 597 ἆπιγράφει
400 560 436 591 ὡς
462 560 559 587 ἐπίπαν
584 560 617 587 τὰ
645 562 698 586 τῶν
729 557 877 592 ἐκϐάσεων,

40 604 90 632 εἶτ’
107 604 154 632 ἐπὶ
182 605 212 632 τὸ
242 607 364 642 κρεῖττον
394 603 500 631 εἴτ’ὲπί
530 605 560 631 τὸ
579 607 674 642 χεῖρον
705 605 876 645 συνάγοιντο,

41 649 72 676 οὐ
98 647 248 687 διαμάρτοι
276 651 325 676 τοῦ
356 648 438 683 ὀρθοὖ
466 648 510 675 καὶ
539 651 588 680 τῆς
613 648 733 683 ἀληθοῦς
763 646 878 685 διαγνώ-

40 702 122 725 σεως·
139 692 185 720 καὶ
201 691 294 724 καλῶς
306 695 365 724 τοῖς
389 692 520 723 παλαιοῖς
544 691 789 729 ἐγνωμολόγηται,
809 691 874 729 βέλ-

39 748 100 765 τιον
130 737 229 765 λέοντα
256 736 352 774 ἄρχειν
381 736 490 775 ἐλάφων
519 736 589 773 ἤπερ
616 735 734 763 λεόντων
760 735 874 773 ἔλαφον-

41 781 124 809 Ἀλλ’
142 783 157 809 ὁ
176 782 222 818 μὲν
246 780 374 819 βασιλεὺς
402 780 473 808 οὕτω
500 779 642 811 διασωθεὶς
665 781 709 807 καὶ
741 779 874 810 διασώσας

40 827 72 854 τὸ
90 825 276 864 στρατόπεδον
289 826 342 861 πρὸ
357 829 407 860 τῆς
426 828 474 853 τοῦ
497 824 593 854 Χαλεπ
621 825 715 862 χώρας
739 834 872 860 πανστρα-

40 874 87 906 τιᾷ
115 872 315 905 κατεσκήνωσε.
332 871 388 907 Πρὸ
414 871 462 897 τοῦ
487 867 637 903 καταϐῆναι
665 868 694 896 δὲ
721 871 770 896 τοῦ
781 868 869 896 ’ἷππου
885 887 908 920 Β

82 915 88 920 .
196 918 212 920 _
242 915 263 920 .-
368 915 373 920 .
436 916 448 920 _
494 914 521 920 ,η
593 914 599 920 .
697 913 703 920 .
759 912 798 920 μ,

39 915 107 946 τούς
134 925 166 942 τε
195 915 298 945 Σκύθας
331 915 376 942 καὶ
414 916 469 941 τῶν
494 914 637 950 Ῥωμαίων
677 913 726 940 οὐκ
754 912 868 950 ὀλίγους

40 960 80 991 εἲς
110 960 256 997 προνομὴν
283 962 332 993 τῆς
362 959 456 997 χώρας
490 958 612 997 ἀφίησιν.
632 959 667 986 "0
692 956 725 992 δὴ
754 957 799 985 καὶ
822 958 868 994 γέ-

38 1015 116 1042 γονε,
132 1004 179 1031 καὶ
193 1003 270 1042 ἤχθη
286 1002 393 1038 πλῆθος
407 1002 512 1040 ἀνδρῶν
538 1013 567 1030 τε
594 1003 639 1030 καὶ
659 1004 793 1039 γυναικῶν
823 1003 867 1029 καὶ

40 1049 119 1083 ζώων
146 1047 274 1077 πολλῶν.
305 1048 422 1076 Ἐκεῖθεν
452 1046 481 1075 δὶ
510 1046 555 1074 διὰ
581 1048 630 1081 τῆς
655 1046 790 1083 πολεμίας
819 1046 867 1074 ἰὼν

39 1096 166 1130 τριταῖος
188 1092 341 1130 ἀφικνεῖται
370 1092 408 1123 εἷς
423 1091 585 1129 Ἱεράπολιν.
611 1093 651 1126 [Ρ.
663 1092 726 1128 826]
752 1091 866 1126 Δόκησιν

42 1136 71 1164 δὲ
99 1137 244 1174 παρασχὸν
280 1135 469 1168 ἐπιθεάσασθαι
497 1136 529 1163 τὸ
558 1135 642 1163 ἐκεῖσε
675 1135 866 1173 πρατιωτικόν

39 1182 77 1209 εἷς
107 1184 207 1219 χεῖρας
235 1180 322 1213 ιλοεῖν
352 1181 495 1217 Ῥωμαίων
525 1180 574 1207 οὐκ
599 1179 756 1217 ἰθάρσησεν,
785 1179 868 1217 ἀκρο-

37 1223 189 1262 ϐολισμοῖς
220 1224 248 1252 δέ
273 1235 327 1252 τισι
370 1225 415 1252 καὶ
455 1223 645 1262 προπηδήσεσι
670 1225 715 1251 τὸν
745 1223 867 1260 πόλεμον

39 1270 262 1307 ἆφωμοιώσαντο
291 1271 358 1305 (16),
385 1269 411 1296 οἳ
437 1280 466 1296 τε
490 1266 605 1306 Ἄραϐες
635 1267 742 1303 δηλαδή
771 1268 816 1295 καὶ
843 1269 868 1295 οἱ

40 1317 161 1352 Τοῦρκοι
176 1315 222 1341 καὶ
238 1315 252 1341 ὁ
266 1313 372 1341 τούτωο
394 1311 508 1350 ἔξαρχος
524 1313 698 1350 Ἀμερτικής,
730 1313 767 1344 είς
793 1312 869 1350 γένος

45 1358 189 1396 βασιλικὸν
208 1358 233 1385 ἰν
259 1359 294 1394 τῇ
319 1357 427 1395 Περσίδι
458 1358 550 1385 ἑαυτὸν
578 1358 694 1394 ἀνάγων.
720 1357 868 1394 Κατασχὼν

49 1403 94 1439 μὶν
123 1403 176 1437 τὴν
203 1401 353 1440 Ἱεράπολιν
378 1403 489 1439 χώμασι
518 1402 562 1429 καὶ
598 1401 792 1439 τειχομαγίαις
824 1402 868 1428 καί

47 1449 254 1484 στρατιωτικαῖς
282 1446 473 1481 ἒπεξελεύσεσι,
502 1447 533 1473 τὸ
563 1446 719 1473 ὲπείσακτοο
749 1444 778 1473 δὲ
813 1446 867 1473 τῶν

49 1493 250 1529 στρατιωτικῶν
291 1489 430 1527 δυνάμεων
473 1490 517 1518 ἐπὶ
560 1491 716 1529 συμφώνοις
748 1490 868 1527 γυμνοὺς

48 1536 91 1563 καὶ
107 1535 230 1567 ἀόπλους
245 1534 360 1573 διαφείς,
378 1534 540 1571 μισάζοντος
568 1534 594 1562 ἰν
622 1537 687 1562 πᾶσι
715 1537 762 1562 τοῦ
788 1535 868 1572 μαγί-

46 1590 126 1617 στρου
154 1580 256 1616 Ιιὲτρου
283 1581 331 1606 τοῦ
345 1577 534 1613 Λιόελλισίου,
553 1577 649 1616 ἀνδρὸς
664 1579 713 1614 τήν
729 1589 758 1606 τε
773 1581 869 1606 Ἀσσυ-

45 1625 109 1662 ρίων
136 1625 182 1652 καὶ
210 1625 355 1660 Ἑλλήνων
384 1623 508 1652 παιδείαν
548 1623 637 1660 ἄκρως
674 1624 869 1660 ἐξησκημένου,

45 1671 202 1707 θρέμματος
245 1669 290 1696 καὶ
327 1670 494 1706 γεννήματος
520 1666 597 1699 ὄντος
624 1672 673 1703 τῆς
702 1669 871 1706 Ἀντιοχείας

44 1713 162 1748 πόλεως,
192 1713 237 1741 καὶ
264 1715 317 1740 τῶν
343 1713 378 1740 τὰ
402 1715 497 1750 πρῶτα
527 1711 715 1750 διινεγκόντων
744 1713 812 1744 ἑνός.
842 1713 870 1739 Ὀ

46 1757 72 1786 δὲ
86 1759 196 1796 ἀμηρᾶς
223 1759 273 1785 τοῦ
301 1758 398 1785 Χάλιπ
421 1756 484 1792 ἤτοι
511 1757 653 1795 Βερῥοίας,
669 1757 786 1794 συνάψας
811 1760 870 1788 τοῖς

43 1813 71 1830 τι
93 1803 195 1839 Ἄραψι
232 1802 277 1830 καὶ
305 1805 363 1832 τοῖς
393 1802 527 1839 Τούρκοις
557 1802 601 1828 καὶ
631 1801 745 1838 δύναμιν
773 1800 870 1838 ἀνδράν

45 1847 255 1883 συστησάμενος,
286 1845 322 1877 sic
361 1848 456 1883 χεῖρας
491 1845 580 1874 ἐλθεῖν
620 1848 659 1882 τῷ
690 1845 796 1883 βασιλεῖ
825 1846 871 1873 καὶ

46 1892 214 1929 μαχέσασθαι
227 1889 396 1927 διεσιὲψατο.
413 1892 464 1917 Τοῦ
481 1889 509 1917 δὲ
537 1890 671 1927 βασιλεως
691 1888 763 1917 ἔνδον
793 1888 870 1921 ὄντος

45 1939 91 1971 τῆς
121 1934 273 1967 ἑαλωκυίας
299 1935 417 1969 πόλεως,
443 1933 689 1972 πυργομαχοῦντος
716 1933 744 1961 δὲ
774 1932 813 1961 ἔτι
842 1934 868 1961 ἐν

47 1980 120 2017 μέρει
147 1979 216 2007 κατά
243 1978 274 2006 τὰ
308 1978 459 2006 ὑπόλοιπον
486 1977 613 2015 λείψανον
643 1982 692 2013 τῆς
718 1988 870 2016 παργοκρα-

45 2025 122 2060 τείας,
147 2023 303 2060 ’παρατάξεις
333 2022 382 2050 δύο
405 2021 615 2060 διατειχίζουσαι
643 2023 707 2054 τοὺς
735 2022 870 2054 ἐναντίους

46 2069 80 2101 εἰς
107 2067 235 2106 φυλακὴν
266 2066 480 2104 κατετάχθησαν.
496 2067 558 2095 Εἰσὶ
588 2065 618 2094 δὲ
643 2066 706 2104 περὶ
728 2067 870 2104 τήνἹερά-

47 2113 124 2141 πολιν
153 2111 297 2148 ἱππήλατα
324 2110 404 2139 πεδία
445 2112 568 2149 μέγιστα,
597 2111 623 2138 ἐν
653 2113 694 2142 οἷς
721 2121 789 2142 τινες
815 2113 868 2138 τῶν

47 2159 209 2194 Σαρακηνῶν
237 2155 398 2195 διεφάνησαν
426 2155 619 2192 ἱππαζόμενοι,
648 2155 691 2182 καί
716 2155 788 2189 πλὴν
817 2167 869 2193 γη-

46 2202 138 2241 λόφων
170 2200 247 2229 οὐδέν
268 2201 369 2228 ἔστιτὸ
386 2200 600 2237 ὑπερανεστηκὸς
630 2199 667 2231 εἷς
698 2197 760 2237 ὅρος
790 2200 868 2236 μέγα.

933 250 1058 276 emenda
1081 249 1190 276 cibaria
1205 257 1341 284 egressae.
1366 249 1396 276 in
1421 249 1516 284 ipsam
1541 249 1700 277 irruerunt.
1716 250 1759 278 llli

934 296 1030 322 autem
1046 301 1103 322 non
1119 293 1302 321 sustinentes
1328 293 1482 328 impetum,
1500 293 1540 320 ita
1564 293 1704 330 fugerunt
1727 297 1760 322 ut

934 347 1085 374 nunquam
1101 347 1165 366 sese
1189 340 1400 366 converterent.
1422 337 1455 364 Et
1479 337 1602 366 fortasse
1627 338 1759 374 periisset

934 383 1011 410 haud
1029 383 1185 410 mediocris
1199 383 1324 410 militum
1340 391 1406 418 pars
1423 390 1516 417 neque
1532 384 1756 416 contemnenda,

934 427 989 454 nisi
1003 426 1135 454 celeriter
1147 427 1219 462 ipsis
1231 427 1400 462 imperator,
1417 426 1467 461 qui
1486 427 1653 459 advenerat,
1674 427 1758 455 tulis-

934 474 978 498 set
997 479 1081 506 opem
1097 474 1126 498 et
1136 471 1267 498 hostium
1281 472 1421 506 impetum
1439 470 1636 506 repressisset.
1645 471 1673 498 Si
1689 472 1756 507 quis

932 515 1024 551 igitur
1038 515 1164 543 ducibus
1190 515 1311 543 ascribit
1326 523 1424 543 rerum
1440 515 1500 542 sive
1524 523 1681 551 prosperos
1696 517 1756 544 sive

933 560 1069 587 adversos
1084 563 1216 592 eventus,
1229 560 1252 587 is
1268 559 1338 587 mihi
1353 563 1381 587 et
1397 562 1474 587 recta
1489 562 1517 586 et
1532 568 1598 587 vera
1612 561 1758 588 sententia

932 612 990 631 non
1005 604 1119 631 videtur
1133 604 1277 637 aberrare,
1293 606 1321 632 et
1336 607 1412 632 recte
1427 605 1463 632 ab
1479 603 1608 639 antiquis
1624 613 1754 640 pronun-

930 649 1037 676 tiatum
1053 651 1097 676 est
1122 648 1227 676 melius
1252 648 1364 676 leonem
1389 648 1481 676 cervis
1505 649 1649 684 imperare
1664 658 1753 685 quam

930 693 1065 721 leonibus
1080 702 1208 721 cervum.
1224 693 1279 721 Sed
1296 693 1455 730 imperator
1470 694 1510 720 ita
1532 696 1676 727 servatus,
1692 703 1752 722 ser-

930 741 992 766 vato
1015 746 1133 773 quoque
1156 738 1295 771 exercitu,
1320 738 1355 765 ad
1381 737 1489 773 Cbalep
1513 738 1659 773 regionem
1683 747 1751 766 cum

929 783 1009 810 omni
1025 782 1150 810 exercitu
1167 785 1264 810 castra
1279 783 1394 818 posuit;
1412 785 1440 809 et
1451 785 1607 818 antequam
1624 783 1660 810 de
1675 791 1750 818 equo

928 827 1128 861 descenderet,
1144 829 1173 854 et
1186 827 1307 862 Scythas
1326 831 1352 854 et
1364 827 1561 854 Romanorum
1582 827 1659 854 haud
1677 835 1749 862 pau-

927 880 977 899 cos
1001 871 1162 907 praedatum
1187 879 1271 906 agros
1296 871 1387 898 misit.
1403 871 1484 902 Quod
1514 871 1623 898 factum
1648 874 1701 904 est,
1718 875 1747 899 et

924 916 1043 943 adducti
1072 918 1141 942 sunt
1154 915 1206 942 viri
1225 915 1310 942 multi
1332 918 1360 942 et
1376 915 1513 943 mulieres
1535 915 1686 951 multaque
1699 917 1747 951 ju-

923 962 1032 987 menta.
1048 960 1117 987 Inde
1132 968 1182 995 per
1197 959 1333 986 hostilem
1350 961 1456 986 terram
1474 967 1646 995 progressus
1663 961 1747 988 tertia

923 1004 969 1032 die
983 1003 1147 1039 Hierapolin
1174 1003 1313 1040 pervenit,
1330 1012 1454 1038 cum'iue
1478 1004 1656 1032 ostendisset
1674 1005 1746 1034 velle

923 1057 954 1076 se
969 1049 1087 1084 aggredi
1103 1048 1261 1076 exercitum
1277 1048 1328 1083 qui
1351 1048 1391 1076 ibi
1408 1048 1588 1082 morabatur,
1608 1057 1665 1077 non
1681 1051 1745 1078 ausi

923 1093 965 1120 illi
981 1095 1051 1120 sunt
1065 1101 1130 1120 cum
1155 1093 1295 1120 Romanis
1320 1093 1467 1128 congredi,
1483 1093 1533 1120 sed
1550 1093 1663 1121 levibus
1682 1095 1747 1130 qui-

923 1137 1047 1165 busdam
1059 1136 1166 1173 prrsliis
1173 1139 1201 1164 et
1211 1137 1426 1173 irruptionibus
1434 1136 1542 1164 bellum
1557 1138 1749 1173 repudiarunt

922 1184 950 1209 et
960 1182 1068 1209 Arabes
1078 1184 1106 1209 et
1117 1182 1202 1209 Turci
1214 1181 1404 1217 ipsorumque
1420 1182 1573 1217 przel‘ectus
1588 1183 1748 1212 Amertices

923 1227 957 1253 ad
968 1225 1181 1262 genusregium
1199 1225 1593 1261 Persarumoriginemsuam
1607 1227 1746 1255 referens.

923 1271 1000 1298 078
1023 1270 1167 1298 Ubsidens
1192 1270 1282 1305 igitur
1305 1269 1471 1305 Hierapolin
1497 1271 1664 1306 aggeribus,
1689 1275 1748 1299 ete

924 1323 1006 1342 muro
1031 1314 1314 1350 propugnationibus
1338 1313 1489 1350 multaque
1511 1316 1674 1351 eruptione,
1696 1317 1747 1343 ad-

923 1359 1058 1387 ventitias
1072 1359 1216 1386 exercitus
1231 1358 1329 1394 copias
1345 1359 1438 1386 nudas
1455 1361 1544 1394 atque
1567 1359 1694 1388 inermes
1702 1361 1746 1388 di-

925 1404 1004 1431 misit
1019 1404 1053 1430 ad
1071 1403 1164 1430 {cadus
1191 1403 1424 1438 percutiendum,
1451 1404 1653 1439 interponente
1668 1413 1699 1432 se
1715 1405 1744 1432 in

924 1448 1061 1475 omnibus
1078 1447 1217 1483 magistro
1228 1449 1312 1474 Petro
1324 1447 1543 1480 Libellisio,viro
1558 1448 1741 1485 Assyriorum

924 1495 952 1520 et
966 1493 1129 1520 Graacorum
1147 1492 1284 1519 doctrinas
1300 1491 1489 1527 peritissimo,
1505 1492 1631 1520 civitatis
1648 1494 1746 1521 Antin-

924 1537 996 1564 chia
1022 1536 1142 1564 alumno
1163 1538 1191 1563 et
1213 1536 1283 1569 ﬁlio,
1300 1538 1330 1564 et
1352 1536 1428 1564 inter
1451 1545 1521 1564 suos
1547 1537 1745 1573 principatum

925 1581 1086 1609 obtinente.
1113 1583 1233 1608 Ameras
1257 1589 1324 1608 vero
1349 1581 1466 1616 Chalep,
1490 1581 1518 1609 id
1538 1584 1592 1613 est,
1616 1583 1746 1616 Berrmze,

925 1634 992 1653 cum
1010 1625 1152 1653 Arabibus
1175 1625 1337 1660 Turcisque
1353 1625 1538 1660 conjunctae,
1557 1634 1661 1654 manus
1680 1635 1745 1654 cum

924 1670 1101 1705 imperatore
1116 1677 1267 1697 conserere
1277 1678 1311 1697 ac
1336 1669 1476 1697 dimicare
1487 1670 1590 1697 statuit
1603 1679 1609 1703 ;
1621 1679 1750 1706 cumque

925 1714 1003 1742 intra
1019 1714 1119 1742 urbem
1136 1716 1252 1749 captam
1269 1716 1347 1741 esset
1362 1714 1529 1749 imperator,
1545 1717 1573 1742 et
1588 1714 1684 1743 adhuc
1699 1724 1751 1751 pro

926 1759 1038 1794 reliqua
1053 1759 1144 1786 turris
1162 1761 1244 1794 parte
1259 1759 1454 1794 expugnanda
1468 1758 1632 1792 dimicaret,
1647 1760 1750 1788 adver-

925 1811 975 1830 sus
991 1804 1139 1830 instructae
1165 1803 1239 1830 binae
1255 1803 1342 1834 acies,
1365 1811 1429 1838 qua
1453 1806 1622 1830 coercerent
1644 1804 1748 1831 adver-

924 1847 1028 1880 sarios,
1044 1847 1078 1874 ad
1104 1847 1266 1874 custodiam
1292 1847 1441 1882 dispositas
1467 1850 1546 1874 sunt.
1562 1847 1637 1875 Sunt
1651 1851 1748 1875 autem

923 1891 1035 1919 circum
1065 1891 1230 1926 Hierapolin
1262 1890 1400 1926 planities
1430 1891 1574 1924 maxime,
1604 1900 1747 1927 equorum

924 1935 1023 1963 cursui
1051 1934 1172 1969 idoneis,
1202 1935 1230 1962 in
1262 1934 1369 1970 quibus
1398 1938 1598 1970 apparuerunt
1627 1937 1746 1971 quidam

923 1979 1056 2007 Saraceni
1082 1978 1296 2013 adequitantes,
1312 1981 1341 2006 et
1366 1981 1470 2014 praeter
1493 1979 1582 2007 colles
1609 1980 1681 2007 nihil
1705 1983 1751 2009 est

924 2024 1000 2060 quod
1018 2024 1053 2050 ad
1072 2024 1180 2050 mentis
1195 2022 1382 2050 altitudinem
1407 2025 1555 2058 assurgat.
1577 2025 1627 2051 Est
1650 2028 1747 2053 autem

924 2068 1006 2096 locus
1021 2070 1166 2095 aestuosus
1178 2069 1206 2094 et
1221 2075 1298 2102 aqua
1313 2066 1411 2102 tepida
1426 2068 1491 2095 aeris
1508 2068 1749 2098 inﬂammationis

924 2114 953 2140 et
976 2114 1066 2140 aestus
1091 2111 1246 2146 particeps.
1272 2111 1376 2138 Hostes
1402 2113 1512 2146 autem,
1529 2112 1578 2147 qui
1606 2113 1748 2148 paulatim

924 2155 1094 2184 constitutis
1105 2155 1224 2183 aciebus
1235 2155 1521 2190 appropinquabant,
1532 2165 1637 2185 rursus
1657 2166 1752 2186 reces-

924 2202 1027 2228 serunt
1045 2208 1051 2227 :
1070 2208 1137 2226 nam
1163 2199 1362 2226 Machmutius
1385 2208 1500 2227 ameras
1516 2201 1616 2228 aberat
1633 2201 1749 2229 .Verum

47 2245 194 2282 Καυσώδης
221 2244 251 2273 δὶ
266 2246 280 2272 ὁ
294 2245 387 2280 τόπος,
404 2245 450 2272 καὶ
480 2244 510 2271 τὸ
539 2243 611 2281 ὕδωρ
640 2244 770 2282 χλιαρὸν,
788 2255 811 2280 μη

985 2253 1034 2271 )us
1059 2243 1235 2279 quibusdam
1263 2242 1369 2277 preliis
1396 2246 1554 2279 coegerunt
1578 2244 1692 2280 aliquos
1715 2254 1749 2273 ex

47 2289 186 2327 λαμϐάνον
200 2293 250 2324 τῆς
264 2289 312 2316 τοῦ
329 2289 407 2326 ἀέρος
422 2287 580 2326 φλεγμονῆς
606 2299 635 2315 τε
663 2288 707 2315 καὶ
738 2287 867 2318 καύσεως.

46 2337 76 2363 Οἱ
91 2334 120 2363 δὲ
132 2334 266 2371 πολέμιοι
290 2334 359 2361 κατὰ
395 2334 491 2371 μικρὸν
521 2336 580 2364 ταῖς
609 2333 766 2369 ἱσταμέναις
796 2332 869 2367 πλη-

47 2380 181 2415 σιάζοντες
211 2378 389 2416 παρατάξεσιν
418 2378 493 2409 αὗθις
532 2377 766 2415 ἀνθυπὲστρεφον·
798 2377 868 2411 ἀπῆν

46 2425 93 2462 γὰρ
118 2423 159 2451 ἔτι
187 2423 201 2450 ὁ
229 2423 338 2461 ἆμηρᾶς
363 2422 557 2460 Μαχμούτιος.
574 2419 810 2460 Ἀκροϐολισμοὺς
841 2420 871 2448 δὲ

45 2469 224 2505 ποιησάμενοι
265 2466 415 2505 παρελάσαι
458 2465 504 2502 μέν
543 2477 617 2498 τινας
646 2468 700 2494 τῶν
725 2466 868 2502 Ῥωμαίων

44 2514 257 2551 κατηνάγκασαν,
274 2512 319 2540 καί
346 2510 387 2542 δὶς
417 2514 497 2538 τοῦτο
527 2512 569 2538 καὶ
594 2511 653 2548 τρὶς
678 2511 867 2545 πεποιήκασιν.

45 2559 84 2585 Ἐν
99 2557 178 2593 ἑτέρᾳ
194 2555 222 2584 δὲ
247 2553 378 2593 συμϐολῇ
399 2555 488 2582 οὐκέτι
516 2555 578 2585 τοὺς
593 2555 743 2591 Ῥωμαίους
773 2554 869 2590 μικρὸν

46 2601 188 2638 ἐπεδίωξαν
217 2600 263 2628 καὶ
290 2599 416 2636 ἔστησαν,
445 2599 518 2627 ἀλλὰ
546 2599 744 2636 παρελάσαντες
771 2599 869 2629 αὐτοὺς

47 2650 82 2684 τῷ
108 2646 227 2684 τάγματι
251 2647 306 2672 τῶν
335 2644 529 2682 στρατηλατῶν
555 2643 593 2675 εἰς
620 2646 715 2681 χεῖρας
746 2642 871 2680 συνερῥά-

925 2287 1064 2316 Romanis
1079 2288 1191 2320 cedere,
1209 2287 1284 2323 quod
1302 2287 1346 2314 bis
1370 2289 1473 2322 terque
1489 2288 1524 2315 ab
1549 2288 1622 2323 ipsis
1639 2289 1747 2317 factum

923 2336 976 2361 est.
997 2333 1092 2359 Altero
1107 2340 1173 2359 vero
1198 2339 1355 2366 congressu
1373 2339 1429 2358 non
1456 2331 1584 2367 amplius
1600 2333 1747 2361 Romanos

924 2385 1026 2413 parum
1040 2378 1110 2403 sunt
1123 2376 1265 2411 persecuti
1279 2378 1330 2402 aut
1341 2376 1444 2403 sistere
1466 2375 1608 2410 fecerunt,
1625 2378 1674 2405 sed
1692 2379 1746 2406 im-

924 2421 1074 2457 pressione
1091 2420 1166 2448 facta
1181 2420 1209 2447 in
1228 2420 1370 2456 legionem
1397 2420 1506 2448 ducum
1523 2429 1628 2448 manus
1643 2430 1746 2450 conse-

924 2467 1056 2498 ruerunt,
1086 2467 1114 2492 et
1144 2464 1311 2492 scholarum
1346 2463 1487 2497 legionem
1527 2467 1747 2502 pratereuntes,

925 2510 1025 2538 multis
1035 2510 1151 2543 occisis,
1169 2508 1294 2543 reliquos
1306 2509 1430 2544 turpiter
1446 2509 1545 2545 fugere
1556 2511 1633 2538 014
1648 2519 1747 2545 coege-

924 2557 1004 2587 runt,
1030 2563 1046 2580 a
1074 2555 1174 2580 dextro
1201 2553 1264 2588 ipso
1293 2552 1460 2580 scholarum
1491 2554 1607 2589 agmine
1636 2555 1748 2592 relicto,

925 2600 1001 2635 quod
1018 2599 1130 2626 cladem
1157 2599 1355 2626 Romanorum
1379 2598 1481 2625 videns
1507 2607 1692 2635 nequaquam
1713 2602 1749 2629 de

926 2646 1004 2672 statu
1022 2651 1074 2670 suo
1091 2642 1221 2677 recessit,
1242 2642 1299 2669 imo
1319 2641 1404 2676 quasi
1416 2642 1487 2669 nihil
1500 2643 1563 2670 novi
1581 2644 1745 2680 accidisset,

701 2702 825 2729 JACOBI
845 2702 952 2730 GOARI
972 2701 1087 2729 NOT/E.

79 2753 133 2789 (16)
149 2753 277 2782 Levibus
302 2752 408 2788 praeliis
432 2751 541 2780 bellum
565 2754 808 2787 representarunt.
834 2751 843 2768 Ἰ

978 2759 1105 2786 nummo
1130 2750 1323 2778 delibaverum
1346 2751 1453 2776 tantum
1477 2753 1502 2776 et
1525 2751 1662 2786 auspicalz'
1683 2753 1742 2786 fue-

47 2793 117 2818 runt.
