1936 3050
188 127 249 157 403

851 126 1016 158 JOANNIS
1039 127 1241 158 SCYLITZIE

1850 126 1921 155 404

191 193 232 220 ita
246 192 404 220 immotum
419 193 526 227 stabat,
547 193 628 228 quasi
644 195 792 221 vereretur
806 201 842 220 ne
857 192 918 220 illic
938 201 952 221 s

1160 213 1167 227 ,
1183 193 1228 220 καὶ
1256 191 1436 229 παρελθόντες
1455 191 1486 218 τὸ
1502 193 1555 218 τῶν
1586 189 1698 228 σχολῶν
1724 189 1820 228 τάγμα
1855 192 1919 227 (17)

188 236 470 273 deprehenderetur,
484 239 511 265 et
527 238 609 265 daret
624 245 741 273 operam
760 240 793 265 ut
807 237 928 265 omnino
942 237 1015 265 late-

189 283 242 309 ret.
258 282 313 310 Sed
338 281 437 309 hostes
461 282 568 310 reversi
595 282 654 310 cito
669 282 723 310 hos
749 290 866 318 quoque
889 282 1016 309 debella-

189 328 268 359 runt,
284 328 312 354 et
327 326 429 354 multis
444 326 618 359 interfectis,
635 326 756 362 reliquis
771 326 802 354 in
826 327 932 354 castris
947 335 1016 354 cou-

189 370 292 405 clusis,
308 373 337 398 et
352 371 436 406 signa
452 371 511 398 illis
528 371 667 398 militaria
681 371 865 403 ademerunt,
881 373 910 398 et
925 371 1015 406 pluri-

189 423 305 443 morum
317 415 446 443 militum
456 415 589 443 abscissa
598 416 693 450 capita
703 415 847 443 miserunt
858 414 1017 451 Chalepitis

188 459 396 487 ostentationis
421 467 520 487 causa.
539 462 570 487 Et
585 459 658 486 illud
684 460 811 487 maxima
836 459 956 495 dignum
974 461 1019 487 est

187 503 392 537 admiratione,
411 504 488 539 quod
514 504 568 531 hac
593 506 712 539 accepta
727 513 743 531 a
771 503 910 531 Romanis
935 503 1017 532 clade

186 548 288 576 nullus
299 548 376 576 alius
389 547 560 584 manipulus
577 551 627 575 aut
648 549 802 584 praefectus
822 549 858 576 ad
874 547 1016 584 repellen-

186 592 346 620 doshostes
361 593 470 620 fuerint
486 592 618 628 impulsi.
635 592 743 620 Verum
754 600 858 620 omnes
869 593 1016 625 sedentes,

186 637 270 673 quasi
298 637 329 664 in
353 637 448 665 amica
472 637 589 673 regione
615 640 878 670 commorerentur,
895 637 1017 673 privatis

187 682 351 709 commodis
371 681 553 715 studebant;
583 681 722 716 nullaque
751 681 882 717 ipsorum
909 681 1017 709 animis

187 728 239 753 aut
263 725 431 753 sollicitudo
458 728 508 753 aut
532 726 669 753 alacritas
694 734 815 761 prorsus
836 726 940 753 inerat.
962 726 1016 753 Sed

187 770 347 806 imperator
361 769 411 805 qui
428 769 457 797 in
479 770 550 797 urbe
565 770 744 804 erat,audito
761 778 830 797 casu
847 770 936 803 ,haud
953 778 1017 797 me-

188 814 280 843 diocri
294 814 392 842 dolore
404 814 524 842 affectus
535 816 590 848 est,
607 814 768 850 statimque
779 823 845 842 cum
862 815 1015 851 Cappado-

187 859 273 887 cibus
299 867 374 894 quos
389 866 490 886 secum
516 858 642 886 habebat
663 866 798 886 reversus
824 858 1014 887 otl'ensionem

185 904 335 937 acceptam
349 902 489 929 resarcire
513 902 684 934 conabatur,
701 901 752 929 illa
769 902 917 938 siquidem
931 906 1017 931 nocte

186 954 288 974 omnes
303 946 340 973 de
355 954 406 981 spe
422 946 498 974 bona
513 946 693 978 desiderant,
703 947 781 982 quod
798 947 886 975 etiam
903 948 1015 983 pedita-

186 994 233 1019 tus
249 990 407 1018 Armenius
423 990 459 1018 ad
474 990 584 1018 vallum
601 993 778 1026 pernoctans
804 991 838 1019 de
856 991 1014 1020 rebellione

186 1035 334 1071 cogitavit.
359 1035 555 1071 Nondumque
585 1036 647 1064 dies
672 1037 839 1071 advenerat,
865 1038 894 1064 et
918 1037 1015 1064 hostes

184 1079 296 1108 vallum
309 1080 433 1107 cinxere.
449 1079 558 1115 Chalep
571 1080 648 1107 enim
662 1080 797 1116 princeps
813 1081 928 1116 cognito
943 1089 1013 1109 casu

186 1132 251 1152 cum
264 1124 403 1151 omnibus
420 1124 482 1152 suis
493 1123 587 1160 copiis
600 1124 734 1157 accessit,
751 1127 784 1151 ut
796 1124 874 1152 illico
887 1125 1013 1161 impera-

185 1169 278 1196 torem
293 1170 445 1204 capturus.
463 1168 623 1203 Imperator
640 1170 735 1196 autem
749 1169 826 1196 intra
842 1169 1013 1196 tabernacu-

185 1212 249 1240 lum
264 1220 298 1240 ea
321 1212 429 1248 quibus
453 1213 489 1240 ad
514 1213 621 1240 bellum
647 1221 721 1248 opus
744 1213 817 1241 foret
843 1214 1014 1242 describens

186 1257 274 1284 tertia
297 1257 413 1284 circiter
441 1257 513 1284 hora
538 1258 630 1284 noctis
646 1265 712 1284 cum
735 1257 865 1286 conferto
881 1258 1012 1293 equitatu

185 1301 292 1336 erupit.
310 1301 459 1337 Agebatur
474 1303 544 1328 tunc
568 1301 707 1329 vicesima
722 1303 796 1330 676
814 1302 877 1330 dies
893 1305 1014 1330 Novem-

185 1346 247 1373 bris
273 1346 396 1380 mensis,
414 1345 574 1373 indictione
594 1346 729 1382 septima,
755 1346 945 1374 buccinarum
961 1348 1013 1374 aut

184 1391 322 1418 tubarum
346 1390 427 1418 nullo
453 1390 530 1418 edito
556 1393 655 1426 aperto
680 1391 775 1427 signo.
793 1391 900 1419 Verum
925 1391 1011 1419 elatis

183 1435 308 1468 vexillis,
321 1437 349 1463 et
376 1435 536 1471 composito
562 1437 736 1470 procedente
758 1437 895 1470 exercitu,
912 1436 1012 1464 hostes

183 1478 213 1506 in
242 1487 332 1506 unam
361 1482 474 1515 partem
503 1479 566 1516 cogi
596 1482 756 1515 coeperunt,
777 1488 834 1516 quo
865 1480 1012 1508 Romanos

183 1522 349 1558 equitantes
372 1523 516 1558 viderent,
542 1526 570 1551 et
594 1528 737 1551 certamen
763 1532 796 1551 ac
820 1524 861 1552 rei
890 1527 1010 1552 eventus

183 1557 402 1602 quodammodo
413 1568 508 1595 animo
516 1568 578 1603 jam
590 1571 749 1604 conceptus
767 1570 847 1596 erat:
862 1577 930 1596 nam
942 1577 1008 1598 cum
1025 1557 1047 1591 θ

183 1611 204 1638 ii
221 1611 271 1647 qui
286 1611 315 1638 in
329 1611 422 1639 fronte
436 1614 518 1640 erant
529 1611 686 1639 clamorem
699 1612 899 1647 sustulissent,
911 1613 1009 1648 plures

185 1655 368 1684 adversarios
396 1657 519 1684 Romani
549 1657 732 1684 debellarunt
766 1659 794 1684 et
829 1657 1008 1693 occiderunt,

186 1709 312 1736 cumque
323 1700 436 1736 reliqua
448 1709 565 1737 quoque
576 1701 732 1728 multitudo
748 1701 892 1737 irruisset,
905 1702 1008 1738 ingens

184 1744 317 1780 ipsorum
343 1744 410 1780 fuga
425 1745 499 1772 facta
523 1748 577 1772 est.
595 1745 629 1772 Et
654 1745 703 1780 qui
719 1747 831 1781 atergo
855 1754 905 1774 eos
931 1747 1007 1774 iuse-

181 1789 358 1825 quebantur,
372 1788 473 1816 multis
501 1789 605 1817 occisis
621 1789 699 1816 haud
716 1797 787 1817 sane
804 1798 911 1825 paucos
927 1791 1007 1819 vivos

179 1841 291 1869 cepere.
308 1835 417 1860 Verum
432 1841 498 1860 cum
515 1833 642 1861 multum
662 1833 741 1861 haud
766 1835 910 1870 persecuti
934 1835 1005 1864 fuis-

178 1879 253 1910 sent,
270 1877 382 1913 ingenti
406 1885 439 1904 ac
463 1885 604 1913 prospero
620 1886 716 1905 rerum
734 1886 872 1906 successu
889 1879 1004 1907 defrau-

176 1922 237 1949 dati
267 1924 337 1949 sunt
366 1921 500 1955 Romani,
534 1921 789 1958 pulcherrimaque
821 1923 942 1951 victoria.
977 1926 1006 1952 et

176 1966 306 1993 maxima
329 1965 422 2001 gloria
447 1966 550 2001 privati
569 1974 575 1993 :
593 1974 660 1993 cum
683 1967 761 1994 enim
792 1967 907 1994 Arahici
936 1967 1005 2003 equi

175 2009 308 2037 celeriter
331 2012 482 2037 currentes
498 2010 576 2036 haud
595 2012 715 2044 possent
730 2011 805 2038 bono
825 2011 924 2038 animo
940 2019 1005 2039 esse

177 2056 227 2082 aut
250 2062 369 2082 cursum
394 2054 530 2086 tolerare,
552 2053 710 2082 noluerunt
734 2054 857 2082 Romani
884 2055 1001 2083 illorum

176 2098 411 2126 imbecillitatem
428 2106 514 2125 suum
531 2099 680 2134 proprium
706 2099 796 2126 robur
811 2099 935 2133 efﬁcere,
951 2100 1001 2127 sed

173 2142 360 2178 imperatoris
371 2143 459 2178 jussu
477 2143 598 2170 retentis
614 2143 704 2170 frenis
729 2143 928 2178 imperfectam
945 2144 1001 2172 sibi

174 2186 327 2214 victoriam
365 2190 584 2222 compararunt,
614 2188 742 2215 contenti
777 2188 839 2215 sola
870 2188 1000 2216 hostium

172 2231 253 2267 fuga,
279 2240 418 2267 magnam
445 2231 612 2259 felicitatem
638 2234 794 2267 reputante
813 2232 998 2267 imperatore,
1016 2233 1037 2264 I)

173 2276 250 2312 quod
277 2278 346 2303 tunc
377 2275 509 2303 imbelles
531 2275 749 2303 convaluissent
767 2278 795 2303 et
821 2276 939 2311 mortui,
965 2279 997 2305 ut

172 2320 214 2348 ita
237 2320 372 2354 dixerim,
389 2320 571 2347 revixissent.
594 2322 756 2355 Imperator
779 2323 875 2348 autem
891 2321 921 2348 in
938 2321 998 2348 val-

171 2364 233 2392 lum
248 2372 393 2398 reversus,
410 2367 477 2399 post
503 2364 641 2400 expulsos
657 2364 766 2397 hostes,
784 2365 886 2392 statuit
901 2373 996 2393 arcem

172 2408 336 2444 Hierapolis
351 2409 589 2436 construendam.
607 2409 742 2437 Praefecto
762 2409 852 2445 igitur
873 2409 996 2438 Phares-

171 2460 258 2480 mane
286 2452 336 2480 illo
366 2452 449 2479 Beste
475 2453 609 2488 Apocape
624 2453 701 2480 616
723 2461 758 2480 ex
787 2453 874 2481 lberis
902 2462 996 2489 genus

170 2496 306 2529 ducente,
324 2495 455 2530 spatium
480 2495 560 2523 dedit
585 2495 720 2523 hostibus
734 2499 763 2524 et
784 2497 884 2524 damni
900 2505 994 2525 resar-

168 2539 263 2568 ciendi
281 2542 309 2567 et
332 2539 460 2566 victoria:
485 2540 520 2566 de
545 2539 719 2568 adversariis
743 2541 934 2576 reportandas.
960 2542 996 2569 Et

168 2585 264 2621 quoad
290 2587 490 2612 Romanorum
515 2584 659 2613 exercitus
683 2585 847 2614 instructus
877 2587 917 2614 ibi
945 2595 993 2614 os-

1070 236 1195 268 πολλοὺς
1214 237 1262 274 μὶν
1278 236 1398 272 ἀνεῖλον,
1413 235 1476 266 τοὺς
1493 233 1521 262 δὲ
1537 234 1650 265 λοιποὺς
1663 236 1755 273 φυγεῖν
1771 235 1913 274 αἰσχρῶς

1070 281 1282 318 κατηνάγκασαν,
1298 281 1324 308 ἐν
1342 280 1413 317 δεξιᾷ
1427 279 1620 310 καταλιπόντες
1645 279 1676 306 τὸ
1699 281 1752 306 τῶν
1779 279 1910 318 σχολῶν

1072 325 1220 363 σύνταγμα.
1250 326 1336 363 Ὅπερ
1368 325 1418 359 τὴν
1459 326 1512 352 τῶν
1542 323 1687 360 Ῥωμαίων
1715 325 1795 358 ἧτταν
1826 325 1910 362 ὁρῶν

1071 368 1128 396 οὐδ’
1144 368 1215 400 ὅλως
1233 371 1395 406 μετεκινήθη
1419 372 1469 403 τῆς
1492 368 1621 402 στάσεως,
1636 367 1700 396 ἀλλ’
1713 369 1749 399 ὡς
1777 368 1910 405 μηδενὸς

1070 420 1165 445 καινοῦ
1179 419 1324 456 γεγονότος
1339 419 1471 456 ἀτρεμοῦν
1498 417 1602 452 ἵστατο,
1617 417 1655 449 ὡς
1683 416 1713 444 ἃν
1745 417 1768 444 εἱ
1792 417 1910 445 ἐδεδοί-

1071 473 1110 490 κει
1143 463 1180 498 μή
1205 463 1343 501 φωραθείη
1369 462 1455 490 ἐκεῖσε
1483 462 1636 498 ἱστάμενον,
1665 462 1711 489 καὶ
1731 462 1812 489 τιαντὶ
1837 463 1911 500 τρό-

1071 518 1114 543 πῳ
1130 506 1222 539 λαθεῖν
1254 508 1466 544 μηχανώμενον.
1483 507 1710 544 Ὑποστρέψαντες
1741 505 1769 534 δὲ
1793 507 1823 534 οἱ
1855 518 1911 534 πο-

1072 550 1165 587 λέμιοι
1190 551 1260 589 ταχὺ
1287 552 1332 579 καὶ
1360 553 1441 578 τοῦτο
1478 551 1706 589 κατηγωνίσαντο,
1731 551 1913 589 ἀνῃρηκότες

1075 597 1120 632 μὲν
1137 595 1271 632 πολλοὺς,
1287 596 1351 627 τοὺς
1377 595 1405 623 δὶ
1434 596 1548 626 λοιποὺς
1575 594 1611 626 εἲς
1635 596 1685 630 τήν
1714 594 1909 632 παρεμϐολὴν

1072 639 1303 675 κατακλείσαντες,
1323 640 1367 667 καὶ
1391 640 1425 667 τὰ
1453 643 1554 676 σημεῖα
1580 639 1683 667 τούτων
1709 643 1912 677 στρατηγικῶς

1071 689 1246 728 ἀφελόμενοι.
1263 689 1390 720 Πολλοὺς
1421 688 1450 716 δὶ
1477 689 1522 716 καὶ
1548 691 1603 716 τῶν
1631 691 1804 726 στρατιωτῶν
1833 699 1909 727 τρα-

1070 733 1315 771 χηλοκοπήσαντες
1343 734 1381 764 εἷς
1412 733 1540 771 ἔνδειγμα
1566 736 1625 764 τοῖς
1651 732 1823 764 Χαλεπίταις
1848 734 1909 761 ἀπ-

1069 777 1202 806 έστειλαν.
1219 779 1369 815 Θαυμάζειν
1386 777 1415 805 δὲ
1441 778 1514 813 ἄξιον
1538 778 1572 812 ἦν
1602 777 1644 805 δτι
1670 781 1829 816 καταφορᾶς
1857 779 1906 806 καὶ

1069 822 1154 858 ἥττης
1178 823 1359 861 γεγενημένης
1387 823 1545 859 Ῥωμαϊκῆς
1575 823 1616 858 [Ρ.
1632 823 1695 859 827]
1721 821 1812 854 οὐδεὶς
1847 825 1906 850 τῶν

1071 866 1177 895 λοιπῶν
1192 866 1285 905 λόχων
1301 877 1331 895 τε
1345 868 1388 895 καὶ
1414 866 1546 905 λοχαγῶν
1576 867 1614 898 εἲς
1641 866 1744 903 ἄμυναν
1771 866 1908 905 διηρέθι-

1070 921 1128 946 ne,
1145 909 1217 938 ἀλλὰ
1231 912 1327 941 πάντες
1344 909 1421 938 ἔνδον
1436 911 1599 946 καθήμενοι,
1617 910 1654 942 ὡς
1671 909 1715 938 διὰ
1730 910 1828 949 φιλίας
1851 914 1908 949 γῆς

1070 954 1292 991 ἐνσκηνούμενοι,
1323 953 1489 992 ἱδιοτροπεῖν
1514 953 1692 989 ἐσπούδαζον,
1721 954 1766 982 καὶ
1790 955 1906 991 κίνησις

1069 1001 1161 1037 ψυχῆς
1177 999 1221 1027 καὶ
1234 999 1373 1036 προθυμία
1387 1000 1430 1026 καὶ
1448 999 1550 1037 ἀγωνία
1577 998 1686 1030 τούτοις
1711 999 1742 1026 τὸ
1769 1000 1906 1037 παράπαν

1069 1042 1183 1079 οὒδεμία
1197 1044 1242 1078 ἧν,
1259 1042 1338 1071 Ἀλλ’
1351 1044 1365 1071 ὁ
1383 1042 1510 1080 βασιλεὺς
1534 1041 1609 1070 ἔνδον
1638 1042 1673 1071 ὣν
1699 1045 1748 1076 τῆς
1773 1043 1903 1079 πόλεως,

1067 1094 1148 1120 τοῦτο
1164 1093 1315 1128 πυθόμενος
1330 1091 1427 1126 ἠνιάθη
1453 1091 1500 1127 μὲν
1530 1091 1561 1119 οὗ
1592 1092 1720 1129 μετρίως,
1737 1091 1902 1120 ἐπανελθὼν

1069 1135 1096 1164 δὲ
1112 1136 1253 1172 συντόμως
1271 1136 1405 1172 μετὰτῶν
1436 1135 1568 1163 συνόντων
1599 1135 1786 1164 Καππαδοκῶν
1826 1137 1901 1165 ἴασιν

1068 1182 1153 1218 εὑρεῖν
1167 1183 1205 1217 τῷ
1226 1181 1375 1217 πταίσματι
1405 1180 1573 1218 ἐμηχανᾶτο.
1595 1181 1626 1208 Ἡ
1649 1182 1699 1218 γὰρ
1729 1181 1772 1216 νὺξ
1805 1181 1901 1217 ἐκείνη

1067 1226 1166 1256 πάντας
1194 1226 1266 1262 εἶχεν
1282 1225 1307 1252 ἐν
1322 1224 1428 1252 ἐλπίσιν
1452 1225 1500 1252 οὐκ
1527 1225 1652 1262 ἀγαθαῖς,
1668 1225 1762 1257 καθότι
1794 1226 1842 1253 καὶ
1868 1227 1901 1254 τὸ

1066 1269 1091 1306 ἐξ
1108 1270 1256 1307 Ἀρμενίων
1279 1270 1359 1304 πεζὸν
1389 1269 1450 1306 περὶ
1478 1270 1528 1303 τήν
1554 1270 1655 1308 τάφρον
1685 1269 1899 1308 διανυκτερεῦον

1067 1314 1228 1342 ἀποστασίαν
1258 1313 1432 1350 ἐμελέτησεν.
1448 1313 1532 1342 Οὔπω
1563 1313 1585 1341 δ’
1604 1313 1695 1351 ἡμέρα
1719 1315 1837 1351 προῄει,
1853 1315 1900 1342 καί

1067 1360 1092 1387 οἱ
1107 1358 1238 1395 πολέμιοι
1251 1359 1296 1386 τὸν
1321 1359 1430 1396 χάοακα
1452 1358 1626 1395 περιέζωσαν.
1644 1359 1681 1387 Τὸ
1709 1359 1762 1396 γὰρ
1789 1357 1898 1396 συμϐὰν

1066 1404 1080 1431 ὁ
1095 1406 1143 1431 τοῦ
1159 1403 1257 1432 Χάλεπ
1282 1402 1376 1441 ἄρχων
1406 1403 1551 1439 ἀναμαθὼν
1581 1404 1639 1439 μεθ’
1654 1403 1722 1438 ὅλης
1750 1404 1822 1438 ἧκεν
1848 1408 1899 1439 τῆς

1065 1448 1160 1475 ἐαυτοῦ
1177 1447 1316 1483 δυνάμεως
1333 1448 1370 1478 ὡς
1389 1445 1515 1474 αὐτοϐοεὶ
1544 1448 1664 1485 αἱρήσων
1688 1448 1734 1475 τὸν
1763 1448 1897 1485 βασιλέα.

1064 1492 1094 1520 Ὁ
1111 1491 1139 1519 δὶ
1153 1491 1281 1530 βασιλεὺς
1297 1489 1372 1519 ἔνδον
1388 1495 1438 1526 τῆς
1461 1493 1563 1526 σκηνῆς
1587 1490 1742 1530 διαγράφων
1765 1493 1820 1520 τὸν
1851 1493 1900 1520 πό-

1065 1535 1150 1573 λεμον
1166 1537 1227 1574 περὶ
1242 1536 1335 1572 τρίτην
1350 1536 1422 1573 ὥραν
1445 1536 1540 1572 ἀθρόον
1571 1535 1732 1571 ἐξελήλυθεν
1761 1534 1898 1576 ἔφιππος.

1064 1585 1198 1619 Elimea-Av
1227 1584 1293 1620 ἤνυε
1321 1585 1498 1620 τηνικαῦταὸ
1523 1582 1680 1622 Νοέμϐριος
1711 1585 1778 1621 μὴν,
1800 1590 1854 1621 τῆς
1883 1589 1897 1621 ζ

1065 1628 1246 1658 ἰνδικτιῶνος,
1260 1629 1416 1658 Βουκκίνων
1431 1630 1450 1663 ἢ
1476 1628 1633 1666 σαλπίγγων
1658 1628 1676 1663 ἢ
1699 1628 1793 1657 ἄλλοι)
1822 1631 1896 1661 τινὸς

1063 1673 1178 1709 σημείου
1201 1673 1239 1709 μή
1265 1672 1388 1705 δοθέντος
1414 1675 1530 1711 τρανῶς,
1545 1675 1598 1700 τῶν
1624 1672 1653 1700 δέ
1681 1676 1813 1709 σημαιῶν
1843 1676 1892 1702 τοῦ

1063 1720 1180 1755 στρατοῦ
1196 1717 1353 1754 ἐξαρθεισῶν
1374 1717 1419 1744 καὶ
1442 1720 1493 1752 τῆς
1520 1720 1644 1755 στρατιᾶς
1670 1717 1797 1753 ἐξιούσης
1825 1729 1890 1746 συν-

1060 1762 1240 1798 τεταγμένης,
1266 1760 1381 1798 ἤρξαντο
1404 1761 1429 1788 οἱ
1450 1761 1523 1797 παρὰ
1548 1761 1630 1798 μέρος
1652 1761 1678 1788 ἓν
1704 1762 1890 1798 ἀθροίζεσθαι,

1061 1811 1092 1838 οὗ
1119 1811 1183 1842 τοὺς
1212 1810 1365 1847 Ῥωμαίους
1393 1809 1463 1838 εἶδον
1491 1810 1698 1846 ἐπελαύνοντας,
1713 1811 1758 1838 καὶ
1785 1812 1888 1849 ὁάγὼν

1060 1856 1134 1890 ὅσος,
1150 1856 1195 1883 καὶ
1210 1857 1227 1891 ἡ
1242 1858 1290 1883 τοῦ
1317 1855 1466 1892 μέλλοντος
1496 1853 1603 1886 ἔκϐασις
1629 1855 1682 1890 σ’ία,
1698 1859 1758 1887 ταῖς
1785 1858 1890 1894 ψυχαῖς

1059 1900 1248 1929 ἐναπέπακτο.
1265 1901 1326 1928 Τῶν
1341 1898 1370 1927 δὶ
1383 1900 1452 1927 κατᾶ
1469 1899 1593 1936 μέτωπον
1618 1899 1649 1927 τὸ
1668 1899 1793 1928 ἐνυάλιον
1817 1900 1886 1928 ἀλα-

1059 1944 1197 1980 λαξάντων
1226 1943 1349 1974 πολλοὺς
1376 1946 1430 1971 τῶν
1449 1943 1574 1970 ἐναντίων
1601 1944 1628 1971 οἱ
1653 1944 1789 1980 Ῥωμαῖοι
1823 1955 1887 1972 κιτ-

1061 1989 1224 2026 ηγωνίσαντο
1239 1988 1284 2015 καὶ
1311 1987 1518 2025 διεχειρίσαντο.
1535 1989 1752 2025 Ἐξορμήσαντος
1782 1988 1812 2016 δί
1840 1989 1885 2016 καὶ

1056 2040 1104 2065 τοῦ
1121 2037 1220 2065 λοιποῦ
1235 2037 1360 2071 πλήθους
1375 2037 1445 2075 φυγή
1471 2036 1574 2064 τούτων
1604 2037 1788 2069 ἀνυπόστατος
1812 2037 1885 2075 γίνε-

1056 2092 1110 2110 ται.
1126 2081 1158 2108 Οἱ
1182 2081 1211 2109 δὲ
1239 2081 1352 2108 κατόπιν
1378 2081 1481 2108 τούτων
1508 2080 1665 2112 ἐλαύνοντες
1681 2080 1808 2114 πολλοὺς
1836 2082 1882 2118 μὲν

1056 2125 1177 2161 ἀνεῖλον,
1194 2125 1243 2152 οὐκ
1272 2125 1384 2162 ὀλίγους
1398 2123 1427 2152 δὶ
1443 2126 1629 2162 ζωγρήσαντες
1651 2122 1761 2152 ἔλαϐον.
1779 2129 1835 2160 Τῆς
1855 2124 1883 2152 δὲ

1056 2172 1173 2208 διώξεως
1190 2174 1227 2210 μὴ
1240 2173 1386 2210 γινομένης
1404 2172 1486 2210 μέχρι
1501 2171 1621 2207 πολλοῦ,
1640 2172 1762 2210 μεγάλης
1778 2172 1882 2206 εὐκλη-

1055 2217 1114 2254 ρίας
1144 2218 1170 2245 οἱ
1197 2218 1329 2252 Ῥωμαῖοι
1359 2215 1508 2254 διήμαρτον
1537 2217 1581 2243 καὶ
1618 2216 1696 2251 νίκης
1728 2216 1882 2250 καλλίστης

1053 2261 1262 2299 ἐξεστερήθησαν
1277 2261 1322 2288 καὶ
1338 2260 1500 2298 αὐχήματος
1526 2260 1652 2298 μεγίστου
1680 2260 1880 2298 ἐξηστόχησαν.

1052 2312 1114 2339 Τῶν
1130 2310 1181 2348 γὰρ
1197 2307 1350 2347 Ἀραϐικῶν
1367 2308 1461 2336 ἵππων
1485 2308 1735 2346 ταχυδρομούντων
1753 2310 1812 2346 μὲν,
1839 2309 1877 2345 μὴ

1052 2359 1244 2397 εὖψυχούντων
1261 2357 1289 2386 δέ
1307 2356 1370 2394 μηδ’
1387 2357 1619 2395 ἐγκαρτερούντων
1643 2360 1684 2394 τῷ
1703 2356 1812 2395 δρόμῳ,
1829 2357 1878 2384 οὐκ

1051 2403 1189 2439 ἠθέλησαν
1205 2404 1231 2430 οἱ
1246 2404 1378 2439 Ῥωμαῖοι
1391 2402 1439 2436 τήν
1455 2401 1562 2429 ἐκείνων
1572 2402 1678 2430 ἀτονίαν
1691 2403 1791 2430 οἰκείαν
1804 2401 1878 2429 εὐτο-

1051 2448 1107 2476 νίαν
1129 2449 1305 2483 ποιήσασθαι,
1330 2446 1536 2483 ἐπιστρέψαντες
1561 2445 1590 2474 δέ
1613 2446 1678 2479 τοὺς
1703 2446 1822 2485 ῥυτῆρας
1850 2445 1876 2480 ιε

1050 2498 1230 2535 ἐπιτάγματος
1262 2495 1404 2534 βασιλικοῦ
1428 2493 1562 2532 ἀμϐλεῖαν
1592 2496 1697 2527 ἑαυτοῖς
1725 2496 1774 2530 τήν
1799 2494 1875 2529 νίκην

1049 2542 1256 2579 ἀπειργάσαντο,
1285 2541 1455 2577 κορεσθέντες
1486 2540 1554 2577 μόνῃ
1583 2542 1618 2577 τῇ
1655 2542 1709 2567 τῶν
1747 2538 1874 2567 ἐναντίων

1048 2587 1203 2623 ἀποτροπῇ,
1221 2583 1344 2623 μεγάλην
1367 2584 1493 2622 εὐτυχίαν
1509 2584 1553 2611 καὶ
1567 2587 1647 2612 τοῦτο
1671 2586 1719 2612 τοῦ
1737 2581 1872 2621 βασιλέως

825 2649 948 2676 JACOBl
967 2649 1076 2677 GOARI
1096 2649 1213 2677 NOTAE.

201 2703 258 2738 (17)
288 2703 454 2742 Satellitum
482 2705 713 2742 indigenarum,
748 2714 871 2742 quorum
905 2706 992 2734 varia:

1046 2707 1236 2749 praetorianos
1251 2707 1459 2742 componerent
1474 2705 1621 2733 militiam.
1639 2713 1697 2734 non
1713 2703 1870 2732 censentur

168 2740 270 2777 turmas
286 2739 434 2777 quondam
445 2739 828 2777 Asobolsafnuncupabantur.
845 2741 990 2777 legionem
1044 2739 1162 2771 inclusi.

167 2774 317 2811 intelligo;
330 2775 360 2802 in
371 2784 430 2812 qua
440 2775 581 2811 foederati,
598 2784 649 2805 ceu
667 2774 896 2812 quidistinctam
914 2778 991 2806 inter
