  <div class='ocr_page' id='page_1' title='image "/cluster/home/n/w/nwhite01/storage/ocr_20150623/122/njp.32101077773016/214.png"; bbox 0 0 1937 3050; ppageno 0'>
   <div class='ocr_carea' id='block_1_1' title="bbox 58 135 123 164">
    <p class='ocr_par' dir='ltr' id='par_1_1' title="bbox 58 135 123 164">
     <span class='ocr_line' id='line_1_1' title="bbox 58 135 123 164; baseline 0 0"><span class='ocrx_word' id='word_1_1' title='bbox 58 135 123 164; x_wconf 68' lang='grc'>406</span> 
     </span>
    </p>
   </div>
   <div class='ocr_carea' id='block_1_2' title="bbox 824 137 1018 169">
    <p class='ocr_par' dir='ltr' id='par_1_2' title="bbox 824 137 1018 169">
     <span class='ocr_line' id='line_1_2' title="bbox 824 137 1018 169; baseline 0.005 -2"><span class='ocrx_word' id='word_1_2' title='bbox 824 137 1018 169; x_wconf 80' lang='lat' dir='ltr'>HISTORIA.</span> 
     </span>
    </p>
   </div>
   <div class='ocr_carea' id='block_1_3' title="bbox 1712 137 1773 168">
    <p class='ocr_par' dir='ltr' id='par_1_3' title="bbox 1712 137 1773 168">
     <span class='ocr_line' id='line_1_3' title="bbox 1712 137 1773 168; baseline -0.033 0"><span class='ocrx_word' id='word_1_3' title='bbox 1712 137 1773 168; x_wconf 69' lang='grc'>406</span> 
     </span>
    </p>
   </div>
   <div class='ocr_carea' id='block_1_4' title="bbox 55 199 820 241">
    <p class='ocr_par' dir='ltr' id='par_1_4' title="bbox 55 199 820 241">
     <span class='ocr_line' id='line_1_4' title="bbox 55 199 820 241; baseline 0.004 -14"><span class='ocrx_word' id='word_1_4' title='bbox 55 199 256 237; x_wconf 68' lang='grc' dir='ltr'>λογιζομένου,</span> <span class='ocrx_word' id='word_1_5' title='bbox 288 200 329 228; x_wconf 71' lang='grc' dir='ltr'>ὅτι</span> <span class='ocrx_word' id='word_1_6' title='bbox 361 201 430 232; x_wconf 75' lang='grc' dir='ltr'>τέως</span> <span class='ocrx_word' id='word_1_7' title='bbox 465 201 491 229; x_wconf 81' lang='grc' dir='ltr'>οἱ</span> <span class='ocrx_word' id='word_1_8' title='bbox 518 201 663 234; x_wconf 82' lang='grc' dir='ltr'>ἀνάλκιδες</span> <span class='ocrx_word' id='word_1_9' title='bbox 689 202 820 241; x_wconf 73' lang='grc' dir='ltr'>ἀνερῥώσε</span> 
     </span>
    </p>
   </div>
   <div class='ocr_carea' id='block_1_5' title="bbox 1007 199 1772 241">
    <p class='ocr_par' dir='ltr' id='par_1_5' title="bbox 1007 203 1772 240">
     <span class='ocr_line' id='line_1_5' title="bbox 1007 203 1772 240; baseline 0 -8"><span class='ocrx_word' id='word_1_10' title='bbox 1007 205 1139 239; x_wconf 78' lang='lat' dir='ltr'>debetur,</span> <span class='ocrx_word' id='word_1_11' title='bbox 1155 205 1265 232; x_wconf 82' lang='lat' dir='ltr'>Arabes</span> <span class='ocrx_word' id='word_1_12' title='bbox 1280 204 1468 240; x_wconf 79' lang='lat' dir='ltr'>quiescebant</span> <span class='ocrx_word' id='word_1_13' title='bbox 1485 213 1491 231; x_wconf 94' lang='lat'>:</span> <span class='ocrx_word' id='word_1_14' title='bbox 1508 203 1558 231; x_wconf 89' lang='lat' dir='ltr'>ubi</span> <span class='ocrx_word' id='word_1_15' title='bbox 1583 211 1650 232; x_wconf 88' lang='lat' dir='ltr'>vero</span> <span class='ocrx_word' id='word_1_16' title='bbox 1674 206 1772 232; x_wconf 89' lang='lat' dir='ltr'>coacto</span> 
     </span>
    </p>
   </div>
   <div class='ocr_carea' id='block_1_6' title="bbox 56 245 895 286">
    <p class='ocr_par' dir='ltr' id='par_1_6' title="bbox 56 245 895 286">
     <span class='ocr_line' id='line_1_6' title="bbox 56 245 895 286; baseline 0.006 -15"><span class='ocrx_word' id='word_1_17' title='bbox 56 245 104 272; x_wconf 82' lang='grc' dir='ltr'>καὶ</span> <span class='ocrx_word' id='word_1_18' title='bbox 135 246 161 272; x_wconf 74' lang='grc' dir='ltr'>οἱ</span> <span class='ocrx_word' id='word_1_19' title='bbox 185 245 279 282; x_wconf 81' lang='grc' dir='ltr'>νεκροὶ</span> <span class='ocrx_word' id='word_1_20' title='bbox 307 246 344 277; x_wconf 82' lang='grc' dir='ltr'>ὡς</span> <span class='ocrx_word' id='word_1_21' title='bbox 367 247 453 274; x_wconf 73' lang='grc' dir='ltr'>εἲπεῖν</span> <span class='ocrx_word' id='word_1_22' title='bbox 482 247 684 282; x_wconf 82' lang='grc' dir='ltr'>ἀνεζώσθησαν.</span> <span class='ocrx_word' id='word_1_23' title='bbox 709 248 740 276; x_wconf 85' lang='grc' dir='ltr'>Ὁ</span> <span class='ocrx_word' id='word_1_24' title='bbox 763 246 792 275; x_wconf 71' lang='grc' dir='ltr'>δὲ</span> <span class='ocrx_word' id='word_1_25' title='bbox 818 249 895 286; x_wconf 87' lang='grc' dir='ltr'>βασι-</span> 
     </span>
    </p>
   </div>
   <div class='ocr_carea' id='block_1_7' title="bbox 61 288 894 328">
    <p class='ocr_par' dir='ltr' id='par_1_7' title="bbox 61 288 894 328">
     <span class='ocr_line' id='line_1_7' title="bbox 61 288 894 328; baseline 0.005 -12"><span class='ocrx_word' id='word_1_26' title='bbox 61 289 128 320; x_wconf 80' lang='grc' dir='ltr'>λεὺς</span> <span class='ocrx_word' id='word_1_27' title='bbox 164 288 325 317; x_wconf 65' lang='grc' dir='ltr'>ἐπανελθὼν</span> <span class='ocrx_word' id='word_1_28' title='bbox 358 291 395 321; x_wconf 77' lang='grc' dir='ltr'>εἱς</span> <span class='ocrx_word' id='word_1_29' title='bbox 429 291 476 318; x_wconf 85' lang='grc' dir='ltr'>τὸν</span> <span class='ocrx_word' id='word_1_30' title='bbox 520 292 629 328; x_wconf 81' lang='grc' dir='ltr'>χάρακα</span> <span class='ocrx_word' id='word_1_31' title='bbox 668 292 735 327; x_wconf 82' lang='grc' dir='ltr'>μετὰ</span> <span class='ocrx_word' id='word_1_32' title='bbox 761 293 812 327; x_wconf 80' lang='grc' dir='ltr'>τήν</span> <span class='ocrx_word' id='word_1_33' title='bbox 839 295 894 320; x_wconf 85' lang='grc' dir='ltr'>τῶν</span> 
     </span>
    </p>
   </div>
   <div class='ocr_carea' id='block_1_8' title="bbox 58 332 894 374">
    <p class='ocr_par' dir='ltr' id='par_1_8' title="bbox 58 332 894 374">
     <span class='ocr_line' id='line_1_8' title="bbox 58 332 894 374; baseline 0.005 -14"><span class='ocrx_word' id='word_1_34' title='bbox 58 334 170 372; x_wconf 79' lang='grc' dir='ltr'>ἐχθρῶν</span> <span class='ocrx_word' id='word_1_35' title='bbox 190 332 360 370; x_wconf 76' lang='grc' dir='ltr'>ἀποσόϐησιν</span> <span class='ocrx_word' id='word_1_36' title='bbox 391 333 460 372; x_wconf 75' lang='grc' dir='ltr'>ἔγνω</span> <span class='ocrx_word' id='word_1_37' title='bbox 484 336 533 370; x_wconf 74' lang='grc' dir='ltr'>τὴν</span> <span class='ocrx_word' id='word_1_38' title='bbox 561 335 710 372; x_wconf 84' lang='grc' dir='ltr'>ἀκρόπολιν</span> <span class='ocrx_word' id='word_1_39' title='bbox 736 340 785 372; x_wconf 80' lang='grc' dir='ltr'>τῆς</span> <span class='ocrx_word' id='word_1_40' title='bbox 810 337 894 374; x_wconf 82' lang='grc' dir='ltr'>Ἰερα-</span> 
     </span>
    </p>
   </div>
   <div class='ocr_carea' id='block_1_9' title="bbox 388 380 893 418">
    <p class='ocr_par' dir='ltr' id='par_1_9' title="bbox 388 380 893 418">
     <span class='ocr_line' id='line_1_9' title="bbox 388 380 893 418; baseline 0.004 -12"><span class='ocrx_word' id='word_1_41' title='bbox 388 381 563 415; x_wconf 79' lang='grc' dir='ltr'>Καοαστήσας</span> <span class='ocrx_word' id='word_1_42' title='bbox 593 380 639 408; x_wconf 78' lang='grc' dir='ltr'>οὖν</span> <span class='ocrx_word' id='word_1_43' title='bbox 675 381 721 408; x_wconf 84' lang='grc' dir='ltr'>τὸν</span> <span class='ocrx_word' id='word_1_44' title='bbox 750 381 893 418; x_wconf 78' lang='grc' dir='ltr'>Φαρισμά‹</span> 
     </span>
    </p>
   </div>
   <div class='ocr_carea' id='block_1_10' title="bbox 56 423 894 464">
    <p class='ocr_par' dir='ltr' id='par_1_10' title="bbox 56 423 894 464">
     <span class='ocr_line' id='line_1_10' title="bbox 56 423 894 464; baseline 0.005 -14"><span class='ocrx_word' id='word_1_45' title='bbox 56 434 107 458; x_wconf 81' lang='grc' dir='ltr'>νην</span> <span class='ocrx_word' id='word_1_46' title='bbox 138 423 241 451; x_wconf 73' lang='grc' dir='ltr'>ἐκεῖνον</span> <span class='ocrx_word' id='word_1_47' title='bbox 273 424 376 459; x_wconf 66' lang='grc' dir='ltr'>Βίστην</span> <span class='ocrx_word' id='word_1_48' title='bbox 399 425 445 451; x_wconf 85' lang='grc' dir='ltr'>τὸν</span> <span class='ocrx_word' id='word_1_49' title='bbox 471 425 643 461; x_wconf 72' lang='grc' dir='ltr'>Ἀποκάπης,</span> <span class='ocrx_word' id='word_1_50' title='bbox 671 425 696 462; x_wconf 65' lang='grc' dir='ltr'>ἐξ</span> <span class='ocrx_word' id='word_1_51' title='bbox 727 423 842 464; x_wconf 75' lang='grc' dir='ltr'>Ἰϐήρων</span> <span class='ocrx_word' id='word_1_52' title='bbox 863 427 894 454; x_wconf 86' lang='grc' dir='ltr'>τὸ</span> 
     </span>
    </p>
   </div>
   <div class='ocr_carea' id='block_1_11' title="bbox 57 466 894 506">
    <p class='ocr_par' dir='ltr' id='par_1_11' title="bbox 57 466 894 506">
     <span class='ocr_line' id='line_1_11' title="bbox 57 466 894 506; baseline 0.005 -12"><span class='ocrx_word' id='word_1_53' title='bbox 57 469 140 504; x_wconf 74' lang='grc' dir='ltr'>γένος</span> <span class='ocrx_word' id='word_1_54' title='bbox 164 466 291 502; x_wconf 79' lang='grc' dir='ltr'>ἕλκοντα,</span> <span class='ocrx_word' id='word_1_55' title='bbox 323 469 418 506; x_wconf 86' lang='grc' dir='ltr'>χώραν</span> <span class='ocrx_word' id='word_1_56' title='bbox 444 467 547 496; x_wconf 77' lang='grc' dir='ltr'>δὶδωκε</span> <span class='ocrx_word' id='word_1_57' title='bbox 566 472 626 500; x_wconf 88' lang='grc' dir='ltr'>τοῖς</span> <span class='ocrx_word' id='word_1_58' title='bbox 648 469 779 501; x_wconf 75' lang='grc' dir='ltr'>ἐναντίοις</span> <span class='ocrx_word' id='word_1_59' title='bbox 795 470 894 498; x_wconf 82' lang='grc' dir='ltr'>ἀνακα-</span> 
     </span>
    </p>
   </div>
   <div class='ocr_carea' id='block_1_12' title="bbox 57 511 892 553">
    <p class='ocr_par' dir='ltr' id='par_1_12' title="bbox 57 511 892 553">
     <span class='ocr_line' id='line_1_12' title="bbox 57 511 892 553; baseline 0.004 -14"><span class='ocrx_word' id='word_1_60' title='bbox 57 511 190 544; x_wconf 70' lang='grc' dir='ltr'>λέσασθαί</span> <span class='ocrx_word' id='word_1_61' title='bbox 220 523 249 540; x_wconf 80' lang='grc' dir='ltr'>τε</span> <span class='ocrx_word' id='word_1_62' title='bbox 286 513 337 547; x_wconf 82' lang='grc' dir='ltr'>τήν</span> <span class='ocrx_word' id='word_1_63' title='bbox 377 513 461 547; x_wconf 81' lang='grc' dir='ltr'>ἧτταν</span> <span class='ocrx_word' id='word_1_64' title='bbox 494 513 539 540; x_wconf 75' lang='grc' dir='ltr'>καὶ</span> <span class='ocrx_word' id='word_1_65' title='bbox 580 513 727 541; x_wconf 69' lang='grc' dir='ltr'>ἀντίπαλον</span> <span class='ocrx_word' id='word_1_66' title='bbox 757 515 892 553; x_wconf 62' lang='grc' dir='ltr'>φέρεσθαι.</span> 
     </span>
    </p>
   </div>
   <div class='ocr_carea' id='block_1_13' title="bbox 56 377 346 414">
    <p class='ocr_par' dir='ltr' id='par_1_13' title="bbox 56 377 346 414">
     <span class='ocr_line' id='line_1_13' title="bbox 56 377 346 414; baseline 0.007 -9"><span class='ocrx_word' id='word_1_67' title='bbox 56 377 169 409; x_wconf 78' lang='grc' dir='ltr'>πόλεως</span> <span class='ocrx_word' id='word_1_68' title='bbox 194 378 346 414; x_wconf 75' lang='grc' dir='ltr'>ἐνοικῆσαι,</span> 
     </span>
    </p>
   </div>
   <div class='ocr_carea' id='block_1_14' title="bbox 58 560 891 599">
    <p class='ocr_par' dir='ltr' id='par_1_14' title="bbox 58 560 891 599">
     <span class='ocr_line' id='line_1_14' title="bbox 58 560 891 599; baseline 0 -11"><span class='ocrx_word' id='word_1_69' title='bbox 58 561 110 589; x_wconf 80' lang='grc' dir='ltr'>Καὶ</span> <span class='ocrx_word' id='word_1_70' title='bbox 136 560 188 592; x_wconf 63' lang='grc' dir='ltr'>ἕως</span> <span class='ocrx_word' id='word_1_71' title='bbox 218 562 265 598; x_wconf 65' lang='grc' dir='ltr'>μὲι</span> <span class='ocrx_word' id='word_1_72' title='bbox 300 560 578 599; x_wconf 72' lang='grc' dir='ltr'>ἰστρατοπεδευμένος</span> <span class='ocrx_word' id='word_1_73' title='bbox 618 562 632 589; x_wconf 86' lang='grc' dir='ltr'>ὁ</span> <span class='ocrx_word' id='word_1_74' title='bbox 663 565 716 590; x_wconf 86' lang='grc' dir='ltr'>τῶν</span> <span class='ocrx_word' id='word_1_75' title='bbox 746 563 891 599; x_wconf 83' lang='grc' dir='ltr'>Ῥωμαίων</span> 
     </span>
    </p>
   </div>
   <div class='ocr_carea' id='block_1_15' title="bbox 58 599 895 644">
    <p class='ocr_par' dir='ltr' id='par_1_15' title="bbox 58 599 895 644">
     <span class='ocr_line' id='line_1_15' title="bbox 58 599 895 644; baseline 0.001 -11"><span class='ocrx_word' id='word_1_76' title='bbox 58 605 177 643; x_wconf 74' lang='grc' dir='ltr'>στρατὸς</span> <span class='ocrx_word' id='word_1_77' title='bbox 198 604 374 639; x_wconf 77' lang='grc' dir='ltr'>διεδείκνυτο,</span> <span class='ocrx_word' id='word_1_78' title='bbox 401 606 469 633; x_wconf 80' lang='grc' dir='ltr'>κατὰ</span> <span class='ocrx_word' id='word_1_79' title='bbox 490 606 583 644; x_wconf 72' lang='grc' dir='ltr'>χώραν</span> <span class='ocrx_word' id='word_1_80' title='bbox 610 606 720 634; x_wconf 81' lang='grc' dir='ltr'>ἐδόκουν</span> <span class='ocrx_word' id='word_1_81' title='bbox 750 608 838 643; x_wconf 74' lang='grc' dir='ltr'>μένειν</span> <span class='ocrx_word' id='word_1_82' title='bbox 869 599 895 634; x_wconf 69' lang='grc' dir='ltr'>οἱ</span> 
     </span>
    </p>
   </div>
   <div class='ocr_carea' id='block_1_16' title="bbox 58 647 892 690">
    <p class='ocr_par' dir='ltr' id='par_1_16' title="bbox 58 647 892 690">
     <span class='ocr_line' id='line_1_16' title="bbox 58 647 892 690; baseline 0.001 -13"><span class='ocrx_word' id='word_1_83' title='bbox 58 647 181 688; x_wconf 72' lang='grc' dir='ltr'>Ἀραδες</span> <span class='ocrx_word' id='word_1_84' title='bbox 199 660 205 666; x_wconf 91' lang='grc'>·</span> <span class='ocrx_word' id='word_1_85' title='bbox 236 652 277 687; x_wconf 83' lang='grc' dir='ltr'>[Ρ.</span> <span class='ocrx_word' id='word_1_86' title='bbox 308 652 373 687; x_wconf 81' lang='grc'>828]</span> <span class='ocrx_word' id='word_1_87' title='bbox 401 651 438 682; x_wconf 83' lang='grc' dir='ltr'>ὡς</span> <span class='ocrx_word' id='word_1_88' title='bbox 473 650 497 678; x_wconf 88' lang='grc' dir='ltr'>δ’</span> <span class='ocrx_word' id='word_1_89' title='bbox 527 651 678 687; x_wconf 68' lang='grc' dir='ltr'>ἀναστήσας</span> <span class='ocrx_word' id='word_1_90' title='bbox 706 652 754 686; x_wconf 76' lang='grc' dir='ltr'>τὴν</span> <span class='ocrx_word' id='word_1_91' title='bbox 784 652 892 690; x_wconf 83' lang='grc' dir='ltr'>σρατιὰν</span> 
     </span>
    </p>
   </div>
   <div class='ocr_carea' id='block_1_17' title="bbox 497 694 893 731">
    <p class='ocr_par' dir='ltr' id='par_1_17' title="bbox 497 694 893 731">
     <span class='ocr_line' id='line_1_17' title="bbox 497 694 893 731; baseline 0.003 -9"><span class='ocrx_word' id='word_1_92' title='bbox 497 695 576 729; x_wconf 78' lang='grc' dir='ltr'>Ἀζᾶς</span> <span class='ocrx_word' id='word_1_93' title='bbox 618 695 735 730; x_wconf 79' lang='grc' dir='ltr'>ἤλαυνεν</span> <span class='ocrx_word' id='word_1_94' title='bbox 741 717 748 730; x_wconf 82' lang='grc'>,</span> <span class='ocrx_word' id='word_1_95' title='bbox 777 694 893 731; x_wconf 73' lang='grc' dir='ltr'>ἤρξαντο</span> 
     </span>
    </p>
   </div>
   <div class='ocr_carea' id='block_1_18' title="bbox 60 738 893 777">
    <p class='ocr_par' dir='ltr' id='par_1_18' title="bbox 60 738 893 777">
     <span class='ocr_line' id='line_1_18' title="bbox 60 738 893 777; baseline 0.001 -11"><span class='ocrx_word' id='word_1_96' title='bbox 60 738 203 777; x_wconf 77' lang='grc' dir='ltr'>σποράδην</span> <span class='ocrx_word' id='word_1_97' title='bbox 234 739 263 766; x_wconf 79' lang='grc' dir='ltr'>ἐκ</span> <span class='ocrx_word' id='word_1_98' title='bbox 293 738 481 776; x_wconf 74' lang='grc' dir='ltr'>διασνήματος</span> <span class='ocrx_word' id='word_1_99' title='bbox 508 739 576 767; x_wconf 82' lang='grc' dir='ltr'>κατὰ</span> <span class='ocrx_word' id='word_1_100' title='bbox 603 740 635 767; x_wconf 87' lang='grc' dir='ltr'>τὸ</span> <span class='ocrx_word' id='word_1_101' title='bbox 664 739 816 776; x_wconf 65' lang='grc' dir='ltr'>εἴθισμένον</span> <span class='ocrx_word' id='word_1_102' title='bbox 842 741 893 767; x_wconf 82' lang='grc' dir='ltr'>αὐ-</span> 
     </span>
    </p>
   </div>
   <div class='ocr_carea' id='block_1_19' title="bbox 57 783 894 823">
    <p class='ocr_par' dir='ltr' id='par_1_19' title="bbox 57 783 894 823">
     <span class='ocr_line' id='line_1_19' title="bbox 57 783 894 823; baseline 0.001 -12"><span class='ocrx_word' id='word_1_103' title='bbox 57 787 120 816; x_wconf 85' lang='grc' dir='ltr'>τοῖς</span> <span class='ocrx_word' id='word_1_104' title='bbox 145 784 342 823; x_wconf 74' lang='grc' dir='ltr'>ἐπιφαίνεσθαι,</span> <span class='ocrx_word' id='word_1_105' title='bbox 366 785 411 811; x_wconf 84' lang='grc' dir='ltr'>καὶ</span> <span class='ocrx_word' id='word_1_106' title='bbox 437 784 500 821; x_wconf 84' lang='grc' dir='ltr'>περὶ</span> <span class='ocrx_word' id='word_1_107' title='bbox 529 785 578 818; x_wconf 84' lang='grc' dir='ltr'>τὴν</span> <span class='ocrx_word' id='word_1_108' title='bbox 605 784 732 822; x_wconf 79' lang='grc' dir='ltr'>οὐραγίαν</span> <span class='ocrx_word' id='word_1_109' title='bbox 756 783 894 816; x_wconf 76' lang='grc' dir='ltr'>πολλάκις</span> 
     </span>
    </p>
   </div>
   <div class='ocr_carea' id='block_1_20' title="bbox 59 828 892 865">
    <p class='ocr_par' dir='ltr' id='par_1_20' title="bbox 59 828 892 865">
     <span class='ocr_line' id='line_1_20' title="bbox 59 828 892 865; baseline 0.001 -10"><span class='ocrx_word' id='word_1_110' title='bbox 59 828 260 865; x_wconf 70' lang='grc' dir='ltr'>ὲπιτιθάμινοι,</span> <span class='ocrx_word' id='word_1_111' title='bbox 284 828 348 859; x_wconf 77' lang='grc' dir='ltr'>τοὺς</span> <span class='ocrx_word' id='word_1_112' title='bbox 372 828 405 856; x_wconf 79' lang='grc' dir='ltr'>τὰ</span> <span class='ocrx_word' id='word_1_113' title='bbox 427 828 497 856; x_wconf 82' lang='grc' dir='ltr'>σιτία</span> <span class='ocrx_word' id='word_1_114' title='bbox 523 829 755 865; x_wconf 75' lang='grc' dir='ltr'>μετακομίζοντας</span> <span class='ocrx_word' id='word_1_115' title='bbox 775 831 892 856; x_wconf 78' lang='grc' dir='ltr'>κακοῦν-</span> 
     </span>
    </p>
   </div>
   <div class='ocr_carea' id='block_1_21' title="bbox 58 873 931 926">
    <p class='ocr_par' dir='ltr' id='par_1_21' title="bbox 58 873 931 926">
     <span class='ocr_line' id='line_1_21' title="bbox 58 873 931 926; baseline 0 -25"><span class='ocrx_word' id='word_1_116' title='bbox 58 884 118 908; x_wconf 84' lang='grc' dir='ltr'>τες,</span> <span class='ocrx_word' id='word_1_117' title='bbox 147 873 264 901; x_wconf 71' lang='grc' dir='ltr'>ἐλύπουν</span> <span class='ocrx_word' id='word_1_118' title='bbox 294 873 359 904; x_wconf 75' lang='grc' dir='ltr'>τοὺς</span> <span class='ocrx_word' id='word_1_119' title='bbox 386 873 539 910; x_wconf 78' lang='grc' dir='ltr'>Ῥωμαίους</span> <span class='ocrx_word' id='word_1_120' title='bbox 563 874 601 904; x_wconf 87' lang='grc' dir='ltr'>ὡς</span> <span class='ocrx_word' id='word_1_121' title='bbox 630 873 659 901; x_wconf 78' lang='grc' dir='ltr'>ἃν</span> <span class='ocrx_word' id='word_1_122' title='bbox 690 874 714 910; x_wconf 78' lang='grc' dir='ltr'>ἐξ</span> <span class='ocrx_word' id='word_1_123' title='bbox 739 873 931 926; x_wconf 69' lang='grc' dir='ltr'>ἐπιδρομῆςΒ</span> 
     </span>
    </p>
   </div>
   <div class='ocr_carea' id='block_1_22' title="bbox 59 694 451 733">
    <p class='ocr_par' dir='ltr' id='par_1_22' title="bbox 59 694 451 733">
     <span class='ocr_line' id='line_1_22' title="bbox 59 694 451 733; baseline 0 -11"><span class='ocrx_word' id='word_1_124' title='bbox 59 694 128 722; x_wconf 75' lang='grc' dir='ltr'>εὐθὺ</span> <span class='ocrx_word' id='word_1_125' title='bbox 156 696 205 722; x_wconf 76' lang='grc' dir='ltr'>τοῦ</span> <span class='ocrx_word' id='word_1_126' title='bbox 232 694 364 733; x_wconf 80' lang='grc' dir='ltr'>φρουρίου</span> <span class='ocrx_word' id='word_1_127' title='bbox 403 697 451 722; x_wconf 83' lang='grc' dir='ltr'>τοῦ</span> 
     </span>
    </p>
   </div>
   <div class='ocr_carea' id='block_1_23' title="bbox 58 917 890 956">
    <p class='ocr_par' dir='ltr' id='par_1_23' title="bbox 58 917 890 956">
     <span class='ocr_line' id='line_1_23' title="bbox 58 917 890 956; baseline 0 -10"><span class='ocrx_word' id='word_1_128' title='bbox 58 918 106 946; x_wconf 78' lang='grc' dir='ltr'>καὶ</span> <span class='ocrx_word' id='word_1_129' title='bbox 122 918 211 956; x_wconf 82' lang='grc' dir='ltr'>λόχου</span> <span class='ocrx_word' id='word_1_130' title='bbox 225 919 273 949; x_wconf 75' lang='grc' dir='ltr'>τὰς</span> <span class='ocrx_word' id='word_1_131' title='bbox 297 918 428 949; x_wconf 70' lang='grc' dir='ltr'>ἐπιθέσεις</span> <span class='ocrx_word' id='word_1_132' title='bbox 450 917 476 945; x_wconf 73' lang='grc' dir='ltr'>ἰν</span> <span class='ocrx_word' id='word_1_133' title='bbox 509 920 548 954; x_wconf 83' lang='grc' dir='ltr'>τῷ</span> <span class='ocrx_word' id='word_1_134' title='bbox 571 917 701 953; x_wconf 80' lang='grc' dir='ltr'>λεληθότι</span> <span class='ocrx_word' id='word_1_135' title='bbox 717 919 890 955; x_wconf 72' lang='grc' dir='ltr'>ποιούμενοι,</span> 
     </span>
    </p>
   </div>
   <div class='ocr_carea' id='block_1_24' title="bbox 59 960 890 1001">
    <p class='ocr_par' dir='ltr' id='par_1_24' title="bbox 59 960 890 1001">
     <span class='ocr_line' id='line_1_24' title="bbox 59 960 890 1001; baseline 0 -11"><span class='ocrx_word' id='word_1_136' title='bbox 59 963 305 1001; x_wconf 74' lang='grc' dir='ltr'>Κατασραξάμενος</span> <span class='ocrx_word' id='word_1_137' title='bbox 333 961 362 990; x_wconf 75' lang='grc' dir='ltr'>δὲ</span> <span class='ocrx_word' id='word_1_138' title='bbox 393 962 419 990; x_wconf 71' lang='grc' dir='ltr'>ἰν</span> <span class='ocrx_word' id='word_1_139' title='bbox 458 965 516 993; x_wconf 88' lang='grc' dir='ltr'>τοῖς</span> <span class='ocrx_word' id='word_1_140' title='bbox 545 960 691 997; x_wconf 77' lang='grc' dir='ltr'>ἑκηϐόλοις</span> <span class='ocrx_word' id='word_1_141' title='bbox 719 963 764 990; x_wconf 84' lang='grc' dir='ltr'>καὶ</span> <span class='ocrx_word' id='word_1_142' title='bbox 790 962 890 991; x_wconf 86' lang='grc' dir='ltr'>πελτα-</span> 
     </span>
    </p>
   </div>
   <div class='ocr_carea' id='block_1_25' title="bbox 57 1005 890 1044">
    <p class='ocr_par' dir='ltr' id='par_1_25' title="bbox 57 1005 890 1044">
     <span class='ocr_line' id='line_1_25' title="bbox 57 1005 890 1044; baseline 0 -9"><span class='ocrx_word' id='word_1_143' title='bbox 57 1010 136 1039; x_wconf 80' lang='grc' dir='ltr'>σταῖς</span> <span class='ocrx_word' id='word_1_144' title='bbox 166 1008 179 1034; x_wconf 83' lang='grc' dir='ltr'><strong><em>ὸ</em></strong></span> <span class='ocrx_word' id='word_1_145' title='bbox 211 1006 339 1044; x_wconf 82' lang='grc' dir='ltr'>βασιλεὺς</span> <span class='ocrx_word' id='word_1_146' title='bbox 367 1007 398 1034; x_wconf 84' lang='grc' dir='ltr'>τὸ</span> <span class='ocrx_word' id='word_1_147' title='bbox 434 1005 625 1044; x_wconf 84' lang='grc' dir='ltr'>στρατόπεδον,</span> <span class='ocrx_word' id='word_1_148' title='bbox 656 1005 890 1044; x_wconf 72' lang='grc' dir='ltr'>τεθωρακισμένος</span> 
     </span>
    </p>
   </div>
   <div class='ocr_carea' id='block_1_26' title="bbox 57 1049 890 1090">
    <p class='ocr_par' dir='ltr' id='par_1_26' title="bbox 57 1049 890 1090">
     <span class='ocr_line' id='line_1_26' title="bbox 57 1049 890 1090; baseline 0 -10"><span class='ocrx_word' id='word_1_149' title='bbox 57 1055 100 1088; x_wconf 80' lang='grc' dir='ltr'>τῷ</span> <span class='ocrx_word' id='word_1_150' title='bbox 115 1052 239 1090; x_wconf 80' lang='grc' dir='ltr'>φρουρίῳ</span> <span class='ocrx_word' id='word_1_151' title='bbox 267 1049 437 1089; x_wconf 70' lang='grc' dir='ltr'>προσϐάλλει</span> <span class='ocrx_word' id='word_1_152' title='bbox 463 1052 541 1086; x_wconf 80' lang='grc' dir='ltr'>’Λζας</span> <span class='ocrx_word' id='word_1_153' title='bbox 567 1052 624 1088; x_wconf 80' lang='grc' dir='ltr'>μεθ’</span> <span class='ocrx_word' id='word_1_154' title='bbox 650 1049 718 1087; x_wconf 76' lang='grc' dir='ltr'>ὅλης</span> <span class='ocrx_word' id='word_1_155' title='bbox 738 1056 788 1086; x_wconf 85' lang='grc' dir='ltr'>τῆς</span> <span class='ocrx_word' id='word_1_156' title='bbox 808 1063 890 1090; x_wconf 80' lang='grc' dir='ltr'>στρα-</span> 
     </span>
    </p>
   </div>
   <div class='ocr_carea' id='block_1_27' title="bbox 55 1095 890 1133">
    <p class='ocr_par' dir='ltr' id='par_1_27' title="bbox 55 1095 890 1133">
     <span class='ocr_line' id='line_1_27' title="bbox 55 1095 890 1133; baseline 0 -9"><span class='ocrx_word' id='word_1_157' title='bbox 55 1099 127 1130; x_wconf 76' lang='grc' dir='ltr'>τιᾶς,</span> <span class='ocrx_word' id='word_1_158' title='bbox 155 1096 196 1127; x_wconf 77' lang='grc' dir='ltr'>εἷς</span> <span class='ocrx_word' id='word_1_159' title='bbox 220 1095 363 1133; x_wconf 73' lang='grc' dir='ltr'>ὑποδοχὴν</span> <span class='ocrx_word' id='word_1_160' title='bbox 394 1096 485 1131; x_wconf 79' lang='grc' dir='ltr'>μαθὼν</span> <span class='ocrx_word' id='word_1_161' title='bbox 518 1096 586 1123; x_wconf 78' lang='grc' dir='ltr'>εἴναι</span> <span class='ocrx_word' id='word_1_162' title='bbox 611 1096 657 1123; x_wconf 86' lang='grc' dir='ltr'>τὸν</span> <span class='ocrx_word' id='word_1_163' title='bbox 684 1096 767 1123; x_wconf 88' lang='grc' dir='ltr'>τόπον</span> <span class='ocrx_word' id='word_1_164' title='bbox 797 1096 890 1132; x_wconf 76' lang='grc' dir='ltr'>ἐπιτή-</span> 
     </span>
    </p>
   </div>
   <div class='ocr_carea' id='block_1_28' title="bbox 57 1139 888 1178">
    <p class='ocr_par' dir='ltr' id='par_1_28' title="bbox 57 1139 888 1178">
     <span class='ocr_line' id='line_1_28' title="bbox 57 1139 888 1178; baseline -0.001 -9"><span class='ocrx_word' id='word_1_165' title='bbox 57 1140 142 1169; x_wconf 82' lang='grc' dir='ltr'>δειον.</span> <span class='ocrx_word' id='word_1_166' title='bbox 169 1142 213 1171; x_wconf 84' lang='grc' dir='ltr'>Ὠς</span> <span class='ocrx_word' id='word_1_167' title='bbox 242 1139 271 1168; x_wconf 68' lang='grc' dir='ltr'>δὲ</span> <span class='ocrx_word' id='word_1_168' title='bbox 308 1141 488 1178; x_wconf 78' lang='grc' dir='ltr'>προσεγγίσας</span> <span class='ocrx_word' id='word_1_169' title='bbox 521 1140 594 1176; x_wconf 76' lang='grc' dir='ltr'>αὖτῷ</span> <span class='ocrx_word' id='word_1_170' title='bbox 625 1140 805 1177; x_wconf 69' lang='grc' dir='ltr'>ιρυμνότσιτον</span> <span class='ocrx_word' id='word_1_171' title='bbox 836 1140 888 1168; x_wconf 68' lang='grc' dir='ltr'>ε”δε</span> 
     </span>
    </p>
   </div>
   <div class='ocr_carea' id='block_1_29' title="bbox 55 1185 887 1224">
    <p class='ocr_par' dir='ltr' id='par_1_29' title="bbox 55 1185 887 1224">
     <span class='ocr_line' id='line_1_29' title="bbox 55 1185 887 1224; baseline -0.002 -10"><span class='ocrx_word' id='word_1_172' title='bbox 55 1187 102 1214; x_wconf 84' lang='grc' dir='ltr'>καὶ</span> <span class='ocrx_word' id='word_1_173' title='bbox 130 1186 319 1223; x_wconf 79' lang='grc' dir='ltr'>ὀχυρώτατον,</span> <span class='ocrx_word' id='word_1_174' title='bbox 349 1185 389 1213; x_wconf 83' lang='grc' dir='ltr'>ἐπ’</span> <span class='ocrx_word' id='word_1_175' title='bbox 428 1185 579 1223; x_wconf 75' lang='grc' dir='ltr'>ἀκρωρείας</span> <span class='ocrx_word' id='word_1_176' title='bbox 615 1185 702 1224; x_wconf 80' lang='grc' dir='ltr'>λόφου</span> <span class='ocrx_word' id='word_1_177' title='bbox 731 1186 887 1222; x_wconf 73' lang='grc' dir='ltr'>ἱστάμενον,</span> 
     </span>
    </p>
   </div>
   <div class='ocr_carea' id='block_1_30' title="bbox 54 1233 886 1272">
    <p class='ocr_par' dir='ltr' id='par_1_30' title="bbox 54 1233 886 1272">
     <span class='ocr_line' id='line_1_30' title="bbox 54 1233 886 1272; baseline -0.001 -10"><span class='ocrx_word' id='word_1_178' title='bbox 54 1235 159 1272; x_wconf 85' lang='grc' dir='ltr'>τείχεσι</span> <span class='ocrx_word' id='word_1_179' title='bbox 187 1233 298 1266; x_wconf 81' lang='grc' dir='ltr'>διπλοῖς</span> <span class='ocrx_word' id='word_1_180' title='bbox 327 1234 542 1272; x_wconf 67' lang='grc' dir='ltr'>περιεζωσμένον</span> <span class='ocrx_word' id='word_1_181' title='bbox 583 1234 627 1261; x_wconf 82' lang='grc' dir='ltr'>καὶ</span> <span class='ocrx_word' id='word_1_182' title='bbox 659 1233 770 1272; x_wconf 63' lang='grc' dir='ltr'>πέτραις</span> <span class='ocrx_word' id='word_1_183' title='bbox 796 1233 886 1272; x_wconf 81' lang='grc' dir='ltr'>ὥσπερ</span> 
     </span>
    </p>
   </div>
   <div class='ocr_carea' id='block_1_31' title="bbox 54 1277 885 1317">
    <p class='ocr_par' dir='ltr' id='par_1_31' title="bbox 54 1277 885 1317">
     <span class='ocr_line' id='line_1_31' title="bbox 54 1277 885 1317; baseline -0.002 -10"><span class='ocrx_word' id='word_1_184' title='bbox 54 1279 287 1317; x_wconf 72' lang='grc' dir='ltr'>γεγομφωμᾶνον,</span> <span class='ocrx_word' id='word_1_185' title='bbox 313 1277 420 1313; x_wconf 86' lang='grc' dir='ltr'>λιθίνην</span> <span class='ocrx_word' id='word_1_186' title='bbox 444 1279 494 1312; x_wconf 84' lang='grc' dir='ltr'>τήν</span> <span class='ocrx_word' id='word_1_187' title='bbox 524 1277 620 1305; x_wconf 69' lang='grc' dir='ltr'>ἄνοδον</span> <span class='ocrx_word' id='word_1_188' title='bbox 638 1278 705 1315; x_wconf 85' lang='grc' dir='ltr'>πρὸς</span> <span class='ocrx_word' id='word_1_189' title='bbox 727 1279 777 1312; x_wconf 82' lang='grc' dir='ltr'>τὴν</span> <span class='ocrx_word' id='word_1_190' title='bbox 794 1279 885 1311; x_wconf 79' lang='grc' dir='ltr'>πύλην</span> 
     </span>
    </p>
   </div>
   <div class='ocr_carea' id='block_1_32' title="bbox 58 1321 884 1362">
    <p class='ocr_par' dir='ltr' id='par_1_32' title="bbox 58 1321 884 1362">
     <span class='ocr_line' id='line_1_32' title="bbox 58 1321 884 1362; baseline -0.002 -11"><span class='ocrx_word' id='word_1_191' title='bbox 58 1323 276 1362; x_wconf 72' lang='grc' dir='ltr'>ἀποφερόμενον,</span> <span class='ocrx_word' id='word_1_192' title='bbox 317 1323 414 1359; x_wconf 82' lang='grc' dir='ltr'>μικρόν</span> <span class='ocrx_word' id='word_1_193' title='bbox 448 1333 478 1350; x_wconf 77' lang='grc' dir='ltr'>τε</span> <span class='ocrx_word' id='word_1_194' title='bbox 515 1321 587 1359; x_wconf 79' lang='grc' dir='ltr'>ὕδωρ</span> <span class='ocrx_word' id='word_1_195' title='bbox 617 1322 749 1360; x_wconf 66' lang='grc' dir='ltr'>ἀπορρέον</span> <span class='ocrx_word' id='word_1_196' title='bbox 775 1323 820 1349; x_wconf 84' lang='grc' dir='ltr'>καί</span> <span class='ocrx_word' id='word_1_197' title='bbox 848 1324 884 1358; x_wconf 75' lang='grc' dir='ltr'>μὴ</span> 
     </span>
    </p>
   </div>
   <div class='ocr_carea' id='block_1_33' title="bbox 57 1366 886 1405">
    <p class='ocr_par' dir='ltr' id='par_1_33' title="bbox 57 1366 886 1405">
     <span class='ocr_line' id='line_1_33' title="bbox 57 1366 886 1405; baseline 0 -11"><span class='ocrx_word' id='word_1_198' title='bbox 57 1368 186 1405; x_wconf 77' lang='grc' dir='ltr'>ἐξαρκοῦν</span> <span class='ocrx_word' id='word_1_199' title='bbox 210 1367 278 1405; x_wconf 76' lang='grc' dir='ltr'>πρὸς</span> <span class='ocrx_word' id='word_1_200' title='bbox 305 1366 446 1404; x_wconf 77' lang='grc' dir='ltr'>ὑποδοχὴν</span> <span class='ocrx_word' id='word_1_201' title='bbox 472 1366 603 1394; x_wconf 64' lang='grc' dir='ltr'>τοσούτου</span> <span class='ocrx_word' id='word_1_202' title='bbox 625 1369 751 1404; x_wconf 81' lang='grc' dir='ltr'>στρατοῦ,</span> <span class='ocrx_word' id='word_1_203' title='bbox 775 1366 886 1401; x_wconf 81' lang='grc' dir='ltr'>ἀναζεύ-</span> 
     </span>
    </p>
   </div>
   <div class='ocr_carea' id='block_1_34' title="bbox 56 1408 886 1449">
    <p class='ocr_par' dir='ltr' id='par_1_34' title="bbox 56 1408 886 1449">
     <span class='ocr_line' id='line_1_34' title="bbox 56 1408 886 1449; baseline -0.001 -10"><span class='ocrx_word' id='word_1_204' title='bbox 56 1413 103 1448; x_wconf 83' lang='grc' dir='ltr'>ξας</span> <span class='ocrx_word' id='word_1_205' title='bbox 128 1413 166 1443; x_wconf 67' lang='grc' dir='ltr'>εἷς</span> <span class='ocrx_word' id='word_1_206' title='bbox 193 1411 277 1439; x_wconf 84' lang='grc' dir='ltr'>τόπον</span> <span class='ocrx_word' id='word_1_207' title='bbox 314 1411 442 1447; x_wconf 47' lang='grc' dir='ltr'>ἐπήξατο.</span> <span class='ocrx_word' id='word_1_208' title='bbox 467 1412 517 1446; x_wconf 76' lang='grc' dir='ltr'>τὴν</span> <span class='ocrx_word' id='word_1_209' title='bbox 552 1408 733 1449; x_wconf 72' lang='grc' dir='ltr'>παρεμϐολὴν</span> <span class='ocrx_word' id='word_1_210' title='bbox 762 1410 824 1442; x_wconf 64' lang='grc' dir='ltr'>ἔνθα</span> <span class='ocrx_word' id='word_1_211' title='bbox 855 1411 886 1438; x_wconf 87' lang='grc' dir='ltr'>τὸ</span> 
     </span>
    </p>
   </div>
   <div class='ocr_carea' id='block_1_35' title="bbox 56 1454 887 1496">
    <p class='ocr_par' dir='ltr' id='par_1_35' title="bbox 56 1454 887 1496">
     <span class='ocr_line' id='line_1_35' title="bbox 56 1454 887 1496; baseline -0.002 -12"><span class='ocrx_word' id='word_1_212' title='bbox 56 1455 132 1494; x_wconf 72' lang='grc' dir='ltr'>ὕδωρ</span> <span class='ocrx_word' id='word_1_213' title='bbox 155 1457 343 1496; x_wconf 83' lang='grc' dir='ltr'>ἀφθονώτερον</span> <span class='ocrx_word' id='word_1_214' title='bbox 373 1454 474 1494; x_wconf 77' lang='grc' dir='ltr'>ἕρῥεεν.</span> <span class='ocrx_word' id='word_1_215' title='bbox 503 1455 632 1486; x_wconf 78' lang='grc' dir='ltr'>Ἀναστὰς</span> <span class='ocrx_word' id='word_1_216' title='bbox 658 1454 687 1483; x_wconf 61' lang='lat' dir='ltr'>Si</span> <span class='ocrx_word' id='word_1_217' title='bbox 713 1455 812 1487; x_wconf 80' lang='grc' dir='ltr'>ἐκεῖθεν</span> <span class='ocrx_word' id='word_1_218' title='bbox 836 1455 887 1492; x_wconf 58' lang='lat' dir='ltr'>di;-</span> 
     </span>
    </p>
   </div>
   <div class='ocr_carea' id='block_1_36' title="bbox 58 1499 886 1538">
    <p class='ocr_par' dir='ltr' id='par_1_36' title="bbox 58 1499 886 1538">
     <span class='ocr_line' id='line_1_36' title="bbox 58 1499 886 1538; baseline -0.002 -10"><span class='ocrx_word' id='word_1_219' title='bbox 58 1511 130 1537; x_wconf 83' lang='grc' dir='ltr'>μησε</span> <span class='ocrx_word' id='word_1_220' title='bbox 145 1501 213 1538; x_wconf 83' lang='grc' dir='ltr'>πρὸς</span> <span class='ocrx_word' id='word_1_221' title='bbox 240 1501 274 1528; x_wconf 83' lang='grc' dir='ltr'>τὰ</span> <span class='ocrx_word' id='word_1_222' title='bbox 297 1503 346 1535; x_wconf 75' lang='grc' dir='ltr'>τῆς</span> <span class='ocrx_word' id='word_1_223' title='bbox 372 1499 548 1530; x_wconf 81' lang='grc' dir='ltr'>Αὐσονίτιδος</span> <span class='ocrx_word' id='word_1_224' title='bbox 573 1499 645 1537; x_wconf 73' lang='grc' dir='ltr'>ὅρια,</span> <span class='ocrx_word' id='word_1_225' title='bbox 668 1500 712 1527; x_wconf 80' lang='grc' dir='ltr'>καὶ</span> <span class='ocrx_word' id='word_1_226' title='bbox 742 1499 886 1536; x_wconf 83' lang='grc' dir='ltr'>πυρπολή-</span> 
     </span>
    </p>
   </div>
   <div class='ocr_carea' id='block_1_37' title="bbox 56 1543 885 1583">
    <p class='ocr_par' dir='ltr' id='par_1_37' title="bbox 56 1543 885 1583">
     <span class='ocr_line' id='line_1_37' title="bbox 56 1543 885 1583; baseline -0.002 -11"><span class='ocrx_word' id='word_1_227' title='bbox 56 1555 105 1576; x_wconf 82' lang='grc' dir='ltr'>σας</span> <span class='ocrx_word' id='word_1_228' title='bbox 135 1545 243 1583; x_wconf 87' lang='grc' dir='ltr'>χωρίον</span> <span class='ocrx_word' id='word_1_229' title='bbox 271 1543 396 1582; x_wconf 62' lang='grc' dir='ltr'>μέγιστον</span> <span class='ocrx_word' id='word_1_230' title='bbox 419 1544 514 1580; x_wconf 72' lang='grc' dir='ltr'>Κάτμα</span> <span class='ocrx_word' id='word_1_231' title='bbox 539 1543 697 1581; x_wconf 86' lang='grc' dir='ltr'>λεγόμενον,</span> <span class='ocrx_word' id='word_1_232' title='bbox 727 1546 766 1579; x_wconf 80' lang='grc' dir='ltr'>τῷ</span> <span class='ocrx_word' id='word_1_233' title='bbox 790 1544 885 1581; x_wconf 82' lang='grc' dir='ltr'>ἀμηρᾷ</span> 
     </span>
    </p>
   </div>
   <div class='ocr_carea' id='block_1_38' title="bbox 54 1578 922 1628">
    <p class='ocr_par' dir='ltr' id='par_1_38' title="bbox 54 1578 922 1628">
     <span class='ocr_line' id='line_1_38' title="bbox 54 1578 922 1628; baseline -0.001 -12"><span class='ocrx_word' id='word_1_234' title='bbox 54 1591 105 1616; x_wconf 78' lang='grc' dir='ltr'>τοῦ</span> <span class='ocrx_word' id='word_1_235' title='bbox 135 1578 231 1617; x_wconf 47' lang='lat' dir='ltr'>idin:</span> <span class='ocrx_word' id='word_1_236' title='bbox 263 1578 451 1628; x_wconf 73' lang='grc' dir='ltr'>όφώρισμὲνον</span> <span class='ocrx_word' id='word_1_237' title='bbox 478 1578 518 1615; x_wconf 40' lang='grc' dir='ltr'>’ἐκ</span> <span class='ocrx_word' id='word_1_238' title='bbox 555 1578 685 1624; x_wconf 69' lang='grc' dir='ltr'>παλαιοῦ,</span> <span class='ocrx_word' id='word_1_239' title='bbox 724 1578 762 1619; x_wconf 80' lang='grc' dir='ltr'>είς</span> <span class='ocrx_word' id='word_1_240' title='bbox 795 1578 922 1625; x_wconf 65' lang='grc' dir='ltr'>ἕτερονο⁴</span> 
     </span>
    </p>
   </div>
   <div class='ocr_carea' id='block_1_39' title="bbox 56 1633 882 1671">
    <p class='ocr_par' dir='ltr' id='par_1_39' title="bbox 56 1633 882 1671">
     <span class='ocr_line' id='line_1_39' title="bbox 56 1633 882 1671; baseline -0.001 -10"><span class='ocrx_word' id='word_1_241' title='bbox 56 1634 165 1671; x_wconf 86' lang='grc' dir='ltr'>χωρίον</span> <span class='ocrx_word' id='word_1_242' title='bbox 197 1633 329 1661; x_wconf 73' lang='grc' dir='ltr'>κατέλυσε</span> <span class='ocrx_word' id='word_1_243' title='bbox 359 1633 500 1671; x_wconf 84' lang='grc' dir='ltr'>Ταρχωλὰ</span> <span class='ocrx_word' id='word_1_244' title='bbox 535 1633 800 1669; x_wconf 80' lang='grc' dir='ltr'>κατονομαζόμενον.</span> <span class='ocrx_word' id='word_1_245' title='bbox 829 1637 882 1660; x_wconf 83' lang='grc' dir='ltr'>Κο-</span> 
     </span>
    </p>
   </div>
   <div class='ocr_carea' id='block_1_40' title="bbox 56 1677 882 1715">
    <p class='ocr_par' dir='ltr' id='par_1_40' title="bbox 56 1677 882 1715">
     <span class='ocr_line' id='line_1_40' title="bbox 56 1677 882 1715; baseline -0.001 -10"><span class='ocrx_word' id='word_1_246' title='bbox 56 1678 196 1715; x_wconf 72' lang='grc' dir='ltr'>πτομὲνω</span> <span class='ocrx_word' id='word_1_247' title='bbox 212 1677 241 1705; x_wconf 79' lang='grc' dir='ltr'>δὲ</span> <span class='ocrx_word' id='word_1_248' title='bbox 262 1680 311 1705; x_wconf 85' lang='grc' dir='ltr'>τοῦ</span> <span class='ocrx_word' id='word_1_249' title='bbox 331 1678 463 1715; x_wconf 86' lang='grc' dir='ltr'>χάρακος,</span> <span class='ocrx_word' id='word_1_250' title='bbox 488 1677 534 1704; x_wconf 83' lang='grc' dir='ltr'>καὶ</span> <span class='ocrx_word' id='word_1_251' title='bbox 556 1679 604 1704; x_wconf 78' lang='grc' dir='ltr'>τοῦ</span> <span class='ocrx_word' id='word_1_252' title='bbox 621 1677 755 1715; x_wconf 71' lang='grc' dir='ltr'>βασιΛὲως</span> <span class='ocrx_word' id='word_1_253' title='bbox 770 1678 882 1714; x_wconf 76' lang='grc' dir='ltr'>ἱσταμὲ-</span> 
     </span>
    </p>
   </div>
   <div class='ocr_carea' id='block_1_41' title="bbox 57 1719 885 1760">
    <p class='ocr_par' dir='ltr' id='par_1_41' title="bbox 57 1719 885 1760">
     <span class='ocr_line' id='line_1_41' title="bbox 57 1719 885 1760; baseline -0.002 -10"><span class='ocrx_word' id='word_1_254' title='bbox 57 1733 106 1750; x_wconf 91' lang='grc' dir='ltr'>νου</span> <span class='ocrx_word' id='word_1_255' title='bbox 134 1723 202 1750; x_wconf 88' lang='grc' dir='ltr'>κατά</span> <span class='ocrx_word' id='word_1_256' title='bbox 225 1723 257 1750; x_wconf 83' lang='grc' dir='ltr'>τὸ</span> <span class='ocrx_word' id='word_1_257' title='bbox 286 1721 369 1757; x_wconf 80' lang='grc' dir='ltr'>δεξίὸν</span> <span class='ocrx_word' id='word_1_258' title='bbox 408 1722 500 1760; x_wconf 77' lang='grc' dir='ltr'>μέρος,</span> <span class='ocrx_word' id='word_1_259' title='bbox 535 1719 650 1758; x_wconf 74' lang='grc' dir='ltr'>Ἄραϐες</span> <span class='ocrx_word' id='word_1_260' title='bbox 687 1720 735 1748; x_wconf 78' lang='grc' dir='ltr'>δύο</span> <span class='ocrx_word' id='word_1_261' title='bbox 759 1721 885 1754; x_wconf 80' lang='grc' dir='ltr'>λαθόντες</span> 
     </span>
    </p>
   </div>
   <div class='ocr_carea' id='block_1_42' title="bbox 56 1769 885 1809">
    <p class='ocr_par' dir='ltr' id='par_1_42' title="bbox 56 1769 885 1809">
     <span class='ocr_line' id='line_1_42' title="bbox 56 1769 885 1809; baseline -0.001 -11"><span class='ocrx_word' id='word_1_262' title='bbox 56 1771 174 1799; x_wconf 76' lang='grc' dir='ltr'>κατόπιν</span> <span class='ocrx_word' id='word_1_263' title='bbox 185 1774 235 1806; x_wconf 86' lang='grc' dir='ltr'>τῆς</span> <span class='ocrx_word' id='word_1_264' title='bbox 261 1770 421 1809; x_wconf 82' lang='grc' dir='ltr'>ἀκρωρείας,</span> <span class='ocrx_word' id='word_1_265' title='bbox 445 1771 489 1798; x_wconf 88' lang='grc' dir='ltr'>καὶ</span> <span class='ocrx_word' id='word_1_266' title='bbox 514 1770 578 1801; x_wconf 78' lang='grc' dir='ltr'>τοὺς</span> <span class='ocrx_word' id='word_1_267' title='bbox 600 1769 703 1801; x_wconf 69' lang='grc' dir='ltr'>’ίππους</span> <span class='ocrx_word' id='word_1_268' title='bbox 728 1771 780 1798; x_wconf 79' lang='grc' dir='ltr'>ἅπὸ</span> <span class='ocrx_word' id='word_1_269' title='bbox 802 1770 885 1808; x_wconf 83' lang='grc' dir='ltr'>ῥυτή-</span> 
     </span>
    </p>
   </div>
   <div class='ocr_carea' id='block_1_43' title="bbox 60 1814 884 1853">
    <p class='ocr_par' dir='ltr' id='par_1_43' title="bbox 60 1814 884 1853">
     <span class='ocr_line' id='line_1_43' title="bbox 60 1814 884 1853; baseline -0.002 -10"><span class='ocrx_word' id='word_1_270' title='bbox 60 1826 115 1853; x_wconf 87' lang='grc' dir='ltr'>ρων</span> <span class='ocrx_word' id='word_1_271' title='bbox 136 1815 293 1849; x_wconf 77' lang='grc' dir='ltr'>ἐλάσαντες,</span> <span class='ocrx_word' id='word_1_272' title='bbox 319 1814 366 1842; x_wconf 81' lang='grc' dir='ltr'>δύο</span> <span class='ocrx_word' id='word_1_273' title='bbox 394 1817 448 1842; x_wconf 86' lang='grc' dir='ltr'>τῶν</span> <span class='ocrx_word' id='word_1_274' title='bbox 473 1817 561 1849; x_wconf 82' lang='grc' dir='ltr'>πεζῶν</span> <span class='ocrx_word' id='word_1_275' title='bbox 585 1818 644 1845; x_wconf 85' lang='grc' dir='ltr'>ταῖς</span> <span class='ocrx_word' id='word_1_276' title='bbox 669 1815 784 1852; x_wconf 83' lang='grc' dir='ltr'>λογχαις</span> <span class='ocrx_word' id='word_1_277' title='bbox 810 1815 884 1842; x_wconf 81' lang='grc' dir='ltr'>ἀναι-</span> 
     </span>
    </p>
   </div>
   <div class='ocr_carea' id='block_1_44' title="bbox 60 1858 886 1898">
    <p class='ocr_par' dir='ltr' id='par_1_44' title="bbox 60 1858 886 1898">
     <span class='ocr_line' id='line_1_44' title="bbox 60 1858 886 1898; baseline 0 -12"><span class='ocrx_word' id='word_1_278' title='bbox 60 1862 165 1898; x_wconf 75' lang='grc' dir='ltr'>ροῦσιν.</span> <span class='ocrx_word' id='word_1_279' title='bbox 193 1860 225 1888; x_wconf 90' lang='grc' dir='ltr'>Ὁ</span> <span class='ocrx_word' id='word_1_280' title='bbox 255 1859 381 1898; x_wconf 75' lang='grc' dir='ltr'>βασιλεὺς</span> <span class='ocrx_word' id='word_1_281' title='bbox 410 1858 439 1886; x_wconf 68' lang='grc' dir='ltr'>δὲ</span> <span class='ocrx_word' id='word_1_282' title='bbox 471 1859 583 1890; x_wconf 84' lang='grc' dir='ltr'>τούτους</span> <span class='ocrx_word' id='word_1_283' title='bbox 619 1860 782 1895; x_wconf 78' lang='grc' dir='ltr'>θεασάμενος</span> <span class='ocrx_word' id='word_1_284' title='bbox 810 1862 886 1896; x_wconf 86' lang='grc' dir='ltr'>πρῶ-</span> 
     </span>
    </p>
   </div>
   <div class='ocr_carea' id='block_1_45' title="bbox 58 1901 884 1941">
    <p class='ocr_par' dir='ltr' id='par_1_45' title="bbox 58 1901 884 1941">
     <span class='ocr_line' id='line_1_45' title="bbox 58 1901 884 1941; baseline -0.001 -9"><span class='ocrx_word' id='word_1_285' title='bbox 58 1915 106 1935; x_wconf 89' lang='grc' dir='ltr'>τος</span> <span class='ocrx_word' id='word_1_286' title='bbox 128 1903 286 1939; x_wconf 70' lang='grc' dir='ltr'>διατίστησε</span> <span class='ocrx_word' id='word_1_287' title='bbox 311 1904 428 1940; x_wconf 86' lang='grc' dir='ltr'>πρώτως</span> <span class='ocrx_word' id='word_1_288' title='bbox 449 1903 513 1935; x_wconf 81' lang='grc' dir='ltr'>τοὺς</span> <span class='ocrx_word' id='word_1_289' title='bbox 537 1904 702 1941; x_wconf 81' lang='grc' dir='ltr'>στρατιώτας</span> <span class='ocrx_word' id='word_1_290' title='bbox 719 1903 757 1934; x_wconf 80' lang='grc' dir='ltr'>εἷς</span> <span class='ocrx_word' id='word_1_291' title='bbox 782 1901 884 1938; x_wconf 79' lang='grc' dir='ltr'>δίωξιν.</span> 
     </span>
    </p>
   </div>
   <div class='ocr_carea' id='block_1_46' title="bbox 59 1950 887 1991">
    <p class='ocr_par' dir='ltr' id='par_1_46' title="bbox 59 1950 887 1991">
     <span class='ocr_line' id='line_1_46' title="bbox 59 1950 887 1991; baseline -0.001 -11"><span class='ocrx_word' id='word_1_292' title='bbox 59 1954 95 1982; x_wconf 81' lang='grc' dir='ltr'>Οἱ</span> <span class='ocrx_word' id='word_1_293' title='bbox 111 1951 141 1980; x_wconf 63' lang='grc' dir='ltr'>δὲ</span> <span class='ocrx_word' id='word_1_294' title='bbox 166 1953 313 1991; x_wconf 82' lang='grc' dir='ltr'>φθάσαντες</span> <span class='ocrx_word' id='word_1_295' title='bbox 339 1951 448 1988; x_wconf 77' lang='grc' dir='ltr'>ἐξαισίῳ</span> <span class='ocrx_word' id='word_1_296' title='bbox 473 1950 568 1989; x_wconf 84' lang='grc' dir='ltr'>δρόμῳ</span> <span class='ocrx_word' id='word_1_297' title='bbox 595 1954 649 1979; x_wconf 82' lang='grc' dir='ltr'>τῶν</span> <span class='ocrx_word' id='word_1_298' title='bbox 674 1951 767 1979; x_wconf 78' lang='grc' dir='ltr'>’ίππων</span> <span class='ocrx_word' id='word_1_299' title='bbox 792 1952 828 1982; x_wconf 84' lang='grc' dir='ltr'>εἰς</span> <span class='ocrx_word' id='word_1_300' title='bbox 855 1952 887 1979; x_wconf 83' lang='grc' dir='ltr'>τὸ</span> 
     </span>
    </p>
   </div>
   <div class='ocr_carea' id='block_1_47' title="bbox 60 1995 888 2034">
    <p class='ocr_par' dir='ltr' id='par_1_47' title="bbox 60 1995 888 2034">
     <span class='ocr_line' id='line_1_47' title="bbox 60 1995 888 2034; baseline -0.002 -9"><span class='ocrx_word' id='word_1_301' title='bbox 60 1998 165 2025; x_wconf 80' lang='grc' dir='ltr'>οιχεῖον</span> <span class='ocrx_word' id='word_1_302' title='bbox 197 1995 381 2034; x_wconf 83' lang='grc' dir='ltr'>στρατόπεδον</span> <span class='ocrx_word' id='word_1_303' title='bbox 412 1995 588 2030; x_wconf 83' lang='grc' dir='ltr'>διεσώθησαν.</span> <span class='ocrx_word' id='word_1_304' title='bbox 611 2019 617 2025; x_wconf 91' lang='grc'>.</span> <span class='ocrx_word' id='word_1_305' title='bbox 642 2018 648 2023; x_wconf 92' lang='grc'>.</span> <span class='ocrx_word' id='word_1_306' title='bbox 673 2017 679 2023; x_wconf 96' lang='grc'>.</span> <span class='ocrx_word' id='word_1_307' title='bbox 710 1999 836 2033; x_wconf 86' lang='grc' dir='ltr'>κατεῖχον</span> <span class='ocrx_word' id='word_1_308' title='bbox 860 1995 888 2023; x_wconf 60' lang='lat' dir='ltr'>Si</span> 
     </span>
    </p>
   </div>
   <div class='ocr_carea' id='block_1_48' title="bbox 57 2040 888 2077">
    <p class='ocr_par' dir='ltr' id='par_1_48' title="bbox 57 2040 888 2077">
     <span class='ocr_line' id='line_1_48' title="bbox 57 2040 888 2077; baseline -0.004 -8"><span class='ocrx_word' id='word_1_309' title='bbox 57 2044 142 2069; x_wconf 80' lang='grc' dir='ltr'>τοῦτο</span> <span class='ocrx_word' id='word_1_310' title='bbox 173 2041 329 2076; x_wconf 79' lang='grc' dir='ltr'>Σαρακηνοὶ</span> <span class='ocrx_word' id='word_1_311' title='bbox 353 2041 399 2068; x_wconf 86' lang='grc' dir='ltr'>τὸν</span> <span class='ocrx_word' id='word_1_312' title='bbox 438 2040 539 2067; x_wconf 65' lang='grc' dir='ltr'>ἑαυτῶν</span> <span class='ocrx_word' id='word_1_313' title='bbox 566 2040 717 2077; x_wconf 82' lang='grc' dir='ltr'>στρατηγὸν</span> <span class='ocrx_word' id='word_1_314' title='bbox 747 2040 888 2076; x_wconf 72' lang='grc' dir='ltr'>ἐξελάσαν-</span> 
     </span>
    </p>
   </div>
   <div class='ocr_carea' id='block_1_49' title="bbox 56 2083 890 2123">
    <p class='ocr_par' dir='ltr' id='par_1_49' title="bbox 56 2083 890 2123">
     <span class='ocr_line' id='line_1_49' title="bbox 56 2083 890 2123; baseline -0.004 -9"><span class='ocrx_word' id='word_1_315' title='bbox 56 2097 114 2117; x_wconf 86' lang='grc' dir='ltr'>τες.</span> <span class='ocrx_word' id='word_1_316' title='bbox 146 2085 222 2120; x_wconf 79' lang='grc' dir='ltr'>Πλὴν</span> <span class='ocrx_word' id='word_1_317' title='bbox 248 2084 322 2112; x_wconf 70' lang='grc' dir='ltr'>ἀλλὰ</span> <span class='ocrx_word' id='word_1_318' title='bbox 342 2085 388 2112; x_wconf 78' lang='grc' dir='ltr'>καὶ</span> <span class='ocrx_word' id='word_1_319' title='bbox 410 2083 494 2112; x_wconf 88' lang='grc' dir='ltr'>πάλιν</span> <span class='ocrx_word' id='word_1_320' title='bbox 523 2084 665 2123; x_wconf 80' lang='grc' dir='ltr'>φεύγουσιν</span> <span class='ocrx_word' id='word_1_321' title='bbox 689 2085 714 2112; x_wconf 82' lang='grc' dir='ltr'>οἱ</span> <span class='ocrx_word' id='word_1_322' title='bbox 740 2087 820 2112; x_wconf 82' lang='grc' dir='ltr'>τοῦτο</span> <span class='ocrx_word' id='word_1_323' title='bbox 843 2095 890 2123; x_wconf 90' lang='grc' dir='ltr'>φυ-</span> 
     </span>
    </p>
   </div>
   <div class='ocr_carea' id='block_1_50' title="bbox 58 2128 890 2166">
    <p class='ocr_par' dir='ltr' id='par_1_50' title="bbox 58 2128 890 2166">
     <span class='ocr_line' id='line_1_50' title="bbox 58 2128 890 2166; baseline -0.002 -8"><span class='ocrx_word' id='word_1_324' title='bbox 58 2130 217 2163; x_wconf 75' lang='grc' dir='ltr'>λάσσοντες,</span> <span class='ocrx_word' id='word_1_325' title='bbox 252 2129 297 2156; x_wconf 86' lang='grc' dir='ltr'>καὶ</span> <span class='ocrx_word' id='word_1_326' title='bbox 326 2131 365 2165; x_wconf 78' lang='grc' dir='ltr'>τῷ</span> <span class='ocrx_word' id='word_1_327' title='bbox 395 2128 501 2166; x_wconf 86' lang='grc' dir='ltr'>βασιλεὶ</span> <span class='ocrx_word' id='word_1_328' title='bbox 538 2129 569 2156; x_wconf 88' lang='grc' dir='ltr'>τὸ</span> <span class='ocrx_word' id='word_1_329' title='bbox 596 2129 695 2156; x_wconf 78' lang='grc' dir='ltr'>οἰκεῖον</span> <span class='ocrx_word' id='word_1_330' title='bbox 725 2129 890 2164; x_wconf 81' lang='grc' dir='ltr'>ἀνασώζεται</span> 
     </span>
    </p>
   </div>
   <div class='ocr_carea' id='block_1_51' title="bbox 57 2173 890 2211">
    <p class='ocr_par' dir='ltr' id='par_1_51' title="bbox 57 2173 890 2211">
     <span class='ocr_line' id='line_1_51' title="bbox 57 2173 890 2211; baseline -0.002 -9"><span class='ocrx_word' id='word_1_331' title='bbox 57 2174 196 2210; x_wconf 84' lang='grc' dir='ltr'>πόλισμα.</span> <span class='ocrx_word' id='word_1_332' title='bbox 218 2173 342 2211; x_wconf 77' lang='grc' dir='ltr'>Φρουρὰν</span> <span class='ocrx_word' id='word_1_333' title='bbox 370 2173 416 2200; x_wconf 83' lang='grc' dir='ltr'>οὗν</span> <span class='ocrx_word' id='word_1_334' title='bbox 442 2173 468 2200; x_wconf 81' lang='grc' dir='ltr'>ἐν</span> <span class='ocrx_word' id='word_1_335' title='bbox 497 2173 573 2209; x_wconf 84' lang='grc' dir='ltr'>αὐτῷ</span> <span class='ocrx_word' id='word_1_336' title='bbox 597 2173 687 2210; x_wconf 84' lang='grc' dir='ltr'>βαλὼν</span> <span class='ocrx_word' id='word_1_337' title='bbox 709 2174 754 2201; x_wconf 85' lang='grc' dir='ltr'>καὶ</span> <span class='ocrx_word' id='word_1_338' title='bbox 769 2174 890 2209; x_wconf 80' lang='grc' dir='ltr'>σιτήσεις</span> 
     </span>
    </p>
   </div>
   <div class='ocr_carea' id='block_1_52' title="bbox 59 2218 888 2256">
    <p class='ocr_par' dir='ltr' id='par_1_52' title="bbox 59 2218 888 2256">
     <span class='ocr_line' id='line_1_52' title="bbox 59 2218 888 2256; baseline -0.004 -9"><span class='ocrx_word' id='word_1_339' title='bbox 59 2218 229 2256; x_wconf 78' lang='grc' dir='ltr'>ἀποχρώσας</span> <span class='ocrx_word' id='word_1_340' title='bbox 244 2218 456 2254; x_wconf 74' lang='grc' dir='ltr'>ἐναποθὲμενος,</span> <span class='ocrx_word' id='word_1_341' title='bbox 481 2218 568 2244; x_wconf 87' lang='grc' dir='ltr'>πάντα</span> <span class='ocrx_word' id='word_1_342' title='bbox 594 2219 627 2244; x_wconf 76' lang='grc' dir='ltr'>τὰ</span> <span class='ocrx_word' id='word_1_343' title='bbox 651 2220 689 2253; x_wconf 79' lang='grc' dir='ltr'>τῷ</span> <span class='ocrx_word' id='word_1_344' title='bbox 701 2220 788 2256; x_wconf 81' lang='grc' dir='ltr'>καιρῷ</span> <span class='ocrx_word' id='word_1_345' title='bbox 802 2218 888 2255; x_wconf 84' lang='grc' dir='ltr'>πρόσ-</span> 
     </span>
    </p>
   </div>
   <div class='ocr_carea' id='block_1_53' title="bbox 950 249 1772 285">
    <p class='ocr_par' dir='ltr' id='par_1_53' title="bbox 950 249 1772 285">
     <span class='ocr_line' id='line_1_53' title="bbox 950 249 1772 285; baseline -0.002 -8"><span class='ocrx_word' id='word_1_346' title='bbox 950 250 1077 278; x_wconf 88' lang='lat' dir='ltr'>exercitu</span> <span class='ocrx_word' id='word_1_347' title='bbox 1095 249 1181 285; x_wconf 70' lang='lat' dir='ltr'>cmpit</span> <span class='ocrx_word' id='word_1_348' title='bbox 1196 252 1276 277; x_wconf 85' lang='lat' dir='ltr'>recta</span> <span class='ocrx_word' id='word_1_349' title='bbox 1291 249 1325 276; x_wconf 87' lang='lat' dir='ltr'>ad</span> <span class='ocrx_word' id='word_1_350' title='bbox 1343 249 1485 284; x_wconf 87' lang='lat' dir='ltr'>oppidum</span> <span class='ocrx_word' id='word_1_351' title='bbox 1501 249 1563 275; x_wconf 74' lang='lat' dir='ltr'>Azee</span> <span class='ocrx_word' id='word_1_352' title='bbox 1587 249 1772 282; x_wconf 77' lang='lat' dir='ltr'>contendere,</span> 
     </span>
    </p>
   </div>
   <div class='ocr_carea' id='block_1_54' title="bbox 950 292 1774 331">
    <p class='ocr_par' dir='ltr' id='par_1_54' title="bbox 950 292 1774 331">
     <span class='ocr_line' id='line_1_54' title="bbox 950 292 1774 331; baseline -0.001 -9"><span class='ocrx_word' id='word_1_353' title='bbox 950 299 1101 331; x_wconf 77' lang='lat' dir='ltr'>cmperunt</span> <span class='ocrx_word' id='word_1_354' title='bbox 1116 294 1209 330; x_wconf 83' lang='lat' dir='ltr'>sparsi</span> <span class='ocrx_word' id='word_1_355' title='bbox 1227 302 1261 321; x_wconf 85' lang='lat' dir='ltr'>ex</span> <span class='ocrx_word' id='word_1_356' title='bbox 1276 293 1440 326; x_wconf 86' lang='lat' dir='ltr'>intervallo,</span> <span class='ocrx_word' id='word_1_357' title='bbox 1458 301 1512 320; x_wconf 90' lang='lat' dir='ltr'>suo</span> <span class='ocrx_word' id='word_1_358' title='bbox 1532 300 1613 320; x_wconf 88' lang='lat' dir='ltr'>more</span> <span class='ocrx_word' id='word_1_359' title='bbox 1637 292 1666 320; x_wconf 93' lang='lat' dir='ltr'>in</span> <span class='ocrx_word' id='word_1_360' title='bbox 1692 293 1774 328; x_wconf 90' lang='lat' dir='ltr'>ipsos</span> 
     </span>
    </p>
   </div>
   <div class='ocr_carea' id='block_1_55' title="bbox 950 337 1771 374">
    <p class='ocr_par' dir='ltr' id='par_1_55' title="bbox 950 337 1771 374">
     <span class='ocr_line' id='line_1_55' title="bbox 950 337 1771 374; baseline -0.001 -8"><span class='ocrx_word' id='word_1_361' title='bbox 950 339 1128 374; x_wconf 84' lang='lat' dir='ltr'>invadere,et</span> <span class='ocrx_word' id='word_1_362' title='bbox 1138 342 1302 366; x_wconf 81' lang='lat' dir='ltr'>extremum</span> <span class='ocrx_word' id='word_1_363' title='bbox 1314 346 1418 374; x_wconf 82' lang='lat' dir='ltr'>agmen</span> <span class='ocrx_word' id='word_1_364' title='bbox 1430 346 1506 373; x_wconf 68' lang='lat' dir='ltr'>saepe</span> <span class='ocrx_word' id='word_1_365' title='bbox 1518 337 1610 365; x_wconf 79' lang='lat' dir='ltr'>adorti</span> <span class='ocrx_word' id='word_1_366' title='bbox 1626 345 1771 365; x_wconf 83' lang='lat' dir='ltr'>commea-</span> 
     </span>
    </p>
   </div>
   <div class='ocr_carea' id='block_1_56' title="bbox 950 382 1773 417">
    <p class='ocr_par' dir='ltr' id='par_1_56' title="bbox 950 382 1773 417">
     <span class='ocr_line' id='line_1_56' title="bbox 950 382 1773 417; baseline -0.004 -6"><span class='ocrx_word' id='word_1_367' title='bbox 950 386 998 412; x_wconf 86' lang='lat' dir='ltr'>tus</span> <span class='ocrx_word' id='word_1_368' title='bbox 1015 384 1177 411; x_wconf 82' lang='lat' dir='ltr'>det‘erentes</span> <span class='ocrx_word' id='word_1_369' title='bbox 1192 391 1304 416; x_wconf 82' lang='lat' dir='ltr'>vexare,</span> <span class='ocrx_word' id='word_1_370' title='bbox 1327 386 1356 410; x_wconf 88' lang='lat' dir='ltr'>et</span> <span class='ocrx_word' id='word_1_371' title='bbox 1377 382 1480 409; x_wconf 65' lang='lat' dir='ltr'>ledere</span> <span class='ocrx_word' id='word_1_372' title='bbox 1504 383 1661 415; x_wconf 85' lang='lat' dir='ltr'>Romanos,</span> <span class='ocrx_word' id='word_1_373' title='bbox 1687 389 1773 417; x_wconf 79' lang='lat' dir='ltr'>quasi</span> 
     </span>
    </p>
   </div>
   <div class='ocr_carea' id='block_1_57' title="bbox 949 427 1774 463">
    <p class='ocr_par' dir='ltr' id='par_1_57' title="bbox 949 427 1774 463">
     <span class='ocr_line' id='line_1_57' title="bbox 949 427 1774 463; baseline -0.002 -8"><span class='ocrx_word' id='word_1_374' title='bbox 949 436 983 456; x_wconf 86' lang='lat' dir='ltr'>ex</span> <span class='ocrx_word' id='word_1_375' title='bbox 1008 428 1123 455; x_wconf 82' lang='lat' dir='ltr'>insidiis</span> <span class='ocrx_word' id='word_1_376' title='bbox 1139 427 1214 455; x_wconf 88' lang='lat' dir='ltr'>clam</span> <span class='ocrx_word' id='word_1_377' title='bbox 1229 427 1421 463; x_wconf 88' lang='lat' dir='ltr'>irruptionem</span> <span class='ocrx_word' id='word_1_378' title='bbox 1437 427 1586 454; x_wconf 77' lang='lat' dir='ltr'>facientes.</span> <span class='ocrx_word' id='word_1_379' title='bbox 1603 427 1774 462; x_wconf 84' lang='lat' dir='ltr'>Constipato</span> 
     </span>
    </p>
   </div>
   <div class='ocr_carea' id='block_1_58' title="bbox 950 471 1773 509">
    <p class='ocr_par' dir='ltr' id='par_1_58' title="bbox 950 471 1773 509">
     <span class='ocr_line' id='line_1_58' title="bbox 950 471 1773 509; baseline -0.002 -9"><span class='ocrx_word' id='word_1_380' title='bbox 950 475 1048 500; x_wconf 87' lang='lat' dir='ltr'>autem</span> <span class='ocrx_word' id='word_1_381' title='bbox 1065 472 1225 509; x_wconf 76' lang='lat' dir='ltr'>sagittariis</span> <span class='ocrx_word' id='word_1_382' title='bbox 1252 475 1281 499; x_wconf 89' lang='lat' dir='ltr'>et</span> <span class='ocrx_word' id='word_1_383' title='bbox 1304 471 1427 499; x_wconf 74' lang='lat' dir='ltr'>scutatis</span> <span class='ocrx_word' id='word_1_384' title='bbox 1452 471 1592 506; x_wconf 84' lang='lat' dir='ltr'>exercitu,</span> <span class='ocrx_word' id='word_1_385' title='bbox 1614 471 1773 507; x_wconf 85' lang='lat' dir='ltr'>imperator</span> 
     </span>
    </p>
   </div>
   <div class='ocr_carea' id='block_1_59' title="bbox 951 516 1772 552">
    <p class='ocr_par' dir='ltr' id='par_1_59' title="bbox 951 516 1772 552">
     <span class='ocr_line' id='line_1_59' title="bbox 951 516 1772 552; baseline -0.001 -7"><span class='ocrx_word' id='word_1_386' title='bbox 951 520 1082 545; x_wconf 83' lang='lat' dir='ltr'>armatus</span> <span class='ocrx_word' id='word_1_387' title='bbox 1106 526 1171 545; x_wconf 90' lang='lat' dir='ltr'>curn</span> <span class='ocrx_word' id='word_1_388' title='bbox 1197 519 1257 544; x_wconf 88' lang='lat' dir='ltr'>toto</span> <span class='ocrx_word' id='word_1_389' title='bbox 1280 517 1406 544; x_wconf 81' lang='lat' dir='ltr'>exercitu</span> <span class='ocrx_word' id='word_1_390' title='bbox 1431 517 1466 544; x_wconf 87' lang='lat' dir='ltr'>ad</span> <span class='ocrx_word' id='word_1_391' title='bbox 1493 516 1633 552; x_wconf 88' lang='lat' dir='ltr'>oppidum</span> <span class='ocrx_word' id='word_1_392' title='bbox 1649 517 1711 543; x_wconf 63' lang='lat' dir='ltr'>Azan</span> <span class='ocrx_word' id='word_1_393' title='bbox 1724 524 1772 544; x_wconf 89' lang='lat' dir='ltr'>ac-</span> 
     </span>
    </p>
   </div>
   <div class='ocr_carea' id='block_1_60' title="bbox 950 561 1771 596">
    <p class='ocr_par' dir='ltr' id='par_1_60' title="bbox 950 561 1771 596">
     <span class='ocr_line' id='line_1_60' title="bbox 950 561 1771 596; baseline -0.001 -6"><span class='ocrx_word' id='word_1_394' title='bbox 950 563 1037 595; x_wconf 87' lang='lat' dir='ltr'>cedit,</span> <span class='ocrx_word' id='word_1_395' title='bbox 1055 565 1136 589; x_wconf 87' lang='lat' dir='ltr'>ratus</span> <span class='ocrx_word' id='word_1_396' title='bbox 1157 562 1252 589; x_wconf 92' lang='lat' dir='ltr'>locum</span> <span class='ocrx_word' id='word_1_397' title='bbox 1278 562 1314 589; x_wconf 88' lang='lat' dir='ltr'>ad</span> <span class='ocrx_word' id='word_1_398' title='bbox 1340 570 1370 588; x_wconf 89' lang='lat' dir='ltr'>se</span> <span class='ocrx_word' id='word_1_399' title='bbox 1396 561 1596 596; x_wconf 88' lang='lat' dir='ltr'>recipiendum</span> <span class='ocrx_word' id='word_1_400' title='bbox 1621 561 1771 589; x_wconf 88' lang='lat' dir='ltr'>idoneum.</span> 
     </span>
    </p>
   </div>
   <div class='ocr_carea' id='block_1_61' title="bbox 949 609 1773 647">
    <p class='ocr_par' dir='ltr' id='par_1_61' title="bbox 949 609 1773 647">
     <span class='ocr_line' id='line_1_61' title="bbox 949 609 1773 647; baseline -0.002 -8"><span class='ocrx_word' id='word_1_401' title='bbox 949 612 1004 639; x_wconf 85' lang='lat' dir='ltr'>Sed</span> <span class='ocrx_word' id='word_1_402' title='bbox 1021 611 1071 638; x_wconf 93' lang='lat' dir='ltr'>ubi</span> <span class='ocrx_word' id='word_1_403' title='bbox 1092 611 1148 646; x_wconf 84' lang='lat' dir='ltr'>ipsi</span> <span class='ocrx_word' id='word_1_404' title='bbox 1172 610 1414 647; x_wconf 79' lang='lat' dir='ltr'>appropinquans</span> <span class='ocrx_word' id='word_1_405' title='bbox 1436 609 1619 637; x_wconf 87' lang='lat' dir='ltr'>tutissimum</span> <span class='ocrx_word' id='word_1_406' title='bbox 1644 609 1716 638; x_wconf 86' lang='lat' dir='ltr'>vidit</span> <span class='ocrx_word' id='word_1_407' title='bbox 1739 617 1773 637; x_wconf 88' lang='lat' dir='ltr'>ac</span> 
     </span>
    </p>
   </div>
   <div class='ocr_carea' id='block_1_62' title="bbox 950 653 1775 690">
    <p class='ocr_par' dir='ltr' id='par_1_62' title="bbox 950 653 1775 690">
     <span class='ocr_line' id='line_1_62' title="bbox 950 653 1775 690; baseline -0.002 -7"><span class='ocrx_word' id='word_1_408' title='bbox 950 655 1185 683; x_wconf 86' lang='lat' dir='ltr'>munitissimum</span> <span class='ocrx_word' id='word_1_409' title='bbox 1202 656 1231 682; x_wconf 89' lang='lat' dir='ltr'>in</span> <span class='ocrx_word' id='word_1_410' title='bbox 1244 663 1359 682; x_wconf 85' lang='lat' dir='ltr'>summo</span> <span class='ocrx_word' id='word_1_411' title='bbox 1371 653 1444 682; x_wconf 89' lang='lat' dir='ltr'>colle</span> <span class='ocrx_word' id='word_1_412' title='bbox 1456 654 1632 687; x_wconf 75' lang='lat' dir='ltr'>consistens,</span> <span class='ocrx_word' id='word_1_413' title='bbox 1650 654 1775 690; x_wconf 87' lang='lat' dir='ltr'>duplici-</span> 
     </span>
    </p>
   </div>
   <div class='ocr_carea' id='block_1_63' title="bbox 948 698 1775 735">
    <p class='ocr_par' dir='ltr' id='par_1_63' title="bbox 948 698 1775 735">
     <span class='ocr_line' id='line_1_63' title="bbox 948 698 1775 735; baseline -0.004 -7"><span class='ocrx_word' id='word_1_414' title='bbox 948 709 1005 735; x_wconf 86' lang='lat' dir='ltr'>que</span> <span class='ocrx_word' id='word_1_415' title='bbox 1020 708 1106 727; x_wconf 88' lang='lat' dir='ltr'>muro</span> <span class='ocrx_word' id='word_1_416' title='bbox 1121 700 1263 731; x_wconf 69' lang='lat' dir='ltr'>cinctum,</span> <span class='ocrx_word' id='word_1_417' title='bbox 1280 701 1307 726; x_wconf 87' lang='lat' dir='ltr'>et</span> <span class='ocrx_word' id='word_1_418' title='bbox 1323 698 1471 734; x_wconf 88' lang='lat' dir='ltr'>lapidibus</span> <span class='ocrx_word' id='word_1_419' title='bbox 1497 707 1569 734; x_wconf 86' lang='lat' dir='ltr'>quas</span> <span class='ocrx_word' id='word_1_420' title='bbox 1594 698 1683 726; x_wconf 86' lang='lat' dir='ltr'>clavis</span> <span class='ocrx_word' id='word_1_421' title='bbox 1705 699 1775 734; x_wconf 77' lang='lat' dir='ltr'>qui-</span> 
     </span>
    </p>
   </div>
   <div class='ocr_carea' id='block_1_64' title="bbox 949 743 1773 780">
    <p class='ocr_par' dir='ltr' id='par_1_64' title="bbox 949 743 1773 780">
     <span class='ocr_line' id='line_1_64' title="bbox 949 743 1773 780; baseline -0.002 -8"><span class='ocrx_word' id='word_1_422' title='bbox 949 745 1073 772; x_wconf 86' lang='lat' dir='ltr'>busdam</span> <span class='ocrx_word' id='word_1_423' title='bbox 1085 746 1445 780; x_wconf 85' lang='lat' dir='ltr'>compactum,accensum</span> <span class='ocrx_word' id='word_1_424' title='bbox 1453 743 1489 771; x_wconf 84' lang='lat' dir='ltr'>ad</span> <span class='ocrx_word' id='word_1_425' title='bbox 1498 746 1612 779; x_wconf 86' lang='lat' dir='ltr'>portam</span> <span class='ocrx_word' id='word_1_426' title='bbox 1635 743 1773 778; x_wconf 81' lang='lat' dir='ltr'>referens,</span> 
     </span>
    </p>
   </div>
   <div class='ocr_carea' id='block_1_65' title="bbox 949 788 1774 825">
    <p class='ocr_par' dir='ltr' id='par_1_65' title="bbox 949 788 1774 825">
     <span class='ocr_line' id='line_1_65' title="bbox 949 788 1774 825; baseline -0.001 -9"><span class='ocrx_word' id='word_1_427' title='bbox 949 792 978 817; x_wconf 85' lang='lat' dir='ltr'>et</span> <span class='ocrx_word' id='word_1_428' title='bbox 993 798 1096 825; x_wconf 87' lang='lat' dir='ltr'>parum</span> <span class='ocrx_word' id='word_1_429' title='bbox 1114 797 1197 825; x_wconf 66' lang='lat' dir='ltr'>aqum</span> <span class='ocrx_word' id='word_1_430' title='bbox 1214 789 1282 816; x_wconf 89' lang='lat' dir='ltr'>inde</span> <span class='ocrx_word' id='word_1_431' title='bbox 1306 788 1441 822; x_wconf 86' lang='lat' dir='ltr'>elfluens,</span> <span class='ocrx_word' id='word_1_432' title='bbox 1467 796 1529 824; x_wconf 64' lang='lat' dir='ltr'>quae</span> <span class='ocrx_word' id='word_1_433' title='bbox 1554 796 1611 815; x_wconf 90' lang='lat' dir='ltr'>non</span> <span class='ocrx_word' id='word_1_434' title='bbox 1636 790 1714 815; x_wconf 84' lang='lat' dir='ltr'>esset</span> <span class='ocrx_word' id='word_1_435' title='bbox 1737 788 1774 815; x_wconf 90' lang='lat' dir='ltr'>ad</span> 
     </span>
    </p>
   </div>
   <div class='ocr_carea' id='block_1_66' title="bbox 946 832 1773 870">
    <p class='ocr_par' dir='ltr' id='par_1_66' title="bbox 946 832 1773 870">
     <span class='ocr_line' id='line_1_66' title="bbox 946 832 1773 870; baseline -0.004 -8"><span class='ocrx_word' id='word_1_436' title='bbox 946 835 1062 862; x_wconf 84' lang='lat' dir='ltr'>tantum</span> <span class='ocrx_word' id='word_1_437' title='bbox 1086 834 1289 870; x_wconf 87' lang='lat' dir='ltr'>accipiendum</span> <span class='ocrx_word' id='word_1_438' title='bbox 1305 833 1462 861; x_wconf 88' lang='lat' dir='ltr'>exercitum</span> <span class='ocrx_word' id='word_1_439' title='bbox 1480 832 1594 867; x_wconf 83' lang='lat' dir='ltr'>idonea,</span> <span class='ocrx_word' id='word_1_440' title='bbox 1616 832 1684 860; x_wconf 89' lang='lat' dir='ltr'>inde</span> <span class='ocrx_word' id='word_1_441' title='bbox 1709 840 1773 868; x_wconf 90' lang='lat' dir='ltr'>pro-</span> 
     </span>
    </p>
   </div>
   <div class='ocr_carea' id='block_1_67' title="bbox 947 877 1772 914">
    <p class='ocr_par' dir='ltr' id='par_1_67' title="bbox 947 877 1772 914">
     <span class='ocr_line' id='line_1_67' title="bbox 947 877 1772 914; baseline -0.005 -6"><span class='ocrx_word' id='word_1_442' title='bbox 947 879 1105 914; x_wconf 81' lang='lat' dir='ltr'>fectus,ubi</span> <span class='ocrx_word' id='word_1_443' title='bbox 1121 878 1265 914; x_wconf 85' lang='lat' dir='ltr'>copiosior</span> <span class='ocrx_word' id='word_1_444' title='bbox 1279 886 1356 913; x_wconf 86' lang='lat' dir='ltr'>aqua</span> <span class='ocrx_word' id='word_1_445' title='bbox 1370 878 1484 912; x_wconf 85' lang='lat' dir='ltr'>ﬂueret,</span> <span class='ocrx_word' id='word_1_446' title='bbox 1500 879 1596 904; x_wconf 86' lang='lat' dir='ltr'>castra</span> <span class='ocrx_word' id='word_1_447' title='bbox 1613 877 1721 912; x_wconf 85' lang='lat' dir='ltr'>posuit.</span> <span class='ocrx_word' id='word_1_448' title='bbox 1739 877 1772 904; x_wconf 86' lang='lat' dir='ltr'>Et</span> 
     </span>
    </p>
   </div>
   <div class='ocr_carea' id='block_1_68' title="bbox 947 921 1769 960">
    <p class='ocr_par' dir='ltr' id='par_1_68' title="bbox 947 921 1769 960">
     <span class='ocr_line' id='line_1_68' title="bbox 947 921 1769 960; baseline -0.005 -8"><span class='ocrx_word' id='word_1_449' title='bbox 947 925 1014 952; x_wconf 90' lang='lat' dir='ltr'>inde</span> <span class='ocrx_word' id='word_1_450' title='bbox 1028 932 1145 960; x_wconf 86' lang='lat' dir='ltr'>quoque</span> <span class='ocrx_word' id='word_1_451' title='bbox 1160 923 1314 950; x_wconf 84' lang='lat' dir='ltr'>discedens</span> <span class='ocrx_word' id='word_1_452' title='bbox 1338 922 1445 949; x_wconf 84' lang='lat' dir='ltr'>invasit</span> <span class='ocrx_word' id='word_1_453' title='bbox 1469 921 1659 949; x_wconf 82' lang='lat' dir='ltr'>Ausonitides</span> <span class='ocrx_word' id='word_1_454' title='bbox 1684 921 1769 957; x_wconf 81' lang='lat' dir='ltr'>ﬁnes,</span> 
     </span>
    </p>
   </div>
   <div class='ocr_carea' id='block_1_69' title="bbox 945 966 1770 1004">
    <p class='ocr_par' dir='ltr' id='par_1_69' title="bbox 945 966 1770 1004">
     <span class='ocr_line' id='line_1_69' title="bbox 945 966 1770 1004; baseline -0.006 -7"><span class='ocrx_word' id='word_1_455' title='bbox 945 970 1124 1004; x_wconf 89' lang='lat' dir='ltr'>incensoque</span> <span class='ocrx_word' id='word_1_456' title='bbox 1154 976 1223 1004; x_wconf 82' lang='lat' dir='ltr'>agro</span> <span class='ocrx_word' id='word_1_457' title='bbox 1251 967 1389 999; x_wconf 83' lang='lat' dir='ltr'>maximo,</span> <span class='ocrx_word' id='word_1_458' title='bbox 1414 966 1532 994; x_wconf 86' lang='lat' dir='ltr'>nomine</span> <span class='ocrx_word' id='word_1_459' title='bbox 1554 968 1667 999; x_wconf 84' lang='lat' dir='ltr'>Catma,</span> <span class='ocrx_word' id='word_1_460' title='bbox 1691 966 1770 993; x_wconf 88' lang='lat' dir='ltr'>anti-</span> 
     </span>
    </p>
   </div>
   <div class='ocr_carea' id='block_1_70' title="bbox 945 1010 1768 1050">
    <p class='ocr_par' dir='ltr' id='par_1_70' title="bbox 945 1010 1768 1050">
     <span class='ocr_line' id='line_1_70' title="bbox 945 1010 1768 1050; baseline -0.006 -8"><span class='ocrx_word' id='word_1_461' title='bbox 945 1014 1047 1050; x_wconf 89' lang='lat' dir='ltr'>quitus</span> <span class='ocrx_word' id='word_1_462' title='bbox 1068 1012 1192 1049; x_wconf 88' lang='lat' dir='ltr'>principi</span> <span class='ocrx_word' id='word_1_463' title='bbox 1209 1011 1315 1047; x_wconf 86' lang='lat' dir='ltr'>Chalep</span> <span class='ocrx_word' id='word_1_464' title='bbox 1333 1011 1493 1046; x_wconf 78' lang='lat' dir='ltr'>assignato,</span> <span class='ocrx_word' id='word_1_465' title='bbox 1508 1010 1537 1037; x_wconf 92' lang='lat' dir='ltr'>in</span> <span class='ocrx_word' id='word_1_466' title='bbox 1555 1010 1648 1038; x_wconf 80' lang='lat' dir='ltr'>alium</span> <span class='ocrx_word' id='word_1_467' title='bbox 1671 1010 1768 1038; x_wconf 91' lang='lat' dir='ltr'>locum</span> 
     </span>
    </p>
   </div>
   <div class='ocr_carea' id='block_1_71' title="bbox 944 1054 1768 1094">
    <p class='ocr_par' dir='ltr' id='par_1_71' title="bbox 944 1054 1768 1094">
     <span class='ocr_line' id='line_1_71' title="bbox 944 1054 1768 1094; baseline -0.006 -8"><span class='ocrx_word' id='word_1_468' title='bbox 944 1067 975 1086; x_wconf 86' lang='lat' dir='ltr'>se</span> <span class='ocrx_word' id='word_1_469' title='bbox 991 1058 1108 1094; x_wconf 83' lang='lat' dir='ltr'>recepit,</span> <span class='ocrx_word' id='word_1_470' title='bbox 1133 1056 1274 1084; x_wconf 85' lang='lat' dir='ltr'>Tarchola</span> <span class='ocrx_word' id='word_1_471' title='bbox 1290 1055 1426 1086; x_wconf 67' lang='lat' dir='ltr'>inomine.</span> <span class='ocrx_word' id='word_1_472' title='bbox 1457 1055 1657 1090; x_wconf 83' lang='lat' dir='ltr'>Perruptoque</span> <span class='ocrx_word' id='word_1_473' title='bbox 1681 1054 1768 1089; x_wconf 85' lang='lat' dir='ltr'>vallo,</span> 
     </span>
    </p>
   </div>
   <div class='ocr_carea' id='block_1_72' title="bbox 943 1099 1767 1138">
    <p class='ocr_par' dir='ltr' id='par_1_72' title="bbox 943 1099 1767 1138">
     <span class='ocr_line' id='line_1_72' title="bbox 943 1099 1767 1138; baseline -0.006 -8"><span class='ocrx_word' id='word_1_474' title='bbox 943 1106 972 1130; x_wconf 90' lang='lat' dir='ltr'>et</span> <span class='ocrx_word' id='word_1_475' title='bbox 999 1103 1176 1138; x_wconf 84' lang='lat' dir='ltr'>imperatore</span> <span class='ocrx_word' id='word_1_476' title='bbox 1207 1101 1241 1127; x_wconf 87' lang='lat' dir='ltr'>ad</span> <span class='ocrx_word' id='word_1_477' title='bbox 1272 1101 1402 1127; x_wconf 86' lang='lat' dir='ltr'>dextram</span> <span class='ocrx_word' id='word_1_478' title='bbox 1430 1101 1540 1134; x_wconf 86' lang='lat' dir='ltr'>partem</span> <span class='ocrx_word' id='word_1_479' title='bbox 1567 1099 1767 1132; x_wconf 82' lang='lat' dir='ltr'>incumbente,</span> 
     </span>
    </p>
   </div>
   <div class='ocr_carea' id='block_1_73' title="bbox 943 1143 1766 1181">
    <p class='ocr_par' dir='ltr' id='par_1_73' title="bbox 943 1143 1766 1181">
     <span class='ocr_line' id='line_1_73' title="bbox 943 1143 1766 1181; baseline -0.007 -6"><span class='ocrx_word' id='word_1_480' title='bbox 943 1148 1051 1175; x_wconf 83' lang='lat' dir='ltr'>Arabes</span> <span class='ocrx_word' id='word_1_481' title='bbox 1067 1147 1134 1181; x_wconf 83' lang='lat' dir='ltr'>duo,</span> <span class='ocrx_word' id='word_1_482' title='bbox 1152 1146 1201 1181; x_wconf 91' lang='lat' dir='ltr'>qui</span> <span class='ocrx_word' id='word_1_483' title='bbox 1217 1145 1348 1173; x_wconf 83' lang='lat' dir='ltr'>latebant</span> <span class='ocrx_word' id='word_1_484' title='bbox 1363 1152 1380 1171; x_wconf 92' lang='lat' dir='ltr'>a</span> <span class='ocrx_word' id='word_1_485' title='bbox 1394 1146 1477 1179; x_wconf 75' lang='lat' dir='ltr'>tergo</span> <span class='ocrx_word' id='word_1_486' title='bbox 1492 1143 1612 1175; x_wconf 86' lang='lat' dir='ltr'>montis,</span> <span class='ocrx_word' id='word_1_487' title='bbox 1637 1143 1766 1171; x_wconf 86' lang='lat' dir='ltr'>concita-</span> 
     </span>
    </p>
   </div>
   <div class='ocr_carea' id='block_1_74' title="bbox 943 1187 1764 1227">
    <p class='ocr_par' dir='ltr' id='par_1_74' title="bbox 943 1187 1764 1227">
     <span class='ocr_line' id='line_1_74' title="bbox 943 1187 1764 1227; baseline -0.007 -7"><span class='ocrx_word' id='word_1_488' title='bbox 943 1192 979 1220; x_wconf 86' lang='lat' dir='ltr'>tis</span> <span class='ocrx_word' id='word_1_489' title='bbox 996 1191 1089 1227; x_wconf 86' lang='lat' dir='ltr'>equis,</span> <span class='ocrx_word' id='word_1_490' title='bbox 1111 1190 1225 1227; x_wconf 85' lang='lat' dir='ltr'>pedites</span> <span class='ocrx_word' id='word_1_491' title='bbox 1250 1189 1323 1216; x_wconf 88' lang='lat' dir='ltr'>duos</span> <span class='ocrx_word' id='word_1_492' title='bbox 1347 1188 1442 1216; x_wconf 84' lang='lat' dir='ltr'>hastis</span> <span class='ocrx_word' id='word_1_493' title='bbox 1466 1188 1539 1215; x_wconf 73' lang='lat'><strong>677</strong></span> <span class='ocrx_word' id='word_1_494' title='bbox 1566 1187 1764 1222; x_wconf 83' lang='lat' dir='ltr'>interficiunt;</span> 
     </span>
    </p>
   </div>
   <div class='ocr_carea' id='block_1_75' title="bbox 943 1237 1764 1277">
    <p class='ocr_par' dir='ltr' id='par_1_75' title="bbox 943 1237 1764 1277">
     <span class='ocr_line' id='line_1_75' title="bbox 943 1237 1764 1277; baseline -0.006 -8"><span class='ocrx_word' id='word_1_495' title='bbox 943 1250 1017 1277; x_wconf 90' lang='lat' dir='ltr'>quos</span> <span class='ocrx_word' id='word_1_496' title='bbox 1032 1241 1219 1276; x_wconf 84' lang='lat' dir='ltr'>conspicatus</span> <span class='ocrx_word' id='word_1_497' title='bbox 1235 1239 1394 1275; x_wconf 78' lang='lat' dir='ltr'>imperator</span> <span class='ocrx_word' id='word_1_498' title='bbox 1410 1238 1522 1273; x_wconf 87' lang='lat' dir='ltr'>primus</span> <span class='ocrx_word' id='word_1_499' title='bbox 1538 1237 1637 1265; x_wconf 79' lang='lat' dir='ltr'>statim</span> <span class='ocrx_word' id='word_1_500' title='bbox 1656 1237 1764 1264; x_wconf 84' lang='lat' dir='ltr'>milites</span> 
     </span>
    </p>
   </div>
   <div class='ocr_carea' id='block_1_76' title="bbox 942 1281 1764 1322">
    <p class='ocr_par' dir='ltr' id='par_1_76' title="bbox 942 1281 1764 1322">
     <span class='ocr_line' id='line_1_76' title="bbox 942 1281 1764 1322; baseline -0.009 -8"><span class='ocrx_word' id='word_1_501' title='bbox 942 1287 977 1314; x_wconf 89' lang='lat' dir='ltr'>ad</span> <span class='ocrx_word' id='word_1_502' title='bbox 995 1285 1212 1322; x_wconf 84' lang='lat' dir='ltr'>persequendos</span> <span class='ocrx_word' id='word_1_503' title='bbox 1227 1292 1277 1310; x_wconf 80' lang='lat' dir='ltr'>eos</span> <span class='ocrx_word' id='word_1_504' title='bbox 1292 1282 1544 1310; x_wconf 87' lang='lat' dir='ltr'>incitavit.Verum</span> <span class='ocrx_word' id='word_1_505' title='bbox 1562 1281 1603 1309; x_wconf 85' lang='lat' dir='ltr'>illi</span> <span class='ocrx_word' id='word_1_506' title='bbox 1619 1289 1764 1316; x_wconf 85' lang='lat' dir='ltr'>occupan-</span> 
     </span>
    </p>
   </div>
   <div class='ocr_carea' id='block_1_77' title="bbox 941 1325 1766 1363">
    <p class='ocr_par' dir='ltr' id='par_1_77' title="bbox 941 1325 1766 1363">
     <span class='ocr_line' id='line_1_77' title="bbox 941 1325 1766 1363; baseline -0.007 -5"><span class='ocrx_word' id='word_1_507' title='bbox 941 1333 985 1358; x_wconf 88' lang='lat' dir='ltr'>tes</span> <span class='ocrx_word' id='word_1_508' title='bbox 999 1330 1185 1359; x_wconf 90' lang='lat' dir='ltr'>velocissimo</span> <span class='ocrx_word' id='word_1_509' title='bbox 1201 1336 1343 1363; x_wconf 89' lang='lat' dir='ltr'>equorum</span> <span class='ocrx_word' id='word_1_510' title='bbox 1361 1335 1449 1354; x_wconf 84' lang='lat' dir='ltr'>cursu</span> <span class='ocrx_word' id='word_1_511' title='bbox 1467 1327 1496 1353; x_wconf 92' lang='lat' dir='ltr'>in</span> <span class='ocrx_word' id='word_1_512' title='bbox 1522 1334 1576 1354; x_wconf 86' lang='lat' dir='ltr'>sua</span> <span class='ocrx_word' id='word_1_513' title='bbox 1600 1328 1695 1353; x_wconf 80' lang='lat' dir='ltr'>castra</span> <span class='ocrx_word' id='word_1_514' title='bbox 1718 1325 1766 1352; x_wconf 92' lang='lat' dir='ltr'>in-</span> 
     </span>
    </p>
   </div>
   <div class='ocr_carea' id='block_1_78' title="bbox 941 1370 1763 1408">
    <p class='ocr_par' dir='ltr' id='par_1_78' title="bbox 941 1370 1763 1408">
     <span class='ocr_line' id='line_1_78' title="bbox 941 1370 1763 1408; baseline -0.007 -5"><span class='ocrx_word' id='word_1_515' title='bbox 941 1375 1071 1404; x_wconf 86' lang='lat' dir='ltr'>columes</span> <span class='ocrx_word' id='word_1_516' title='bbox 1097 1383 1127 1401; x_wconf 90' lang='lat' dir='ltr'>se</span> <span class='ocrx_word' id='word_1_517' title='bbox 1152 1381 1298 1408; x_wconf 79' lang='lat' dir='ltr'>recepere,</span> <span class='ocrx_word' id='word_1_518' title='bbox 1323 1372 1363 1407; x_wconf 88' lang='lat' dir='ltr'>(et</span> <span class='ocrx_word' id='word_1_519' title='bbox 1386 1371 1465 1398; x_wconf 84' lang='lat' dir='ltr'>illinc</span> <span class='ocrx_word' id='word_1_520' title='bbox 1490 1371 1609 1406; x_wconf 84' lang='lat' dir='ltr'>profecti</span> <span class='ocrx_word' id='word_1_521' title='bbox 1633 1372 1713 1397; x_wconf 86' lang='lat' dir='ltr'>recta</span> <span class='ocrx_word' id='word_1_522' title='bbox 1728 1370 1763 1398; x_wconf 85' lang='lat' dir='ltr'>ad</span> 
     </span>
    </p>
   </div>
   <div class='ocr_carea' id='block_1_79' title="bbox 940 1414 1763 1452">
    <p class='ocr_par' dir='ltr' id='par_1_79' title="bbox 940 1414 1763 1452">
     <span class='ocr_line' id='line_1_79' title="bbox 940 1414 1763 1452; baseline -0.009 -4"><span class='ocrx_word' id='word_1_523' title='bbox 940 1420 1045 1448; x_wconf 82' lang='lat' dir='ltr'>Artach</span> <span class='ocrx_word' id='word_1_524' title='bbox 1063 1418 1287 1452; x_wconf 85' lang='lat' dir='ltr'>contenderunt)</span> <span class='ocrx_word' id='word_1_525' title='bbox 1303 1417 1381 1452; x_wconf 89' lang='lat' dir='ltr'>quod</span> <span class='ocrx_word' id='word_1_526' title='bbox 1397 1416 1537 1451; x_wconf 89' lang='lat' dir='ltr'>oppidum</span> <span class='ocrx_word' id='word_1_527' title='bbox 1553 1414 1673 1450; x_wconf 84' lang='lat' dir='ltr'>expulso</span> <span class='ocrx_word' id='word_1_528' title='bbox 1694 1423 1763 1451; x_wconf 87' lang='lat' dir='ltr'>pro-</span> 
     </span>
    </p>
   </div>
   <div class='ocr_carea' id='block_1_80' title="bbox 940 1460 1764 1500">
    <p class='ocr_par' dir='ltr' id='par_1_80' title="bbox 940 1460 1764 1500">
     <span class='ocr_line' id='line_1_80' title="bbox 940 1460 1764 1500; baseline -0.007 -8"><span class='ocrx_word' id='word_1_529' title='bbox 940 1464 1003 1500; x_wconf 89' lang='lat' dir='ltr'>prio</span> <span class='ocrx_word' id='word_1_530' title='bbox 1029 1465 1101 1491; x_wconf 90' lang='lat' dir='ltr'>duce</span> <span class='ocrx_word' id='word_1_531' title='bbox 1125 1462 1298 1490; x_wconf 88' lang='lat' dir='ltr'>obtinebant</span> <span class='ocrx_word' id='word_1_532' title='bbox 1311 1460 1456 1488; x_wconf 77' lang='lat' dir='ltr'>Saraceni.</span> <span class='ocrx_word' id='word_1_533' title='bbox 1474 1461 1680 1487; x_wconf 79' lang='lat' dir='ltr'>Verumtamen</span> <span class='ocrx_word' id='word_1_534' title='bbox 1698 1467 1764 1487; x_wconf 90' lang='lat' dir='ltr'>rur-</span> 
     </span>
    </p>
   </div>
   <div class='ocr_carea' id='block_1_81' title="bbox 940 1504 1765 1542">
    <p class='ocr_par' dir='ltr' id='par_1_81' title="bbox 940 1504 1765 1542">
     <span class='ocr_line' id='line_1_81' title="bbox 940 1504 1765 1542; baseline -0.007 -6"><span class='ocrx_word' id='word_1_535' title='bbox 940 1517 1006 1537; x_wconf 87' lang='lat' dir='ltr'>sum</span> <span class='ocrx_word' id='word_1_536' title='bbox 1024 1507 1138 1542; x_wconf 84' lang='lat' dir='ltr'>l‘ugiunt</span> <span class='ocrx_word' id='word_1_537' title='bbox 1163 1506 1211 1542; x_wconf 88' lang='lat' dir='ltr'>qui</span> <span class='ocrx_word' id='word_1_538' title='bbox 1233 1505 1305 1533; x_wconf 91' lang='lat' dir='ltr'>illud</span> <span class='ocrx_word' id='word_1_539' title='bbox 1332 1505 1516 1536; x_wconf 78' lang='lat' dir='ltr'>tutabantur,</span> <span class='ocrx_word' id='word_1_540' title='bbox 1544 1506 1572 1531; x_wconf 85' lang='lat' dir='ltr'>et</span> <span class='ocrx_word' id='word_1_541' title='bbox 1595 1504 1765 1539; x_wconf 84' lang='lat' dir='ltr'>imperatori</span> 
     </span>
    </p>
   </div>
   <div class='ocr_carea' id='block_1_82' title="bbox 941 1548 1764 1586">
    <p class='ocr_par' dir='ltr' id='par_1_82' title="bbox 941 1548 1764 1586">
     <span class='ocr_line' id='line_1_82' title="bbox 941 1548 1764 1586; baseline -0.007 -4"><span class='ocrx_word' id='word_1_542' title='bbox 941 1562 1028 1582; x_wconf 87' lang='lat' dir='ltr'>suum</span> <span class='ocrx_word' id='word_1_543' title='bbox 1063 1553 1229 1580; x_wconf 81' lang='lat' dir='ltr'>reservatur</span> <span class='ocrx_word' id='word_1_544' title='bbox 1262 1549 1446 1586; x_wconf 85' lang='lat' dir='ltr'>oppidulum,</span> <span class='ocrx_word' id='word_1_545' title='bbox 1478 1549 1507 1576; x_wconf 88' lang='lat' dir='ltr'>in</span> <span class='ocrx_word' id='word_1_546' title='bbox 1542 1557 1600 1584; x_wconf 90' lang='lat' dir='ltr'>quo</span> <span class='ocrx_word' id='word_1_547' title='bbox 1630 1548 1764 1584; x_wconf 64' lang='lat' dir='ltr'>prasidio</span> 
     </span>
    </p>
   </div>
   <div class='ocr_carea' id='block_1_83' title="bbox 941 1593 1765 1633">
    <p class='ocr_par' dir='ltr' id='par_1_83' title="bbox 941 1593 1765 1633">
     <span class='ocr_line' id='line_1_83' title="bbox 941 1593 1765 1633; baseline -0.008 -7"><span class='ocrx_word' id='word_1_548' title='bbox 941 1597 1090 1633; x_wconf 85' lang='lat' dir='ltr'>imposito,</span> <span class='ocrx_word' id='word_1_549' title='bbox 1115 1599 1144 1623; x_wconf 82' lang='lat' dir='ltr'>et</span> <span class='ocrx_word' id='word_1_550' title='bbox 1171 1596 1275 1623; x_wconf 88' lang='lat' dir='ltr'>idoneo</span> <span class='ocrx_word' id='word_1_551' title='bbox 1305 1596 1470 1622; x_wconf 85' lang='lat' dir='ltr'>commeatu</span> <span class='ocrx_word' id='word_1_552' title='bbox 1505 1594 1606 1620; x_wconf 87' lang='lat' dir='ltr'>omnia</span> <span class='ocrx_word' id='word_1_553' title='bbox 1639 1593 1765 1629; x_wconf 87' lang='lat' dir='ltr'>tempori</span> 
     </span>
    </p>
   </div>
   <div class='ocr_carea' id='block_1_84' title="bbox 939 1637 1766 1678">
    <p class='ocr_par' dir='ltr' id='par_1_84' title="bbox 939 1637 1766 1678">
     <span class='ocr_line' id='line_1_84' title="bbox 939 1637 1766 1678; baseline -0.01 -8"><span class='ocrx_word' id='word_1_554' title='bbox 939 1644 1103 1678; x_wconf 86' lang='lat' dir='ltr'>opportuna</span> <span class='ocrx_word' id='word_1_555' title='bbox 1125 1639 1282 1675; x_wconf 87' lang='lat' dir='ltr'>disposuit.</span> <span class='ocrx_word' id='word_1_556' title='bbox 1302 1639 1372 1674; x_wconf 87' lang='lat' dir='ltr'>Ipso</span> <span class='ocrx_word' id='word_1_557' title='bbox 1388 1637 1478 1673; x_wconf 87' lang='lat' dir='ltr'>igitur</span> <span class='ocrx_word' id='word_1_558' title='bbox 1493 1637 1657 1671; x_wconf 85' lang='lat' dir='ltr'>imperante</span> <span class='ocrx_word' id='word_1_559' title='bbox 1673 1644 1766 1672; x_wconf 72' lang='lat' dir='ltr'>caspe-</span> 
     </span>
    </p>
   </div>
   <div class='ocr_carea' id='block_1_85' title="bbox 939 1680 1767 1714">
    <p class='ocr_par' dir='ltr' id='par_1_85' title="bbox 939 1680 1767 1714">
     <span class='ocr_line' id='line_1_85' title="bbox 939 1680 1767 1714; baseline -0.008 0"><span class='ocrx_word' id='word_1_560' title='bbox 939 1689 1008 1714; x_wconf 85' lang='lat' dir='ltr'>runt</span> <span class='ocrx_word' id='word_1_561' title='bbox 1024 1685 1145 1713; x_wconf 82' lang='lat' dir='ltr'>Romani</span> <span class='ocrx_word' id='word_1_562' title='bbox 1174 1684 1313 1711; x_wconf 81' lang='lat' dir='ltr'>audacter</span> <span class='ocrx_word' id='word_1_563' title='bbox 1338 1683 1437 1710; x_wconf 86' lang='lat' dir='ltr'>hostes</span> <span class='ocrx_word' id='word_1_564' title='bbox 1462 1681 1568 1708; x_wconf 88' lang='lat' dir='ltr'>intueri</span> <span class='ocrx_word' id='word_1_565' title='bbox 1596 1683 1624 1708; x_wconf 89' lang='lat' dir='ltr'>et</span> <span class='ocrx_word' id='word_1_566' title='bbox 1648 1680 1767 1708; x_wconf 86' lang='lat' dir='ltr'>virtutis</span> 
     </span>
    </p>
   </div>
   <div class='ocr_carea' id='block_1_86' title="bbox 941 1725 1766 1759">
    <p class='ocr_par' dir='ltr' id='par_1_86' title="bbox 941 1725 1766 1759">
     <span class='ocr_line' id='line_1_86' title="bbox 941 1725 1766 1759; baseline -0.008 0"><span class='ocrx_word' id='word_1_567' title='bbox 941 1738 1084 1759; x_wconf 86' lang='lat' dir='ltr'>memores</span> <span class='ocrx_word' id='word_1_568' title='bbox 1099 1737 1163 1758; x_wconf 84' lang='lat' dir='ltr'>esse</span> <span class='ocrx_word' id='word_1_569' title='bbox 1179 1737 1212 1756; x_wconf 90' lang='lat' dir='ltr'>ac</span> <span class='ocrx_word' id='word_1_570' title='bbox 1228 1727 1412 1756; x_wconf 87' lang='lat' dir='ltr'>strenuitatis</span> <span class='ocrx_word' id='word_1_571' title='bbox 1436 1726 1579 1753; x_wconf 85' lang='lat' dir='ltr'>rationem</span> <span class='ocrx_word' id='word_1_572' title='bbox 1604 1725 1713 1753; x_wconf 86' lang='lat' dir='ltr'>habere</span> <span class='ocrx_word' id='word_1_573' title='bbox 1737 1727 1766 1753; x_wconf 88' lang='lat' dir='ltr'>et</span> 
     </span>
    </p>
   </div>
   <div class='ocr_carea' id='block_1_87' title="bbox 941 1769 1767 1807">
    <p class='ocr_par' dir='ltr' id='par_1_87' title="bbox 941 1769 1767 1807">
     <span class='ocr_line' id='line_1_87' title="bbox 941 1769 1767 1807; baseline -0.008 -4"><span class='ocrx_word' id='word_1_574' title='bbox 941 1775 1071 1803; x_wconf 79' lang='lat' dir='ltr'>adversis</span> <span class='ocrx_word' id='word_1_575' title='bbox 1102 1773 1271 1807; x_wconf 87' lang='lat' dir='ltr'>consistere,</span> <span class='ocrx_word' id='word_1_576' title='bbox 1297 1771 1537 1807; x_wconf 83' lang='lat' dir='ltr'>quandoquidem</span> <span class='ocrx_word' id='word_1_577' title='bbox 1563 1769 1767 1805; x_wconf 87' lang='lat' dir='ltr'>superioribus</span> 
     </span>
    </p>
   </div>
   <div class='ocr_carea' id='block_1_88' title="bbox 941 1816 1767 1854">
    <p class='ocr_par' dir='ltr' id='par_1_88' title="bbox 941 1816 1767 1854">
     <span class='ocr_line' id='line_1_88' title="bbox 941 1816 1767 1854; baseline -0.008 -6"><span class='ocrx_word' id='word_1_578' title='bbox 941 1819 1177 1854; x_wconf 80' lang='lat' dir='ltr'>imperatoribus,</span> <span class='ocrx_word' id='word_1_579' title='bbox 1212 1817 1262 1853; x_wconf 89' lang='lat' dir='ltr'>qui</span> <span class='ocrx_word' id='word_1_580' title='bbox 1297 1816 1428 1852; x_wconf 85' lang='lat' dir='ltr'>proxime</span> <span class='ocrx_word' id='word_1_581' title='bbox 1468 1816 1672 1849; x_wconf 74' lang='lat' dir='ltr'>regnaverunt,</span> <span class='ocrx_word' id='word_1_582' title='bbox 1707 1822 1767 1841; x_wconf 88' lang='lat' dir='ltr'>una</span> 
     </span>
    </p>
   </div>
   <div class='ocr_carea' id='block_1_89' title="bbox 940 1857 1768 1900">
    <p class='ocr_par' dir='ltr' id='par_1_89' title="bbox 940 1857 1768 1900">
     <span class='ocr_line' id='line_1_89' title="bbox 940 1857 1768 1900; baseline -0.01 -8"><span class='ocrx_word' id='word_1_583' title='bbox 940 1866 1060 1900; x_wconf 82' lang='lat' dir='ltr'>excepta</span> <span class='ocrx_word' id='word_1_584' title='bbox 1083 1862 1277 1891; x_wconf 79' lang='lat' dir='ltr'>ostentatione</span> <span class='ocrx_word' id='word_1_585' title='bbox 1304 1862 1332 1888; x_wconf 87' lang='lat' dir='ltr'>et</span> <span class='ocrx_word' id='word_1_586' title='bbox 1348 1861 1448 1888; x_wconf 85' lang='lat' dir='ltr'>coacta</span> <span class='ocrx_word' id='word_1_587' title='bbox 1464 1858 1669 1891; x_wconf 83' lang='lat' dir='ltr'>multitudine,</span> <span class='ocrx_word' id='word_1_588' title='bbox 1686 1857 1768 1885; x_wconf 82' lang='lat' dir='ltr'>nulla</span> 
     </span>
    </p>
   </div>
   <div class='ocr_carea' id='block_1_90' title="bbox 942 1903 1768 1940">
    <p class='ocr_par' dir='ltr' id='par_1_90' title="bbox 942 1903 1768 1940">
     <span class='ocr_line' id='line_1_90' title="bbox 942 1903 1768 1940; baseline -0.01 -4"><span class='ocrx_word' id='word_1_589' title='bbox 942 1910 971 1936; x_wconf 93' lang='lat' dir='ltr'>in</span> <span class='ocrx_word' id='word_1_590' title='bbox 1003 1916 1032 1936; x_wconf 88' lang='lat' dir='ltr'>re</span> <span class='ocrx_word' id='word_1_591' title='bbox 1055 1908 1142 1935; x_wconf 69' lang='lat' dir='ltr'>fortes</span> <span class='ocrx_word' id='word_1_592' title='bbox 1167 1915 1198 1934; x_wconf 90' lang='lat' dir='ltr'>se</span> <span class='ocrx_word' id='word_1_593' title='bbox 1222 1906 1257 1933; x_wconf 85' lang='lat' dir='ltr'>ad</span> <span class='ocrx_word' id='word_1_594' title='bbox 1286 1913 1413 1940; x_wconf 86' lang='lat' dir='ltr'>pugnam</span> <span class='ocrx_word' id='word_1_595' title='bbox 1441 1903 1642 1939; x_wconf 60' lang='lat' dir='ltr'>praebuerant;</span> <span class='ocrx_word' id='word_1_596' title='bbox 1668 1903 1709 1929; x_wconf 85' lang='lat' dir='ltr'>ita</span> <span class='ocrx_word' id='word_1_597' title='bbox 1735 1904 1768 1930; x_wconf 87' lang='lat' dir='ltr'>ut</span> 
     </span>
    </p>
   </div>
   <div class='ocr_carea' id='block_1_91' title="bbox 943 1946 1765 1988">
    <p class='ocr_par' dir='ltr' id='par_1_91' title="bbox 943 1946 1765 1988">
     <span class='ocr_line' id='line_1_91' title="bbox 943 1946 1765 1988; baseline -0.009 -8"><span class='ocrx_word' id='word_1_598' title='bbox 943 1952 1128 1988; x_wconf 88' lang='lat' dir='ltr'>perspicuum</span> <span class='ocrx_word' id='word_1_599' title='bbox 1159 1950 1199 1978; x_wconf 89' lang='lat' dir='ltr'>sit</span> <span class='ocrx_word' id='word_1_600' title='bbox 1227 1950 1310 1977; x_wconf 88' lang='lat' dir='ltr'>ducis</span> <span class='ocrx_word' id='word_1_601' title='bbox 1340 1949 1435 1984; x_wconf 84' lang='lat' dir='ltr'>ipsius</span> <span class='ocrx_word' id='word_1_602' title='bbox 1464 1956 1528 1975; x_wconf 88' lang='lat' dir='ltr'>esse</span> <span class='ocrx_word' id='word_1_603' title='bbox 1553 1949 1586 1975; x_wconf 87' lang='lat' dir='ltr'>ut</span> <span class='ocrx_word' id='word_1_604' title='bbox 1608 1946 1765 1982; x_wconf 88' lang='lat' dir='ltr'>plurimum</span> 
     </span>
    </p>
   </div>
   <div class='ocr_carea' id='block_1_92' title="bbox 942 1996 1767 2037">
    <p class='ocr_par' dir='ltr' id='par_1_92' title="bbox 942 1996 1767 2037">
     <span class='ocr_line' id='line_1_92' title="bbox 942 1996 1767 2037; baseline -0.008 -8"><span class='ocrx_word' id='word_1_605' title='bbox 942 2008 1115 2037; x_wconf 86' lang='lat' dir='ltr'>prosperum</span> <span class='ocrx_word' id='word_1_606' title='bbox 1131 2006 1230 2026; x_wconf 87' lang='lat' dir='ltr'>rerum</span> <span class='ocrx_word' id='word_1_607' title='bbox 1247 2004 1428 2025; x_wconf 80' lang='lat' dir='ltr'>successum.</span> <span class='ocrx_word' id='word_1_608' title='bbox 1445 1997 1517 2024; x_wconf 86' lang='lat' dir='ltr'>Cum</span> <span class='ocrx_word' id='word_1_609' title='bbox 1532 2004 1598 2023; x_wconf 88' lang='lat' dir='ltr'>vero</span> <span class='ocrx_word' id='word_1_610' title='bbox 1615 1996 1684 2023; x_wconf 85' lang='lat' dir='ltr'>inde</span> <span class='ocrx_word' id='word_1_611' title='bbox 1709 2003 1767 2023; x_wconf 90' lang='lat' dir='ltr'>non</span> 
     </span>
    </p>
   </div>
   <div class='ocr_carea' id='block_1_93' title="bbox 943 2040 1769 2082">
    <p class='ocr_par' dir='ltr' id='par_1_93' title="bbox 943 2040 1769 2082">
     <span class='ocr_line' id='line_1_93' title="bbox 943 2040 1769 2082; baseline -0.007 -9"><span class='ocrx_word' id='word_1_612' title='bbox 943 2045 1083 2082; x_wconf 73' lang='lat' dir='ltr'>potuisset</span> <span class='ocrx_word' id='word_1_613' title='bbox 1100 2044 1259 2079; x_wconf 83' lang='lat' dir='ltr'>imperator</span> <span class='ocrx_word' id='word_1_614' title='bbox 1281 2041 1468 2069; x_wconf 86' lang='lat' dir='ltr'>Antiochiam</span> <span class='ocrx_word' id='word_1_615' title='bbox 1495 2040 1599 2068; x_wconf 85' lang='lat' dir='ltr'>reverti</span> <span class='ocrx_word' id='word_1_616' title='bbox 1625 2040 1769 2074; x_wconf 80' lang='lat' dir='ltr'>(confecta</span> 
     </span>
    </p>
   </div>
   <div class='ocr_carea' id='block_1_94' title="bbox 943 2084 1769 2121">
    <p class='ocr_par' dir='ltr' id='par_1_94' title="bbox 943 2084 1769 2121">
     <span class='ocr_line' id='line_1_94' title="bbox 943 2084 1769 2121; baseline -0.006 -4"><span class='ocrx_word' id='word_1_617' title='bbox 943 2090 1021 2118; x_wconf 91' lang='lat' dir='ltr'>enim</span> <span class='ocrx_word' id='word_1_618' title='bbox 1046 2091 1108 2116; x_wconf 86' lang='lat' dir='ltr'>erat</span> <span class='ocrx_word' id='word_1_619' title='bbox 1131 2088 1207 2115; x_wconf 81' lang='lat' dir='ltr'>fame</span> <span class='ocrx_word' id='word_1_620' title='bbox 1237 2086 1388 2121; x_wconf 84' lang='lat' dir='ltr'>multaque</span> <span class='ocrx_word' id='word_1_621' title='bbox 1417 2084 1590 2120; x_wconf 83' lang='lat' dir='ltr'>vexatione),</span> <span class='ocrx_word' id='word_1_622' title='bbox 1621 2085 1769 2120; x_wconf 87' lang='lat' dir='ltr'>superatis</span> 
     </span>
    </p>
   </div>
   <div class='ocr_carea' id='block_1_95' title="bbox 943 2129 1770 2168">
    <p class='ocr_par' dir='ltr' id='par_1_95' title="bbox 943 2129 1770 2168">
     <span class='ocr_line' id='line_1_95' title="bbox 943 2129 1770 2168; baseline -0.006 -7"><span class='ocrx_word' id='word_1_623' title='bbox 943 2133 1067 2161; x_wconf 86' lang='lat' dir='ltr'>saltibus</span> <span class='ocrx_word' id='word_1_624' title='bbox 1091 2135 1120 2160; x_wconf 88' lang='lat' dir='ltr'>et</span> <span class='ocrx_word' id='word_1_625' title='bbox 1146 2132 1326 2168; x_wconf 84' lang='lat' dir='ltr'>quibusdam</span> <span class='ocrx_word' id='word_1_626' title='bbox 1341 2130 1470 2158; x_wconf 89' lang='lat' dir='ltr'>locorum</span> <span class='ocrx_word' id='word_1_627' title='bbox 1485 2129 1631 2164; x_wconf 82' lang='lat' dir='ltr'>angustiis</span> <span class='ocrx_word' id='word_1_628' title='bbox 1648 2129 1770 2156; x_wconf 88' lang='lat' dir='ltr'>minime</span> 
     </span>
    </p>
   </div>
   <div class='ocr_carea' id='block_1_96' title="bbox 943 2173 1769 2214">
    <p class='ocr_par' dir='ltr' id='par_1_96' title="bbox 943 2173 1769 2214">
     <span class='ocr_line' id='line_1_96' title="bbox 943 2173 1769 2214; baseline -0.007 -9"><span class='ocrx_word' id='word_1_629' title='bbox 943 2178 1048 2214; x_wconf 86' lang='lat' dir='ltr'>perviis</span> <span class='ocrx_word' id='word_1_630' title='bbox 1064 2178 1098 2204; x_wconf 88' lang='lat' dir='ltr'>ad</span> <span class='ocrx_word' id='word_1_631' title='bbox 1117 2177 1221 2204; x_wconf 91' lang='lat' dir='ltr'>Urbem</span> <span class='ocrx_word' id='word_1_632' title='bbox 1234 2175 1342 2203; x_wconf 71' lang='lat' dir='ltr'>Cilicia:</span> <span class='ocrx_word' id='word_1_633' title='bbox 1354 2174 1584 2202; x_wconf 81' lang='lat' dir='ltr'>Alexandronam</span> <span class='ocrx_word' id='word_1_634' title='bbox 1600 2173 1719 2200; x_wconf 88' lang='lat' dir='ltr'>nomine</span> <span class='ocrx_word' id='word_1_635' title='bbox 1737 2181 1769 2200; x_wconf 85' lang='lat' dir='ltr'>se</span> 
     </span>
    </p>
   </div>
   <div class='ocr_carea' id='block_1_97' title="bbox 943 2218 1770 2258">
    <p class='ocr_par' dir='ltr' id='par_1_97' title="bbox 943 2218 1770 2258">
     <span class='ocr_line' id='line_1_97' title="bbox 943 2218 1770 2258; baseline -0.008 -8"><span class='ocrx_word' id='word_1_636' title='bbox 943 2222 1057 2258; x_wconf 85' lang='lat' dir='ltr'>recipit,</span> <span class='ocrx_word' id='word_1_637' title='bbox 1073 2221 1172 2256; x_wconf 85' lang='lat' dir='ltr'>ibique</span> <span class='ocrx_word' id='word_1_638' title='bbox 1186 2219 1294 2247; x_wconf 86' lang='lat' dir='ltr'>vallum</span> <span class='ocrx_word' id='word_1_639' title='bbox 1313 2218 1477 2250; x_wconf 80' lang='lat' dir='ltr'>constituit,</span> <span class='ocrx_word' id='word_1_640' title='bbox 1493 2220 1520 2245; x_wconf 86' lang='lat' dir='ltr'>et</span> <span class='ocrx_word' id='word_1_641' title='bbox 1543 2222 1670 2244; x_wconf 77' lang='lat' dir='ltr'>montem</span> <span class='ocrx_word' id='word_1_642' title='bbox 1697 2218 1770 2244; x_wconf 86' lang='lat' dir='ltr'>Tau-</span> 
     </span>
    </p>
   </div>
   <div class='ocr_carea' id='block_1_98' title="bbox 59 2260 824 2301">
    <p class='ocr_par' dir='ltr' id='par_1_98' title="bbox 59 2261 824 2301">
     <span class='ocr_line' id='line_1_98' title="bbox 59 2261 824 2301; baseline -0.003 -10"><span class='ocrx_word' id='word_1_643' title='bbox 59 2274 133 2301; x_wconf 79' lang='grc' dir='ltr'>φορα</span> <span class='ocrx_word' id='word_1_644' title='bbox 162 2262 310 2299; x_wconf 83' lang='grc' dir='ltr'>διετάξατο.</span> <span class='ocrx_word' id='word_1_645' title='bbox 350 2263 410 2291; x_wconf 79' lang='grc' dir='ltr'>Ἐπ’</span> <span class='ocrx_word' id='word_1_646' title='bbox 443 2261 525 2289; x_wconf 74' lang='grc' dir='ltr'>αὐτοῦ</span> <span class='ocrx_word' id='word_1_647' title='bbox 552 2262 644 2289; x_wconf 88' lang='grc' dir='ltr'>τοίνυν</span> <span class='ocrx_word' id='word_1_648' title='bbox 671 2265 720 2289; x_wconf 80' lang='grc' dir='ltr'>τοῦ</span> <span class='ocrx_word' id='word_1_649' title='bbox 750 2263 824 2300; x_wconf 79' lang='grc' dir='ltr'>βασι)</span> 
     </span>
    </p>
   </div>
   <div class='ocr_carea' id='block_1_99' title="bbox 1001 2260 1766 2301">
    <p class='ocr_par' dir='ltr' id='par_1_99' title="bbox 1001 2261 1766 2301">
     <span class='ocr_line' id='line_1_99' title="bbox 1001 2261 1766 2301; baseline -0.009 -7"><span class='ocrx_word' id='word_1_650' title='bbox 1001 2276 1006 2294; x_wconf 90' lang='grc' dir='ltr'>ι</span> <span class='ocrx_word' id='word_1_651' title='bbox 1021 2268 1225 2301; x_wconf 85' lang='lat' dir='ltr'>transgressus</span> <span class='ocrx_word' id='word_1_652' title='bbox 1248 2271 1312 2291; x_wconf 92' lang='lat' dir='ltr'>cum</span> <span class='ocrx_word' id='word_1_653' title='bbox 1330 2263 1409 2290; x_wconf 89' lang='lat' dir='ltr'>omni</span> <span class='ocrx_word' id='word_1_654' title='bbox 1426 2262 1552 2290; x_wconf 87' lang='lat' dir='ltr'>exercitu</span> <span class='ocrx_word' id='word_1_655' title='bbox 1568 2261 1598 2288; x_wconf 90' lang='lat' dir='ltr'>in</span> <span class='ocrx_word' id='word_1_656' title='bbox 1623 2261 1766 2289; x_wconf 81' lang='lat' dir='ltr'>Romano-</span> 
     </span>
    </p>
   </div>
   <div class='ocr_carea' id='block_1_100' title="bbox 59 2310 887 2351">
    <p class='ocr_par' dir='ltr' id='par_1_100' title="bbox 59 2310 887 2351">
     <span class='ocr_line' id='line_1_100' title="bbox 59 2310 887 2351; baseline -0.001 -11"><span class='ocrx_word' id='word_1_657' title='bbox 59 2314 180 2351; x_wconf 74' lang='grc' dir='ltr'>ἤρξαντο</span> <span class='ocrx_word' id='word_1_658' title='bbox 195 2313 329 2348; x_wconf 75' lang='grc' dir='ltr'>Ῥωμαῖοι</span> <span class='ocrx_word' id='word_1_659' title='bbox 352 2310 578 2350; x_wconf 80' lang='grc' dir='ltr'>ἀντοφθαλμίζειν</span> <span class='ocrx_word' id='word_1_660' title='bbox 605 2312 649 2338; x_wconf 85' lang='grc' dir='ltr'>καὶ</span> <span class='ocrx_word' id='word_1_661' title='bbox 675 2312 742 2349; x_wconf 86' lang='grc' dir='ltr'>πρὸς</span> <span class='ocrx_word' id='word_1_662' title='bbox 770 2312 801 2339; x_wconf 86' lang='grc' dir='ltr'>τὸ</span> <span class='ocrx_word' id='word_1_663' title='bbox 828 2323 887 2350; x_wconf 87' lang='grc' dir='ltr'>γεν-</span> 
     </span>
    </p>
   </div>
   <div class='ocr_carea' id='block_1_101' title="bbox 60 2355 886 2394">
    <p class='ocr_par' dir='ltr' id='par_1_101' title="bbox 60 2355 886 2394">
     <span class='ocr_line' id='line_1_101' title="bbox 60 2355 886 2394; baseline -0.002 -10"><span class='ocrx_word' id='word_1_664' title='bbox 60 2358 205 2385; x_wconf 81' lang='grc' dir='ltr'>ναιότατον</span> <span class='ocrx_word' id='word_1_665' title='bbox 249 2355 389 2394; x_wconf 71' lang='grc' dir='ltr'>ἀναφέρειν</span> <span class='ocrx_word' id='word_1_666' title='bbox 429 2355 510 2392; x_wconf 87' lang='grc' dir='ltr'>λόγον</span> <span class='ocrx_word' id='word_1_667' title='bbox 547 2355 591 2382; x_wconf 81' lang='grc' dir='ltr'>καὶ</span> <span class='ocrx_word' id='word_1_668' title='bbox 621 2355 793 2387; x_wconf 77' lang='grc' dir='ltr'>συνίστασθαι</span> <span class='ocrx_word' id='word_1_669' title='bbox 818 2356 886 2393; x_wconf 79' lang='grc' dir='ltr'>πρὸς</span> 
     </span>
    </p>
   </div>
   <div class='ocr_carea' id='block_1_102' title="bbox 62 2403 887 2442">
    <p class='ocr_par' dir='ltr' id='par_1_102' title="bbox 62 2403 887 2442">
     <span class='ocr_line' id='line_1_102' title="bbox 62 2403 887 2442; baseline -0.004 -8"><span class='ocrx_word' id='word_1_670' title='bbox 62 2406 210 2439; x_wconf 83' lang='grc' dir='ltr'>ἀντίθεσιν,</span> <span class='ocrx_word' id='word_1_671' title='bbox 226 2405 284 2433; x_wconf 66' lang='grc' dir='ltr'>ἐπεὶ</span> <span class='ocrx_word' id='word_1_672' title='bbox 311 2404 344 2432; x_wconf 86' lang='grc' dir='ltr'>τά</span> <span class='ocrx_word' id='word_1_673' title='bbox 365 2415 396 2442; x_wconf 87' lang='grc' dir='ltr'>γε</span> <span class='ocrx_word' id='word_1_674' title='bbox 420 2405 487 2431; x_wconf 82' lang='grc' dir='ltr'>κατά</span> <span class='ocrx_word' id='word_1_675' title='bbox 512 2403 575 2435; x_wconf 77' lang='grc' dir='ltr'>τοὺς</span> <span class='ocrx_word' id='word_1_676' title='bbox 600 2407 743 2442; x_wconf 82' lang='grc' dir='ltr'>προσεχῶς</span> <span class='ocrx_word' id='word_1_677' title='bbox 761 2405 887 2442; x_wconf 81' lang='grc' dir='ltr'>βασιλεύ-</span> 
     </span>
    </p>
   </div>
   <div class='ocr_carea' id='block_1_103' title="bbox 60 2447 887 2486">
    <p class='ocr_par' dir='ltr' id='par_1_103' title="bbox 60 2447 887 2486">
     <span class='ocr_line' id='line_1_103' title="bbox 60 2447 887 2486; baseline -0.004 -8"><span class='ocrx_word' id='word_1_678' title='bbox 60 2460 172 2486; x_wconf 84' lang='grc' dir='ltr'>σαντας,</span> <span class='ocrx_word' id='word_1_679' title='bbox 199 2449 272 2484; x_wconf 85' lang='grc' dir='ltr'>πλὴν</span> <span class='ocrx_word' id='word_1_680' title='bbox 302 2447 455 2485; x_wconf 77' lang='grc' dir='ltr'>ἐπιδείξεως</span> <span class='ocrx_word' id='word_1_681' title='bbox 490 2448 575 2484; x_wconf 88' lang='grc' dir='ltr'>μόνης</span> <span class='ocrx_word' id='word_1_682' title='bbox 601 2448 645 2475; x_wconf 84' lang='grc' dir='ltr'>καὶ</span> <span class='ocrx_word' id='word_1_683' title='bbox 674 2448 798 2483; x_wconf 80' lang='grc' dir='ltr'>πλήθους</span> <span class='ocrx_word' id='word_1_684' title='bbox 826 2460 887 2476; x_wconf 87' lang='grc' dir='ltr'>συν-</span> 
     </span>
    </p>
   </div>
   <div class='ocr_carea' id='block_1_104' title="bbox 61 2492 886 2533">
    <p class='ocr_par' dir='ltr' id='par_1_104' title="bbox 61 2492 886 2533">
     <span class='ocr_line' id='line_1_104' title="bbox 61 2492 886 2533; baseline -0.004 -10"><span class='ocrx_word' id='word_1_685' title='bbox 61 2498 186 2533; x_wconf 80' lang='grc' dir='ltr'>αγωγῆς,</span> <span class='ocrx_word' id='word_1_686' title='bbox 214 2493 240 2521; x_wconf 75' lang='grc' dir='ltr'>ἐν</span> <span class='ocrx_word' id='word_1_687' title='bbox 265 2492 355 2521; x_wconf 74' lang='grc' dir='ltr'>οὐδενὶ</span> <span class='ocrx_word' id='word_1_688' title='bbox 379 2495 516 2530; x_wconf 81' lang='grc' dir='ltr'>καρτερῶς</span> <span class='ocrx_word' id='word_1_689' title='bbox 544 2493 612 2529; x_wconf 86' lang='grc' dir='ltr'>πρὸς</span> <span class='ocrx_word' id='word_1_690' title='bbox 642 2493 735 2530; x_wconf 87' lang='grc' dir='ltr'>μάχην</span> <span class='ocrx_word' id='word_1_691' title='bbox 760 2493 886 2530; x_wconf 75' lang='grc' dir='ltr'>συνέῥρα-</span> 
     </span>
    </p>
   </div>
   <div class='ocr_carea' id='block_1_105' title="bbox 60 2535 888 2574">
    <p class='ocr_par' dir='ltr' id='par_1_105' title="bbox 60 2535 888 2574">
     <span class='ocr_line' id='line_1_105' title="bbox 60 2535 888 2574; baseline -0.004 -8"><span class='ocrx_word' id='word_1_692' title='bbox 60 2540 117 2574; x_wconf 79' lang='grc' dir='ltr'>ξαν,</span> <span class='ocrx_word' id='word_1_693' title='bbox 134 2539 171 2569; x_wconf 85' lang='grc' dir='ltr'>ὡς</span> <span class='ocrx_word' id='word_1_694' title='bbox 188 2536 356 2571; x_wconf 78' lang='grc' dir='ltr'>εἶναιδῆλον</span> <span class='ocrx_word' id='word_1_695' title='bbox 383 2536 425 2564; x_wconf 81' lang='grc' dir='ltr'>ὅτι</span> <span class='ocrx_word' id='word_1_696' title='bbox 448 2538 496 2563; x_wconf 83' lang='grc' dir='ltr'>τοῦ</span> <span class='ocrx_word' id='word_1_697' title='bbox 521 2535 657 2573; x_wconf 76' lang='grc' dir='ltr'>ἡγεμόνος</span> <span class='ocrx_word' id='word_1_698' title='bbox 683 2535 751 2563; x_wconf 74' lang='grc' dir='ltr'>ἐστὶν</span> <span class='ocrx_word' id='word_1_699' title='bbox 777 2538 815 2567; x_wconf 88' lang='grc' dir='ltr'>ὡς</span> <span class='ocrx_word' id='word_1_700' title='bbox 830 2535 888 2563; x_wconf 62' lang='grc' dir='ltr'>ἀπί-</span> 
     </span>
    </p>
   </div>
   <div class='ocr_carea' id='block_1_106' title="bbox 58 2580 887 2619">
    <p class='ocr_par' dir='ltr' id='par_1_106' title="bbox 58 2580 887 2619">
     <span class='ocr_line' id='line_1_106' title="bbox 58 2580 887 2619; baseline -0.002 -9"><span class='ocrx_word' id='word_1_701' title='bbox 58 2593 112 2610; x_wconf 81' lang='grc' dir='ltr'>παν</span> <span class='ocrx_word' id='word_1_702' title='bbox 139 2582 170 2610; x_wconf 79' lang='grc' dir='ltr'>τὸ</span> <span class='ocrx_word' id='word_1_703' title='bbox 194 2581 416 2619; x_wconf 83' lang='grc' dir='ltr'>κατορθούμενον</span> <span class='ocrx_word' id='word_1_704' title='bbox 447 2580 472 2607; x_wconf 81' lang='grc' dir='ltr'>ἐν</span> <span class='ocrx_word' id='word_1_705' title='bbox 502 2582 567 2607; x_wconf 82' lang='grc' dir='ltr'>πᾶσι</span> <span class='ocrx_word' id='word_1_706' title='bbox 594 2582 653 2611; x_wconf 84' lang='grc' dir='ltr'>τοῖς</span> <span class='ocrx_word' id='word_1_707' title='bbox 666 2580 816 2618; x_wconf 78' lang='grc' dir='ltr'>πράγμασι.</span> <span class='ocrx_word' id='word_1_708' title='bbox 833 2581 887 2608; x_wconf 81' lang='grc' dir='ltr'>Κά-</span> 
     </span>
    </p>
   </div>
   <div class='ocr_carea' id='block_1_107' title="bbox 59 2623 887 2662">
    <p class='ocr_par' dir='ltr' id='par_1_107' title="bbox 59 2623 887 2662">
     <span class='ocr_line' id='line_1_107' title="bbox 59 2623 887 2662; baseline -0.004 -8"><span class='ocrx_word' id='word_1_709' title='bbox 59 2627 147 2654; x_wconf 77' lang='grc' dir='ltr'>κεῖθεν</span> <span class='ocrx_word' id='word_1_710' title='bbox 178 2627 215 2662; x_wconf 88' lang='grc' dir='ltr'>μή</span> <span class='ocrx_word' id='word_1_711' title='bbox 254 2624 378 2660; x_wconf 81' lang='grc' dir='ltr'>δυνηθεὶς</span> <span class='ocrx_word' id='word_1_712' title='bbox 417 2625 430 2651; x_wconf 89' lang='grc' dir='ltr'>ὁ</span> <span class='ocrx_word' id='word_1_713' title='bbox 477 2623 604 2661; x_wconf 77' lang='grc' dir='ltr'>βασιλεὺς</span> <span class='ocrx_word' id='word_1_714' title='bbox 643 2623 680 2654; x_wconf 85' lang='grc' dir='ltr'>εἷς</span> <span class='ocrx_word' id='word_1_715' title='bbox 719 2623 887 2662; x_wconf 77' lang='grc' dir='ltr'>Ἀντιόχειαν</span> 
     </span>
    </p>
   </div>
   <div class='ocr_carea' id='block_1_108' title="bbox 60 2668 886 2708">
    <p class='ocr_par' dir='ltr' id='par_1_108' title="bbox 60 2668 886 2708">
     <span class='ocr_line' id='line_1_108' title="bbox 60 2668 886 2708; baseline -0.005 -9"><span class='ocrx_word' id='word_1_716' title='bbox 60 2671 190 2703; x_wconf 71' lang='grc' dir='ltr'>ἀπελθεῖν</span> <span class='ocrx_word' id='word_1_717' title='bbox 215 2668 462 2708; x_wconf 83' lang='grc' dir='ltr'>(προκατείργαστο</span> <span class='ocrx_word' id='word_1_718' title='bbox 483 2669 533 2706; x_wconf 84' lang='grc' dir='ltr'>γὰρ</span> <span class='ocrx_word' id='word_1_719' title='bbox 557 2668 632 2704; x_wconf 81' lang='grc' dir='ltr'>λιμῷ</span> <span class='ocrx_word' id='word_1_720' title='bbox 654 2679 684 2695; x_wconf 89' lang='grc' dir='ltr'>τε</span> <span class='ocrx_word' id='word_1_721' title='bbox 702 2669 745 2695; x_wconf 87' lang='grc' dir='ltr'>καὶ</span> <span class='ocrx_word' id='word_1_722' title='bbox 769 2669 886 2696; x_wconf 83' lang='grc' dir='ltr'>κακώσει</span> 
     </span>
    </p>
   </div>
   <div class='ocr_carea' id='block_1_109' title="bbox 59 2711 886 2752">
    <p class='ocr_par' dir='ltr' id='par_1_109' title="bbox 59 2711 886 2752">
     <span class='ocr_line' id='line_1_109' title="bbox 59 2711 886 2752; baseline -0.006 -8"><span class='ocrx_word' id='word_1_723' title='bbox 59 2715 178 2752; x_wconf 79' lang='grc' dir='ltr'>πολλῇ),</span> <span class='ocrx_word' id='word_1_724' title='bbox 221 2711 340 2752; x_wconf 79' lang='grc' dir='ltr'>ὑπερϐὰς</span> <span class='ocrx_word' id='word_1_725' title='bbox 377 2713 500 2744; x_wconf 84' lang='grc' dir='ltr'>αὐλῶνας</span> <span class='ocrx_word' id='word_1_726' title='bbox 538 2712 584 2740; x_wconf 80' lang='grc' dir='ltr'>καὶ</span> <span class='ocrx_word' id='word_1_727' title='bbox 626 2712 788 2749; x_wconf 79' lang='grc' dir='ltr'>κλεισούρας</span> <span class='ocrx_word' id='word_1_728' title='bbox 812 2713 886 2744; x_wconf 86' lang='grc' dir='ltr'>τινὰς</span> 
     </span>
    </p>
   </div>
   <div class='ocr_carea' id='block_1_110' title="bbox 63 2756 886 2795">
    <p class='ocr_par' dir='ltr' id='par_1_110' title="bbox 63 2756 886 2795">
     <span class='ocr_line' id='line_1_110' title="bbox 63 2756 886 2795; baseline -0.005 -7"><span class='ocrx_word' id='word_1_729' title='bbox 63 2758 266 2795; x_wconf 71' lang='grc' dir='ltr'>ἀδιεξοδεύτους</span> <span class='ocrx_word' id='word_1_730' title='bbox 306 2758 344 2789; x_wconf 81' lang='grc' dir='ltr'>εἷς</span> <span class='ocrx_word' id='word_1_731' title='bbox 378 2757 458 2785; x_wconf 85' lang='grc' dir='ltr'>πόλιν</span> <span class='ocrx_word' id='word_1_732' title='bbox 492 2760 542 2792; x_wconf 83' lang='grc' dir='ltr'>τῆς</span> <span class='ocrx_word' id='word_1_733' title='bbox 578 2756 704 2788; x_wconf 89' lang='grc' dir='ltr'>Κιλικίας</span> <span class='ocrx_word' id='word_1_734' title='bbox 733 2757 886 2795; x_wconf 66' lang='grc' dir='ltr'>λεγομένην</span> 
     </span>
    </p>
   </div>
   <div class='ocr_carea' id='block_1_111' title="bbox 61 2801 889 2842">
    <p class='ocr_par' dir='ltr' id='par_1_111' title="bbox 61 2801 889 2842">
     <span class='ocr_line' id='line_1_111' title="bbox 61 2801 889 2842; baseline -0.006 -8"><span class='ocrx_word' id='word_1_735' title='bbox 61 2803 270 2842; x_wconf 79' lang='grc' dir='ltr'>Ἀλεξανδρῶνα</span> <span class='ocrx_word' id='word_1_736' title='bbox 298 2805 424 2838; x_wconf 79' lang='grc' dir='ltr'>καταντᾷ,</span> <span class='ocrx_word' id='word_1_737' title='bbox 453 2802 560 2830; x_wconf 74' lang='grc' dir='ltr'>κάκεῖσε</span> <span class='ocrx_word' id='word_1_738' title='bbox 584 2802 630 2830; x_wconf 81' lang='grc' dir='ltr'>τὸν</span> <span class='ocrx_word' id='word_1_739' title='bbox 654 2801 763 2840; x_wconf 83' lang='grc' dir='ltr'>χάρακα</span> <span class='ocrx_word' id='word_1_740' title='bbox 788 2803 889 2840; x_wconf 81' lang='grc' dir='ltr'>πήγνυ-</span> 
     </span>
    </p>
   </div>
   <div class='ocr_carea' id='block_1_112' title="bbox 945 2305 1769 2344">
    <p class='ocr_par' dir='ltr' id='par_1_112' title="bbox 945 2305 1769 2344">
     <span class='ocr_line' id='line_1_112' title="bbox 945 2305 1769 2344; baseline -0.008 -6"><span class='ocrx_word' id='word_1_741' title='bbox 945 2319 1009 2338; x_wconf 90' lang='lat' dir='ltr'>rum</span> <span class='ocrx_word' id='word_1_742' title='bbox 1027 2310 1173 2344; x_wconf 80' lang='lat' dir='ltr'>regionem</span> <span class='ocrx_word' id='word_1_743' title='bbox 1199 2308 1321 2336; x_wconf 83' lang='lat' dir='ltr'>invadit.</span> <span class='ocrx_word' id='word_1_744' title='bbox 1346 2307 1478 2341; x_wconf 87' lang='lat' dir='ltr'>Cumque</span> <span class='ocrx_word' id='word_1_745' title='bbox 1502 2305 1623 2333; x_wconf 85' lang='lat' dir='ltr'>conferti</span> <span class='ocrx_word' id='word_1_746' title='bbox 1651 2305 1680 2332; x_wconf 92' lang='lat' dir='ltr'>in</span> <span class='ocrx_word' id='word_1_747' title='bbox 1705 2305 1769 2332; x_wconf 79' lang='lat' dir='ltr'>loca</span> 
     </span>
    </p>
   </div>
   <div class='ocr_carea' id='block_1_113' title="bbox 942 2349 1767 2391">
    <p class='ocr_par' dir='ltr' id='par_1_113' title="bbox 942 2349 1767 2391">
     <span class='ocr_line' id='line_1_113' title="bbox 942 2349 1767 2391; baseline -0.008 -9"><span class='ocrx_word' id='word_1_748' title='bbox 942 2355 1050 2391; x_wconf 82' lang='lat' dir='ltr'>frigida</span> <span class='ocrx_word' id='word_1_749' title='bbox 1064 2353 1249 2381; x_wconf 89' lang='lat' dir='ltr'>devenissent</span> <span class='ocrx_word' id='word_1_750' title='bbox 1265 2360 1299 2380; x_wconf 84' lang='lat' dir='ltr'>ex</span> <span class='ocrx_word' id='word_1_751' title='bbox 1314 2352 1472 2379; x_wconf 90' lang='lat' dir='ltr'>admodum</span> <span class='ocrx_word' id='word_1_752' title='bbox 1487 2350 1595 2385; x_wconf 89' lang='lat' dir='ltr'>tepidis</span> <span class='ocrx_word' id='word_1_753' title='bbox 1610 2352 1638 2377; x_wconf 89' lang='lat' dir='ltr'>et</span> <span class='ocrx_word' id='word_1_754' title='bbox 1652 2349 1767 2385; x_wconf 76' lang='lat' dir='ltr'>calidis,</span> 
     </span>
    </p>
   </div>
   <div class='ocr_carea' id='block_1_114' title="bbox 944 2398 1768 2440">
    <p class='ocr_par' dir='ltr' id='par_1_114' title="bbox 944 2398 1768 2440">
     <span class='ocr_line' id='line_1_114' title="bbox 944 2398 1768 2440; baseline -0.008 -8"><span class='ocrx_word' id='word_1_755' title='bbox 944 2404 1094 2440; x_wconf 87' lang='lat' dir='ltr'>ingentem</span> <span class='ocrx_word' id='word_1_756' title='bbox 1110 2410 1228 2430; x_wconf 88' lang='lat' dir='ltr'>sensere</span> <span class='ocrx_word' id='word_1_757' title='bbox 1243 2401 1446 2433; x_wconf 85' lang='lat' dir='ltr'>mutationem,</span> <span class='ocrx_word' id='word_1_758' title='bbox 1460 2401 1488 2427; x_wconf 84' lang='lat' dir='ltr'>et</span> <span class='ocrx_word' id='word_1_759' title='bbox 1503 2399 1610 2426; x_wconf 84' lang='lat' dir='ltr'>idcirco</span> <span class='ocrx_word' id='word_1_760' title='bbox 1632 2398 1768 2426; x_wconf 87' lang='lat' dir='ltr'>homines</span> 
     </span>
    </p>
   </div>
   <div class='ocr_carea' id='block_1_115' title="bbox 944 2443 1769 2485">
    <p class='ocr_par' dir='ltr' id='par_1_115' title="bbox 944 2443 1769 2485">
     <span class='ocr_line' id='line_1_115' title="bbox 944 2443 1769 2485; baseline -0.006 -9"><span class='ocrx_word' id='word_1_761' title='bbox 944 2449 1042 2485; x_wconf 86' lang='lat' dir='ltr'>plures</span> <span class='ocrx_word' id='word_1_762' title='bbox 1059 2447 1229 2481; x_wconf 84' lang='lat' dir='ltr'>interibant,</span> <span class='ocrx_word' id='word_1_763' title='bbox 1250 2454 1279 2474; x_wconf 76' lang='lat' dir='ltr'>et</span> <span class='ocrx_word' id='word_1_764' title='bbox 1301 2444 1453 2480; x_wconf 89' lang='lat' dir='ltr'>complura</span> <span class='ocrx_word' id='word_1_765' title='bbox 1477 2443 1638 2471; x_wconf 82' lang='lat' dir='ltr'>animantia</span> <span class='ocrx_word' id='word_1_766' title='bbox 1662 2443 1769 2479; x_wconf 82' lang='lat' dir='ltr'>frigore</span> 
     </span>
    </p>
   </div>
   <div class='ocr_carea' id='block_1_116' title="bbox 945 2488 1770 2526">
    <p class='ocr_par' dir='ltr' id='par_1_116' title="bbox 945 2488 1770 2526">
     <span class='ocr_line' id='line_1_116' title="bbox 945 2488 1770 2526; baseline -0.008 -5"><span class='ocrx_word' id='word_1_767' title='bbox 945 2493 1075 2521; x_wconf 75' lang='lat' dir='ltr'>confecta</span> <span class='ocrx_word' id='word_1_768' title='bbox 1090 2491 1245 2519; x_wconf 86' lang='lat' dir='ltr'>sunt.Gum</span> <span class='ocrx_word' id='word_1_769' title='bbox 1260 2499 1328 2518; x_wconf 86' lang='lat' dir='ltr'>vero</span> <span class='ocrx_word' id='word_1_770' title='bbox 1348 2497 1486 2526; x_wconf 82' lang='lat' dir='ltr'>egressus</span> <span class='ocrx_word' id='word_1_771' title='bbox 1509 2490 1588 2516; x_wconf 89' lang='lat' dir='ltr'>esset</span> <span class='ocrx_word' id='word_1_772' title='bbox 1611 2488 1770 2523; x_wconf 87' lang='lat' dir='ltr'>imperator</span> 
     </span>
    </p>
   </div>
   <div class='ocr_carea' id='block_1_117' title="bbox 945 2532 1770 2573">
    <p class='ocr_par' dir='ltr' id='par_1_117' title="bbox 945 2532 1770 2573">
     <span class='ocr_line' id='line_1_117' title="bbox 945 2532 1770 2573; baseline -0.007 -8"><span class='ocrx_word' id='word_1_773' title='bbox 945 2539 978 2565; x_wconf 84' lang='lat' dir='ltr'>ad</span> <span class='ocrx_word' id='word_1_774' title='bbox 993 2537 1151 2573; x_wconf 87' lang='lat' dir='ltr'>quemdam</span> <span class='ocrx_word' id='word_1_775' title='bbox 1165 2536 1261 2563; x_wconf 89' lang='lat' dir='ltr'>locum</span> <span class='ocrx_word' id='word_1_776' title='bbox 1274 2534 1479 2570; x_wconf 85' lang='lat' dir='ltr'>angustiarum</span> <span class='ocrx_word' id='word_1_777' title='bbox 1492 2532 1633 2566; x_wconf 86' lang='lat' dir='ltr'>Podandi,</span> <span class='ocrx_word' id='word_1_778' title='bbox 1650 2532 1770 2559; x_wconf 87' lang='lat' dir='ltr'>nomine</span> 
     </span>
    </p>
   </div>
   <div class='ocr_carea' id='block_1_118' title="bbox 942 2576 1770 2618">
    <p class='ocr_par' dir='ltr' id='par_1_118' title="bbox 942 2576 1770 2618">
     <span class='ocr_line' id='line_1_118' title="bbox 942 2576 1770 2618; baseline -0.006 -9"><span class='ocrx_word' id='word_1_779' title='bbox 942 2582 1105 2618; x_wconf 84' lang='lat' dir='ltr'>Gytarium,</span> <span class='ocrx_word' id='word_1_780' title='bbox 1122 2580 1198 2608; x_wconf 77' lang='lat'>678</span> <span class='ocrx_word' id='word_1_781' title='bbox 1214 2579 1327 2607; x_wconf 90' lang='lat' dir='ltr'>audivit</span> <span class='ocrx_word' id='word_1_782' title='bbox 1343 2578 1493 2607; x_wconf 84' lang='lat' dir='ltr'>Amorium</span> <span class='ocrx_word' id='word_1_783' title='bbox 1511 2577 1657 2612; x_wconf 87' lang='lat' dir='ltr'>direptum</span> <span class='ocrx_word' id='word_1_784' title='bbox 1673 2576 1770 2604; x_wconf 82' lang='lat' dir='ltr'>homi-</span> 
     </span>
    </p>
   </div>
   <div class='ocr_carea' id='block_1_119' title="bbox 944 2621 1770 2660">
    <p class='ocr_par' dir='ltr' id='par_1_119' title="bbox 944 2621 1770 2660">
     <span class='ocr_line' id='line_1_119' title="bbox 944 2621 1770 2660; baseline -0.007 -7"><span class='ocrx_word' id='word_1_785' title='bbox 944 2633 1076 2660; x_wconf 89' lang='lat' dir='ltr'>numque</span> <span class='ocrx_word' id='word_1_786' title='bbox 1088 2624 1233 2652; x_wconf 82' lang='lat' dir='ltr'>inﬁnitam</span> <span class='ocrx_word' id='word_1_787' title='bbox 1248 2623 1367 2651; x_wconf 81' lang='lat' dir='ltr'>caedem.</span> <span class='ocrx_word' id='word_1_788' title='bbox 1385 2621 1491 2649; x_wconf 88' lang='lat' dir='ltr'>Positis</span> <span class='ocrx_word' id='word_1_789' title='bbox 1501 2624 1597 2649; x_wconf 87' lang='lat' dir='ltr'>autem</span> <span class='ocrx_word' id='word_1_790' title='bbox 1615 2621 1719 2648; x_wconf 80' lang='lat' dir='ltr'>castris</span> <span class='ocrx_word' id='word_1_791' title='bbox 1734 2621 1770 2648; x_wconf 91' lang='lat' dir='ltr'>ad</span> 
     </span>
    </p>
   </div>
   <div class='ocr_carea' id='block_1_120' title="bbox 944 2666 1766 2702">
    <p class='ocr_par' dir='ltr' id='par_1_120' title="bbox 944 2666 1766 2702">
     <span class='ocr_line' id='line_1_120' title="bbox 944 2666 1766 2702; baseline -0.006 -5"><span class='ocrx_word' id='word_1_792' title='bbox 944 2670 1042 2697; x_wconf 82' lang='lat' dir='ltr'>Chalci</span> <span class='ocrx_word' id='word_1_793' title='bbox 1058 2668 1264 2702; x_wconf 89' lang='lat' dir='ltr'>diversorium,</span> <span class='ocrx_word' id='word_1_794' title='bbox 1281 2667 1330 2702; x_wconf 92' lang='lat' dir='ltr'>qui</span> <span class='ocrx_word' id='word_1_795' title='bbox 1347 2667 1377 2694; x_wconf 93' lang='lat' dir='ltr'>in</span> <span class='ocrx_word' id='word_1_796' title='bbox 1393 2666 1528 2694; x_wconf 84' lang='lat' dir='ltr'>Melitene</span> <span class='ocrx_word' id='word_1_797' title='bbox 1543 2666 1667 2693; x_wconf 85' lang='lat' dir='ltr'>duxerat</span> <span class='ocrx_word' id='word_1_798' title='bbox 1686 2674 1766 2692; x_wconf 84' lang='lat' dir='ltr'>exer-</span> 
     </span>
    </p>
   </div>
   <div class='ocr_carea' id='block_1_121' title="bbox 943 2710 1767 2749">
    <p class='ocr_par' dir='ltr' id='par_1_121' title="bbox 943 2710 1767 2749">
     <span class='ocr_line' id='line_1_121' title="bbox 943 2710 1767 2749; baseline -0.007 -7"><span class='ocrx_word' id='word_1_799' title='bbox 943 2716 1045 2748; x_wconf 89' lang='lat' dir='ltr'>citum,</span> <span class='ocrx_word' id='word_1_800' title='bbox 1059 2721 1245 2749; x_wconf 73' lang='lat' dir='ltr'>nequaquam</span> <span class='ocrx_word' id='word_1_801' title='bbox 1262 2713 1296 2739; x_wconf 90' lang='lat' dir='ltr'>ad</span> <span class='ocrx_word' id='word_1_802' title='bbox 1314 2712 1411 2747; x_wconf 90' lang='lat' dir='ltr'>ipsum</span> <span class='ocrx_word' id='word_1_803' title='bbox 1427 2710 1518 2738; x_wconf 89' lang='lat' dir='ltr'>voluit</span> <span class='ocrx_word' id='word_1_804' title='bbox 1533 2710 1678 2744; x_wconf 85' lang='lat' dir='ltr'>accedere,</span> <span class='ocrx_word' id='word_1_805' title='bbox 1696 2718 1767 2745; x_wconf 63' lang='lat' dir='ltr'>prie-</span> 
     </span>
    </p>
   </div>
   <div class='ocr_carea' id='block_1_122' title="bbox 942 2753 1766 2793">
    <p class='ocr_par' dir='ltr' id='par_1_122' title="bbox 942 2753 1766 2793">
     <span class='ocr_line' id='line_1_122' title="bbox 942 2753 1766 2793; baseline -0.007 -7"><span class='ocrx_word' id='word_1_806' title='bbox 942 2759 1043 2787; x_wconf 89' lang='lat' dir='ltr'>sertim</span> <span class='ocrx_word' id='word_1_807' title='bbox 1060 2766 1126 2785; x_wconf 91' lang='lat' dir='ltr'>cum</span> <span class='ocrx_word' id='word_1_808' title='bbox 1143 2758 1171 2784; x_wconf 92' lang='lat' dir='ltr'>in</span> <span class='ocrx_word' id='word_1_809' title='bbox 1189 2757 1295 2793; x_wconf 90' lang='lat' dir='ltr'>oppido</span> <span class='ocrx_word' id='word_1_810' title='bbox 1311 2755 1477 2784; x_wconf 87' lang='lat' dir='ltr'>Tzamando</span> <span class='ocrx_word' id='word_1_811' title='bbox 1493 2757 1627 2782; x_wconf 87' lang='lat' dir='ltr'>coactum</span> <span class='ocrx_word' id='word_1_812' title='bbox 1643 2753 1766 2781; x_wconf 85' lang='lat' dir='ltr'>haberet</span> 
     </span>
    </p>
   </div>
   <div class='ocr_carea' id='block_1_123' title="bbox 940 2798 1762 2836">
    <p class='ocr_par' dir='ltr' id='par_1_123' title="bbox 940 2798 1762 2836">
     <span class='ocr_line' id='line_1_123' title="bbox 940 2798 1762 2836; baseline -0.009 -5"><span class='ocrx_word' id='word_1_813' title='bbox 940 2803 1110 2831; x_wconf 84' lang='lat' dir='ltr'>exercitum.</span> <span class='ocrx_word' id='word_1_814' title='bbox 1127 2802 1239 2836; x_wconf 86' lang='lat' dir='ltr'>Quibus</span> <span class='ocrx_word' id='word_1_815' title='bbox 1255 2802 1290 2829; x_wconf 92' lang='lat' dir='ltr'>de</span> <span class='ocrx_word' id='word_1_816' title='bbox 1306 2800 1404 2828; x_wconf 86' lang='lat' dir='ltr'>causis</span> <span class='ocrx_word' id='word_1_817' title='bbox 1419 2799 1516 2827; x_wconf 85' lang='lat' dir='ltr'>dolore</span> <span class='ocrx_word' id='word_1_818' title='bbox 1533 2799 1666 2832; x_wconf 77' lang='lat' dir='ltr'>ali&#39;ectus,</span> <span class='ocrx_word' id='word_1_819' title='bbox 1684 2798 1762 2833; x_wconf 89' lang='lat' dir='ltr'>quod</span> 
     </span>
    </p>
   </div>
  </div>
