1937 3050
157 129 215 159 407

812 132 977 162 JOANNlS
1000 132 1202 163 SCYLl'l‘ZzE

1804 132 1862 162 408

158 194 248 223 rebus
274 203 446 223 succurrere
468 198 498 223 et
529 195 668 232 opitulari
693 197 838 232 nequiret,
862 205 923 233 quis

1099 196 1142 224 καὶ
1162 197 1209 225 τὸν
1230 197 1337 234 Ταῦρον
1361 197 1392 224 τὸ
1415 197 1479 234 ὅρος
1496 194 1614 233 ὑπερϐὰς
1636 199 1803 235 πανστρατιᾷ
1813 198 1864 225 εἱσ-

161 239 321 267 exercitum
337 240 530 276 pertinerent,
546 243 623 268 recte
639 242 821 277 compositis,
839 244 987 278 quantum

161 283 217 312 sibi
233 283 326 319 licuit,
343 287 370 312 et
386 285 513 313 maxima
529 287 610 321 parte
625 285 655 313 in
672 286 794 314 hiberna
810 287 912 322 missa,
925 287 989 323 ipse

161 329 334 365 Byzantium
359 330 509 357 contendit
532 331 568 358 ad
594 331 705 358 mensis
731 331 864 358 Januarii
889 332 988 360 finem.

161 377 216 405 Ubi
233 378 380 413 quoddam
397 380 516 414 tempus
536 381 746 414 commoratus,
773 387 839 407 cum
863 381 988 409 civitatis

161 424 272 450 statum
300 431 352 458 pro
378 423 490 450 viribus
513 423 761 458 administrasset,
778 424 939 453 honoribus
955 434 989 453 ac

162 466 338 494 muneribus
354 470 504 495 senatores
519 468 663 503 quosdam
680 472 864 504 prosccutus,
887 469 988 498 distri-

161 511 242 538 butis
268 512 376 539 annuis
397 512 482 540 donis
498 521 593 547 neque
608 513 784 549 exspectatis
799 514 989 542 Paschalibus

163 555 268 583 diebus
284 556 319 583 ad
337 556 470 584 Eriorum
487 557 607 584 domum
624 566 639 584 e
655 558 772 592 regione
794 559 875 586 urbis
901 560 987 587 sitam

163 599 425 636 navigavit.Evenit
440 601 518 629 enim
536 602 633 629 nescio
650 602 719 637 quid
735 602 828 636 aliud,
846 604 923 639 quod
941 611 990 631 ne-

164 645 291 673 cessario
307 645 405 681 ipsum
421 646 456 674 ad
473 646 680 682 profectionem
697 655 762 675 cum
778 648 903 676 exercitu
922 657 990 684 pro-

165 690 288 718 vocavit.
308 690 356 718 Vir
380 691 499 726 quidam
524 691 656 726 Latinus,
683 691 837 728 Crispinus
860 693 991 728 nomine,

167 742 202 762 ex
234 734 316 762 Italia
344 744 411 762 cum
441 736 476 763 ad
504 736 711 772 imperatorem
742 737 929 771 accessisset,
954 739 990 765 ad

167 779 295 806 Orientis
310 782 418 815 partes,
435 782 468 807 ut
483 780 522 807 ibi
539 780 690 816 hiemaret,
715 781 826 809 missus
855 784 909 810 est.
936 783 990 815 Qui

168 825 251 851 ratus
281 831 312 850 se
335 832 393 851 non
418 832 451 852 eo
476 824 586 852 honore
611 825 745 852 alfectum
770 834 822 860 pro
847 826 990 862 dignitate

165 875 253 903 quem
279 871 456 903 speraverat,
483 869 519 896 ad
541 869 728 897 rebellionem
753 871 904 906 spectavit,
929 874 989 899 sta-
1005 886 1028 918 Β

164 911 279 947 timque
294 915 481 940 occurrentes
506 913 562 941 sibi
588 913 767 941 tributorum
791 917 939 943 exactores
962 919 992 944 et

163 956 297 992 reliquos
331 957 436 993 spoliat
469 967 501 986 ac
534 958 652 994 diripit;
694 959 891 987 Romanorum
924 969 992 988 vero

163 1001 317 1029 nominem
348 1001 504 1035 interfecit,
535 1003 680 1039 multique
709 1011 776 1031 cum
806 1004 870 1040 ipso
894 1005 993 1041 prmlio

165 1046 316 1081 congressi
350 1046 419 1074 victi
451 1052 529 1075 sunt.
560 1047 612 1074 Sed
647 1047 678 1075 in
711 1049 915 1077 Armeniorum
950 1058 994 1078 re-

169 1090 256 1126 gione
286 1090 446 1119 hibernans
477 1092 647 1120 bestarches
676 1092 794 1120 Samuel
824 1093 995 1122 Aluisianus

173 1134 331 1171 Bulgarus,
361 1135 546 1171 imperatoris
577 1136 674 1164 uxoris
698 1138 795 1173 frater,
822 1146 910 1174 quam
934 1139 996 1174 pri-

175 1182 259 1207 vatus
285 1180 382 1208 adhuc
407 1181 517 1217 degens
541 1181 673 1215 duxerat,
699 1190 765 1209 cum
790 1183 921 1218 quinque
943 1187 995 1211 0c-

179 1224 304 1252 cidentis
329 1225 494 1261 legionibus
518 1229 636 1262 repente
660 1227 736 1254 619
759 1227 927 1263 Crispinum
953 1229 997 1256 in-

178 1268 258 1295 vadit
286 1268 351 1304 ipsa
379 1269 425 1296 die
454 1269 697 1304 Resurrectionis,
724 1272 835 1299 Pascha
863 1272 996 1308 inquam.

177 1317 257 1349 Quod
274 1325 341 1345 cum
357 1319 574 1353 persensissent
589 1319 702 1353 Franci,
724 1320 841 1356 fugiunt
864 1321 998 1356 Romani,

174 1360 368 1398 ipsorumque
392 1363 425 1390 ﬁt
450 1363 542 1391 multa
567 1364 670 1397 caedes,
697 1373 730 1392 ac
753 1365 811 1392 vivi
841 1366 999 1401 capiuntur

175 1414 299 1434 numero
316 1407 435 1434 inﬁniti.
453 1409 589 1435 Attamen
615 1416 718 1436 omnes
742 1409 871 1438 humane
894 1413 998 1438 tracta-

175 1452 222 1478 tos
244 1451 368 1483 dimisit,
394 1452 453 1479 imo
477 1460 543 1480 vero
558 1451 726 1481 vulneratos
740 1455 835 1482 curari
853 1455 996 1490 permisit.

175 1497 247 1523 Cum
285 1495 444 1532 imperator
483 1497 519 1524 ad
561 1497 713 1533 Doryleum
754 1499 943 1534 pervenisset,
982 1508 999 1528 a

176 1540 310 1576 Crispino
326 1540 499 1576 legationem
519 1542 641 1578 accepit,
668 1550 727 1578 qua
751 1543 930 1572 deditionem
954 1545 996 1572 fa-

176 1585 305 1618 tebatur,
330 1587 359 1612 et
383 1586 418 1612 de
442 1585 603 1613 defectione
627 1594 658 1614 se
673 1587 770 1622 ipsum
787 1589 953 1622 excusabat,
970 1591 998 1616 et

177 1629 298 1657 omnino
323 1629 467 1657 malorum
494 1639 558 1666 qua
587 1630 647 1658 sive
672 1631 783 1665 volens,
808 1632 868 1661 sive
891 1633 1000 1661 invitus

175 1676 373 1710 perpetrasset
402 1673 578 1702 oblivionem
610 1675 735 1710 petebat.
764 1677 875 1709 Quibus
897 1680 999 1713 postu-

175 1717 243 1746 latis
260 1719 364 1746 annuil
379 1719 549 1754 imperator,
566 1722 594 1747 et
610 1720 707 1748 omnia
722 1729 785 1756 quae
809 1720 858 1749 ille
881 1722 1001 1757 petierat

176 1763 305 1798 perfecit,
336 1763 391 1790 viri
426 1763 609 1791 nobilitatem
643 1767 671 1792 et
704 1765 734 1792 in
768 1765 844 1792 bello
877 1765 999 1801 gloriam

173 1811 283 1839 veritus
313 1821 319 1839 :
346 1812 455 1839 etenim
489 1812 662 1840 defectionis
693 1815 832 1849 tempore,
860 1822 925 1842 cum
954 1815 1000 1841 in-

174 1855 292 1884 cidisset
318 1856 347 1884 in
373 1856 532 1884 maximam
557 1859 716 1885 Turcorum
743 1867 875 1893 manum,
899 1859 999 1894 ingen-

172 1900 215 1928 tia
243 1909 331 1928 manu
359 1909 413 1928 sua
439 1901 568 1929 facinora
592 1902 734 1930 ediderat.
758 1903 794 1930 Et
816 1904 1000 1939 progredien-

174 1944 195 1971 ti
223 1944 392 1980 imperatori
422 1945 518 1973 instar
543 1945 617 1973 servi
631 1946 743 1974 obviam
773 1947 815 1974 fit.
839 1947 1000 1983 Subitoque

175 1991 208 2016 ut
220 1989 335 2017 amicus
350 1997 383 2016 ac
399 1989 558 2016 benevolus
575 1990 766 2024 sequebatur,
782 1991 883 2026 paucis
898 2000 999 2020 secum

175 2033 353 2069 quibusdam
371 2033 517 2061 militibus
532 2034 668 2061 adductis
684 2043 690 2061 ε
707 2034 781 2063 alios
794 2035 873 2063 enim
896 2035 926 2063 in
945 2044 998 2072 op-

177 2078 245 2112 pido
281 2078 471 2106 Maurocastri
512 2077 682 2113 reliquerat,
722 2080 800 2114 quod
843 2083 1000 2116 occuparat

174 2121 204 2149 in
227 2122 377 2155 Armenia,
403 2122 433 2149 in
463 2122 521 2150 alto
552 2122 625 2150 colle
655 2124 795 2158 positum.
826 2124 881 2152 Sed
912 2124 998 2160 paulo

172 2168 249 2201 post,
291 2174 357 2193 cum
402 2166 431 2193 in
476 2166 675 2202 suspicionem
717 2168 856 2202 venisset,
899 2169 998 2197 nescio

172 2210 241 2246 quid
258 2210 375 2239 crudele
396 2211 426 2238 in
452 2211 602 2246 propriam
627 2211 738 2239 tribum
764 2215 994 2249 perpetraturus,

1043 239 1143 269 ϐάλλει
1160 243 1193 279 τῇ
1216 241 1372 278 Ῥωμαίων.
1399 243 1440 278 [P.
1466 243 1530 278 829]
1547 241 1723 279 Ἑντυχόντες
1740 241 1762 269 δ’
1777 242 1866 280 ἀθρόοι

1042 286 1138 317 τόποις
1152 287 1271 324 ψυχροῖς
1287 285 1312 321 ἐξ
1338 286 1401 323 άγαν
1427 285 1556 314 ἀλεεινὼν
1571 286 1616 313 καὶ
1632 286 1739 324 θερμῶν
1758 285 1866 321 πολλῆς

1045 327 1201 366 μεταϐολῆς
1226 330 1342 368 ᾔσθοντο
1360 341 1366 347 '
1389 329 1431 358 διὸ
1452 331 1498 358 καὶ
1522 331 1660 368 ἅνθρωποι
1685 330 1788 359 πολλοὶ
1812 331 1863 359 ἁπ-

1043 374 1137 402 έθανον
1152 375 1196 402 καὶ
1220 377 1275 409 ζῶα
1295 375 1388 403 πολλά
1407 375 1582 412 ἒναπὲψυξαν.
1609 375 1744 410 Ἐξιόντος
1767 375 1795 403 δὲ
1818 378 1865 403 τοῦ

1045 418 1180 457 βασιλέως
1206 419 1243 450 εἷς
1270 431 1296 447 τι
1325 420 1431 458 χωρίον
1459 424 1509 455 τῆς
1533 418 1672 447 Ποδανδοῦ
1696 419 1864 458 κλεισούρας,

1043 464 1171 502 Γυτάριον
1201 464 1464 501 κατονομαζόμενον,
1491 463 1606 499 ἤκουσεν
1630 465 1644 492 ὁ
1668 463 1796 502 βασιλεὺς
1817 466 1864 500 τήν

1042 518 1071 536 τε
1099 511 1149 535 τοῦ
1179 509 1310 547 Ἀμοίρου
1335 508 1546 548 λαφυραγωγίαν
1574 509 1620 536 καὶ
1650 509 1732 546 φόνον
1763 508 1864 547 ἀνδρῶν

1043 552 1195 589 ἀμύθητον.
1213 553 1450 588 Κατεστηκηκυίας
1478 552 1506 581 δὲ
1525 557 1575 588 τῆς
1591 551 1772 591 παρεμϐολῆς
1786 553 1812 580 ἦν
1829 556 1866 590 τῷ

1042 600 1091 624 τοῦ
1117 598 1246 629 ΧαΛκὲως
1276 600 1389 634 σταθμῷ
1418 599 1432 625 ὁ
1466 597 1491 625 ἓν
1524 597 1666 635 Μελιτηνῇ
1690 600 1795 635 κρατῶν
1820 601 1865 626 τοῦ

1044 644 1158 680 στρατοῦ
1174 641 1232 670 οὐδ’
1247 641 1319 674 ὅλως
1347 642 1420 679 αὐτῷ
1443 640 1607 681 προσϐαλεῖν
1632 642 1778 677 ἠθέλησεν,
1796 640 1864 680 ἔχων

1043 687 1088 714 καὶ
1108 689 1191 714 ταῦτα
1211 687 1262 722 τήν
1287 687 1414 724 στρατιὰν
1440 687 1466 714 ἐν
1493 689 1533 723 τῷ
1558 689 1607 714 τοῦ
1622 685 1785 723 Τζαμανδοῦ
1805 697 1865 714 συν-

1044 732 1227 769 ηθροισμένην
1249 731 1412 768 πολίσματι.
1438 732 1497 770 Ἐφ’
1521 733 1563 763 οἷς
1585 731 1713 766 ἀνιαθεὶς,
1732 732 1769 768 μή
1786 730 1864 766 δυνη-

1045 775 1100 808 θεὶς
1116 774 1145 803 δὲ
1172 776 1307 813 βοηθῆσαι
1331 778 1371 812 τῷ
1395 776 1547 814 πράγματι,
1568 775 1602 803 τὰ
1621 775 1691 803 κατὰ
1712 776 1759 803 τὸν
1787 786 1862 814 στρα-

1043 821 1089 847 τὸν
1120 820 1157 852 ὡς
1184 819 1245 855 ἐνῆν
1271 819 1365 856 δεξιως
1388 819 1557 856 διαθέμενος,
1581 820 1620 852 είς
1647 820 1864 858 παραχειμασίαν

1043 865 1074 892 τὸ
1086 864 1180 892 πλεῖον
1205 865 1294 893 αὐτῶν
1319 864 1481 896 ἀποστείλας
1507 865 1586 896 αὐτὸς
1614 865 1658 892 ἐπὶ
1674 866 1705 892 τὸ
1725 865 1865 900 Βυζάντιον

1042 909 1113 943 τίετο,
1129 910 1197 947 πρὸς
1208 913 1249 946 τῷ
1263 909 1337 937 τέλει
1347 910 1395 937 τού
1411 910 1579 948 Ἰανουαρίου
1597 910 1686 946 μηνὸς
1707 907 1864 937 καταλαϐὼν

1046 954 1072 982 ἐν
1089 954 1172 990 αὐτῷ.
1200 955 1340 993 Διαγαγὼν
1366 955 1454 982 τοίνυν
1480 953 1507 982 ἒν
1533 954 1606 991 αὗτῷ
1629 954 1745 992 χρόνον,
1764 954 1867 986 καὶτὰς

1047 1002 1192 1035 πολιτικὰς
1216 1002 1364 1039 διοικήσεις
1389 1004 1426 1035 ὡς
1450 1002 1560 1031 δυνατὸν
1585 1002 1807 1040 διοικησάμενος,
1827 1003 1869 1030 καὶ

1046 1049 1130 1085 τιμάς
1154 1049 1197 1076 καὶ
1236 1047 1371 1084 δεξιώσεις
1408 1048 1446 1079 εἷς
1482 1059 1556 1079 τινας
1593 1051 1646 1076 τῶν
1688 1047 1869 1086 συγκλητικῶν

1048 1094 1245 1130 ποιησάμενος,
1266 1093 1310 1121 καὶ
1334 1094 1382 1125 τὰς
1413 1092 1538 1128 ἐτησίους
1566 1092 1672 1130 δωρεὰς
1700 1092 1870 1129 διανειμάμε-

1049 1149 1106 1173 νος,
1120 1137 1164 1165 καὶ
1190 1137 1252 1165 οὐδὲ
1280 1138 1328 1168 τὰς
1367 1137 1540 1175 πασχαΛίους
1572 1137 1680 1174 ἡμέρας
1709 1137 1870 1175 περιμείνας,

1051 1182 1089 1214 εί¹ς
1118 1183 1164 1210 τὸν
1193 1183 1335 1220 ἀντιπέραν
1365 1185 1415 1216 τῆς
1439 1181 1547 1213 πὸΛεως
1587 1182 1664 1209 οἶκον
1698 1184 1753 1209 τῶν
1777 1181 1870 1219 Ἦρίων

1052 1226 1230 1256 ἀπέπλευσεν.
1250 1224 1412 1261 Ἐπισυνέϐη
1437 1226 1489 1264 γάρ
1509 1237 1534 1253 τι
1563 1226 1608 1254 καὶ
1629 1224 1724 1263 ἕτερον
1743 1227 1810 1263 πρὸς
1830 1225 1869 1253 ἐκ·

1053 1272 1191 1309 στρατείαν
1221 1271 1371 1308 ἀναγκαίως
1398 1270 1498 1298 καλοῦν
1528 1271 1621 1299 αὐτόν.
1652 1271 1737 1308 Ἀνὴρ
1757 1270 1806 1308 γὰρ
1833 1281 1870 1300 τις

1052 1319 1178 1352 Λατῖνος²
1200 1319 1346 1353 Κρισπῖνος
1370 1316 1420 1350 τὴν
1448 1315 1558 1350 κλῆσιν,
1575 1315 1599 1352 ἐξ
1628 1315 1748 1346 Ἰταλίας
1771 1317 1810 1351 τῷ
1826 1315 1870 1352 βα-

1053 1361 1126 1389 σιλεῖ
1152 1360 1311 1398 προσελθὼν
1345 1361 1414 1398 πρὸς
1444 1361 1494 1395 τήν
1521 1361 1605 1396 Ἑῲαν
1636 1359 1788 1395 ἀπεστάλη,
1815 1369 1868 1397 χει-

1054 1407 1146 1442 μάσων
1175 1405 1286 1433 ἐκεῖθεν.
1314 1405 1396 1440 Δόξας
1427 1403 1456 1432 δὲ
1485 1405 1523 1440 μή
1552 1405 1704 1441 τιμηθηναι
1730 1403 1809 1439 ἀξίως
1835 1402 1867 1430 ὧν

1051 1449 1166 1485 ἤλπιζεν
1210 1449 1372 1477 ἀποστασίαν
1416 1449 1559 1484 ἐσκόπησε,
1600 1448 1647 1476 καὶ
1679 1449 1774 1476 αὐτίκα
1812 1447 1869 1478 τοὺς

1053 1496 1235 1525 συναντῶντας
1263 1493 1434 1532 φορολόγους
1468 1503 1496 1520 τε
1530 1492 1575 1520 καὶ
1605 1491 1721 1524 λοιποὺς
1754 1491 1869 1520 σκυλεύει

1051 1539 1097 1567 καὶ
1111 1538 1262 1577 διαρπάζει,
1279 1538 1360 1578 φόνον
1386 1537 1414 1566 δὲ
1438 1537 1583 1574 Ῥωμαίων
1606 1536 1702 1565 οὐδένα
1725 1536 1870 1575 εἴργάσατο.

1053 1588 1160 1616 Πολλοὶ
1173 1587 1202 1615 δὲ
1209 1587 1298 1624 τούτῳ
1308 1588 1375 1624 πρὸς
1389 1588 1484 1625 μάχην
1496 1585 1640 1618 συστάντες
1654 1587 1820 1621 ἡττήθησαν.
1830 1586 1872 1613 Ἐν

1054 1632 1084 1660 δὲ
1096 1635 1135 1668 τῷ
1150 1632 1245 1669 θὲματι
1261 1626 1319 1659 τῶν
1342 1632 1529 1669 ’Δρμενιακῶν
1553 1631 1771 1669 παραχειμάζων
1796 1630 1809 1657 ὁ
1833 1629 1872 1666 βε-

1054 1677 1176 1715 στάρχης
1185 1676 1319 1713 Σαμουὴλ
1332 1677 1345 1703 ὁ
1358 1675 1545 1706 Ἀλουϊσιανὸς
1558 1676 1572 1702 ὁ
1583 1673 1872 1712 Βούλγαρος,ἀδελφὸς

1055 1722 1092 1749 ὥν
1103 1725 1153 1756 τῆς
1168 1723 1216 1749 τοῦ
1235 1720 1369 1759 βασιλέως
1376 1720 1513 1758 γυναικὸς,
1522 1719 1556 1754 ἤν
1571 1717 1610 1747 ἔτι
1619 1718 1770 1747 ἰδιωτεύων
1779 1718 1872 1756 ἠγάγε-

1054 1777 1095 1801 το,
1114 1765 1181 1802 μετὰ
1194 1766 1248 1793 τῶν
1269 1765 1421 1801 Ἐσπερίων
1447 1765 1526 1792 πέντε
1545 1765 1694 1801 ταγμάτων
1710 1761 1872 1801 προσϐάλλει

1053 1813 1093 1847 τῷ
1118 1811 1259 1848 Κρισπίνῳ
1290 1809 1316 1845 ἐξ
1353 1808 1454 1848 ἐφόδου
1493 1810 1550 1836 κατ’
1585 1809 1673 1843 αὐτὴν
1699 1809 1748 1842 τὴν
1775 1808 1872 1844 ἡμέραν

1053 1859 1103 1890 τῆς
1125 1855 1306 1887 ἀναστάσεως,
1325 1855 1374 1881 τοῦ
1398 1854 1492 1892 Ηάσχα
1518 1852 1600 1892 φημί.
1626 1853 1829 1888 Συναισθήτεως
1844 1849 1869 1878 δὲ

1054 1899 1204 1937 γενομένης
1216 1902 1274 1930 τοῖς
1296 1898 1434 1936 Φράγγοις
1455 1898 1598 1936 φεύγουσιν
1621 1898 1647 1924 οἱ
1673 1898 1814 1934 Ῥωμαῖοι,
1828 1896 1868 1923 καὶ

1053 1942 1136 1982 φόνος
1159 1945 1263 1971 τούτων
1287 1943 1387 1981 γίνεται
1410 1941 1498 1973 πολὺς
1523 1942 1568 1969 καὶ
1592 1941 1708 1980 ζωγρεία
1726 1940 1868 1978 ἀμύθητος.

1052 1993 1148 2029 Ὅμως
1164 1991 1197 2026 δὴ
1214 1992 1260 2019 οὗν
1283 1990 1485 2030 φιλανθρώπως
1510 1990 1604 2021 αὐτοῖς
1631 1989 1762 2022 διατεθεὶς
1776 1988 1870 2018 πάντας

1052 2037 1150 2074 ἀφῆκε,
1169 2034 1275 2072 μίλλον
1298 2036 1346 2072 μὲν
1369 2035 1416 2063 οὗν
1445 2035 1489 2062 καὶ
1521 2034 1585 2066 τοὺς
1614 2033 1768 2071 πληγέντας
1798 2043 1871 2060 νοσο-

1052 2083 1196 2117 κομιῖσθαι
1212 2079 1378 2118 παρέδωκεν.
1404 2080 1447 2108 ’Ev
1472 2082 1512 2115 τῷ
1527 2078 1672 2116 Δορυλαίῳ
1687 2077 1716 2105 δὲ
1734 2078 1871 2115 γενόμενος

1053 2126 1067 2152 ὁ
1094 2124 1221 2163 βασιλεὺς
1245 2121 1388 2161 πρεσϐείαν
1414 2125 1464 2151 τοῦ
1486 2123 1638 2161 Κρισπίνω
1663 2121 1779 2158 ἐδέξατο,
1807 2121 1870 2157 ὁμο-

1053 2169 1149 2206 λογίαν
1162 2179 1191 2197 τε
1207 2172 1257 2203 τῆς
1274 2167 1435 2199 δουλώσεως
1448 2168 1494 2195 καὶ
1508 2168 1558 2202 τὴν
1574 2165 1726 2203 ἀπολογίαν
1742 2169 1792 2200 τῆς
1804 2165 1870 2192 ἀντι-

1052 2214 1162 2244 στασίας
1189 2213 1333 2252 φέρουσαν,
1356 2212 1401 2239 καὶ
1427 2211 1521 2242 ἁπλῶς
1546 2210 1696 2248 ἀμνηστίαν
1718 2212 1806 2237 κακῶν
1820 2210 1869 2235 τῶν

172 2255 250 2290 quod
282 2263 342 2283 sua:
371 2255 515 2283 voluntati
547 2263 604 2283 non
632 2256 843 2290 obsequeretur
875 2260 937 2291 (etei

1103 2259 1115 2282 ι’
1139 2257 1221 2285 αὐτοῦ
1243 2256 1440 2295 πεπραγμένων
1465 2255 1519 2283 εἴτε
1542 2255 1654 2286 ἑκόντος
1673 2254 1726 2282 εἷ’τε
1753 2252 1868 2283 ἄκοντος.

174 2299 320 2334 perfidum
350 2302 379 2327 et
407 2299 582 2335 inexplebile
614 2301 790 2328 Francorum
819 2309 911 2337 genus
943 2306 997 2336 est,

174 2343 234 2370 imo
249 2344 338 2371 etiam
354 2344 516 2380 ingratum,
535 2347 563 2371 et
579 2344 683 2372 multis
699 2345 910 2373 oﬂ‘ensionibus
935 2355 998 2374 ma-

173 2395 232 2423 gna
272 2388 396 2416 crimina
435 2389 596 2416 exsuscitat
636 2391 665 2416 et
698 2390 931 2425 perturbationes
964 2400 997 2420 ac

173 2431 344 2467 seditiones,
366 2433 474 2468 quibus
500 2437 639 2467 tanquam
669 2433 783 2462 delictis
811 2434 996 2472 oblectatur),

172 2480 317 2509 exercitus
350 2482 474 2517 imperio
506 2482 660 2510 abdicatus
695 2484 759 2517 fuit,
791 2492 848 2512 non
884 2485 996 2514 sincere

173 2524 334 2558 convictus,
351 2526 400 2553 sed
418 2528 533 2553 tantum
549 2535 566 2554 a
581 2528 708 2562 quodam
729 2529 862 2557 Nemizzo
888 2529 995 2557 illustri

173 2571 340 2597 accusatus.
353 2569 474 2598 Sodales
488 2571 565 2598 680
581 2580 646 2599 vero
663 2572 755 2607 ipsius
777 2573 876 2609 iniquo
898 2574 995 2602 animo

171 2613 201 2640 id
230 2613 310 2648 passi
339 2622 374 2642 ex
401 2615 508 2650 oppido
538 2615 657 2650 profecti
691 2617 720 2644 in
751 2617 994 2653 Mesopotamiam

173 2665 204 2684 se
221 2657 376 2693 recipiunt,
395 2659 547 2696 multaque
561 2661 670 2688 damna
685 2661 725 2689 ibi
740 2662 994 2691 commorantibus

175 2700 369 2729 intulere.Ubi
381 2711 448 2730 vero
460 2703 620 2739 imperator
631 2713 696 2732 cum
709 2706 836 2733 exercitu
851 2706 885 2732 ad
899 2707 992 2733 Cerea-

175 2752 255 2772 ream
280 2748 421 2781 pervenit,
446 2748 637 2784 cognovitque
660 2749 807 2785 ingentem
832 2752 993 2778 Turcorum

175 2797 297 2818 manum
325 2792 470 2828 regionem
488 2793 660 2828 depraedari,
673 2795 832 2830 quamdam
850 2796 994 2823 exercitus

1052 2303 1101 2333 Οἷς
1117 2303 1254 2337 ὑπήκουσε
1275 2303 1319 2329 καὶ
1339 2302 1353 2328 ὁ
1376 2300 1511 2338 βασιλεὺς,
1528 2301 1572 2328 καὶ
1598 2299 1688 2328 πάντα
1711 2298 1759 2326 ὅσα
1779 2297 1868 2334 ἐξῃτή-

1052 2357 1116 2374 σατο
1140 2346 1334 2384 κατεπράξατο,
1361 2346 1393 2373 τὸ
1419 2346 1464 2372 τοῦ
1486 2343 1582 2381 ἀνδρὸς
1610 2345 1734 2382 γενναῖον
1749 2343 1791 2370 καὶ
1807 2341 1869 2378 πρὸς

1050 2390 1116 2422 τοὺς
1132 2390 1273 2427 πολέμους
1297 2388 1438 2428 περίδοξον
1463 2387 1676 2425 καταιδούμενος
1693 2397 1699 2404 ·
1726 2387 1771 2414 καὶ
1786 2385 1834 2423 γὰρ
1845 2385 1868 2411 ἐν

1050 2435 1090 2471 τῷ
1104 2438 1154 2469 τῆς
1186 2435 1350 2465 ἀποστασίας
1379 2436 1466 2470 καιρῶ
1489 2433 1615 2471 Τούρκων
1636 2431 1756 2469 ἐντυχὼν
1772 2428 1870 2464 πληθύϊ

1050 2478 1147 2516 πολλῇ
1165 2478 1286 2516 μεγάλας
1310 2477 1486 2515 ἀνδραγαθίας
1516 2477 1546 2504 ὲκ
1569 2477 1663 2515 χειρὸς
1684 2473 1869 2512 ἀπειργάσατο.

1052 2531 1090 2562 [Ρ.
1115 2529 1179 2564 830]
1209 2527 1259 2556 Καὶ
1298 2526 1421 2564 προϊόντι
1457 2528 1498 2562 τῷ
1535 2525 1643 2564 βασιλεῖ
1680 2519 1870 2557 δουλοπρεπῶς

1050 2573 1164 2607 ἀπαντᾷ,
1191 2573 1236 2599 καί
1276 2571 1352 2603 αὖθις
1388 2571 1425 2602 ὡς
1462 2569 1554 2601 εὔνους
1587 2569 1734 2602 συνείπετο,
1764 2565 1868 2615 ditt-(3?:

1048 2617 1123 2648 τινὰς
1150 2617 1317 2654 στρατιώτας
1343 2615 1510 2653 ἐπαγόμενος
1531 2623 1537 2631 ·
1565 2614 1635 2642 ιῖἀσε
1659 2614 1710 2650 γὰρ
1733 2611 1794 2641 τοὺς
1821 2607 1866 2654 ἄλ-

1050 2661 1115 2692 λους
1139 2661 1164 2688 ἰν
1184 2653 1229 2697 7τῷ
1257 2663 1306 2688 τοῦ
1328 2660 1543 2698 Μαυροκάστρου
1571 2658 1733 2694 πολίσματι,
1762 2653 1792 2698 οὗ
1808 2653 1863 2698 ,τὴν

1048 2706 1210 2743 κατάσχεσιν
1237 2705 1385 2740 ἐποιήσατο
1408 2704 1435 2731 ἐν
1460 2706 1500 2740 τῷ
1524 2704 1703 2739 Ἀρμενιακῷ,
1720 2699 1762 2727 ἐπὶ
1781 2697 1863 2735 λόφον

1048 2742 1163 2786 κειμὲνῲ
1180 2749 1300 2787 ὑψηλοῦ.
1318 2750 1380 2777 Μετ’
1404 2748 1499 2785 ὀλίγον
1525 2747 1554 2776 δὲ
1576 2745 1734 2782 ὑπονοηθεὶς
1749 2742 1820 2780 ὠμόν
1836 2751 1859 2787 “tt

1047 2785 1239 2831 διαπράξασθαι
1264 2793 1302 2824 εἰς
1325 2793 1374 2826 τὴν
1402 2792 1502 2820 οἰκείαν
1528 2791 1615 2830 φυλὴν
1644 2791 1681 2827 μή
1707 2785 1859 2824 συναιρομέ-
