1936 3050
61 107 130 136 409

829 106 1026 138 HISTORIA.

1719 110 1780 141 “0

62 183 117 207 νην
143 171 219 208 αύτῷ
246 171 272 199 ἒν
294 174 354 204 τοῖς
379 171 558 210 βουλομένοις
582 172 638 207 (καὶ
657 171 706 209 γὰρ
721 172 765 199 καὶ
783 171 826 199 {lim

1014 182 1066 202 :em
1086 175 1226 204 adversus
1249 175 1330 212 ipsos
1341 175 1422 204 misit
1436 185 1443 210 ;
1458 184 1547 212 quam
1563 176 1671 204 infecta
1686 185 1717 204 re
1732 177 1778 204 fu-

63 215 113 243 καῖ
130 215 274 252 ἄπληστον
297 227 329 244 το
353 218 430 253 γένος
451 219 506 244 τῶν
520 217 665 254 Φράγγων,
682 215 788 253 μᾶλλον
810 215 838 244 δὲ
853 216 897 243 καὶ

65 261 233 298 ἀχάριστον,
257 260 302 288 καὶ
331 259 451 292 πολλοῖς
479 261 629 297 πταίσμασι
662 259 783 298 μεγάλας
810 261 898 292 αῗτίας

67 305 212 343 ἐπεγεῖρον
240 306 286 333 καὶ
314 306 436 343 ταραχὰς
465 305 510 332 καὶ
539 305 716 339 άποστασίας,
741 306 783 336 αἶς
807 305 898 343 ἐντρυ-

66 351 180 389 φήματι
211 350 348 387 γάννυται)
378 350 542 389 ἀπεπέμφθη
571 352 619 377 τοῦ
643 348 836 387 στρατοπέδου,
861 351 898 386 μή

65 396 199 432 καθαρῶς
216 395 263 431 μὲν
278 394 429 432 ἐλεγχθεὶς,
446 393 509 422 ἀλλ’
526 394 543 428 ἢ
569 395 650 431 μόνον
675 395 749 432 παρὰ
763 395 899 430 Νεμίτζου

66 440 142 470 τινὸς
169 439 307 475 ἐπισήμου
329 439 536 476 κατηγορηθείς.
562 439 595 467 Οἱ
622 437 651 466 δὲ
677 439 779 475 ἑταῖροι
800 439 899 466 τούτου

68 484 114 511 ἐπὶ
146 484 187 519 τῷ
216 483 338 521 γεγονότι
368 483 622 518 δεινοπαθήσαντες,
653 482 762 520 ἄραντες
793 482 823 510 ἐκ
850 485 899 510 τοῦ

68 528 218 567 φρουρίου,
250 529 300 562 τὴν
341 527 552 564 Μεσοποταμίαν
588 525 827 563 καταλαμϐάνουσι
853 528 898 554 καὶ

67 572 167 600 πολλᾶ
196 573 266 600 κακᾶ
290 576 348 604 τοῖς
373 572 459 600 ἐκεῖσε
480 571 646 609 εἰργάσαντο.
666 572 740 600 Ἐπεὶ
764 571 788 598 δ’
812 573 826 598 ὁ
853 572 899 608 βα-

69 615 166 648 σιλεὺς
194 616 262 653 μετὰ
283 615 406 652 πλήθους
430 617 494 651 ἧκεν
523 616 560 647 εἷς
586 616 758 653 Καισάρειαν,
773 615 899 653 Τούρκων

68 661 182 696 πλῆθος
212 659 286 688 πολὺ
317 661 408 698 μαθὼν
436 662 485 695 τὴν
513 661 606 698 χώραν
637 659 806 695 λεηλατοῦν,
836 660 900 687 ἆπὲ-

69 706 164 734 στειλε
195 706 278 742 μέρος
311 717 336 733 τι
363 707 412 740 τῆς
442 708 568 743 στρατιᾶς
590 706 649 733 κατ’
677 705 776 733 αὐτῶν.
807 703 900 740 Μηδὲν

71 751 184 785 ἀνύσας,
214 750 288 778 ἀλλᾶ
319 753 416 788 φεῦγον
446 749 644 786 ὑποδεξάμενος
661 771 669 783 ,
699 751 900 786 συντεταμένως

69 802 121 833 τῆς
156 799 252 837 πρόσω
278 802 361 838 φοράς
390 799 490 837 εἴχετο.
521 800 611 834 Μήπω
641 797 670 826 δὲ
701 799 770 835 μήτε
798 800 901 838 τάφρου

952 218 1080 254 gientem
1096 220 1255 255 excipiens.
1272 220 1433 248 continenti
1453 220 1557 248 itinere
1574 220 1696 248 ulterius
1713 229 1778 257 pro-

953 263 1034 298 gredi
1050 271 1207 299 aggressus
1223 267 1277 292 est.
1293 265 1366 293 Cum
1393 265 1523 292 nondum
1549 273 1643 300 neque
1669 265 1777 293 vallum

954 316 1048 343 neque
1076 309 1298 336 tabernaculum
1327 312 1529 337 constructum
1559 311 1647 343 esset,
1678 310 1778 337 hostes

954 360 1124 387 apparuere,
1137 353 1186 388 qui
1203 353 1353 380 tutissima
1367 353 1429 380 loca
1444 354 1628 389 occupabant
1639 355 1667 381 et
1681 355 1779 381 tumu-

954 396 1008 424 los.
1026 397 1108 424 Edito
1117 400 1215 425 autem
1227 397 1353 425 clamore
1364 406 1430 425 cum
1442 398 1602 433 imperator
1612 406 1675 426 sese
1687 397 1778 434 quieti

955 440 1076 468 minime
1105 441 1277 474 dedidisset,
1303 450 1403 469 verum
1428 441 1585 469 classicum
1612 442 1779 483 cecinisset.

955 498 1122 525 processere
1150 490 1252 518 ordine
1277 490 1449 526 phalanges,
1475 490 1660 526 sublatisque
1685 491 1778 524 signis

955 542 1122 570 processere
1137 534 1368 562 adversariorum
1384 535 1550 570 plures.Sed
1563 543 1630 562 cum
1648 535 1777 571 legiones

954 581 1156 614 oocnpassent,
1174 587 1231 606 una
1249 579 1410 614 Lycaonum
1427 581 1495 606 tunc
1517 579 1673 615 appellata,
1690 579 1780 607 altera

956 622 1187 650 Occidentalium
1208 623 1358 658 copiarum
1375 623 1461 651 solito
1477 623 1626 658 audacior,
1639 623 1779 650 adversus

957 667 1055 695 hostes
1071 667 1192 700 irruere,
1209 676 1258 695 eos
1273 668 1308 695 ad
1326 667 1425 703 fugam
1449 668 1548 694 statim
1559 669 1690 702 spectare
1713 675 1779 694 coe-

956 714 1071 748 gerunt.
1084 712 1191 740 Etcum
1210 712 1367 748 imperator
1382 712 1528 748 reliquum
1543 712 1700 739 exercitum
1713 712 1781 738 ante

956 756 1285 792 produceret,reliquam
1295 765 1411 792 quoque
1420 756 1547 784 hostium
1561 755 1780 783 multitudinem

960 814 1027 833 cum
1039 805 1104 833 aliis
1120 805 1299 841 fugientibus
1315 805 1404 832 simul
1420 804 1520 841 fugere
1535 804 1686 840 compulit.
1697 805 1781 832 Acce-

73 845 146 881 μήτε
176 844 339 879 σκηνώσεως
365 845 526 882 γενομένης,
557 843 690 882 ἐφάνησαν
720 843 745 870 οἱ
770 842 837 870 πολέ

1017 850 1094 877 tibus
1109 852 1206 877 autem
1232 849 1375 876 militibus
1391 852 1419 876 et
1431 849 1605 885 Scytharum
1630 856 1779 876 mercena-

71 889 105 917 τά
134 889 305 927 ἑρυμνότατα
333 891 386 915 τῶν
413 888 504 916 τόπων
534 887 696 925 κατέχοντες
721 887 766 914 καὶ
788 887 836 918 τάς
854 886 902 914 λο-

75 933 151 972 φιάς.
168 936 242 967 Βοῆς
269 931 297 960 δὲ
320 932 481 969 γενομένης,
499 933 536 968 μὴ
554 930 736 962 ἐκδεδωκότος
762 933 810 958 τοῦ
827 931 903 969 βασι-

76 977 150 1008 Λέως
169 977 263 1004 ἑαυτὸν
283 976 441 1011 ἀναπαύσει,
458 976 531 1004 ἀλλὰ
556 977 587 1004 τὸ
609 976 733 1004 ἐνυάλιον
761 975 904 1002 σαλπίσαν-

73 1033 134 1057 τος,
158 1022 296 1059 προῄεσαν
323 1022 392 1049 κατὰ
418 1021 491 1057 τάξιν
521 1022 549 1048 αἱ
579 1020 727 1058 φάλαγγες.
759 1021 901 1058 Ἀρθεισῶν

75 1065 104 1094 δὶ
125 1068 181 1093 τῶν
207 1068 334 1102 σημαιῶν
356 1064 509 1103 προέκοψαν
538 1065 585 1102 μὶν
608 1064 662 1092 τῶν
687 1064 813 1092 ἐναντίων
835 1064 905 1092 πολ-

74 1110 130 1138 λοί·
162 1107 359 1147 προλαϐόντων
393 1108 421 1137 δὶ
449 1112 502 1137 τῶν
531 1110 688 1147 ταγμάτων,
717 1109 745 1136 ἓν
773 1109 820 1145 μὶν
849 1111 902 1136 τῶν

74 1155 219 1183 Λυκαόνων
263 1153 411 1191 λεγόμενον
428 1176 436 1188 ,
463 1153 556 1190 ’ἕτερον
596 1152 625 1180 δὲ
660 1155 714 1181 τῶν
755 1152 904 1190 Ἑσπερίων

75 1199 214 1237 ἀριθμῶν,
242 1198 287 1226 καὶ
319 1201 368 1226 τοῦ
397 1199 529 1233 συνήθους
562 1197 724 1235 θρασύτερον
755 1197 823 1224 κατᾶ
851 1199 905 1224 τῶν

76 1243 204 1271 ἐναντίων
233 1243 366 1270 ὲΑάσαντα
392 1243 461 1280 πρὸς
489 1243 575 1281 φυγὴν
605 1242 682 1274 εὐθὺς
707 1240 812 1269 ἀπιδεῖν
837 1252 904 1269 κατ-

76 1287 259 1325 ηνάγκασαν.
291 1284 511 1325 Ηροϐιὸάζοντος
547 1285 576 1314 δὲ
610 1288 658 1314 τοῦ
693 1285 828 1323 βασιλέως
853 1286 902 1319 τὴν

77 1332 180 1367 λοιπὴν
205 1332 342 1367 στρατιὰν,
365 1331 410 1359 καὶ
436 1332 467 1359 τὸ
493 1331 590 1359 λοιπὸν
615 1333 722 1362 πλῆθος
747 1332 800 1357 τῶν
820 1329 903 1357 πολε-

79 1376 150 1412 μίων
175 1379 236 1404 τοῖσ
258 1376 386 1415 φεύγουσι
417 1374 584 1413 συνδιὲφυγε.
611 1374 767 1412 Παριόντων
796 1373 824 1401 δὲ
849 1376 903 1401 τῶν

78 1423 251 1458 στρατιωτῶν
288 1420 333 1448 καὶ
361 1422 410 1448 τοῦ
443 1422 640 1459 μισθοφορικοῦ
677 1421 732 1446 τῶν
767 1421 878 1450 Σκυθῶν
895 1440 902 1452 ,

77 1473 130 1498 τῶν
147 1468 243 1504 Οὕζων
263 1469 347 1508 φημὶ,
372 1468 458 1507 λόχος
484 1469 631 1506 Τουρκικὸς
655 1469 706 1496 οὐκ
731 1467 824 1506 ὀλίγος
843 1470 902 1498 τοῖς

75 1514 227 1551 Ῥωμαίοις
260 1514 435 1552 προσέπεσεν
465 1513 510 1544 οὓς
547 1512 687 1550 δεξάμενοι
718 1513 743 1540 οἱ
778 1511 938 1567 περιλει-Ο

97 1559 122 1567 Al
226 1557 233 1567 Ἰ
325 1557 335 1567 \
384 1558 391 1567 \
549 1559 562 1565 -ι
708 1556 715 1567 \
774 1557 779 1566 I
880 1555 901 1567 θ.

77 1559 186 1595 φθὲντες
212 1557 250 1589 εἷς
287 1557 412 1596 φυλακὴν
451 1559 633 1595 στρατιῶται,
663 1556 716 1594 πρὸ
745 1557 852 1584 πάντων
878 1555 901 1583 δ’

77 1603 102 1629 οἱ
124 1604 257 1640 Φράγγοι,
282 1601 327 1629 καὶ
352 1602 524 1639 ἀγχεμάχοις
546 1601 749 1638 συμπλακέντες
773 1601 818 1628 καὶ
843 1601 902 1628 ἰκα-

75 1649 128 1678 νῶς
154 1645 404 1683 ἀνθαμιλληθέντες
429 1646 585 1683 ὶτρὲψαντο,
615 1644 731 1682 μηδενὸς
756 1647 810 1672 τῶν
827 1645 902 1671 ἰστα-

79 1691 165 1728 μένων
200 1691 347 1728 ταγμάτων
371 1691 531 1726 Ῥωμαῖκῶν
565 1693 623 1720 τοῖς
651 1690 789 1727 Φράγγοις
820 1688 902 1726 μέχρι

78 1735 121 1762 καὶ
151 1734 241 1767 ἁπλῆς
268 1735 357 1772 ὁρμῆς
385 1731 659 1772 παραϐοηθήσαντος.
689 1734 730 1760 Ἐν
760 1733 850 1768 τούτῳ
879 1731 902 1759 δ’

80 1779 227 1816 ὑπέστρεψα
255 1780 300 1806 καὶ
328 1780 342 1806 ὁ
369 1777 496 1816 βασιλεὺς
518 1782 570 1813 τῆς
595 1777 713 1813 διώξεως
737 1778 804 1813 πρὸς
825 1776 902 1804 Eant.

79 1832 136 1861 ραν
167 1823 229 1861 περί
260 1822 353 1858 δείλην
383 1823 434 1860 γὰρ
462 1823 572 1857 συνέστη
600 1823 614 1849 ὸ
643 1822 781 1858 πόλεμος.
811 1823 849 1858 Τῇ
880 1819 902 1847 δ’

79 1867 205 1905 ἐπαύριον
234 1866 354 1904 δημοσίᾳ
375 1866 486 1899 καθίσας
508 1866 572 1898 τοὺς
595 1866 749 1897 ἑαλωκότας
771 1867 825 1893 τῶν
850 1876 902 1892 πο-

79 1911 182 1948 λεμίων
211 1914 245 1949 τῇ
273 1911 415 1947 τελευταίᾳ
442 1912 527 1948 ψήφῳ
555 1909 706 1949 παρέδωκε,
734 1908 850 1946 μηδενὸς
869 1909 902 1937 τὸ

79 1957 203 1992 παράπαν
228 1955 399 1994 φεισάμενος,
426 1954 492 1992 μηδ’
517 1955 599 1983 αὐτοῦ
621 1957 670 1982 τοῦ
693 1952 828 1992 ἡγεμόνος
851 1954 902 1981 αὖ·

77 2003 144 2036 τῶν,
159 2000 182 2027 εί
197 2001 241 2027 καὶ
266 1999 380 2028 πολλῶν
406 1999 512 2037 λύτρων
529 1997 610 2026 ὤνιον
627 1999 718 2026 ἑαυτὸν
734 2000 900 2033 ποιήσασθαι

78 2043 274 2081 ἐπηγγέλλετο.
300 2045 341 2081 [Ρ.
361 2045 425 2080 831]
449 2043 653 2081 Τριημερεύσας
682 2042 711 2070 δὲ
734 2043 748 2070 ὁ
774 2042 900 2080 βασιλεὺς

79 2089 103 2116 ἐν
127 2091 163 2125 τῇ
188 2086 363 2125 παρεμϐολῇ,
379 2090 419 2124 τῷ
434 2089 623 2126 προτερήματι
645 2086 734 2124 τούτῳ
757 2087 837 2125 κόρον
851 2086 901 2115 λα-

79 2131 144 2169 ϐὼν,
159 2132 278 2163 πολλοῖς
300 2131 390 2160 ἄδειαν
407 2131 508 2160 δέδωκε
526 2134 581 2159 τῶν
601 2131 725 2159 ἐναντίων
747 2132 901 2170 ἀποφυγῆς,

79 2182 115 2213 ὡς
145 2180 216 2218 μηδὲ
243 2183 294 2214 τῆς
324 2181 398 2212 λείας
419 2180 595 2218 ἀποσχέσθαι.
625 2181 675 2209 Καὶ
692 2180 807 2211 ἀναστάς
831 2179 900 2207 ἐκεῖ·

80 2232 121 2258 θεν
145 2212 258 2253 κατόπιν
273 2212 370 2253 ἀὐτῶν
395 2212 511 2260 ἐϐάδιζεῖ
535 2223 841 2262 Στρατοπεδευσάμενος
872 2222 901 2251 δὲ
917 2212 939 2244 D

80 2271 116 2301 ὡς
142 2270 196 2297 ἀπὸ
224 2268 408 2306 διαστήματος
437 2271 548 2306 ἡμερῶν
577 2268 624 2296 δύο
653 2273 703 2304 τῆς
730 2267 900 2304 Μελιτηνῆς,

80 2312 238 2342 ἐϐουλεύετο
277 2315 376 2351 μοῖράν
410 2323 471 2340 τινα
497 2315 546 2340 τοῦ
580 2315 695 2350 στραξοῦ
723 2312 903 2350 μερισάμενος

80 2359 184 2398 ἀφεῖναι
212 2361 271 2390 τοῖς
296 2357 429 2389 ἐναντίοις
457 2357 645 2395 ἐπιτείχισμα,
678 2357 761 2388 αὐτὸς
790 2355 819 2384 δὲ
846 2357 903 2392 ἅμα

81 2403 156 2431 παντὶ
185 2405 225 2439 τῷ
252 2404 359 2441 στρατῷ
398 2402 562 2439 ὑποστρέψαι
595 2402 664 2438 πρὸς
700 2402 734 2429 τά
768 2401 902 2439 βασίλεια.

82 2453 221 2489 ’Δγεννοῦς
248 2450 277 2479 δὶ
306 2453 357 2488 τῇς
388 2449 492 2488 βουλῆς
522 2449 635 2485 δοξάσης
668 2450 714 2478 καὶ
744 2450 903 2489 ἀσυμφόρου

85 2497 261 2533 μεταθέμενος
301 2495 363 2527 εὐθὺ
403 2497 451 2522 τοῦ
485 2495 627 2533 Εὐφράτου
668 2492 800 2522 ἐδάδισεψ
835 2495 903 2528 ἦσαν

84 2541 133 2578 γὰρ
149 2540 222 2577 παρὰ
235 2540 283 2571 τὰς
308 2537 394 2577 ὄχθας
418 2538 500 2566 αὐτοῦ
520 2538 704 2575 ἒσκηνωμένοι
718 2538 745 2565 οἱ
761 2537 904 2574 πολίμιοι,

84 2586 108 2612 οἳ
143 2584 188 2611 καὶ
217 2583 313 2611 αὐτίκα
350 2582 498 2620 πυθόμενοι
527 2584 576 2618 τὴν
603 2585 651 2610 τοῦ
684 2581 819 2621 βασιλέως
847 2582 906 2609 κατ’

86 2629 170 2656 αὐτῶν
197 2628 301 2663 κίνησιν
329 2628 505 2665 ἀνεχώρησαν
524 2649 530 2655 .
560 2628 591 2656 Ὀ
622 2626 651 2654 δὲ
689 2626 815 2664 βασιλεὺς
843 2626 906 2653 εὐθὺ

98 2672 320 2710 Ρωμανοπόλεως
347 2671 485 2705 ἐλαύνων,
515 2671 637 2698 κάκεῖθεν
665 2671 734 2708 πρὸς
756 2671 788 2698 τὸ
817 2669 908 2698 Χλέατ

90 2717 251 2755 διαγενέσθαι
283 2715 468 2754 βουλόμενος,
493 2715 521 2742 ἓν
550 2726 602 2743 τινι
627 2716 704 2751 τόπῳ
733 2718 907 2751 κατασκηνοῖ,

90 2762 130 2790 καὶ
146 2762 192 2789 τὸν
208 2761 359 2798 Φιλάρετον
376 2761 420 2795 (ἦν
438 2759 465 2788 δὲ
480 2762 528 2788 τοῦ
542 2762 595 2788 τῶν
612 2759 779 2798 Βραχαμίων
804 2759 908 2797 γένους)

959 895 1021 927 riis,
1039 894 1102 922 Uzis
1116 894 1247 929 inquam,
1266 893 1343 921 haud
1363 893 1467 928 exigua
1491 893 1652 921 Turcorum
1677 892 1782 920 cohors

958 938 988 965 in
1014 938 1160 965 Romanos
1184 938 1309 971 invasit;
1326 946 1400 973 quos
1425 937 1602 973 excipientes
1628 936 1721 964 relicti
1745 936 1782 964 ad

958 982 1120 1010 custodiam
1144 983 1261 1015 milites,
1287 985 1316 1009 et
1340 985 1406 1010 ante
1430 990 1533 1010 omnes
1556 981 1670 1016 Franci,
1690 981 1784 1009 comi-

959 1035 1073 1062 nusque
1088 1027 1236 1062 congressi
1249 1030 1277 1054 et
1286 1027 1402 1054 abunde
1415 1026 1535 1062 praeliati
1549 1025 1783 1059 fuderunt,nulla

958 1079 992 1098 ex
1007 1071 1146 1099 Romanis
1158 1071 1334 1106 legionibus,
1346 1079 1410 1106 qua)
1423 1071 1463 1098 ibi
1473 1071 1574 1106 positae
1585 1072 1678 1104 erant,
1692 1070 1782 1097 Fran-

958 1115 1000 1142 cis
1015 1115 1060 1142 vel
1076 1115 1202 1150 simplici
1219 1115 1329 1150 impetu
1343 1123 1426 1150 opem
1443 1116 1562 1143 ferente.
1580 1115 1692 1142 Interea
1709 1123 1783 1149 quo-

959 1168 1016 1195 que
1040 1168 1056 1187 a
1079 1159 1282 1195 persequendo
1308 1159 1434 1187 redierat
1462 1159 1621 1194 imperator
1644 1159 1717 1186 681
1745 1159 1782 1186 ad

958 1212 1110 1239 vesperam
1130 1212 1136 1232 :
1154 1212 1221 1231 nam
1238 1203 1410 1239 crepusculo
1425 1204 1519 1231 noctis
1542 1203 1700 1230 conﬂatum
1718 1203 1782 1230 fue-

960 1251 1004 1275 rat
1020 1248 1159 1283 praelium.
1187 1248 1330 1275 Postridie
1345 1255 1412 1275 vero
1427 1247 1543 1283 publice
1568 1256 1618 1282 pro
1645 1247 1783 1274 tribunali

959 1292 1064 1320 sedens
1080 1294 1181 1328 captos
1196 1292 1296 1320 hostes
1311 1294 1438 1319 extrema
1454 1292 1599 1320 sententia
1622 1291 1782 1325 damnavit,

959 1336 1069 1364 nemini
1086 1344 1205 1372 prorsus
1220 1344 1353 1371 parcens,
1369 1344 1401 1363 ac
1426 1344 1462 1363 ne
1486 1336 1542 1371 ipsi
1567 1336 1686 1371 quidem
1703 1335 1781 1370 ipso-

958 1388 1024 1408 rum
1040 1380 1118 1413 duci,
1135 1380 1253 1408 tametsi
1269 1380 1363 1407 multo
1388 1380 1480 1416 pretio
1505 1388 1536 1408 se
1559 1380 1781 1415 redempturum

957 1425 1160 1461 pollicebatur.
1170 1425 1312 1452 Triduum
1328 1433 1395 1452 vero
1411 1424 1439 1451 in
1455 1424 1561 1452 castris
1577 1427 1709 1452 moratus
1725 1424 1782 1451 im-

957 1472 1083 1505 perator,
1098 1469 1151 1496 hoc
1167 1477 1305 1504 prospero
1330 1476 1468 1496 successu
1494 1468 1631 1500 satiatus,
1647 1467 1783 1503 pluribus

958 1513 1094 1541 hostibus
1116 1513 1285 1549 aufugiendi
1301 1513 1422 1541 liberam
1439 1513 1562 1548 praebuit
1585 1511 1782 1543 occasionem,

958 1562 1000 1589 ita
1020 1565 1052 1589 ut
1077 1569 1112 1589 ne
1136 1571 1152 1589 a
1177 1562 1272 1596 praeda
1294 1562 1414 1597 quidem
1440 1569 1504 1589 sese
1526 1561 1731 1588 abstinuerint.
1751 1561 1784 1587 Et

957 1607 1025 1633 inde
1041 1606 1187 1642 profectus
1203 1614 1219 1633 a
1234 1608 1315 1641 tergo
1330 1606 1461 1640 ipsorum
1478 1605 1642 1640 incedebat,
1655 1607 1683 1632 et
1699 1604 1782 1632 bidui

957 1651 1053 1686 spatio
1069 1659 1085 1678 a
1100 1650 1233 1678 Melitene
1249 1649 1352 1677 castris
1370 1650 1473 1685 positis
1499 1650 1646 1677 statuebat
1671 1651 1781 1685 partem

957 1695 1117 1730 quamdam
1142 1695 1287 1722 exercitus
1313 1694 1439 1721 divisam
1464 1693 1640 1729 relinquere,
1658 1695 1690 1720 ut
1705 1695 1783 1721 esset

956 1739 1092 1767 hostibus
1109 1739 1455 1774 propugnaculum.Quod
1473 1738 1628 1765 consilium
1645 1746 1711 1765 cum
1727 1737 1784 1764 mi-

958 1784 1035 1811 nime
1050 1791 1225 1819 generosum
1249 1783 1345 1809 visum
1371 1784 1449 1810 esset
1472 1784 1501 1810 et
1530 1782 1644 1814 inutile,
1670 1784 1784 1809 mutata

957 1828 1112 1860 sententia,
1129 1829 1208 1854 recta
1224 1827 1257 1854 ad
1272 1826 1448 1862 Euphratem
1466 1826 1616 1854 contendit
1638 1826 1681 1853 Ad
1697 1826 1783 1860 cujus

958 1872 1038 1908 ripas
1068 1870 1257 1899 tabernacula
1285 1870 1384 1898 hostes
1413 1873 1583 1905 posuerant,
1608 1871 1658 1904 qui
1682 1869 1781 1896 statim

957 1916 1058 1944 audito
1074 1915 1260 1951 imperatoris
1275 1917 1377 1942 contra
1386 1922 1416 1942 se
1428 1916 1509 1941 motu
1521 1916 1715 1941 recesserunt.
1729 1914 1783 1940 Im-

957 1963 1074 1996 perator
1089 1962 1184 1987 autem
1202 1961 1280 1986 recta
1295 1958 1330 1985 ad
1347 1957 1570 1993 Romanopolim
1588 1957 1781 1991 contendens,

956 2007 986 2032 et
999 2004 1067 2031 inde
1091 2004 1127 2031 ad
1151 2003 1254 2031 Chleat
1277 2002 1422 2038 proficisci
1449 2002 1583 2037 studens,
1599 2002 1728 2037 quodam
1751 2000 1781 2027 in

956 2048 1018 2076 loco
1034 2050 1131 2076 castra
1160 2047 1261 2083 ponit;
1278 2048 1306 2074 et
1323 2046 1500 2073 Philaretum
1529 2046 1602 2081 (erat
1616 2045 1663 2072 hic
1678 2052 1783 2081 genere

956 2092 1159 2126 Brachamius)
1173 2092 1277 2118 ducem
1292 2099 1359 2118 cum
1375 2099 1492 2118 summa
1515 2092 1658 2125 potestate
1683 2088 1783 2116 decla-

957 2140 1002 2164 rat
1018 2146 1024 2166 :
1041 2137 1133 2164 diviso
1145 2136 1224 2163 enim
1240 2135 1374 2162 bifariam
1397 2134 1526 2162 exercitu
1551 2134 1698 2161 fortiorem
1724 2132 1781 2168 ipsi

957 2184 1071 2216 partem
1097 2179 1242 2212 attribuit,
1268 2179 1380 2206 homini
1406 2178 1562 2206 militarem
1593 2176 1780 2213 prudentiam

954 2225 1080 2261 gloriose
1103 2223 1262 2260 profitenti,
1287 2223 1337 2251 sed
1366 2223 1462 2258 turpis
1476 2230 1509 2250 ac
1530 2222 1680 2249 dissolutas
1704 2220 1782 2254 vita,

955 2274 1186 2309 turpissimaque
1195 2272 1284 2299 vitam
1301 2279 1384 2298 suam
1398 2270 1581 2306 transigenti,
1594 2270 1702 2305 quique
1713 2277 1780 2296 cum

955 2317 1058 2345 Turcis
1083 2317 1160 2344 varie
1189 2318 1343 2352 pugnarat,
1368 2316 1418 2343 sed
1440 2315 1467 2342 in
1493 2314 1613 2342 maximi
1638 2314 1781 2341 momenti

957 2362 1044 2389 rebus
1057 2361 1222 2388 debellatus
1242 2360 1347 2392 fuerat,
1362 2360 1391 2386 et
1405 2358 1470 2386 ideo
1486 2357 1666 2394 contemptui
1692 2357 1782 2385 habe-

957 2406 1061 2439 batur;
1078 2414 1134 2433 non
1151 2408 1249 2433 tamen
1265 2404 1301 2431 ab
1318 2404 1354 2431 iis
1369 2412 1398 2431 se
1412 2402 1591 2435 continebat,
1613 2402 1664 2430 sed
1690 2401 1784 2437 impe-

957 2450 1034 2478 rium
1065 2449 1191 2477 militare
1219 2449 1256 2476 ob
1286 2448 1363 2476 682
1392 2447 1545 2475 avaritiam
1570 2450 1600 2474 et
1623 2446 1784 2482 peregrina:

958 2494 1066 2522 militiae
1088 2493 1235 2529 stipendia
1261 2493 1455 2528 exspectabat.
1482 2492 1642 2527 Imperator
1656 2498 1723 2518 vero
1748 2489 1784 2517 ad

958 2540 1056 2574 partes
1069 2538 1162 2574 magis
1173 2537 1268 2565 Boreae
1284 2537 1431 2572 subjectae
1449 2536 1583 2570 accessit,
1599 2537 1632 2562 ut
1646 2535 1686 2562 ibi
1703 2535 1784 2561 nives

959 2585 988 2611 et
1011 2591 1099 2618 quam
1123 2581 1269 2618 frigidam,
1286 2590 1303 2609 a
1318 2581 1438 2617 quibus,
1459 2580 1536 2616 quod
1561 2581 1639 2607 esset
1665 2586 1786 2613 corpore

961 2627 1121 2655 admodum
1147 2626 1271 2658 calidus,
1289 2625 1344 2652 sibi
1361 2627 1523 2660 temperare
1539 2623 1690 2659 nequibat,
1707 2622 1786 2649 inve-

961 2672 1047 2698 niret.
1073 2672 1307 2705 Progressusque
1323 2677 1373 2704 per
1385 2676 1487 2704 aspera
1502 2668 1635 2703 quaedam
1658 2669 1687 2694 et
1706 2665 1786 2693 difﬁ-

963 2715 1030 2744 cilia
1058 2715 1121 2742 loca
1146 2715 1180 2741 ad
1206 2713 1302 2741 locum
1331 2714 1488 2748 quemdam
1518 2712 1639 2739 Anlhias
1666 2710 1785 2738 nomine

965 2759 1105 2796 pervenit,
1122 2758 1280 2786 herbarum
1304 2759 1334 2786 et
1356 2757 1445 2785 tritici
1471 2755 1619 2784 fertilitate
1644 2755 1786 2791 praeten-
