1936 3050
143 97 200 128 ιιι

804 95 969 127 JOANNIS
990 94 1193 126 SCYLITZIE

1786 93 1852 124 “2

142 167 214 198 tem,
244 163 354 199 quique
383 163 461 191 haud
490 163 667 191 mediocrem
697 162 898 199 suppeditaret

1086 162 1172 199 ιτηγὸν
1188 160 1367 189 ἀναδείκνυσιν
1391 159 1488 188 διελὼν
1512 161 1562 197 γὰρ
1579 158 1645 198 διχῆ
1671 159 1717 187 τὸν
1734 159 1850 196 στρατὸν

143 208 396 236 commorantibus
410 208 644 240 oblectationem,
661 208 769 243 quippe
797 215 864 234 cum
888 206 968 233 illius

143 256 226 281 terra:
241 252 400 280 umbilicus
416 255 504 280 esset.
521 252 590 279 Inde
615 252 745 279 Taurum
766 254 906 283 montem,
923 250 967 277 in-

144 298 315 333 digenarum
340 297 440 332 lingua
470 297 640 324 Munzarum
670 295 847 331 appellatum
871 297 968 322 trans-

144 350 264 378 gressus
281 341 308 368 in
326 341 474 377 regionem
492 341 611 368 nomine
626 340 776 369 Celzenem
787 348 818 367 se
830 338 966 374 contulit,

144 387 252 414 iterum
273 386 447 413 transmisso
473 386 618 421 Euphrate
644 385 731 412 ﬂuvio
756 384 968 420 prmterﬂuente

145 439 179 458 ac
207 430 363 462 dividente,
390 433 531 465 tanquam
557 430 693 462 conﬁnio,
719 432 846 456 montem
870 429 968 463 ipsum

144 477 173 502 et
185 474 345 502 Celzenem.
363 474 469 501 Milites
483 482 550 501 vero
566 482 633 501 cum
659 473 801 501 Philareto
825 472 915 500 relicti
932 472 968 500 ob

145 519 300 547 adventum
314 518 443 546 hostium
459 521 568 546 terrore
583 517 719 554 completi
734 518 888 553 animoque
904 525 968 552 per-

146 563 219 591 culsi
236 571 309 598 pone
324 563 528 599 imperatorem
546 563 618 590 locis
634 563 742 590 relictis
759 563 967 598 sequebantur,

146 616 272 644 quorum
288 608 362 644 ipsis
377 608 510 634 custodia
523 608 617 634 fuerat
632 607 802 639 commissa,
819 606 912 642 quoad
931 606 968 633 ad

145 660 177 680 ea
192 652 255 680 loca
269 661 332 688 quas
347 652 475 679 diximus
491 652 615 679 Anthias
634 651 729 679 vocari
754 653 966 687 pervenerunt;

146 697 196 724 ubi
211 705 277 724 cum
294 697 393 724 hostes
408 704 525 732 quoque
541 705 558 724 a
573 698 652 731 tergo
670 694 968 731 apparuissent,turpi

146 750 178 770 se
204 742 279 777 fuga:
304 741 346 769 vel
362 743 429 768 ante
442 743 588 768 certamen
601 741 818 772 commisere.et
828 740 864 767 ad
876 739 967 774 impe-

146 788 271 814 ratorem
287 786 317 813 in
334 786 483 813 Celzenem
499 793 530 812 se
545 793 560 812 e
571 785 694 821 vestigio
710 784 866 812 contulere.
889 784 965 820 Ipso-

147 839 273 866 rumque
301 830 518 865 impedimentis
535 829 619 865 potiti
635 832 703 856 sunt
718 828 887 856 adversarii.
904 828 968 855 Haec

146 875 187 902 ita
209 874 376 902 renuntiata
398 874 557 901 admodum
585 874 791 909 perturbarunt
812 873 969 908 imperato-

146 918 273 954 rem,qui
281 923 344 946 tum
355 927 473 946 suorum
486 918 599 946 cladem
608 920 669 946 tum
680 917 808 945 hostium
817 917 968 944 victoriam

146 963 225 990 haud
255 971 337 998 aequo
364 962 474 990 ferebat
501 962 599 989 animo
621 974 627 994 ;
653 970 727 996 quos
756 961 812 988 nisi
842 961 968 996 impera-

147 1006 220 1034 toris
245 1006 338 1041 ipsius
362 1006 440 1033 fama
461 1008 570 1033 terrore
586 1004 761 1041 complesset
780 1005 970 1041 ipsorumque

147 1051 292 1086 impetum
308 1049 407 1086 aliqua
423 1058 456 1078 ex
472 1053 553 1086 parte
572 1050 804 1085 compressisset,
821 1049 894 1077 nihil
917 1049 968 1076 ob-

148 1096 274 1124 stitisset
290 1095 367 1122 683
383 1094 541 1130 quominus
566 1094 732 1122 universam
756 1096 864 1122 terram
890 1093 969 1121 illam

148 1139 315 1175 depopulati
332 1139 466 1167 funditus
481 1139 662 1166 evertissent.
681 1139 858 1166 Recedentes
881 1138 970 1174 igitur

147 1186 228 1212 recta
241 1185 271 1211 in
287 1184 432 1220 regionem
449 1184 650 1220 Cappadocum
672 1183 757 1211 solito
781 1191 860 1211 more
883 1183 969 1210 vehe-

149 1231 261 1257 menter
288 1229 514 1262 contendebant,
540 1237 572 1255 ex
598 1228 700 1256 itinere
729 1228 758 1255 in
788 1235 969 1264 quascunque

148 1273 311 1301 inciderant
336 1273 511 1308 praedantes,
534 1275 562 1300 et
586 1280 653 1300 cum
680 1272 759 1300 omni
785 1273 913 1299 exercitu
938 1271 968 1298 in

145 1317 234 1345 Iconii
259 1317 471 1352 rempublicam
496 1317 678 1352 invadentes,
704 1325 767 1352 quas
791 1319 819 1344 et
841 1316 970 1344 virorum

147 1361 336 1389 multitudine
365 1363 393 1388 et
417 1361 571 1389 domorum
598 1363 685 1396 atque
710 1361 833 1388 aliarum
859 1368 969 1393 rerum,

147 1414 209 1441 quae
226 1406 292 1434 usui
309 1408 389 1441 sunt,
405 1405 488 1441 copia
504 1405 671 1441 praestabat.
689 1406 847 1441 Imperator
870 1407 968 1432 autem

146 1451 176 1478 in
206 1449 336 1484 Celzene,
353 1458 420 1477 cum
444 1458 493 1477 eos
507 1450 556 1485 qui
573 1449 708 1485 dissipati
731 1449 866 1485 fugerant
886 1457 969 1476 exce-

146 1494 247 1530 pisset,
260 1502 295 1521 ne
310 1494 346 1521 ab
361 1494 516 1525 Armeniis,
533 1494 610 1529 quod
631 1493 738 1521 deserti
768 1496 875 1528 essent,
892 1493 969 1528 peri—

146 1540 219 1573 rent,
235 1546 310 1573 pone
324 1538 424 1566 hostes
440 1538 562 1565 redibat.
580 1537 711 1573 Cumque
734 1538 876 1572 judicium
893 1537 969 1565 inter

146 1583 252 1610 ducem
267 1584 297 1609 et
313 1582 420 1609 milites
449 1582 662 1616 constituisset,
690 1581 763 1609 nulli
790 1581 863 1617 parti
887 1581 967 1609 litem

145 1626 334 1662 adjudicavit,
350 1634 416 1653 cum
436 1626 490 1654 hoc
511 1626 605 1653 solum
630 1625 813 1661 exploratum
837 1625 967 1660 haberet,

145 1673 262 1706 excepto
278 1670 453 1705 imperatore
470 1669 541 1697 nihil
557 1678 621 1697 esse
638 1669 715 1697 aliud
736 1670 812 1705 quod
829 1670 967 1698 Romanis

144 1714 272 1742 conflare
287 1714 395 1742 bellum
412 1714 514 1750 possit,
530 1715 608 1750 quod
626 1714 753 1741 maxima
779 1723 845 1750 pars
858 1714 966 1742 exerci-

143 1761 192 1787 tus
209 1761 276 1787 ante
291 1759 459 1795 defatigata,
476 1759 525 1792 sit,
542 1761 568 1786 et
585 1759 663 1794 quod
680 1759 768 1786 duces
779 1758 869 1786 velint
877 1758 919 1785 vel
930 1758 966 1786 ob

143 1804 264 1840 exiguos
280 1812 436 1839 prosperos
451 1811 607 1831 successus
623 1803 766 1830 maximos
781 1803 835 1830 sibi
852 1805 880 1830 et
903 1803 966 1830 suis

142 1848 269 1876 honores
284 1850 312 1875 et
327 1848 447 1883 praemia
470 1847 625 1883 spondere,
641 1849 705 1874 tum
721 1846 808 1874 etiam
824 1847 899 1882 quod
916 1846 966 1874 alii

142 1893 240 1920 minus
265 1892 376 1920 alacres
392 1892 427 1920 ad
445 1894 565 1919 strenua
589 1893 617 1919 et
641 1891 735 1919 virilia
761 1891 890 1919 facinora
914 1899 964 1927 pa—

140 1937 245 1964 tranda
261 1937 439 1970 reddantur;
456 1937 533 1971 quod
551 1936 671 1971 quidem
685 1938 827 1972 prasente
842 1935 965 1971 impera-

140 1984 203 2009 tore
216 1981 278 2008 fieri
294 1981 406 2016 nequit,
423 1988 490 2007 cum
506 1980 568 2015 ipse
585 1980 673 2008 rebus
700 1989 827 2016 praesens
851 1980 965 2007 omnia-

143 2033 201 2061 que
229 2025 360 2060 quotidie
397 2024 580 2060 conspicieus
619 2023 784 2051 laborantes
818 2033 869 2059 pro
902 2027 966 2051 rata

143 2069 278 2097 laborum
304 2071 384 2104 parte
409 2070 655 2096 remuneraretur.
681 2069 840 2104 Imperator
867 2071 965 2096 autem

142 2122 193 2149 per
208 2113 352 2141 coloniam
368 2115 396 2141 et
413 2112 617 2140 Armeniorum
640 2112 787 2148 regionem
811 2121 904 2148 usque
929 2113 964 2141 ad

139 2158 290 2186 Sebastem
315 2165 382 2185 cum
407 2158 532 2185 exercitu
561 2157 708 2192 profectus
727 2159 790 2191 est;
821 2157 869 2184 ubi
898 2165 962 2184 cum

137 2202 322 2238 cognovisset
336 2202 445 2229 Turcos
461 2202 495 2229 ad
513 2201 651 2229 Pisidiam
668 2203 695 2228 et
711 2200 884 2237 Lycaoniam
909 2202 963 2229 ad-

137 2248 257 2274 ventare
272 2255 305 2274 eo
321 2245 442 2273 consilio
459 2247 491 2273 ut
506 2245 636 2273 Iconium
660 2247 800 2280 peterent,
816 2245 878 2281 ipse
893 2253 963 2281 ί]υο-

139 2298 195 2325 que
210 2293 368 2318 extremum
385 2297 489 2326 agmen
512 2297 610 2317 eorum
631 2289 785 2316 insecutus
808 2298 902 2325 usque
926 2290 960 2317 ad

138 2334 270 2362 Herculis
295 2334 489 2370 Comopolim,
513 2334 554 2360 ita
576 2333 695 2367 dictam,
721 2334 860 2368 pervenit.
886 2334 963 2362 684

139 2378 193 2406 Ubi
209 2387 276 2406 cum
292 2379 442 2406 didicisset
457 2379 536 2413 ipsos
560 2385 659 2405 everso
685 2378 782 2405 Iconio
806 2378 962 2413 proﬁcisci,

138 2422 244 2450 veritos
256 2431 291 2451 ne
307 2431 338 2451 se
353 2423 402 2450 ille
418 2424 650 2458 persequeretur,
668 2425 781 2457 partem
804 2423 961 2458 quamdam

136 2467 285 2503 legionum
315 2468 344 2494 in
369 2467 499 2494 Ciliciam
520 2466 610 2499 misit,
637 2474 699 2502 quas
724 2475 790 2494 cum
814 2467 961 2495 Cataturio

138 2511 297 2539 Antiochiae
312 2512 386 2538 duce
401 2511 637 2546 coniungeretur.
654 2511 714 2538 viro
730 2519 882 2547 generoso,
899 2512 962 2547 qui-

136 2564 192 2592 que
217 2556 334 2583 virtutis
359 2555 441 2590 prius
465 2555 558 2582 multa
582 2555 756 2583 documenta
778 2555 907 2589 dederat,
928 2558 961 2583 ut

134 2609 168 2628 ea
183 2603 302 2636 accepta
316 2600 412 2636 primo
427 2608 543 2636 quoque
559 2602 688 2635 tempore
700 2600 735 2628 ad
748 2600 959 2636 Mopsuestiam

1021 206 1052 232 τὸ
1077 205 1253 243 ἰσχυρότερον
1278 206 1353 241 αὐτῷ
1373 204 1540 239 ἐπιδίδωσιν,
1565 203 1640 241 ἀνδρὶ
1664 203 1851 241 στρατηγικὴν

1024 250 1072 285 μὶν
1087 250 1218 288 αὐχοῦντι
1240 251 1394 288 περιωπήν,
1419 249 1536 287 αἶσχροῦ
1558 247 1586 276 δὲ
1611 248 1671 286 βίου
1699 247 1744 275 καὶ
1769 247 1851 285 ἐπιῤ-

1023 294 1107 332 ῥήτου
1130 294 1304 332 τυγχάνοντι,
1331 294 1376 321 καὶ
1401 293 1548 331 αῗσχίστως
1567 294 1616 327 τήν
1634 293 1729 319 ἑαυτοῦ
1747 293 1849 329 βιοτὴν

1023 338 1167 374 διανύοντι,
1191 340 1236 366 καὶ
1261 339 1441 376 μαχεσαμένῳ
1466 338 1513 374 μὶν
1538 341 1596 368 τοῖς
1625 336 1754 374 Τούρκοις
1784 335 1850 364 δια.-

1023 383 1125 422 φόρως,
1155 383 1181 410 ἐν
1207 386 1266 415 τοῖς
1296 383 1434 420 μεγίστοις
1460 381 1488 409 δὲ
1517 381 1769 418 καταπολιμηθέντι
1799 381 1848 408 καὶ

1023 427 1067 455 διὰ
1093 430 1174 456 τοῦτο
1199 427 1449 466 καταφρονηθέντι,
1480 427 1512 454 οὐ
1544 427 1597 462 μὴν
1627 425 1650 454 δ’
1679 425 1852 463 ἀπεχομὲνῳ

1022 473 1129 507 τούτου,
1155 472 1218 500 ἀλλ’
1243 473 1414 510 ὲπιτρὲχοντι
1437 474 1471 508 τῇ
1496 471 1628 508 ἡγεμονίᾳ
1651 469 1695 498 διὰ
1719 471 1853 509 φιλοκερ-

1023 516 1094 549 δείας
1118 518 1162 545 καὶ
1193 517 1345 554 φιλοξενίας
1372 516 1508 543 ὑπόθεσιν.
1531 517 1591 544 Τῶν
1616 514 1644 542 δὲ
1667 514 1852 553 βορειοτέρων

1025 563 1113 599 μερῶν
1133 562 1146 589 ὁ
1169 562 1297 599 βασιλεὺς
1322 559 1471 588 ἐπελάϐετο
1497 559 1531 588 δι’
1557 559 1659 597 εὕρεσιν
1681 559 1776 597 χιόνος
1802 559 1851 586 καὶ

1024 605 1126 634 ὑδάτων
1142 607 1265 644 ψυχρῶν·
1288 606 1412 644 ἀκρατῶς
1435 605 1485 643 γὰρ
1510 604 1568 642 εἶχε
1587 604 1702 638 τούτων,
1718 604 1749 631 τὸ
1766 605 1853 640 σῶμα

1023 651 1090 678 κατὰ
1116 650 1188 678 πολὺ
1218 649 1486 686 διαθερμαινόμενος.
1519 648 1637 676 Διελθὼν
1669 647 1697 676 δὲ
1721 647 1766 676 διὰ
1779 658 1853 686 τρα-

1022 695 1094 733 χέων
1119 695 1164 722 καί
1185 692 1324 722 δυσϐάτων
1354 694 1445 722 τόπων
1475 693 1513 726 εἵς
1541 703 1600 720 τινα
1622 692 1705 720 τόπον
1729 691 1852 729 λεγόμε-

1021 750 1064 766 νον
1094 739 1201 771 Ἀνθίας
1230 739 1390 774 κατήντησε·
1419 738 1561 775 ποηφόρος
1591 736 1620 764 δὲ
1648 738 1662 764 ὁ
1691 736 1774 767 τόπος
1802 736 1852 763 καὶ

1022 784 1175 823 σιτοφόρος,
1199 784 1244 811 καὶ
1271 783 1437 821 ψυχαγωγία
1460 782 1491 810 οὐ
1519 782 1603 820 μικρὰ
1626 784 1684 814 τοῖς
1710 781 1735 808 ἐν
1755 781 1852 817 τούτῳ

1021 828 1190 865 καταίρουσι,
1221 829 1265 856 καὶ
1305 830 1362 855 οἷον
1400 827 1524 866 ὀμφαλὸς
1562 826 1665 861 ἐκείνης
1701 830 1750 861 τῆς
1782 828 1848 864 γῆς.

1024 874 1138 901 Ἐκεῖθεν
1168 871 1197 900 δὲ
1232 873 1277 900 τὸν
1307 874 1411 910 Ταῦρον
1439 873 1470 900 τὸ
1499 871 1583 908 ὅρος,
1612 872 1658 898 τὸν
1687 871 1850 909 ἐπιχωρίως

1023 917 1192 953 καλούμενον
1212 916 1382 953 Μούνζαρον,
1410 914 1526 954 ὑπερϐὰς
1551 916 1589 947 εἴς
1614 916 1664 950 τήν
1686 915 1848 950 Κιλτζηνῆν

1024 962 1176 999 λεγομένην
1217 961 1310 999 χώραν
1339 962 1508 997 κατήντησε,
1535 961 1565 987 τὸ
1594 959 1718 999 δεύτερον
1748 958 1847 991 διαϐὰς

1023 1008 1068 1034 τὸν
1090 1007 1232 1045 Εὐφράτην
1256 1006 1379 1042 ποταμὸν
1405 1005 1591 1044 παραρρέοντα
1618 1004 1662 1032 καὶ
1690 1003 1849 1042 διαιροῦντα

1023 1051 1053 1078 τό
1077 1062 1106 1078 τε
1128 1049 1191 1087 ὅρος
1215 1050 1260 1078 καὶ
1284 1051 1333 1084 τήν
1358 1050 1518 1085 Κελτζηνήν
1543 1049 1633 1087 ὥσπερ
1657 1050 1794 1087 μεθόριον.
1812 1049 1849 1077 Οἱ

1024 1095 1053 1123 δὲ
1082 1096 1149 1132 μετᾶ
1174 1097 1222 1122 τοῦ
1251 1095 1404 1133 Φιλαρέτου
1428 1094 1651 1132 καταλειφθέντες
1673 1096 1848 1130 στρατιῶται,

1024 1140 1049 1175 ἐξ
1078 1140 1232 1177 ἐπιφανείας
1260 1141 1313 1166 τῶν
1343 1138 1470 1166 ἐναντίων
1493 1138 1589 1170 πτοίας
1612 1137 1779 1174 πλησθέντες
1801 1138 1850 1166 καὶ

1023 1185 1069 1215 τὰς
1098 1184 1188 1221 ψυχὰς
1217 1185 1432 1215 κατασεισθέντες
1449 1205 1456 1217 ,
1485 1183 1597 1211 κατόπιν
1624 1185 1672 1210 τοῦ
1711 1182 1849 1221 βασιλέως

1024 1227 1147 1263 ἐϐάδιζον
1166 1251 1172 1263 ,
1201 1228 1265 1259 τοὺς
1302 1229 1402 1259 τόπους
1438 1228 1546 1265 ἀφέντες
1577 1228 1614 1254 ὧν
1641 1228 1691 1262 τήν
1719 1227 1847 1265 φυλακήν

1024 1272 1219 1310 ἐπετράπησαν,
1234 1271 1286 1304 ἕως
1314 1272 1351 1304 εἰς
1377 1272 1440 1303 τοὺς
1466 1272 1628 1309 εἷρημένους
1654 1271 1758 1303 Ἀνθίας
1780 1282 1847 1299 κατ-

1023 1319 1152 1352 ήντησαν.
1183 1316 1321 1344 Κάνταῦθα
1349 1315 1378 1344 δὶ
1405 1319 1458 1344 τῶν
1487 1316 1629 1352 πολεμίων
1659 1316 1795 1352 φανέντων
1821 1315 1847 1352 ἐξ

1024 1361 1154 1399 οὐραγίας
1183 1361 1306 1399 αἰσχρῶς
1333 1364 1382 1395 τῆν
1413 1361 1502 1398 φυγὴν
1528 1361 1572 1388 καὶ
1600 1360 1654 1398 πρὸ
1678 1363 1726 1388 τοῦ
1746 1359 1848 1397 ἀγωνί-

1024 1416 1126 1442 σματος
1151 1405 1269 1438 εἵλοντο,
1293 1405 1338 1433 καὶ
1363 1406 1431 1442 πρὸς
1452 1405 1498 1432 τὸν
1524 1403 1636 1442 βασιλέα
1657 1404 1695 1435 εἲς
1710 1406 1758 1439 τὴν
1776 1404 1846 1432 Κελ-

1022 1451 1124 1485 τζηνήν
1140 1447 1289 1477 κατέλαϐον
1314 1449 1344 1476 ἐκ
1367 1448 1450 1481 ποδός
1487 1450 1544 1483 Τῆς
1565 1448 1593 1476 δέ
1616 1459 1646 1486 γε
1660 1449 1763 1476 τούτων
1779 1449 1847 1476 ἀπο-

1025 1495 1121 1528 σκευῆς
1148 1493 1173 1521 οῐ
1202 1492 1317 1520 ἐναντίοι
1346 1494 1469 1531 γεγόνασι
1497 1492 1588 1531 κύριοι
1606 1514 1611 1521 .
1641 1494 1722 1521 Ταῦθ’
1760 1493 1847 1524 οὕτως

983 1527 1005 1561 c
1024 1527 1189 1575 ἀγγελθέντα
1217 1537 1304 1565 πολὺν
1325 1527 1403 1572 ὲνῆκε
1426 1540 1465 1573 τῷ
1501 1527 1608 1575 βασιλεῖ
1634 1537 1680 1564 τὸν
1701 1537 1846 1574 ἐναγώνιον

1022 1580 1150 1619 θόρυϐον,
1177 1582 1221 1609 ἐπί
1249 1592 1278 1609 τε
1305 1584 1340 1619 τῇ
1369 1585 1421 1609 τῶν
1451 1582 1559 1610 οἲκείων
1581 1582 1650 1618 ἥττῃ
1674 1582 1719 1609 καὶ
1741 1584 1845 1618 τῇτῶν

1022 1627 1148 1654 ἐναντίων
1175 1626 1235 1663 νίκῃ
1261 1626 1292 1653 οὗ
1316 1628 1443 1664 φορητῶς
1470 1628 1509 1663 [Ρ.
1525 1627 1589 1663 832]
1611 1627 1844 1663 σκυθρωπάσαντι.

1021 1671 1070 1698 Καὶ
1094 1671 1117 1698 εἰ
1143 1672 1181 1707 μὴ
1204 1672 1221 1705 ἡ
1245 1673 1294 1698 τοῦ
1320 1670 1455 1708 βασιλέως
1480 1671 1560 1708 φήμη
1585 1670 1683 1701 αὐτοὺς
1712 1670 1846 1707 περιδεεῖς

1020 1716 1207 1753 κατειργιὶζετο
1232 1715 1276 1742 καὶ
1309 1715 1358 1748 τήν
1391 1715 1479 1751 ὁρμὴν
1507 1714 1595 1741 αὐτῶν
1624 1716 1716 1745 ποσῶς
1744 1713 1844 1742 διεκώ-

1021 1758 1094 1793 λυεν,
1109 1758 1184 1786 οὐδὲν
1200 1759 1233 1793 ἦν
1259 1759 1290 1786 τὸ
1313 1757 1421 1786 κωλύον
1444 1758 1585 1795 σύμπασαν
1607 1758 1704 1789 αὐτοὺς
1719 1759 1768 1793 τὴν
1789 1763 1841 1796 γῆν

1020 1803 1123 1839 ἐκείνην
1151 1802 1367 1838 καταληΐσασθαι
1391 1803 1435 1830 καὶ
1462 1802 1668 1840 ἔξολοθρεῖισαι.
1700 1803 1844 1841 Ὀπισθόρ-

1022 1858 1103 1884 μητοι
1120 1846 1148 1875 δὶ
1169 1847 1309 1884 γενόμενοι
1336 1846 1396 1874 εὐθὺ
1420 1849 1469 1874 τοῦ
1489 1847 1603 1883 θέματος
1617 1849 1671 1874 τῶν
1693 1846 1842 1876 Καππαδο-

1019 1894 1073 1919 κῶν
1094 1892 1162 1919 κατὰ
1175 1891 1206 1919 τὸ
1233 1891 1384 1927 εἰθισμένον
1411 1891 1532 1928 ἀκρατῶς
1557 1889 1688 1926 ἤλαυνον,
1712 1891 1844 1926 καταληῐ-

1021 1936 1130 1972 ζόμινοι
1148 1936 1194 1972 μὲν
1219 1936 1249 1963 τὸ
1273 1936 1426 1973 πςοστυχὸν
1454 1935 1478 1971 ἐξ
1496 1934 1605 1974 ἐφόδου,
1621 1935 1793 1974 ἐφορμῶντες
1813 1936 1843 1964 δὲ

1019 1982 1184 2017 πανστρατιᾷ
1198 1979 1266 2007 κατὰ
1289 1981 1337 2013 τῆς
1352 1982 1401 2007 τοῦ
1428 1979 1541 2007 Ἰκονίου
1564 1978 1712 2011 πολιτείας·
1729 1980 1762 2014 ἧν
1789 1981 1841 2018 γὰρ

1019 2024 1118 2060 πλήθει
1130 2034 1159 2051 τε
1183 2023 1286 2061 ἀνδρῶν
1303 2024 1348 2051 καὶ
1364 2024 1457 2051 οὶκιῶν
1473 2023 1518 2051 καὶ
1532 2026 1585 2051 τῶν
1603 2024 1695 2051 ἄλλων
1712 2027 1842 2062 χρηστῶν

1019 2069 1063 2096 καὶ
1080 2068 1210 2103 ζηλωτῶν
1228 2067 1399 2107 διαφέρουσα.
1414 2069 1444 2097 Ὀ
1458 2066 1487 2095 δὲ
1514 2067 1639 2105 βασιλεὺς
1654 2068 1679 2096 ἐν
1700 2068 1842 2106 Κελτζηνῇ

1018 2112 1081 2143 τοὺς
1096 2112 1284 2150 ἀποφυγόντας
1309 2111 1448 2148 σποράδην
1474 2111 1681 2148 ὑποδεξάμενος,
1700 2112 1738 2143 ὡς
1753 2111 1782 2139 ἂν
1802 2114 1841 2148 μὴ

1019 2157 1070 2184 ὑπὸ
1091 2159 1143 2184 τῶν
1169 2156 1316 2194 Ἀρμενίων
1341 2156 1365 2192 ἐξ
1391 2156 1507 2194 ὶρημίας
1535 2155 1701 2191 ἀπόλωνται,
1726 2156 1840 2184 κατόπιν

977 2203 1070 2240 Βτῶν
1100 2200 1225 2228 ἐναντίων
1257 2200 1431 2237 ὑποστρέφων
1460 2199 1574 2238 ἐγένετο,
1599 2201 1648 2228 Καὶ
1672 2200 1761 2238 κρίσιν
1784 2203 1840 2237 (18)

1018 2245 1046 2273 δὲ
1063 2245 1160 2282 μεταξὺ
1183 2247 1232 2272 τοῦ
1255 2256 1283 2272 τε
1306 2244 1440 2283 ἡγεμόνος
1465 2244 1509 2272 καὶ
1535 2247 1588 2272 τῶν
1613 2244 1658 2272 σὺν
1674 2245 1747 2281 αὐτῷ
1763 2246 1840 2278 καθί-

1018 2300 1063 2320 σας
1088 2288 1176 2317 οὐδενὶ
1198 2290 1271 2326 μέρει
1297 2289 1345 2323 τήν
1372 2291 1490 2328 νικῶσαν
1513 2287 1639 2324 ἀπέδοτο,
1664 2287 1842 2326 διαγνωσθέν-

1016 2344 1062 2365 τος
1087 2333 1186 2361 τούτου
1212 2333 1296 2370 μόνου
1320 2330 1449 2371 ἀκριϐῶς,
1475 2332 1516 2360 ὅτι
1540 2332 1613 2366 πλὴν
1630 2335 1678 2360 τοῦ
1704 2333 1841 2371 βασιλέως

1018 2377 1092 2405 οὐδὲν
1115 2377 1170 2405 ἐστι
1195 2378 1226 2404 τὸ
1249 2379 1378 2405 συνιστῶν
1400 2379 1458 2407 τοῖς
1478 2376 1623 2413 Ῥωμαίοις
1644 2377 1690 2404 τὸν
1715 2376 1839 2414 πόλεμον

1017 2421 1061 2450 διά
1089 2433 1118 2449 τε
1145 2423 1176 2449 τὸ
1205 2421 1448 2459 προκατειργάσθαι
1476 2421 1507 2448 τὸ
1529 2420 1626 2448 πλεῖον
1649 2423 1698 2448 τοῦ
1713 2425 1840 2459 στρατοῦ,

1016 2467 1060 2494 καὶ
1077 2465 1120 2494 διὰ
1141 2466 1171 2493 τὸ
1188 2465 1250 2497 τοὺς
1273 2465 1411 2503 ἡγεμόνας
1426 2464 1526 2493 ἐθέλειν
1545 2465 1590 2492 καὶ
1607 2465 1651 2492 ἐπὶ
1669 2469 1778 2502 μικραῖς
1794 2467 1840 2494 καὶ

1014 2513 1073 2541 ταῖς
1114 2510 1263 2548 τυχούσαις
1303 2509 1441 2547 εὐτυχίαις
1484 2510 1589 2540 ἑαυτοῖς
1618 2510 1662 2536 καὶ
1701 2511 1840 2548 συγγενέσι

1017 2557 1131 2591 μνᾶσθαι
1146 2554 1179 2582 τὰ
1200 2555 1311 2592 μέγιστα
1331 2556 1385 2581 τῶν
1410 2553 1571 2590 ἀξιωμάτων
1595 2554 1639 2581 καὶ
1661 2553 1839 2593 φιλοτιμιῶν,

1015 2598 1050 2626 δι’
1079 2598 1095 2626 ἃ
1122 2599 1165 2626 καὶ
1194 2598 1257 2629 τοὺς
1285 2597 1387 2630 ἄλλους
1416 2597 1591 2636 ἀπροθύμους
1622 2598 1688 2626 εἶναι
1717 2599 1785 2636 πρὸς
1808 2600 1840 2627 τὸ

797 2663 922 2692 JACOBI
942 2663 1050 2692 GOARI
1069 2663 1172 2691 NOTAE

170 2717 226 2752 (18)
240 2717 307 2746 Obit
329 2717 489 2753 imperator
512 2725 620 2744 munus
644 2717 690 2744 cui
715 2717 901 2753 exsequendo
927 2727 934 2743 ι

1071 2718 1095 2742 ιῦ
1121 2714 1255 2753 (posed-ron
1279 2715 1387 2752 legitur
1410 2715 1565 2742 institutus
1589 2715 1665 2751 apud
1691 2715 1835 2745 Codinum

134 2761 159 2780 c.
176 2761 222 2787 xv,
239 2762 268 2782 η.
284 2754 328 2781 72.
