1936 3050
83 103 153 133 ιω

847 106 1045 138 HISTORIA.

1741 108 1801 138 ιιι

87 169 219 206 γενναῖόν
233 180 259 197 τι
286 169 331 198 καὶ
358 168 484 207 ἀνδρικὸν
511 168 714 209 διαπράξασθαι·
744 172 759 200 ’ὀ
787 176 851 211 παρέ

1036 177 1154 211 urreret,
1177 185 1235 212 quo
1256 177 1343 204 Turci
1368 175 1520 204 adventuri
1545 175 1800 210 existimabantur,

87 216 142 241 τοῦ
172 213 307 252 βασιλέως
335 214 384 242 οὐκ
413 214 443 242 ἂν
474 213 535 253 ἔχοι
564 217 658 254 χώραν
685 217 816 254 γενέσθαι,
845 217 927 244 αὐτοῦ

90 257 131 286 δι’
148 259 246 286 ἑαυτοῦ
272 258 480 291 ἐπιστατοῦντος
502 263 561 291 τοῖς
580 260 747 298 γινομένοις,
767 261 812 289 καὶ
841 261 928 289 πάντα

92 304 272 340 καθορῶντος
295 303 441 340 ὁσημέραι,
460 305 505 332 καὶ
529 304 593 335 τοὺς
616 308 764 337 πονοῦντας
789 306 928 344 ἀναλόγως

91 345 284 384 ἀμειϐομένου
311 351 366 376 τῶν
392 349 533 385 καμάτων.
558 350 587 376 Ὃ
612 349 640 377 δὲ
671 350 798 388 βασιλεὺς
828 350 872 378 δια
898 361 927 378 τε

91 391 258 436 ῌολωνείας
287 393 332 420 καὶ
373 395 427 420 τῶν
456 394 639 431 Ἀρμενιακῶν
677 395 799 431 Θεμάτων
843 396 926 433 μίχρι

92 434 261 468 Σεϐαστείας
288 437 334 464 σὺν
360 440 400 473 τῷ
422 438 600 475 στρατεύματι
632 438 801 474 διελήλυθεν.
823 441 927 468 Ἐκεῖσε

91 479 123 508 δὲ
140 482 236 517 μαθὼν
253 482 291 512 ὡς
307 482 333 508 οἱ
348 483 465 520 Τοῦρκοι
481 481 523 509 ἐπὶ
549 481 672 511 Πισιδίαν
700 483 745 510 καὶ
774 484 925 511 Λυκαονίαν

87 524 256 556 ἐλαύνοντες
283 525 319 556 ὥς
351 526 389 558 εἷς
418 527 518 554 σκοπὸν
546 527 718 555 ἀποτείνουσι
745 528 777 555 τὸ
800 528 924 557 Ἰκόνιον»

93 574 214 611 ὥρμησε
228 574 273 601 καὶ
289 573 369 605 αὐτὸς
393 575 451 602 κατ’
466 575 547 612 οὐρὰν
573 575 661 602 αὐτῶν
691 575 814 603 ἐλαύνειν
842 576 925 614 μέχρι

88 621 142 652 τῆς
174 617 326 656 λεγομένης
353 619 519 656 ’Ἡρακλέους
551 619 752 656 κωμοπόλιως,
783 621 809 648 ὲν
834 622 853 656 ᾗ
879 616 924 648 καιὶ

93 662 193 698 μαθὼν
221 661 276 698 ἤδη
313 664 581 701 καταστρεψαμένους
617 664 714 696 αὐτοὺς
745 666 776 692 τὸ
813 666 925 693 Ἰκόνιον

92 707 209 745 ἀπᾶραι,
236 705 359 739 δεδιότας
391 708 440 742 τήν
475 707 558 736 αὐτοῦ
596 707 745 745 ἐπιδίωειν,
772 709 926 747 ἀπόμοιραν

93 762 145 787 μεν
173 761 235 779 τινα
262 753 316 779 τῶν
348 751 492 789 ταγμάτων
532 753 577 780 ἰπὶ
618 753 740 781 Κιλικίαν
776 753 923 790 ἐξέπεμψεν

94 796 309 833 ἒνωοησομένην
361 796 534 834 Κατατουρίῳ
581 796 621 833 τῷ
664 801 713 832 τῆς
756 798 924 836 Ἀντιοχείας

983 220 1081 256 ibique
1105 229 1154 249 eos
1179 224 1351 257 exspectans
1366 220 1506 248 omnibus
1521 220 1616 247 modis
1632 220 1801 247 offenderet.

981 264 1190 293 Prmtereuntes
1206 265 1296 301 igitur
1310 273 1361 301 per
1376 264 1514 293 Seleuciae
1531 266 1645 291 montes
1661 263 1696 290 ad
1721 263 1803 290 Tarsi

983 309 1135 345 planitium
1149 310 1256 346 jaculis
1271 309 1394 338 confecti
1412 312 1497 343 sunt;
1524 308 1572 336 ubi
1596 308 1632 336 ab
1657 308 1803 335 Armeniis

981 355 1185 390 comprehensi
1215 363 1331 382 omnem
1360 355 1419 382 fere
1448 353 1575 389 predam
1603 352 1737 380 amisere.
1768 353 1804 379 At

982 398 1080 426 hostes
1087 400 1213 435 cognitis
1227 401 1422 427 Romanorum
1431 398 1536 426 castris
1545 398 1580 425 ad
1595 396 1802 432 Mopsuestiem

982 451 1018 470 ne
1034 452 1137 479 parum
1152 444 1270 479 quidem
1299 442 1482 475 commorati,
1511 450 1575 469 cum
1603 450 1634 469 se
1663 441 1744 476 ipsos
1772 440 1802 468 in

982 488 1160 516 Baltolibade
1184 497 1236 524 pro
1259 488 1369 515 viribus
1394 487 1572 521 reiecissent,
1604 488 1691 513 noctu
1724 486 1802 513 abie-

982 535 1059 565 runt,
1070 536 1098 560 ct
1113 535 1250 568 superato
1266 532 1424 560 Sarbadico
1439 534 1537 559 monte
1553 531 1588 558 ad
1605 530 1678 557 ﬁnes
1694 530 1802 566 Chalep

981 586 1098 605 summo
1126 578 1225 605 studio
1254 577 1299 604 vix
1326 576 1434 604 evitato
1462 575 1592 612 periculo
1621 582 1801 602 concessere.

980 626 1112 654 Molestia
1126 627 1307 654 afﬁciebatur
1322 626 1490 661 imperator,
1506 624 1584 660 quod
1601 624 1620 651 ii
1644 623 1694 660 qui
1721 622 1802 658 Mop-

979 671 1095 699 suestiaa
1108 673 1191 698 erant
1206 670 1289 698 otiosi
1307 671 1454 706 degerent.
1471 671 1603 704 Cumque
1618 670 1698 695 recta
1719 667 1803 695 Clau-

979 715 1118 752 diopolim
1143 716 1172 742 in
1198 714 1358 743 Seleuciam
1386 714 1534 750 profectus
1557 712 1597 740 ibi
1619 712 1654 740 de
1669 712 1800 747 ipsorum

979 760 1047 796 fuga
1062 760 1223 791 didicisset,
1240 759 1402 794 desperatis
1419 758 1506 786 rebus
1530 765 1664 796 reversus
1687 759 1732 784 est
1751 756 1803 792 By-

978 794 1118 838 zantium,
1136 803 1266 830 adhibita
1281 802 1439 835 celcritatc,
1455 802 1533 837 quod
1551 794 1620 836 jam
1640 802 1800 828 autumnus

93 839 292 893 δουκὶ,’ἆνδρί
321 841 435 878 γενναίῳ
466 841 511 868 καὶ
541 840 634 869 πολλὰ
665 841 857 878 ίπιδειξαμένιι.

1038 847 1228 883 etere,relicto
1239 847 1328 875 altero
1338 846 1518 880 exercitu,eo
1531 845 1607 881 quod
1621 844 1670 872 alii
1685 853 1799 880 quoque

91 886 144 919 τῆς
187 885 285 922 ἀρετῆς
320 886 517 922 προτερήματα
553 885 697 923 πρότερον,
722 886 855 923 δεξαμένῳ

1036 893 1060 920 ci
1071 900 1120 927 per
1128 892 1223 919 tribus
1230 894 1259 919 et
1270 891 1366 918 curias
1378 889 1464 918 divisi
1477 890 1674 917 Romanorum
1692 891 1799 917 terram

91 929 133 960 εἰς
164 927 263 965 Μόψου
291 929 378 956 ἑστίαν
403 929 553 964 ἀπαντῆσαι
582 931 613 957 τὸ
640 932 727 968 τάχος
753 930 849 967 (ἐκεῖσε
871 931 921 969 γὰρ

91 972 304 1011 προσεδοκῶντο
317 974 343 1001 οἱ
368 975 482 1012 Τοῦρκοι
508 973 634 1011 διελθεῖν)
659 974 736 1002 κάκεῖ
759 975 920 1012 προσμένειν

89 1017 192 1050 αὐτοὺς
219 1017 265 1045 καὶ
303 1017 383 1045 παντὶ
419 1017 514 1056 τρόπῳ
552 1017 734 1055 λυμήνασθαι.
765 1019 921 1051 Διελθόντες

88 1062 185 1090 τοίνυν
200 1061 244 1089 διὰ
268 1064 322 1089 τῶν
349 1065 399 1097 τῆς
430 1061 590 1094 Σελευκείας
620 1063 704 1101 όρὲων
735 1064 774 1094 εἰς
798 1064 848 1098 τήν
871 1065 920 1098 τῆς

88 1109 200 1145 Ταρσοῦ
234 1105 348 1134 πεδιάδα
385 1107 647 1142 κατηκοντίσθησαν,
677 1106 740 1140 ἔνθα
767 1109 840 1145 παρὰ
865 1111 920 1136 τῶν

90 1147 249 1188 Ἀρμενίων
285 1152 495 1189 συγκυρηθίντες
527 1154 612 1179 πᾶσαν
641 1152 738 1190 σχεδὸν
767 1153 817 1187 τὴν
844 1153 918 1181 λείαν

90 1193 242 1223 ἀπέϐαλον.
268 1196 301 1224 Οἳ
326 1194 355 1223 δὲ
382 1195 514 1232 πολέμιοι
545 1197 675 1232 μαθόντες
703 1198 752 1231 τήν
778 1200 830 1224 τῶν
853 1198 918 1225 Ῥω-

93 1240 183 1277 μαίων
214 1240 240 1267 tv
270 1240 369 1276 Μόψου
398 1240 473 1275 ἑστίᾳ
496 1238 689 1277 παρεμϐολὴν,
720 1240 790 1277 μηδὶ
822 1243 918 1279 μικρὸν

93 1284 283 1322 χρονίσαντες,
297 1283 523 1315 διαναπαύσαντες
546 1283 575 1312 δὲ
600 1285 711 1317 ἓαυτοὺς
737 1285 763 1312 ἐν
791 1288 825 1322 τῇ
846 1285 919 1314 Βαλ-

89 1326 218 1356 τολιϐάδι
236 1329 274 1359 ὡς
300 1328 367 1361 ἆνὸν,
384 1327 492 1366 ᾤχοντο
518 1327 563 1356 διὰ
585 1332 636 1364 τῆς
657 1330 763 1364 νυκτὸςθ
791 1327 918 1367 ὑπερϐάν-

88 1383 133 1401 τες
165 1383 196 1400 τε
224 1373 256 1400 τὸ
286 1370 454 1410 Σαρϐαδικὸν
477 1371 540 1410 ὅρος
556 1373 602 1400 καὶ
629 1373 666 1404 εἰς
689 1375 723 1401 τὰ
747 1376 796 1402 τοῦ
823 1374 919 1402 Χάλεπ

93 1418 142 1445 σὺν
184 1415 289 1453 σπουδῇ
328 1415 506 1448 ἦπελάσαντες
541 1417 613 1455 ὅρια⁷
642 1417 687 1445 καὶ
719 1419 764 1445 τὸν
793 1418 916 1446 κίνδυνον

97 1461 179 1497 μόλις
206 1459 398 1496 ὑπαλύξαντες.
428 1462 467 1497 [Ρ.
493 1462 555 1497 833]
579 1461 654 1489 ’Λνία
679 1460 708 1489 δὶ
731 1462 844 1500 κατίσχι
870 1463 916 1490 τὸν

93 1509 211 1547 βασιλέα
225 1509 454 1548 ἀπρακτησάντων
480 1512 534 1537 τῶν
560 1509 586 1537 ἐν
609 1510 709 1547 Μόψου
732 1511 815 1546 ἑστίᾳ·
832 1521 918 1538 κατα-

976 936 1198 965 excursionibus
1213 935 1460 971 depopularentur
1475 934 1621 961 latronum
1639 942 1672 961 ac
1688 933 1800 969 praedm

976 990 1047 1009 num
1064 980 1312 1015 more.omniaque
1328 980 1356 1006 in
1373 985 1555 1014 quascunque
1571 978 1734 1006 inciderent
1749 977 1800 1005 de-

976 1026 1164 1059 molirentur;
1181 1025 1289 1060 quibus
1305 1024 1340 1051 de
1355 1023 1430 1051 085
1448 1023 1546 1050 causis
1559 1021 1718 1050 difficulter
1732 1029 1799 1057 pro-

975 1070 1068 1098 hiberi
1084 1072 1229 1106 poterant,
1247 1069 1272 1096 si
1288 1068 1407 1104 quidem
1432 1067 1570 1094 omnibus
1592 1066 1647 1093 viis
1672 1065 1799 1093 insidia-

975 1115 1092 1147 bantur,
1115 1116 1144 1141 et
1170 1113 1314 1141 exercitus
1337 1113 1469 1147 ipsorum
1496 1119 1546 1146 per
1568 1119 1599 1138 se
1621 1110 1675 1138 soli
1706 1109 1799 1137 relicti

975 1167 1031 1186 non
1048 1160 1180 1194 poterant
1196 1158 1340 1185 resistere.
1359 1155 1544 1192 Imperatoris
1559 1162 1626 1182 vero
1652 1154 1798 1182 exercitus

974 1203 1062 1230 dividi
1092 1202 1242 1238 nequibat,
1268 1201 1318 1229 sed
1345 1201 1394 1228 uni
1421 1200 1483 1228 loco
1506 1201 1623 1227 tantum
1649 1199 1796 1226 intererat.

974 1251 1045 1279 Cum
1062 1259 1128 1279 vero
1145 1251 1254 1286 regiam
1272 1250 1373 1278 urbem
1388 1249 1451 1284 ipse
1466 1249 1616 1284 ingressus
1639 1249 1727 1280 esset,
1753 1255 1797 1274 re-

975 1296 1071 1331 liquus
1095 1303 1212 1331 quoque
1235 1294 1381 1322 exercitus
1405 1294 1525 1320 domum
1542 1299 1572 1320 se
1588 1291 1706 1327 recepit,
1723 1291 1799 1318 indi-

974 1341 1068 1368 ctione
1083 1343 1193 1374 octava,
1208 1347 1285 1366 anno
1298 1339 1379 1372 6578,
1395 1337 1513 1373 quando
1529 1337 1617 1364 etiam
1634 1334 1795 1362 maximum

974 1384 1199 1412 Blachernarum
1221 1382 1364 1419 templum
1391 1382 1543 1409 incensum
1568 1383 1612 1408 est
1636 1387 1729 1415 usque
1759 1380 1796 1407 ad

972 1428 1078 1456 solum.
1107 1428 1155 1455 Ubi
1182 1436 1247 1455 vero
1271 1435 1320 1454 ver
1338 1426 1469 1462 appetiit,
1495 1425 1621 1452 decrevit
1635 1424 1797 1459 imperator

971 1473 1006 1500 ad
1024 1473 1132 1507 regiam
1144 1473 1244 1499 urbem
1257 1469 1612 1504 accedere,delectumque
1628 1467 1793 1495 Manuelem

973 1517 1100 1553 primum
1117 1516 1283 1551 praefectum
1299 1515 1493 1546 Coninenum,
1510 1515 1539 1540 et
1554 1520 1587 1540 eo
1613 1511 1722 1539 honore
1747 1512 1794 1539 de-

91 1539 156 1586 στὰς
178 1554 229 1593 γὰρ
253 1539 298 1582 καὶ
327 1539 406 1585 αυτὸς
436 1554 497 1586 εὐθὺ
527 1558 576 1589 τῆς
604 1554 631 1582 ἄν
655 1539 802 1591 idemide-
828 1555 855 1583 Κ]

1027 1564 1105 1590 atum
1118 1539 1154 1588 iit
1168 1559 1352 1595 curopalates
1367 1560 1456 1591 esset,
1466 1539 1571 1585 ducem
1587 1558 1615 1584 et
1632 1555 1791 1592 principem

94 1598 275 1634 διουπόλεως,
304 1598 363 1626 ἐπεὶ
392 1598 454 1636 περὶ
477 1602 528 1633 τῆς
555 1599 660 1626 τούτων
683 1598 850 1636 ἐμεμαθήκει
870 1611 919 1638 φυ-

96 1647 159 1680 γῆς,
181 1642 313 1680 ἀπογνοὺς
340 1642 545 1680 ὀπισθόρμητος
569 1643 677 1681 γέγονεν
698 1643 742 1671 ἐπὶ
765 1645 796 1671 τὸ
819 1645 918 1679 Βυζάν-

94 1699 164 1722 τιον,
181 1687 355 1726 ἐπειγόμενος
371 1688 408 1718 ὡς
422 1686 477 1722 ἤδη
503 1687 602 1716 λοιπὸν
627 1688 672 1716 καὶ
692 1691 741 1716 τοῦ
758 1690 919 1728 μετοπώρου

94 1732 263 1766 ἐπιστάντος,
283 1731 441 1759 καταλιπὼν
468 1731 560 1769 ἕτερον
590 1732 655 1760 λαὸν
679 1731 787 1766 ὄπισθεν
817 1733 860 1761 διὰ
887 1736 918 1762 τὸ

92 1778 136 1805 καὶ
157 1776 264 1814 ἑτάρους
289 1776 424 1812 Τούρκους
448 1776 659 1811 καταληΐζεσθαι
682 1778 732 1811 τὴν
761 1778 916 1815 Ῥωμαϊκὴν

93 1825 156 1859 γῆν,
182 1821 250 1848 κατὰ
278 1821 391 1859 φατρίας
421 1821 466 1848 καὶ
504 1821 600 1857 μοίρας
641 1820 845 1858 διαιρουμένους
871 1823 917 1851 καὶ

92 1865 308 1903 κατατρέχοντας
331 1863 499 1892 λωποδυτῶν
520 1865 621 1903 τρόπον
645 1866 688 1895 καὶ
714 1865 850 1901 κλεπτῶν⁷
872 1870 916 1896 καὶ

92 1910 122 1938 τὸ
150 1909 306 1948 προστυχὸν
333 1910 401 1936 ἅπαν
432 1909 609 1948 ἀφανίζοντας
631 1909 675 1937 καὶ
699 1910 853 1946 ληΐζοντας.
877 1907 916 1940 Δι¹

92 1954 166 1982 ἆκαῖ
195 1952 331 1991 δυσχερὴς
360 1953 394 1987 ἦν
419 1954 437 1987 ἡ
458 1953 562 1980 τούτων
586 1953 717 1990 κώλυσις,
739 1955 837 1986 πάσαις
857 1959 915 1988 ταῖς

92 1997 164 2028 ὁδοῖς
188 1996 396 2036 ἐφεδρευόντων,
422 1999 476 2024 τῶν
503 1998 711 2035 στρατευμάτων
739 1999 828 2026 αὐτῶν
855 2003 915 2033 καθ’

91 2042 157 2069 αὐτὰ
186 2041 400 2078 μεμονωμένων,
432 2041 470 2076 μὴ
501 2039 657 2077 δυναμένων
690 2043 843 2077 ἀντιστῆναι
870 2044 915 2072 αὖ-

89 2089 157 2119 τοῖς,
168 2088 217 2113 τοῦ
232 2084 260 2112 δὲ
276 2084 411 2123 βασιλέως
440 2084 517 2117 αὖθις
543 2086 580 2121 μή
606 2085 665 2114 οἵου
686 2097 716 2114 τε
735 2085 811 2118 ὄντος
841 2089 914 2126 μερί-

92 2133 192 2165 ζεσθαι,
209 2129 271 2157 ἀλΑ⁷
287 2129 326 2156 ὲτί
353 2129 488 2166 παρόντος
513 2129 599 2166 τόπῳ.
616 2131 754 2162 Εἰσιόντος
783 2131 812 2159 δι
831 2131 912 2160 αὐτοῦ

90 2179 127 2210 εἰς
142 2179 191 2212 τὴν
211 2176 348 2215 βασιλίδα,
365 2177 406 2204 ἱπ¹
422 2177 498 2204 οἴκου
513 2178 558 2206 καὶ
582 2179 614 2206 τὸ
639 2179 735 2206 λοιπὸν
760 2181 912 2217 στράτευμα

91 2223 208 2260 γέγονεν,
235 2220 405 2252 ἷνδικτιῶνος
429 2221 529 2259 ὀγδόης
553 2222 729 2260 ίνισταμὲνης
750 2227 799 2251 τοῦ
829 2226 915 2263 ,ςφοη’

89 2265 177 2302 ἔτους,
193 2266 239 2294 ὅτε
266 2267 312 2293 καὶ
339 2265 370 2292 τὸ
401 2265 524 2302 μέγιστον
555 2267 626 2303 ἱερὸν
653 2267 832 2304 ὶπυρπολήθη
860 2269 914 2298 τῶν

91 2311 250 2348 Βλαχερνῶν
271 2308 324 2341 ἳως
339 2308 464 2348 ἆδάφους.
481 2310 556 2338 Ἐπεὶ
585 2310 614 2338 δὶ
634 2312 665 2339 τὸ
690 2309 736 2349 ἔαρ
767 2312 914 2349 ὑποφαίνε-

91 2361 148 2387 σθαι
162 2353 275 2392 ἤρξατο,
292 2353 421 2390 ἐσκέψατο
450 2357 575 2390 παρεῖναι
604 2357 638 2391 τῇ
669 2355 788 2393 βασιλίδι
805 2357 820 2384 ὁ
836 2357 912 2394 βασι-

89 2398 162 2430 λεύς.
190 2397 341 2436 Προκρίνας
371 2396 400 2424 δὲ
431 2398 563 2434 Μανουὴλ
606 2399 836 2438 πρωτοπρόεδρον
866 2402 912 2429 τὸν

90 2443 238 2480 Κομνηνὸν,
252 2442 297 2469 καὶ
312 2443 408 2469 τοῦτον
419 2443 538 2478 τιμήσας
564 2446 604 2479 τῷ
630 2446 679 2471 τοῦ
702 2443 911 2482 κουροπαλάτου

90 2488 231 2524 ἀξιώματι,
247 2487 396 2523 στρατηγὸν
425 2487 471 2513 καὶ
492 2487 616 2525 ἀρχηγὸν
639 2490 688 2516 τοῦ
708 2489 908 2526 στρατεύματος

89 2531 271 2559 ἀποδείκνυσι.
286 2530 324 2558 Τὸ
351 2529 375 2557 δ’
401 2529 520 2563 ἐντεῦθεν
548 2532 581 2558 τὰ
604 2532 742 2569 προσάντη
771 2532 816 2560 καὶ
845 2532 907 2561 δυσ-

86 2576 150 2614 χιρῆ
178 2575 223 2603 καὶ
251 2573 362 2611 λυπηρὰ
389 2576 424 2610 τῇ
455 2574 579 2612 βασιλείᾳ
606 2577 751 2613 Ῥωμαίων
776 2577 908 2614 προσεκύ-

86 2630 173 2657 ρησεν.
203 2619 296 2654 Ἐειὼν
324 2617 370 2645 οὖν
398 2618 412 2645 ό
441 2616 667 2656 προϐεϐλημίνος
695 2621 733 2652 εἷς
761 2623 855 2658 τοῦτο,
881 2622 904 2649 εί

85 2665 125 2692 καὶ
151 2663 209 2694 νέος
231 2663 281 2697 τὴν
306 2661 416 2697 ἡλικίαν
439 2662 593 2701 ἆτύγχανεν,
608 2664 680 2693 ἀλλά
703 2675 735 2702 γε
759 2668 902 2701 πεπλανη-

86 2710 157 2744 μένον
194 2706 269 2734 otes.
298 2707 316 2740 ἢ
347 2705 526 2744 μειρακιῶδες
562 2708 677 2746 ἐνεργῶν
718 2709 900 2748 κατεφαίνετο,

83 2756 163 2784 πολὺν
188 2755 217 2784 δὲ
245 2757 297 2783 τῶν
324 2754 434 2782 εἰκότων
450 2754 547 2794 νλὸγον
574 2757 754 2794 ποιούμενος·
777 2757 824 2789 τὰς
849 2759 900 2796 γὰρ

973 1606 1063 1633 totius
1089 1605 1234 1633 exercitus
1255 1603 1393 1630 declarat.
1423 1603 1492 1634 Qua:
1525 1601 1662 1636 deinceps
1691 1608 1793 1628 conse-

973 1648 1241 1686 quuntur,molesta
1255 1655 1288 1675 ac
1303 1646 1434 1675 difﬁcilia
1448 1648 1476 1674 et
1489 1645 1635 1673 laboriosa
1650 1645 1793 1672 Romano-

973 1703 1038 1722 rum
1054 1694 1177 1730 imperio
1192 1692 1332 1720 accidere.
1359 1693 1498 1727 Egressus
1520 1690 1612 1725 igitur
1631 1688 1656 1716 is
1681 1688 1730 1724 qui
1756 1688 1790 1715 ad

972 1739 1027 1766 hoc
1043 1746 1152 1766 munus
1167 1737 1296 1765 delectus
1312 1736 1415 1768 fuerat,
1431 1734 1545 1762 etiamsi
1570 1735 1653 1761 etate
1674 1732 1793 1768 juvenis

971 1785 1059 1813 esset.
1071 1785 1198 1810 attamen
1212 1780 1325 1808 nullum
1342 1779 1456 1807 facinus
1472 1779 1501 1805 in
1517 1785 1574 1813 quo
1590 1776 1729 1805 erraverit
1742 1778 1794 1803 aut

971 1827 1048 1863 quod
1074 1825 1196 1862 juvenili
1225 1825 1301 1852 atati
1332 1824 1548 1852 condonaretur
1563 1820 1702 1856 patravit,
1732 1820 1791 1846 imo

971 1871 1064 1898 multa
1089 1870 1189 1898 habita
1213 1877 1314 1897 eorum
1330 1876 1393 1904 quae
1409 1867 1545 1894 decerent
1559 1864 1668 1893 ratione
1683 1864 1792 1892 coactis

970 1915 1062 1951 copiis
1071 1915 1140 1942 totis
1150 1914 1262 1942 viribus
1273 1913 1308 1940 ad
1327 1914 1484 1939 Caesaream
1500 1910 1646 1946 profectus
1661 1910 1716 1941 est,
1732 1916 1790 1936 non

969 1959 1134 1994 (equitatem
1149 1960 1275 1991 tantum,
1293 1957 1343 1984 sed
1357 1956 1445 1984 etiam
1466 1955 1606 1990 populum
1621 1961 1728 1980 curans
1743 1953 1791 1980 de-

968 2005 1075 2036 center,
1093 2005 1122 2030 et
1134 2004 1288 2038 peccantes
1299 2000 1407 2028 milites
1418 1999 1524 2027 debitis
1535 1998 1666 2026 afﬁciens
1676 1997 1769 2032 pennis
1781 2006 1789 2030 ;

968 2055 1094 2083 cumque
1109 2047 1138 2074 in
1154 2046 1289 2082 quaedam
1305 2044 1404 2081 praelia
1419 2043 1602 2075 incidissent,
1618 2041 1710 2068 victor
1725 2048 1790 2068 eva-

968 2091 1017 2119 sit.
1032 2091 1156 2127 Jamque
1180 2098 1264 2118 suam
1288 2089 1412 2126 gloriam
1435 2087 1558 2116 dilatare
1584 2085 1789 2114 contendebat.

967 2141 1036 2172 Quae
1051 2148 1117 2167 cum
1133 2139 1248 2166 audiret
1262 2138 1431 2172 imperator,
1458 2135 1548 2163 laetari
1573 2134 1691 2170 quidem
1714 2133 1791 2160 vide-

967 2183 1064 2216 batur,
1075 2183 1125 2210 sed
1142 2182 1282 2210 invidiam
1299 2179 1513 2209 dissimulabat.
1525 2180 1658 2206 Attamen
1676 2179 1708 2204 ut
1724 2177 1789 2204 Hie-

932 2219 953 2251 D
969 2227 1077 2262 rapolis
1101 2226 1284 2254 obsidionem
1315 2225 1370 2252 cito
1399 2224 1522 2252 solveret
1551 2225 1580 2249 et
1607 2223 1788 2249 commeatus

969 2271 1075 2307 inopiae
1114 2271 1308 2303 succurreret,
1349 2277 1405 2296 non
1449 2267 1601 2295 minimam
1643 2264 1788 2292 exercitus

969 2318 1080 2351 partem
1096 2315 1172 2342 686
1188 2315 1217 2341 in
1233 2314 1346 2350 Syriam
1359 2312 1451 2348 jussit
1474 2311 1565 2339 abire.
1591 2309 1650 2336 Hac
1675 2308 1788 2336 ratione

967 2360 1070 2387 ducem
1088 2368 1121 2387 ea
1136 2358 1266 2394 potentia
1291 2365 1355 2393 quas
1378 2357 1446 2384 inde
1470 2353 1710 2391 proﬁciscebatur
1737 2353 1786 2380 de-

966 2403 1129 2438 fraudavit;
1153 2411 1216 2439 qua
1241 2410 1307 2430 cum
1332 2401 1479 2438 profectus
1502 2400 1580 2427 esset
1595 2406 1661 2426 cum
1678 2396 1786 2424 relictis

964 2453 1020 2480 sibi
1037 2452 1128 2488 copiis
1143 2454 1172 2480 et
1186 2452 1220 2480 ad
1247 2451 1350 2479 urbem
1375 2451 1471 2477 castra
1494 2448 1628 2481 locasset,
1651 2446 1784 2481 quasdam

963 2497 1124 2524 Turcorum
1138 2504 1254 2529 manus,
1271 2496 1409 2523 adversus
1433 2502 1508 2528 quos
1532 2499 1668 2527 egressus
1692 2490 1788 2517 fuerat

963 2540 1158 2577 curopalates,
1182 2540 1317 2574 accessit,
1342 2545 1468 2574 cumque
1484 2537 1557 2573 fugas
1573 2544 1607 2564 ex
1622 2534 1784 2570 composito

962 2585 1088 2621 speciem
1106 2584 1302 2621 praebuissent
1318 2583 1428 2616 hostes,
1445 2582 1494 2610 ubi
1509 2580 1645 2616 dissipati
1660 2577 1784 2606 Romani

959 2636 1009 2656 eos
1025 2627 1288 2664 persequebantur,
1314 2629 1432 2662 repente
1453 2624 1585 2653 conversi
1609 2623 1664 2651 sibi
1690 2622 1783 2649 victo-

959 2675 1031 2700 riam
1058 2673 1274 2707 compararunt,
1292 2673 1320 2698 et
1334 2670 1440 2698 idcirco
1456 2669 1559 2697 multis
1575 2667 1668 2703 captis
1683 2665 1783 2702 plures

957 2724 1076 2752 quoque
1090 2715 1187 2752 gladio
1203 2715 1326 2743 confecti
1342 2717 1421 2742 sunt.
1443 2715 1477 2742 Et
1499 2721 1564 2741 cum
1589 2711 1654 2740 aliis
1677 2711 1782 2745 captus

956 2763 1001 2789 est
1015 2763 1043 2788 et
1058 2760 1284 2796 curopalates,et
1298 2758 1508 2796 castraﬁomnia
1518 2755 1784 2793 expugnata,capta
