1937 3050
92 106 156 136 417

855 105 1048 136 HISTORIA.

1752 116 1811 145 418

93 168 245 208 ῥοιϐδῆσαι
269 171 313 198 καὶ
340 171 530 210 ἀνερῥίξασθαι
553 171 597 199 καὶ
626 171 728 202 πάντας
757 169 841 208 ἄρδην

1044 171 1084 199 iio
1109 174 1137 199 et
1165 173 1255 200 animi
1285 173 1434 203 alacritate
1463 177 1684 214 quamprimum
1713 180 1809 217 egredi

93 215 336 254 καταπεφευγότας
359 216 525 244 κατακλύσαι
547 217 592 243 καὶ
620 215 666 243 διὰ
698 216 780 252 ξηρᾶς
807 212 928 252 ὑποϐρυ-

94 260 182 297 χίους
219 261 392 296 ποιήσασθαι.
419 263 507 288 Ταῦτα
534 263 680 299 τοιγαροῦν
718 258 928 296 ἐπιδιήγηθὲντα

92 303 210 338 πολλὴν
248 304 345 339 ἐνῆκαν
381 306 432 339 τὴν
463 304 578 342 ἀθυμίαν
608 306 675 341 ἡμῖν
698 326 705 339 ,
735 303 928 341 λογιζομένοις

93 348 249 385 θεοσημίαν
266 350 331 376 εἶναι
355 350 386 377 τὸ
401 350 510 388 γεγονὸς
530 350 575 376 καὶ
593 353 673 385 μῆνιν
687 350 732 376 καὶ
747 348 834 386 χόλον
850 350 928 382 Θεοῦ,

93 398 135 428 ὡς
154 398 194 434 μὴ
213 397 295 434 μόνον
309 401 362 425 τῶν
384 398 525 435 πολεμίων
542 397 615 426 ἀλλᾶ
629 399 697 435 [καὶ]
712 400 767 425 τῶν
783 397 927 434 στοιχείων

93 442 330 480 ἀντιμαχομξνων
356 444 435 480 ἡμῖν.
462 443 598 481 Πρότερον
624 443 675 480 γὰρ
700 444 717 476 ἡ
742 442 859 477 τοσαύτη
875 444 928 469 τῶν

94 486 184 518 ἐθνῶν
215 487 288 524 ὁρμή
316 488 362 515 καὶ
399 485 510 525 ἔπαρσις
540 487 585 514 καὶ
615 489 666 514 τῶν
697 487 748 514 ὑπὸ
777 486 928 523 Ῥωμαίους

93 530 253 558 τελούντων
277 533 419 566 κατακοπή
451 532 519 570 ὀργὴ
548 532 596 568 μὶν
616 533 665 559 τοῦ
690 533 770 565 Θεοῦ,
793 531 861 558 κατά
875 533 927 558 τῶν

93 576 245 614 αἱρετικῶν
273 575 325 611 δὲ,
355 577 382 605 οἳ
418 577 466 611 τήν
496 575 615 615 Ἰϐηρίαν
644 578 689 604 καί
720 575 929 612 Μεσοποταμίαν

97 621 186 659 μέχρι
214 620 353 648 Λυκανδοῦ
379 621 423 648 καὶ
449 621 605 657 Μελιτηνῆς
632 622 676 649 καὶ
698 622 747 655 τήν
763 619 929 659 παρακειμέ-

93 677 146 700 νην
177 665 298 693 οἰκοῦσιν
320 666 472 704 Ἀρμενέαν,
493 666 538 694 καὶ
568 667 594 694 οἳ
623 666 672 700 τὴν
703 664 853 700 Ίουδαῖκὴν
880 667 929 693 τοῦ

95 711 251 748 Νεστορίου
279 710 324 738 καὶ
353 713 405 737 τῶν
432 710 588 749 ἈκεφάΛων
618 709 810 747 θρησκεύουσιν
840 709 899 747 α’ίρι
918 725 929 730 -

95 763 150 781 σιν*
178 754 224 782 καὶ
246 755 299 792 γάρ
325 754 477 790 πλήθουσιν
503 753 561 782 α’ίδε
583 755 611 782 αἱ
632 757 722 792 χῶραι
736 758 786 789 τῆς
800 754 928 789 τοιαύτης

93 797 270 834 κακοδοξίας.
296 799 381 827 Ἐπὰν
411 798 440 826 δὲ
465 799 509 826 καὶ
539 800 593 826 τῶν
621 797 772 836 ὀρθοδόξων
793 798 882 835 ἥψατο
897 798 928 826 τὸ

94 842 199 877 δεινὸν,
228 842 254 870 ἐν
282 843 439 881 ἀμηχάνοις
463 844 531 878 ἦσαν
560 844 657 874 πάντες
686 843 711 870 οἱ
735 843 768 871 τὰ
787 843 928 879 Ῥωμαίων

93 887 303 925 θρησκεύοντες,
341 886 540 926 πεπληρῶσθαι
578 888 622 915 καὶ
656 888 687 916 τὸ
713 888 799 915 αὑτῶν
829 887 925 926 μέτρον

93 933 143 959 υἷα
167 932 214 959 καὶ
235 932 267 959 τὸ
297 934 351 959 τῶν
378 932 554 970 Ἀμοῤῥαίων
590 932 778 970 λογιζόμενοι,
806 933 849 959 καὶ
881 943 926 959 πι-

95 976 238 1008 στεύοντες
261 979 409 1012 τηνικαῦτα
434 977 472 1008 ὠς
499 976 551 1014 ἄρα
577 977 608 1004 ού
635 977 716 1014 μόνον
742 977 830 1008 πίστις
846 977 926 1004 ἀπαι-

96 1023 186 1048 τεῖται
203 1019 283 1058 ὅρθὴ,
309 1020 382 1048 ἀλλὰ
408 1021 454 1048 καὶ
481 1021 540 1059 βίος
564 1021 598 1058 τῇ
619 1021 706 1049 πίστει
722 1022 925 1058 ἀνθιστάμενος.

97 1070 147 1097 Διὸ
167 1069 212 1097 καὶ
237 1069 396 1108 ἀμφότεροι,
413 1069 470 1097 ὅτε
493 1070 555 1108 περὶ
578 1071 627 1104 τὴν
652 1070 742 1098 πίστιν
768 1070 925 1109 σφαλλόμε-

96 1124 144 1145 νος
170 1112 279 1149 δηλαδὴ
295 1114 339 1141 καὶ
365 1114 379 1141 ὁ
404 1115 464 1152 περὶ
481 1115 526 1142 τὸν
549 1115 607 1152 βίον
635 1114 791 1149 ὑποσκάζων
807 1115 851 1142 καὶ
865 1125 926 1152 χω-

96 1158 199 1193 λεύων,
225 1158 251 1185 ἐν
279 1157 324 1195 ἰίσῃ
354 1159 474 1196 τιμωρίᾳ
501 1159 683 1191 καθίστανται*
709 1159 788 1197 ὁγὰρ
810 1161 925 1194 ποιήσας

94 1203 142 1230 καὶ
160 1202 269 1238 διδάξας
294 1202 441 1231 ἐπαινεῖται
467 1203 512 1231 καὶ
538 1205 724 1242 μακαρίζεται.
749 1207 835 1231 Ταῦτα
859 1205 925 1232 ἑνω-

93 1248 240 1284 τισάμενος
270 1248 283 1275 ὁ
326 1247 453 1286 βασιλεὺς
488 1248 642 1286 προθυμίαν
675 1249 724 1285 μὶΑ
757 1249 827 1286 εἶχεν
857 1248 926 1276 ὥστε

96 1291 196 1319 αὐτίκα
219 1292 367 1330 ἐξορμῆσαι
394 1292 438 1319 καὶ
468 1294 502 1329 τῇ
532 1293 626 1320 ἑαυτοῦ
655 1293 736 1330 χώρᾳ
766 1293 925 1330 βοηθῆσαι,

97 1336 245 1374 ἀπείργετο
270 1335 298 1364 δὲ
322 1339 381 1368 τοῖς
403 1347 432 1364 τι
456 1334 624 1372 συμϐούλοις
647 1338 690 1364 καὶ
713 1339 747 1374 τῇ
768 1337 864 1374 ἀγνοίᾳ
878 1339 925 1365 τοῦ

99 1381 226 1416 πλήθους
248 1383 301 1408 τῶν
327 1381 466 1408 ἐναντίωνο
488 1382 572 1410 Ἦσαν
597 1380 626 1408 δὲ
650 1381 666 1408 ὅ
687 1391 718 1408 τε
737 1381 925 1419 Ῑῐαλαιολόγος

100 1425 261 1464 Νικηφόρος
285 1425 299 1452 ὁ
326 1425 486 1463 ὑπέρτιμος,
502 1425 547 1453 καὶ
570 1428 624 1453 τῶν
648 1425 806 1465 φιλοσόφων
827 1426 926 1459 ὕπατος

100 1472 308 1501 Κωνσταντῖνος
334 1470 348 1497 ὁ
371 1469 493 1504 Ψελλός,
516 1471 558 1506 [Ρ.
584 1471 647 1506 835]
671 1470 716 1497 καὶ
741 1470 783 1497 ἐπὶ
808 1474 888 1497 πᾶσιν
912 1471 925 1498 ὁ

101 1517 205 1552 Καῖσαρ
229 1514 242 1541 ὁ
266 1516 314 1542 τοῦ
338 1511 618 1552 προϐεϐασιλευκύτος
647 1514 788 1551 σύναιμος·
813 1515 839 1542 οἳ
864 1515 926 1542 ὅσον

102 1558 150 1595 μὲν
169 1557 210 1585 ἐπ’
226 1558 330 1593 αὐτοῖς,
357 1557 420 1586 οὐδὲ
442 1561 489 1595 ζῇν
513 1558 631 1597 ᾑροῦντο
658 1559 738 1586 αὐτὸν
761 1559 856 1596 (βαρὺς
875 1560 925 1597 γὰρ

99 1604 132 1637 ἦν
147 1603 241 1634 αὐτοῖς
260 1603 306 1630 καὶ
332 1602 502 1641 βλεπόμενος
526 1603 584 1630 λίαν
605 1603 678 1639 αὐτῷ
693 1603 926 1641 ἀπεχθανομένοις

99 1647 137 1678 ὡς
151 1645 231 1685 ἀνδρὶ
253 1647 369 1684 γενναίῳ
394 1647 438 1674 καὶ
469 1646 618 1684 θυμοειδεῖ,
643 1648 687 1675 καὶ
709 1648 773 1679 τοὺς
798 1647 926 1686 ἐφέδρους

97 1695 147 1726 τῆς
165 1690 304 1729 βασιλείας
329 1690 435 1729 ἔχοντι,
449 1691 513 1723 τοὺς
528 1691 626 1723 παῖδάς
641 1703 713 1730 φημι
728 1695 776 1720 τοῦ
803 1693 926 1729 Δουκὸς),

98 1735 176 1777 ὅμως
207 1739 230 1768 δ’
257 1741 302 1768 οὖν
333 1741 363 1768 ἐκ
389 1743 438 1768 τοῦ
469 1743 623 1780 προφανοῦς
651 1740 768 1778 ᾐδοῦντο
797 1740 926 1778 συμϐου-

99 1784 191 1812 λεύειν
221 1784 295 1821 αὖτῷ
323 1786 356 1812 τὰ
384 1785 539 1824 ἀσύμφορα.
571 1786 638 1814 Μεθ’
664 1786 769 1823 ἡμέρας
798 1785 827 1813 δὲ
853 1797 927 1817 τινας

98 1828 171 1864 ἦλθε
198 1829 243 1857 καὶ
283 1831 297 1857 ὁ
335 1829 547 1868 κουροπαλάτης
577 1830 734 1864 Μανουήλ,
763 1830 927 1868 ὶπαγόμενος

101 1874 161 1911 μεθ’
190 1873 286 1901 ἑαυτοῦ
323 1874 369 1902 τὸν
408 1875 579 1912 κατασχόντα
613 1874 692 1902 αὐτὸν
723 1876 844 1912 Τοῦρκον
879 1875 928 1902 οὐκ

100 1917 211 1955 ἄκοντα,
236 1917 300 1946 ἀλλ’
324 1918 420 1946 ἑκόντα
440 1920 490 1954 τὴν
512 1919 564 1946 ὑπὸ
587 1920 634 1947 τὸν
664 1919 776 1957 βασιλέα
803 1918 926 1947 δουλείαν

100 1962 316 2001 αίρετισάμενον.
343 1966 487 2000 Δυσμενῶς
515 1963 537 1991 δ’
565 1962 681 2002 ἔχοντος
704 1966 754 1992 τοῦ
777 1963 928 1992 σουλτάνου

99 2007 171 2046 πρὸς
196 2007 276 2035 αὐτὸν
306 2006 350 2035 διά
373 2019 434 2036 τινα
458 2005 598 2045 συμϐάντα
623 2008 781 2046 αἲτιάματα,
802 2009 927 2046 στρατιὰν

99 2052 159 2079 κατ’
198 2051 279 2080 αὐτοῦ
319 2052 386 2089 μετά.
422 2063 495 2084 τινος
529 2053 700 2091 στρατάρχου
733 2052 926 2089 ἐξαπέστειλε,

99 2097 181 2124 παντὶ
207 2096 301 2134 τρόπῳ
328 2096 398 2125 ίλεῖν
424 2097 503 2125 αὐτὸν
521 2097 734 2135 μηχανώμενος,
751 2098 782 2125 οὗ
796 2100 835 2134 τῷ
850 2095 928 2137 φόϐῳ

98 2141 285 2173 κατασεισθιὶς
314 2141 352 2178 τῷ
380 2140 488 2179 βασιλεῖ
508 2142 701 2181 καταπέφευγε,
724 2142 770 2170 καὶ
795 2141 928 2180 πρόεδρος

99 2186 255 2224 παραυτίκα
282 2186 424 2222 τιτίμηται
444 2209 450 2214 .
480 2188 529 2214 ἹΙν
560 2185 588 2214 δὲ
615 2187 646 2214 τὸ
682 2187 729 2223 μὲν
765 2187 926 2226 φαινόμενον

99 2230 172 2266 νέος,
188 2233 327 2268 πυγμαῖος
354 2229 383 2258 Si
405 2229 502 2268 σχεδὸν
527 2231 576 2265 τήν
604 2231 726 2266 ἡλικίαν,
742 2231 786 2258 καὶ
800 2232 850 2266 τήν
866 2229 927 2268 ὄψιν

101 2274 212 2309 Σκύθης
232 2275 277 2302 καὶ
300 2275 410 2313 ἄχαρις.
428 2278 520 2303 Διεῖπε
535 2273 563 2302 δὲ
577 2276 656 2303 αὐτὸν
673 2276 686 2302 ὁ
704 2275 842 2313 βασιλεὺς,
859 2286 927 2312 συμ-

100 2317 232 2347 ϐαλέσθαι
253 2319 326 2355 αὖτῷ
350 2320 418 2347 κατὰ
440 2322 495 2347 τῶν
519 2319 649 2357 Τούρκων
674 2319 803 2356 ἐλπίζων,
828 2320 873 2347 καὶ
892 2322 926 2357 τῇ

100 2364 267 2401 προκειμένῃ
296 2366 426 2402 στρατιᾷ.
458 2363 617 2401 Κατάλογον
648 2363 676 2391 δὲ
709 2366 762 2392 τῶν
793 2375 926 2402 στρατιω-

99 2410 155 2435 τῶν
196 2407 390 2445 ποιησάμενος,
434 2407 493 2446 ἄρτι
532 2410 581 2436 τοῦ
618 2408 697 2447 ἔαρος
734 2408 926 2446 ὑπανοίγοντος

101 2451 311 2489 διαπεραιωθεὶς
347 2453 385 2484 εἰς
423 2453 456 2480 τὰ
481 2455 536 2480 τῶν
562 2452 660 2490 Ἠρίων
688 2453 807 2481 παλάτια
834 2453 926 2480 κατά-

99 2507 176 2535 γεται
217 2497 278 2534 περί
318 2496 402 2531 αὐτὴν
437 2498 487 2532 τήν
529 2497 633 2534 ἡμέραν
671 2501 721 2532 τῆς
759 2496 925 2535 ὀρθοδοξίας,

99 2547 134 2583 τῇ
167 2546 221 2582 πρὸ
265 2546 349 2580 αὐτῆς
391 2546 483 2584 ήμέρᾳ
519 2547 568 2581 τὴν
613 2546 719 2581 ἐτησίαν
755 2546 848 2584 χώραν
886 2548 925 2582 τῷ

97 2601 127 2618 τε
163 2593 269 2628 στρατῷ
302 2592 346 2618 καί
388 2593 422 2628 τῇ
453 2590 600 2629 συγκλήτῳ
639 2590 857 2628 διανειμάμενος,
894 2593 925 2620 ού

99 2633 144 2662 διὰ
168 2635 286 2672 χρυσίου
312 2637 411 2668 πᾶσαν,
440 2635 512 2663 ἀλλὰ
540 2636 572 2663 τὸ
601 2635 688 2663 ἐνδέον
716 2639 840 2673 σηρικαῖς
857 2637 925 2676 ὑφά-

98 2690 198 2716 σμασιν
220 2679 501 2718 ἀναπληρωσάμενος,
527 2681 776 2719 Διαπεραιουμὲνου
800 2679 824 2707 δ’
842 2682 926 2709 αὐτοῦ

97 2723 246 2761 περιστερά
274 2734 315 2755 τις
346 2723 376 2751 οὐ
405 2724 475 2752 πάνυ
504 2723 600 2759 λιυκή,
630 2724 697 2762 πρὸς
725 2725 756 2752 τὸ
786 2724 870 2761 μέλαν
897 2723 926 2752 δὶ

98 2767 230 2798 πλεῖστον
260 2768 344 2805 αὐτῆς
374 2769 570 2810 ὑποφαίνουσα,
600 2769 682 2803 ποοὶν
712 2769 846 2808 ὶπταμένη
876 2770 926 2806 τὴν

984 219 1011 243 et
1027 216 1103 244 688
1120 225 1179 244 sum
1204 218 1314 254 regioni
1340 227 1425 255 opem
1453 220 1526 249 ferre
1551 223 1699 258 cupiebat.
1723 216 1775 252 Sed
1794 234 1810 253 a

983 261 1161 289 consiliariis
1185 264 1214 289 et
1238 263 1418 297 ignoratione
1445 265 1644 295 multitudinis
1679 267 1809 296 hostium

984 305 1206 341 prohibebatur.
1237 307 1270 334 Hi
1299 311 1382 336 erant
1411 309 1592 346 Nicephorus
1618 311 1809 348 Paleologus,

982 350 1027 376 vir
1055 350 1264 379 honestissimo
1293 351 1355 380 loco
1384 356 1481 387 natus,
1507 357 1536 382 et
1565 354 1808 391 philosophorum

984 394 1121 430 princeps
1148 396 1359 425 Constantinus
1388 398 1511 431 Psellus,
1535 402 1623 435 atque
1646 401 1675 428 in
1704 402 1810 437 primis

984 439 1078 466 Caesar
1114 439 1194 468 illius
1223 441 1273 476 qui
1303 445 1389 469 antea
1426 442 1622 479 imperaverat
1654 448 1808 481 cognatus,

983 487 1031 522 qui
1058 490 1198 522 quantum
1216 489 1244 517 in
1270 490 1343 526 ipsis
1358 493 1470 524 erat,ne
1486 492 1581 521 vivere
1605 493 1724 529 quidem
1741 503 1809 523 eum

984 532 1152 566 cupiebant,
1169 534 1246 569 quod
1272 534 1329 562 sibi
1351 537 1448 571 gravis
1472 540 1560 570 esset,
1576 540 1605 565 et
1630 538 1714 567 valde
1739 548 1807 567 eum

984 576 1106 604 oderant
1129 580 1161 604 ut
1184 578 1279 606 virum
1304 587 1479 614 generosum
1502 590 1536 609 ac
1560 582 1676 617 fortem,
1699 584 1809 620 quique

984 621 1065 656 regni
1096 629 1260 650 assessores
1287 623 1406 651 haberet
1434 625 1518 652 ducis
1548 626 1647 661 ﬁlios;
1678 630 1808 656 attamen

984 668 1082 701 aperte
1106 666 1281 694 verebantur
1305 668 1359 703 ipsi
1377 668 1493 696 inutilia
1514 670 1677 700 consulere.
1695 672 1810 708 Aliquot

983 712 1049 744 post
1064 710 1168 738 diebus
1181 711 1259 739 venit
1282 711 1351 739 item
1365 713 1481 740 Manuel
1497 715 1691 749 curopalates,
1707 724 1808 744 secum

982 754 1130 781 adducens
1146 755 1274 783 Turcum
1287 755 1370 784 illum
1386 765 1401 783 a
1413 765 1470 792 quo
1483 757 1619 786 detentus
1632 760 1736 795 fuerat,
1749 769 1808 788 non

983 797 1118 834 invitum,
1134 800 1185 826 sed
1211 803 1316 836 sponte
1332 809 1362 829 se
1377 801 1406 828 in
1432 802 1600 830 servitutem
1622 804 1809 840 imperatoris

983 842 1177 872 dedicantem.
1190 844 1261 872 Nam
1274 853 1341 873 cum
1353 846 1488 874 sultanus
1499 855 1568 883 erga
1579 848 1675 883 ipsum
1689 849 1808 878 inimico

982 887 1081 916 animo
1092 890 1170 916 esset
1181 889 1218 916 ob
1242 890 1385 925 quasdam
1400 899 1514 925 causas,
1530 893 1688 921 exercitum
1704 894 1807 923 adver-

982 940 1033 959 sus
1046 940 1113 959 eum
1125 941 1192 960 eum
1212 934 1339 968 quodam
1356 935 1429 962 duce
1445 936 1575 970 miserat,
1592 937 1620 965 id
1637 938 1761 966 moliens
1775 941 1808 967 ut

981 984 1047 1003 eum
1064 977 1167 1012 quovis
1192 978 1278 1005 modo
1301 982 1436 1014 caperet;
1452 981 1537 1015 cujus
1562 983 1640 1008 metu
1656 982 1706 1010 ille
1725 991 1806 1011 cem-

982 1023 1079 1048 motus
1107 1021 1143 1048 ad
1174 1021 1377 1057 imperatorem
1405 1024 1547 1060 confugit.
1578 1025 1742 1062 Statimque
1772 1034 1806 1055 eo

981 1065 1092 1092 honore
1107 1065 1227 1093 atl‘ectus
1254 1069 1298 1094 est
1322 1068 1354 1094 ut
1379 1076 1485 1103 praeses
1510 1071 1599 1097 esset.
1616 1070 1684 1098 Erat
1708 1074 1806 1099 autem

982 1110 1079 1144 specie
1096 1110 1226 1145 juvenis,
1243 1113 1358 1139 statura
1372 1120 1439 1140 vero
1457 1113 1514 1140 fere
1526 1122 1675 1149 pygmteus
1690 1118 1718 1142 et
1735 1116 1807 1143 facie

979 1153 1085 1189 Scytha
1100 1157 1129 1181 et
1155 1155 1299 1190 ingratus.
1318 1156 1421 1192 Dcligit
1444 1160 1542 1184 autem
1559 1157 1656 1193 ipsum
1678 1159 1806 1195 impera-

980 1200 1037 1231 tor,
1067 1206 1188 1233 sperans
1218 1201 1277 1227 fore
1304 1203 1336 1227 ut
1363 1209 1430 1228 cum
1458 1201 1560 1229 Turcis
1587 1205 1615 1230 et
1638 1204 1805 1233 adversario

981 1242 1107 1270 exercitu
1138 1243 1187 1271 ille
1216 1247 1369 1280 pugnaret.
1398 1245 1560 1282 llabitoque
1590 1246 1701 1275 delectu
1732 1248 1806 1276 mili-

982 1291 1053 1320 tum,
1070 1290 1226 1323 appetente
1239 1297 1305 1316 vere
1321 1289 1469 1324 trajiciens
1484 1292 1643 1318 exercitum
1666 1292 1702 1319 ad
1719 1292 1807 1320 Erio-

981 1340 1045 1358 rum
1064 1331 1170 1367 palatia
1197 1333 1365 1368 perducitur
1389 1334 1452 1370 ipsa
1468 1334 1514 1362 die
1535 1335 1723 1371 orthodoxize,
1740 1345 1805 1365 eum

981 1375 1073 1411 pridie
1098 1377 1235 1404 exercitui
1264 1380 1293 1405 et
1317 1378 1431 1405 senatui
1460 1378 1644 1414 largitionem
1673 1389 1802 1409 annuam

981 1420 1106 1454 fecisset,
1128 1429 1184 1448 non
1214 1430 1278 1449 eam
1307 1424 1398 1450 totam
1426 1431 1508 1456 auro,
1538 1424 1588 1451 sed
1618 1425 1694 1452 689
1726 1427 1804 1461 quod

980 1464 1105 1498 deesset,
1135 1465 1236 1493 sericis
1265 1466 1337 1493 velis
1366 1466 1521 1503 supplevit.
1552 1468 1622 1496 Cum
1644 1477 1711 1497 vero
1740 1470 1804 1506 ipse

981 1509 1141 1544 trajiceret,
1156 1509 1294 1538 columba
1317 1511 1451 1546 quaedam
1477 1520 1534 1539 non
1550 1513 1710 1542 admodum
1727 1514 1805 1548 alba.

982 1557 1031 1584 sed
1049 1559 1177 1586 maxima
1200 1567 1234 1586 ex
1259 1562 1340 1596 parte
1354 1560 1449 1596 nigra,
1465 1560 1600 1590 alicunde
1624 1562 1735 1599 volans,
1751 1564 1806 1591 cir-

981 1610 1048 1630 cum
1075 1603 1223 1630 triremem
1249 1612 1312 1639 quaa
1343 1605 1464 1633 vehebat
1487 1606 1704 1642 imperatorem,
1733 1607 1806 1636 voli-

980 1647 1062 1674 tabat
1086 1648 1181 1682 quoad
1207 1649 1240 1675 ad
1270 1649 1366 1684 ipsum
1397 1649 1480 1677 illum
1511 1650 1666 1679 deveniens
1691 1651 1720 1678 in
1741 1652 1805 1687 ejus

982 1699 1086 1718 manus
1115 1691 1253 1726 deﬂuxit;
1273 1701 1359 1728 quam
1386 1693 1435 1721 ille
1459 1694 1636 1730 imperatrici
1666 1696 1748 1724 misit
1776 1697 1806 1725 in

982 1735 1123 1771 palatium
1140 1738 1244 1772 praeter
1259 1746 1368 1765 morem
1384 1739 1576 1766 commoranti
1601 1740 1637 1767 oh
1660 1741 1804 1776 quasdam

983 1779 1139 1808 muliebres
1167 1781 1287 1809 delicias
1315 1785 1344 1809 et
1373 1782 1642 1818 simulationes.|Et
1671 1785 1733 1813 visa
1762 1788 1808 1814 est

981 1825 1070 1860 igitur
1083 1825 1217 1853 columba
1233 1826 1399 1862 symbolum
1427 1827 1504 1854 haud
1522 1828 1588 1855 boni
1606 1832 1727 1857 eventus
1742 1832 1805 1858 tum

981 1869 1037 1905 ipsi
1060 1869 1109 1905 qui
1133 1873 1258 1905 ceperat,
1284 1872 1345 1897 tum
1373 1871 1415 1898 illi
1439 1871 1475 1898 ad
1509 1879 1598 1907 quam
1622 1873 1714 1901 missa
1741 1874 1806 1901 fuit.

981 1913 1089 1942 Verum
1106 1915 1234 1949 Augusta
1257 1923 1324 1942 cum
1353 1917 1458 1950 praeter
1486 1917 1606 1944 modum
1637 1925 1668 1945 se
1690 1918 1807 1947 deliciis

982 1960 1129 1995 satiasset,
1141 1960 1258 1987 tandem
1271 1961 1443 1995 poenitentia
1453 1961 1540 1989 ducta
1551 1963 1586 1989 ad
1600 1962 1807 1998 imperatorem

981 2004 1069 2037 venit,
1086 2007 1118 2032 ut
1130 2005 1265 2040 precibus
1276 2005 1417 2033 adhibitis
1427 2014 1494 2033 eum
1507 2006 1541 2033 ad
1564 2008 1724 2035 exercitum
1739 2009 1809 2036 edu-

982 2050 1105 2077 cendum
1133 2050 1331 2085 praemitteret.
1353 2049 1436 2078 Illinc
1460 2051 1550 2087 igitur
1573 2052 1721 2088 profectus
1750 2053 1806 2080 im-

983 2096 1100 2129 perator
1123 2102 1181 2122 non
1206 2094 1342 2122 Neocomi
1367 2103 1460 2130 neque
1484 2094 1513 2123 in
1530 2095 1601 2124 locis
1627 2096 1806 2133 quibusdam

983 2138 1072 2174 regiis
1087 2138 1212 2166 classem
1239 2139 1269 2166 in
1290 2139 1416 2167 statione
1439 2139 1552 2173 habuit,
1570 2141 1619 2168 sed
1648 2141 1806 2178 Elenopoli,

983 2191 1072 2218 quam
1084 2183 1228 2218 indigena;
1240 2183 1347 2210 rustice
1358 2183 1549 2219 Eleinopolim
1562 2185 1806 2221 sppellant,quod

943 2226 966 2258 D
983 2227 1078 2263 ipsum
1092 2235 1208 2263 quoque
1220 2228 1377 2263 augurium
1389 2227 1466 2255 haud
1484 2229 1628 2263 optimum
1638 2229 1733 2257 visum
1750 2233 1804 2258 est.

983 2276 1097 2304 Accidit
1120 2275 1208 2303 etiam
1232 2275 1330 2303 nescio
1355 2276 1426 2311 quid
1451 2276 1556 2304 aliud:
1582 2285 1650 2304 nam
1677 2278 1806 2306 maxima

983 2320 1075 2352 navis,
1092 2328 1156 2355 quae
1171 2320 1339 2347 continebat
1359 2320 1470 2356 regium
1484 2321 1717 2356 tabernaculum,
1733 2330 1805 2350 eon-

983 2366 1073 2392 fracta
1088 2364 1185 2392 statim
1214 2363 1284 2391 illud
1302 2372 1435 2392 corruere
1452 2365 1528 2392 fecit.
1548 2365 1752 2393 Verumtamen
1769 2375 1806 2395 ne

982 2409 1017 2436 ad
1035 2417 1124 2436 unum
1141 2409 1257 2444 quidem
1281 2408 1386 2436 horum
1402 2408 1555 2437 hominum
1579 2410 1704 2438 stultitia
1719 2413 1758 2446 et,
1773 2414 1806 2438 ut

981 2454 1024 2482 ita
1038 2453 1172 2487 dixerim,
1189 2453 1357 2488 depravatio
1381 2453 1472 2481 animi
1489 2456 1517 2481 et
1532 2454 1698 2490 importuna
1716 2457 1806 2491 atque

981 2497 1096 2525 inutilis
1122 2506 1179 2525 non
1204 2497 1340 2538 credendi
1356 2498 1517 2532 pertinacia
1542 2499 1685 2534 respicere
1701 2499 1803 2534 voluit,

982 2547 1041 2574 fato
1052 2547 1229 2582 impediente
1243 2549 1271 2573 et
1282 2546 1307 2573 ei
1323 2554 1443 2574 sensum
1469 2555 1583 2574 omnem
1608 2548 1758 2576 auferente
1774 2549 1804 2576 in

983 2599 1069 2624 quem
1095 2599 1128 2618 ea
1153 2591 1253 2618 omnia
1274 2590 1433 2618 deventura
1457 2595 1550 2619 erant.
1568 2591 1743 2628 Progressus
1759 2595 1804 2620 est

981 2637 1073 2673 igitur
1087 2636 1256 2671 imperator,
1273 2638 1302 2662 et
1318 2635 1441 2663 ulterius
1457 2636 1486 2663 in
1511 2636 1636 2664 Orientis
1656 2636 1803 2671 regionem

981 2680 1165 2717 procedebat,
1178 2679 1274 2715 quoad
1294 2680 1324 2707 in
1344 2681 1543 2716 prafecluram
1561 2681 1688 2709 Orientis
1704 2689 1803 2717 perve-

981 2725 1036 2760 nit,
1051 2725 1081 2752 in
1108 2732 1221 2758 omnes,
1253 2726 1357 2759 preter
1383 2724 1411 2752 id
1442 2726 1519 2761 quod
1548 2733 1601 2761 par
1628 2727 1700 2759 erat,
1726 2726 1804 2754 090

981 2769 1054 2799 mire
1081 2776 1208 2808 parcus;
1232 2768 1471 2807 intelligensque,
1501 2772 1534 2799 ut
1561 2769 1720 2800 verisimile
1748 2772 1802 2807 est,

1539 2891 1574 2914 ε’”

1519 2918 1534 2933 1
