1937 3050
159 122 217 152 419

819 118 984 148 JOANNIS
1007 118 1207 149 SCYLITZE

1799 125 1854 154 420

158 187 260 214 crebra
283 185 334 214 illa
357 186 581 222 praemonstrata
596 185 682 221 signa
705 184 740 211 ad
766 191 797 212 se
823 183 967 220 pertinere

1064 184 1169 221 ἐροοσαν
1198 184 1244 211 τὸν
1274 184 1387 222 βασιλέα
1413 185 1513 223 τριήρη
1542 185 1797 222 περιεποτᾶτο,ἓως
1819 189 1853 220 εἷς

159 240 216 259 non
241 232 270 259 in
296 230 485 259 tabernaculo
510 238 605 266 neque
621 229 650 257 in
675 228 771 265 planis
786 228 870 262 locis,
886 228 936 256 sed
953 228 982 255 in

158 275 283 304 tumulis
299 277 328 303 et
346 273 535 302 domunculis
555 273 718 307 habitabat,
735 272 784 300 ubi
800 272 886 300 etiam
902 271 982 298 aliud

159 321 307 356 quoddam
324 328 382 347 non
407 318 507 346 minus
531 317 726 345 infortunium
750 317 925 352 portendens
939 324 984 343 ac-

159 365 231 392 cidit
255 364 433 400 prodigium.
450 363 529 399 Ignis
553 362 630 390 enim
647 362 745 389 nescio
771 362 846 388 unde
869 360 984 387 delatus

158 410 260 437 domos
273 408 303 436 in
315 404 963 442 quibuscommorabaturimperatorincendit
976 413 982 432 τ

158 453 208 481 ubi
223 452 370 480 combusti
395 452 475 479 fuere
494 451 561 486 equi
575 453 605 478 et
619 450 704 484 regiae
719 452 814 477 vestes
829 457 982 484 equorum,

158 500 187 525 et
210 498 292 525 frena
317 496 384 524 aliis
413 496 499 531 longe
527 495 696 531 praestantia
721 502 841 530 prorsus
856 493 892 521 ab
914 493 982 528 igne

158 543 334 577 consumpta
350 542 429 568 sunt.
446 540 518 574 Equi
533 547 600 567 vero
616 539 838 566 semicombusti
852 538 886 566 ab
901 545 982 565 exer-

156 588 215 615 citu
233 585 378 621 conspecti
395 584 596 612 miserandum
609 582 808 619 spectaculum
820 582 979 618 praebuere.

155 631 227 660 Cum
241 639 308 659 vero
328 630 516 666 Sangarium,
533 629 582 656 ubi
599 629 658 656 haec
682 627 824 661 accidere,
841 635 891 663 per
906 635 980 662 pon—

153 679 212 704 tem
227 675 277 711 qui
301 675 402 710 Zompi
426 674 533 701 dicitur
558 673 735 707 transiisset,
751 680 820 700 suas
835 671 934 707 copias
949 672 978 698 in

153 728 246 748 unum
273 727 375 756 cogere
399 718 496 754 cmpit,
511 718 548 745 ob
572 718 767 745 Barbarorum
784 716 977 751 irruptionem

152 765 321 801 dissipatas.
337 763 410 792 Cum
426 763 518 799 igitur
540 771 575 790 ex
589 762 626 789 iis
649 763 793 798 quantum
806 760 899 789 voluit
913 768 977 788 coe-

151 810 251 846 gisset,
282 809 412 845 reliquos
442 807 549 836 milites
579 815 612 835 ac
640 807 728 835 duces
758 805 976 842 manipulorum

152 854 274 887 dimisit,
292 853 402 881 milites
429 853 550 888 quidem
574 854 606 879 ut
627 851 828 887 superioribus
844 849 977 878 cladibus

152 900 315 934 confectos,
332 897 552 933 manipulorum
577 904 644 924 vero
660 897 796 924 ductores
817 903 915 923 secum
932 894 982 922 sd-

150 944 258 972 ducere
281 942 390 970 veritus
415 943 449 970 ut
464 940 539 977 parti
554 940 761 969 insidiatorum
788 939 980 970 adhaerentes,

151 988 329 1023 Utinamque
354 987 433 1015 idem
458 986 488 1013 in
505 994 608 1014 omnes
632 985 759 1019 fecisset,
774 987 802 1012 et
817 984 841 1011 si
864 983 982 1011 divinus

151 1033 295 1061 terminus
314 1031 434 1059 transiri
461 1039 519 1058 non
536 1032 659 1066 poterat,
675 1031 704 1057 et
724 1028 911 1056 commistum
927 1035 980 1063 po-

152 1078 251 1105 culum
270 1076 383 1111 evitari,
400 1083 466 1102 nam
480 1075 520 1102 ita
536 1083 594 1102 suae
614 1072 812 1101 incolumitati
828 1071 980 1100 consulere

151 1122 232 1150 visus
267 1121 380 1149 fuisset.
414 1119 522 1147 Verum
560 1118 723 1154 Nicephoro
767 1117 920 1145 Botaniata
951 1118 980 1144 et

152 1165 358 1202 hujuscemodi
378 1164 556 1200 quibusdam
574 1163 643 1190 viris
658 1163 769 1198 ejectis,
785 1170 835 1190 eos
850 1161 900 1197 qui
916 1169 980 1188 om-

151 1212 240 1239 nibus
255 1210 330 1238 dolis
346 1212 373 1237 et
398 1210 494 1245 pravis
521 1208 654 1236 moribus
669 1207 805 1235 instructi
821 1209 920 1234 essent
935 1214 979 1233 se-

151 1263 216 1284 cum
232 1255 376 1283 adducere
403 1253 572 1287 festinabat,
590 1255 622 1280 ut
635 1253 796 1289 insequens
819 1251 980 1279 declarabit

151 1300 253 1329 oratio.
271 1302 335 1336 Ipse
351 1301 449 1327 autem
466 1298 508 1326 sic
533 1305 667 1334 pergens,
684 1305 778 1332 neque
794 1295 979 1324 imminentia

151 1346 208 1374 sibi
238 1345 316 1373 mala
341 1344 544 1380 praesentiens,
567 1342 668 1377 Ilalym
700 1342 822 1370 ﬂuvium
851 1340 977 1374 transiit,

152 1390 289 1426 quamvis
318 1390 518 1416 commoratus
549 1388 577 1414 in
605 1387 731 1422 quodam
761 1386 868 1421 oppido
900 1386 974 1412 691

152 1443 247 1472 nuper
271 1435 449 1466 constructo,
467 1433 553 1467 cujus
581 1431 703 1459 aedificia
728 1432 763 1458 ab
787 1431 851 1467 ipso
876 1432 978 1458 curata

150 1482 230 1513 sunt,
246 1479 287 1506 ibi
311 1476 534 1506 tabernaculum
560 1477 667 1512 posuit.
694 1476 805 1504 Deinde
829 1483 895 1503 cum
920 1477 977 1502 tra-

146 1523 278 1559 jecisset,
295 1522 466 1550 divisionem
484 1520 668 1556 propriarum
693 1519 912 1556 possessionum
929 1519 976 1545 de-

151 1567 282 1603 scripsit,
305 1569 334 1594 et
362 1568 521 1593 ttzesaream
552 1568 776 1600 praetergressus
804 1564 838 1591 ad
867 1563 975 1591 fontem

150 1611 271 1639 nomine
287 1611 390 1646 Cryam
407 1609 550 1645 pervenit,
567 1609 617 1644 qui
632 1608 749 1643 quidem
775 1608 857 1636 locus
877 1607 913 1635 ad
929 1615 977 1634 ex-

149 1656 318 1692 cipiendum
334 1655 493 1683 exercitum
509 1654 632 1682 idoneus
643 1656 715 1686 erat,
731 1653 869 1681 omnibus
882 1654 977 1682 abun-

149 1701 224 1728 dans
240 1709 303 1736 quaa
319 1699 384 1727 usui
401 1701 510 1732 essent,
526 1698 681 1733 oppidanis
707 1700 735 1726 et
759 1698 892 1734 paganis,
909 1698 978 1734 quia

150 1745 320 1780 frequenter
344 1751 377 1771 eo
394 1743 584 1777 ventitabaut,
601 1744 698 1770 notus.
725 1744 796 1769 Cum
812 1744 910 1769 autem
930 1751 976 1770 ve-

150 1792 270 1817 xaretur
295 1788 374 1823 regio
391 1789 420 1815 et
433 1796 449 1814 a
466 1786 610 1814 militibus
636 1786 829 1819 desolaretur,
845 1786 976 1814 infestio-

148 1842 209 1861 rem
237 1841 269 1861 se
290 1832 415 1869 praebuit
439 1831 615 1867 quihusdam
643 1839 677 1858 ex
699 1830 810 1866 legione
834 1831 977 1860 Nemitzo-

149 1886 225 1910 rum,
255 1877 306 1913 qui
336 1875 504 1912 reprehensi
534 1877 563 1904 et
591 1875 651 1903 lznsi
680 1875 833 1903 rebellant.
859 1877 917 1904 Hac
947 1884 977 1904 re

149 1922 277 1958 cognita,
298 1929 365 1948 cum
390 1929 498 1956 equum
526 1920 745 1948 conscendisset
768 1920 926 1955 imperator
949 1922 978 1948 et

149 1967 257 1994 milites
283 1967 482 1998 convocasset,
513 1965 648 2000 proprios
677 1964 809 2000 hospites
834 1965 977 1993 deterruit

147 2019 310 2046 rursusque
335 2009 484 2045 impositis
505 2008 724 2036 conditionibus
739 2008 783 2035 vel
800 2009 906 2037 invitos
920 2009 977 2037 sibi

152 2055 271 2091 subegit
298 2054 374 2082 hunc
399 2062 487 2081 unam
514 2061 630 2089 poenam
656 2052 810 2086 definiens,
830 2056 862 2081 ut
884 2053 914 2080 in
929 2061 977 2081 ex-

150 2103 245 2127 trema
271 2101 352 2134 parte
382 2097 526 2126 exercitus
555 2099 742 2132 ponerentur,
759 2097 809 2133 qui
837 2101 920 2126 erant
947 2099 978 2126 in

152 2145 247 2181 prima
275 2146 304 2171 et
332 2143 455 2179 proximi
486 2142 615 2178 corporis
653 2142 799 2170 custodes.
830 2142 912 2170 Illinc
941 2144 977 2171 ad

147 2187 312 2215 Sebastiam
342 2185 552 2222 proficiscitur,
581 2185 762 2213 contendens
790 2186 819 2213 in
854 2186 976 2215 Iberiam

1040 228 1119 256 αὐτὸν
1149 229 1248 256 ἐκεῖνον
1276 230 1433 261 καθεσθεῖσα
1452 230 1530 267 χερσὶ
1558 233 1617 261 ταῖς
1643 229 1722 258 αὐτοῦ
1745 233 1853 271 προσερ·

1041 272 1103 310 ῥύη.
1134 273 1261 305 Κάκεῖνος
1297 274 1397 308 ταύτην
1426 275 1460 310 τῇ
1500 273 1619 311 βασιλίδι
1657 274 1803 312 ἀνέπεμψεν
1829 276 1853 304 ιν

1037 320 1096 348 τοῖς
1120 317 1278 356 ἀνακτόροις
1302 318 1375 356 παρὰ
1400 318 1430 345 τὸ
1455 317 1551 350 εἰωθὸς
1573 318 1741 356 ἀπομεινάσῃ
1762 318 1804 348 διά
1817 331 1854 349 τι-

1039 372 1086 393 νας
1100 361 1209 399 Ορύψεις
1237 362 1389 399 γυναικείας
1417 362 1463 389 καὶ
1491 362 1653 399 ἀκκισμούς.
1680 362 1786 399 ’Έδοξεν
1812 365 1853 393 οὖν

1037 407 1054 440 ἡ
1071 406 1215 444 περιστερά
1237 404 1377 442 σύμϐολον
1402 407 1434 434 ού
1459 408 1583 444 χρηστῆς
1607 405 1765 440 ἀποϐάσεως
1785 409 1855 446 αύτῷ

1036 461 1065 478 τε
1083 452 1123 486 τῷ
1152 448 1264 478 λαϐόντι
1293 451 1337 478 καὶ
1365 449 1436 489 πρὸς
1460 452 1492 486 ἣν
1521 450 1645 481 ἔσταλτο.
1669 452 1747 481 Ἀλλ’
1771 453 1851 489 ἐκείνη

1037 497 1170 533 περιττῶς
1191 497 1295 533 σχοῦσα
1321 499 1371 530 τῆς
1396 496 1528 532 θρύψεως,
1554 496 1771 533 μεταμεληθεῖσα
1788 499 1852 536 πρὸς

1035 539 1080 566 τὸν
1112 538 1225 577 βασιλέα
1252 539 1374 577 ἀφίκετο,
1402 540 1449 568 τὸν
1479 542 1672 578 συντακτήριον
1700 541 1852 570 ἀποδώσου-

1042 595 1074 611 σα
1090 586 1146 621 (20)
1167 584 1212 612 καὶ
1238 584 1316 612 αὐτὸν
1341 584 1384 612 ἐπὶ
1402 586 1451 620 τήν
1468 585 1636 622 ἐκστρατείαν
1650 587 1852 624 προπέμψουσα.

1043 630 1151 658 Εκεῖοεν
1182 628 1226 656 οὗν
1255 630 1359 666 ἀπάρας
1383 631 1397 657 ὁ
1425 630 1553 667 βασιλεὺς
1578 630 1628 658 οὐκ
1655 630 1681 658 ἐν
1708 632 1852 668 Νεακώμου

1041 673 1104 702 ούδὶ
1132 673 1158 702 ἓν
1183 674 1295 705 ὑπατίας
1320 674 1435 712 χωρίοις
1459 675 1513 702 τισί
1531 674 1684 713 βασιλικοῖς
1698 677 1852 714 προσωρμί-

1038 729 1114 754 σατο,
1136 717 1200 746 ἀλλ’
1222 718 1249 746 ιν
1275 718 1474 755 Ἑλενουπόλει,
1490 719 1522 754 ἦν
1537 719 1563 747 οἱ
1589 719 1724 759 ἐγχώριοι
1738 720 1852 759 ἀγροικι-

1033 763 1152 800 κώτερον
1181 762 1376 799 κικλήσκουσιν
1405 762 1625 792 Ἐλεεινούπολιν
1643 773 1650 780 ·
1679 765 1694 792 ὂ
1721 764 1766 792 καὶ
1793 765 1852 793 αὖτό

1032 809 1129 839 οἰωνὸς
1157 807 1188 835 οὐ
1215 809 1338 846 χρηστὸς
1363 806 1447 843 ἔδοξε.
1474 806 1578 844 Συνὲϐη
1602 807 1631 836 δὶ
1656 809 1702 836 καί
1715 819 1741 837 τι
1756 807 1851 846 ἓτερον·

997 866 1022 900 Β
1035 853 1066 900 τὸ
1081 852 1132 891 γὰρ
1150 853 1261 900 συνέχον
1286 853 1336 887 τὴν
1364 851 1518 900 βασιλικήν.
1533 854 1636 900 σκηνήν
1663 853 1789 891 μέγιστον
1814 855 1852 890 ξύ-

1037 897 1085 926 λον
1110 897 1236 935 κατεαγὶν
1263 899 1352 925 πεσεῖν
1382 897 1467 933 αὐτὴν
1494 896 1623 936 αῐφνηδὸν
1650 898 1850 935 παρεσκεύασεν.

1035 943 1131 979 Ὅμως
1146 941 1169 969 δ’
1185 942 1231 969 οὗν
1255 941 1318 969 οὐδὲ
1339 943 1407 979 πρὸς
1431 941 1458 969 ἓν
1483 942 1586 971 τούτων
1605 943 1623 978 ὴ
1639 945 1694 970 τῶν
1708 943 1849 981 ἀνθρώπων

1036 984 1185 1022 ἀϐελτηρία
1207 986 1262 1020 καὶ,
1280 987 1316 1017 ὡς
1342 987 1398 1014 οἷον
1423 986 1518 1021 εἰπεῖν,
1534 987 1647 1025 καχεξία
1670 987 1715 1014 καὶ
1735 987 1766 1015 τὸ
1779 987 1803 1015 ἰν
1817 990 1849 1024 τῇ

1036 1030 1153 1068 δοκούσῃ
1179 1030 1267 1058 πίστει
1293 1028 1404 1058 ἄπιστον
1433 1030 1479 1058 καὶ
1506 1029 1685 1068 ἀσύμϐλητον
1713 1029 1850 1069 διαϐλέψαι

1035 1074 1166 1111 ἠθέλησε,
1189 1077 1238 1102 τοῦ
1271 1075 1360 1113 χρεὼν
1392 1074 1586 1112 ἐμποδίζοντος
1617 1077 1782 1115 πανταχοῦ,
1810 1076 1852 1104 καὶ

1037 1119 1102 1157 μηδ’
1128 1119 1201 1156 animi)
1226 1120 1418 1157 παρεχομένου
1446 1120 1619 1155 συναίσθησιν
1649 1121 1718 1159 πρὸς
1743 1120 1772 1148 εν
1792 1121 1852 1148 ἀπο-

1034 1166 1163 1199 σκήπτειν
1178 1161 1306 1200 ἔμελλον.
1323 1164 1424 1202 Προῄει
1440 1164 1528 1191 τοίνυν
1546 1165 1560 1191 ὁ
1577 1164 1718 1202 βασιλεὺς,
1733 1165 1774 1202 [Ρ.
1794 1166 1853 1201 836]

1033 1209 1077 1236 καὶ
1104 1211 1154 1243 τῆς
1185 1209 1270 1244 Ἐῲας
1297 1208 1463 1246 προσωτέρω
1492 1210 1662 1247 προήρχετο,
1685 1208 1738 1240 ἕως
1756 1211 1790 1245 τῇ
1804 1211 1854 1236 τῶν

1033 1253 1217 1281 Ἀνατολικῶν
1249 1252 1367 1290 ἐπαρχίᾳ
1391 1251 1553 1291 προσέϐαλε,
1578 1252 1713 1293 φειδωλία
1735 1253 1805 1292 παρὰ
1824 1254 1851 1281 τὸ

1033 1297 1103 1328 εἰκὸς
1118 1297 1185 1334 πρὸς
1206 1297 1306 1328 πάντας
1321 1297 1512 1335 συνεχόμενος.
1540 1298 1634 1330 Συνεῖς
1657 1297 1696 1334 δὲ,
1714 1298 1751 1329 ὡς
1775 1297 1851 1334 ἔοικε,

1031 1342 1063 1370 τὸ
1092 1342 1202 1379 συνεχὲς
1230 1343 1283 1369 τῶν
1309 1342 1512 1380 προγεγονότων
1553 1341 1676 1379 σημείων
1714 1342 1752 1373 εἷς
1778 1342 1852 1369 αὑτὸν

1033 1387 1204 1423 ἀποσκῆψον,
1230 1386 1279 1413 οὑκ
1306 1385 1331 1413 έν
1355 1387 1440 1423 σκηνῇ
1466 1385 1530 1414 οὑδὲ
1557 1386 1583 1414 ἐν
1608 1385 1727 1421 πεδίοις,
1743 1385 1804 1414 ἀλλ’
1827 1385 1851 1413 ἐν

1031 1430 1167 1468 γηλόφοις
1194 1430 1239 1458 καὶ
1260 1429 1408 1467 δωματίοις
1433 1429 1551 1458 ἐποιεῖτο
1572 1431 1622 1465 τὴν
1635 1432 1850 1466 κατασκήνωσιν.

1030 1476 1113 1508 Ἔνθα
1137 1474 1169 1510 δή
1190 1485 1215 1502 τι
1240 1475 1284 1503 καὶ
1311 1472 1409 1510 συνέϐη
1427 1475 1476 1502 οὒκ
1491 1473 1601 1503 ἔλαττον
1628 1475 1668 1506 εἲς
1683 1473 1850 1511 κακοδαιμο-

1028 1519 1086 1551 νίας
1103 1519 1247 1555 οἰώνισμα·
1274 1521 1326 1557 πῦρ
1342 1520 1392 1557 γάρ
1421 1525 1502 1551 ποθεν
1526 1519 1634 1557 ὶνεχθὶν
1661 1519 1727 1551 τοὺς
1751 1518 1850 1556 δόμους

1031 1563 1058 1592 ἐν
1082 1566 1123 1595 οἷς
1153 1565 1167 1591 ὁ
1195 1564 1323 1602 βασιλεὺς
1349 1563 1486 1599 ἐσκήνωτο
1515 1565 1730 1600 κατενεμήσατο,
1760 1563 1786 1591 ἐν
1815 1565 1853 1594 οἷς

1031 1608 1281 1646 συγκατεκαύθησαν
1304 1607 1386 1636 ’ἵπποι
1409 1618 1438 1636 τε
1467 1609 1512 1636 καὶ
1537 1608 1692 1648 έφεστρίδες
1718 1607 1853 1646 βασιλικαὶ

1030 1653 1076 1681 καὶ
1105 1652 1208 1690 χαλινὰ
1233 1654 1290 1689 (21)
1316 1655 1370 1680 τῶν
1401 1651 1493 1680 ἄλλων
1523 1652 1596 1680 πολὺ
1620 1648 1796 1691 διαφέροντα,
1809 1652 1852 1680 καὶ

1030 1698 1078 1725 τοῦ
1093 1697 1178 1735 πυρὸς
1204 1696 1299 1724 διόλου
1323 1697 1446 1735 γεγόνασι
1471 1696 1671 1735 παρανάλωμα.
1689 1698 1722 1726 Οἱ
1738 1696 1760 1724 δ’
1774 1696 1851 1725 ’ίπποι

1030 1742 1197 1780 ἡμίφλεκτοι
1231 1742 1419 1779 καθορώμενοι
1457 1744 1497 1778 τῷ
1533 1741 1709 1779 στρατοπέδῳ
1738 1740 1850 1770 ἐλεεινὸν

1031 1786 1200 1824 διεφαίνοντο
1229 1785 1325 1822 θέαμα.
1357 1786 1410 1814 Τὸν
1440 1784 1469 1813 δὲ
1499 1787 1653 1824 Σαγγάριον
1688 1784 1850 1824 διαπεραιω-

1031 1832 1096 1867 θεὶς,
1123 1831 1185 1869 παρ’
1211 1832 1233 1867 ᾧ
1247 1833 1330 1858 ταῦτα
1355 1831 1459 1868 γέγονε,
1475 1829 1520 1858 διὰ
1540 1834 1590 1865 τῆς
1607 1831 1720 1868 Ζόμπου
1737 1830 1850 1868 λεγομέ-

1029 1887 1079 1912 νης
1108 1876 1226 1915 γεφύρας
1256 1876 1314 1911 (22)
1340 1875 1387 1905 τὰς
1424 1875 1525 1906 οἰκείας
1565 1874 1694 1912 δυνάμεις
1721 1875 1850 1912 ἀθροίζειν

1030 1921 1140 1958 ἤρξατο,
1170 1919 1359 1951 σκεδασθείσας
1385 1918 1430 1946 διὰ
1457 1920 1506 1954 τὴν
1537 1922 1590 1947 τῶν
1616 1917 1764 1957 Βαρϐάρων
1792 1918 1850 1946 ἐπί-

1030 1966 1111 1992 θεσιν.
1138 1964 1289 2000 Καταλέξας
1314 1962 1338 1990 δ’
1364 1963 1409 1990 οὖν
1435 1963 1465 1991 ἐκ
1490 1964 1593 1991 τούτων
1621 1963 1685 1992 ὅσον
1706 1961 1850 1999 ἠϐούλετο,

1030 2010 1061 2037 τὸ
1076 2009 1173 2037 λοιπὸν
1193 2007 1371 2045 ἀπεπέμψατο
1399 2010 1571 2045 στρατιωτῶν
1596 2019 1626 2036 τε
1652 2009 1697 2036 καὶ
1713 2007 1851 2046 λοχαγῶν,

1031 2054 1094 2086 τοὺς
1124 2054 1182 2090 μὶν,
1210 2053 1273 2083 τοὺς
1297 2053 1473 2090 στρατιώτας,
1489 2053 1528 2084 ὡς
1555 2054 1851 2091 προκατειργασμένους

1031 2102 1091 2130 ταῖς
1112 2095 1327 2136 προϐεϐηκυίαις
1350 2097 1453 2132 ἥτταις,
1478 2097 1542 2128 τοὺς
1568 2096 1597 2125 δὲ
1622 2096 1763 2136 λοχαγοὺς
1777 2095 1852 2126 αὑτὸς

1033 2143 1142 2171 δειλιῶν
1171 2142 1317 2179 ἀπάγεσθαι
1344 2141 1389 2169 σὺν
1412 2142 1485 2178 αὒτῷ
1511 2142 1549 2173 ὡς
1576 2144 1614 2178 τῷ
1643 2142 1719 2179 μέρει
1742 2144 1794 2169 τῶν
1808 2140 1854 2178 ιφ-

1034 2187 1119 2226 έδρων
1144 2186 1374 2225 προσανέχοντας.
1392 2185 1453 2218 Εἴθε
1480 2186 1526 2223 μὶν
1554 2185 1600 2214 οὖν
1625 2186 1691 2214 αὑτὸ
1706 2186 1744 2217 εἷς
1758 2185 1851 2215 πάντας

148 2233 309 2269 pervenire,
342 2231 391 2258 ubi
421 2230 508 2258 etiam
541 2238 643 2258 eorum
672 2229 721 2265 qui
750 2239 817 2258 cum
845 2232 971 2260 Mauuele

1066 2234 1193 2269 έπρακτο,
1218 2230 1264 2259 καὶ
1293 2231 1318 2258 εἴ
1346 2232 1384 2267 μή
1417 2229 1528 2259 δυνατὸν
1558 2231 1591 2266 ἦν
1620 2231 1666 2258 τὸν
1693 2233 1764 2263 θεῖον
1793 2230 1851 2267 ὅρον

147 2276 321 2313 Curopalate
348 2277 498 2305 Comneno
527 2274 693 2302 ceciderant
722 2277 867 2310 spectator
905 2277 970 2305 fuit.

147 2323 182 2350 Et
196 2321 264 2349 inde
288 2320 399 2349 sensim
424 2328 456 2346 ac
472 2317 612 2354 paulatim
636 2326 810 2354 progressus
825 2321 860 2347 ad
877 2321 972 2349 Theo—

147 2365 322 2400 dosiopolim
353 2372 383 2391 se
413 2363 534 2396 confert,
552 2364 618 2389 ante
648 2362 767 2397 quidem
799 2364 971 2402 neglectam,

148 2410 199 2437 sed
221 2417 256 2436 ex
278 2417 333 2444 quo
358 2409 557 2443 expugnatum
583 2406 638 2433 fuit
661 2409 758 2441 Artze,
779 2408 973 2438 instauratum

148 2456 177 2481 et
204 2451 425 2480 communitam.
454 2450 524 2478 Inde
549 2451 642 2485 jussit
678 2451 811 2487 singulos
849 2454 972 2483 duorum

1025 2276 1170 2314 παρελθεῖν
1205 2275 1249 2302 καὶ
1289 2276 1321 2303 τὸ
1354 2275 1519 2313 κεκραμένον
1550 2277 1685 2312 ποτήριον
1720 2274 1850 2312 ἐκφυγεῖν

1025 2322 1093 2352 τέως
1110 2319 1133 2348 δ’
1160 2319 1205 2347 οὖν
1228 2319 1357 2358 ἀσφαλῶς
1383 2320 1486 2358 πραξας
1509 2319 1595 2359 έφάνη
1621 2318 1664 2347 ἄν.
1691 2319 1746 2348 Τὸν
1773 2322 1850 2346 Bura-

1031 2365 1135 2400 νειάτην
1159 2363 1188 2391 δὲ
1217 2364 1375 2403 Νικηφόρον
1405 2364 1448 2391 καὶ
1469 2364 1610 2395 τοιούτους
1637 2363 1713 2395 τινὰς
1742 2363 1779 2394 ὡς
1806 2362 1851 2390 ὑπ-

1027 2407 1127 2440 όπτους
1155 2407 1334 2445 διωσάμενος,
1355 2407 1419 2439 τοὺς
1434 2407 1518 2436 δόλου
1544 2408 1590 2436 καὶ
1616 2407 1779 2444 κακοηθείας
1807 2417 1851 2443 με·

1029 2454 1108 2485 στοὺς
1135 2454 1311 2490 συνεπήγετο,
1327 2453 1364 2484 ὡς
1388 2453 1493 2491 προϊὼν
1510 2454 1524 2481 ὁ
1540 2452 1623 2491 λόγος
1649 2452 1780 2488 δηΛώσει.
1800 2451 1854 2479 Δῦ.

801 2519 927 2548 JACOBI
947 2521 1055 2550 GOARI
1079 2521 1195 2549 NOT/E.

183 2567 238 2602 (20)
255 2566 330 2601 Lego
342 2563 521 2603 daroriaouca,
538 2567 566 2603 et
578 2573 695 2603 expono
716 2569 809 2595 votum
831 2576 880 2603 pro
899 2577 971 2597 com-

148 2600 241 2630 meatu
253 2600 443 2637 persolutum,
458 2600 502 2637 vel
528 2600 628 2629 ultimo
642 2607 707 2629 ante
725 2600 873 2631 discessitm
896 2606 977 2634 collo-

148 2639 212 2677 quio
225 2636 384 2677 eiceptura.
402 2636 566 2664 Recolenda
589 2636 650 2674 περὶ
675 2639 872 2676 συντακτηρίου
888 2649 973 2677 supe.

149 2672 212 2702 rius
227 2672 346 2708 scripta.

185 2709 241 2744 (21)
256 2708 384 2742 Utraque
413 2714 544 2744 purpura
567 2710 652 2744 sunt,
680 2709 740 2737 hiec
767 2719 854 2738 aureo
885 2711 972 2740 etiam

150 2742 242 2772 limbo
257 2745 444 2781 praetexta,ac
457 2742 656 2781 ideoireliquis
665 2743 752 2781 longe
764 2746 972 2775 nobiliora.Co-

150 2781 249 2816 dinus,
258 2777 407 2808 Cedrenus
420 2777 450 2806 in
461 2777 568 2807 Basilio
577 2777 742 2818 Macedone,
754 2781 896 2819 Gregoras
908 2782 970 2812 1.1x.

1064 2570 1121 2606 (22)
1140 2571 1226 2606 ‘Pons
1255 2569 1310 2606 iste
1338 2571 1392 2606 est
1411 2577 1428 2597 a
1455 2569 1625 2606 Justiniano
1637 2604 1643 2606 Α
1655 2570 1849 2606 constructus.

1031 2601 1234 2642 Πίντοίγέφυρος
1262 2605 1339 2642 alias
1365 2605 1467 2642 dictus»
1490 2606 1568 2642 apud
1589 2604 1762 2642 Cedrenum.
1785 2601 1851 2628 Vul-

1030 2650 1086 2677 gus
1110 2640 1218 2676 Ζόμπον
1242 2640 1353 2677 vocavit
1376 2640 1671 2677 appellativorpotius
1687 2645 1850 2677 quampro-

1031 2674 1242 2713 priopnomine
1270 2674 1483 2713 Ζόμποςᾟῃῖω
1523 2676 1663 2713 gibberum
1695 2674 1849 2713 significat,

1029 2707 1081 2740 nec
1105 2711 1238 2748 ineptum
1263 2707 1606 2748 pontisjalderconvexi
1633 2707 1768 2739 censetur
1791 2707 1849 2748 epl-

1027 2743 1213 2776 thetum.’De
1236 2743 1336 2784 Sagari
1364 2746 1452 2775 ﬂuvio
1471 2747 1502 2775 in
1528 2747 1692 2776 Cedrenum
1719 2743 1848 2774 memini-

1027 2791 1106 2812 mus.
