1937 3050
51 96 112 126 421

818 101 1014 131 HISTORIA.

1708 113 1766 142 422

49 161 101 193 τὸς
120 160 149 188 δὲ
176 160 264 193 οὕτως
293 163 341 190 ἱὼν
368 165 421 190 τῶν
451 162 665 201 καταληψόντων
698 165 777 193 αὐτὸν
794 176 814 192 κ‹

999 168 1090 196 isium
1117 169 1225 197 cibaria
1249 179 1349 199 secum
1375 172 1459 208 terre,
1479 176 1621 210 tanquam
1645 185 1696 212 per
1717 178 1764 206 in-

55 206 273 244 ἀνεπαίσθητος,
308 207 460 245 ἐπεραιώθη
479 209 526 235 τὸν
554 208 639 238 ’Ἅλυν
665 209 809 248 λεγόμενον
834 220 887 237 πο-

52 251 162 287 ταμὸν,
180 251 202 278 εἰ
218 250 263 278 καὶ
278 250 358 282 αὐτὸς
384 252 531 288 ὑπομείνας
556 252 594 285 sic
609 265 635 282 τι
652 255 781 292 νιοπαγὶς
802 253 889 293 φρού-

50 305 127 332 ριον,
145 295 216 332 πρὸς
231 295 313 323 αὐτοῦ
326 297 376 331 τὴν
403 296 562 334 οἷκοδομίαν
589 297 687 337 λαχὸν,
704 298 888 334 ἐσκηνώσατο-

51 340 135 367 Μετὰ
150 342 236 368 ταῦτα
252 339 279 368 δὲ
300 342 463 378 περαιωθεὶς
488 343 537 377 τήν
565 342 693 380 διαίρεσιν
724 344 764 376 είς
788 344 889 375 οἰκείας

53 385 174 419 κτήσεις
207 384 431 423 συνδιιγράψατο.
456 387 509 421 Τὴν
548 386 576 415 δὶ
608 389 766 426 Καισάρειαν
791 388 891 427 παρελ-

53 429 115 461 θὼν
134 429 174 460 εἰς
193 430 242 464 τήν
264 429 415 468 λεγομένην
432 432 584 468 κατήντησι
600 433 688 470 Κρύαν
703 435 793 471 πηγήν
809 434 866 470 (23)
883 443 889 450 ·

53 475 89 508 ἦν
122 474 176 512 γὰρ
206 474 220 501 ὁ
245 474 330 506 τόπος
359 476 428 512 πρὸς
457 474 600 514 ὑποδοχὴν
627 480 741 514 στρατοῦ
775 478 892 521 εὔθετος,

53 521 126 545 πᾶσι
145 518 250 556 βρίθων
274 522 332 550 τοῖς
356 521 520 557 χρησίμοις,
548 522 722 558 ἁστυκώμαις
748 523 791 550 καὶ
812 518 892 560 ἀγροί

55 561 176 597 πόλεσι,
196 562 241 590 διὰ
264 567 314 598 τῆς
355 567 510 602 συμμιγοῦς
549 567 737 605 ποριμότητος
764 567 894 604 γνωριζό-

57 618 161 644 μενος,
187 610 357 646 Κειρομὲνης
383 608 411 636 δὲ
434 613 485 644 τῆς
507 611 600 649 χώρας
627 612 672 638 καὶ
702 612 894 649 ἐρημουμένης

61 652 142 689 παρᾶ
154 655 213 680 τῶν
239 656 413 689 στρατιωτῶν
439 654 621 692 ἀπηνέστερον
642 656 819 693 προσηνέχθη
841 655 896 683 τισὶ

57 699 116 724 τῶν
148 696 179 724 ἐκ
200 700 250 725 τοῦ
271 698 410 736 τάγματος
444 701 498 726 τῶν
532 699 686 736 Νεμίτζων.
712 700 790 728 Ἀλλ’
813 700 842 727 οἷ’
864 711 896 738 γε

54 739 211 779 δηχθέντες
236 743 428 771 άποστατοῦσι.
458 745 630 776 Γνωσθέντος
661 743 690 772 δὲ
714 744 825 779 τούτου,
847 745 895 773 Ἱπ-

54 795 112 813 που
129 784 228 819 ἐπιϐὰς
246 787 260 814 ό
291 787 420 825 βασιλεὺς
439 788 484 815 καὶ
509 790 704 826 στρατιωτικὸν
730 788 895 828 συγκαλισά-

52 841 139 866 μενος
167 832 232 862 τοὺς
263 830 416 866 ἰδιοξένους
456 833 609 869 κατέπληξε
639 834 684 861 καὶ
720 835 796 865 αὗθϊς
827 835 896 862 ὑπο-

51 874 192 907 σπόνδους
207 876 252 903 καὶ
270 877 308 912 μὴ
339 877 529 914 βουλομένους
554 878 729 914 κατέστησεν,
746 879 773 906 ἐν
784 879 893 911 τούτοις

56 919 158 956 μόνοις
179 920 210 947 τὸ
238 921 390 957 πρόστιμον
418 922 524 959 ὁρίσας,
552 922 578 949 ἐν
603 925 642 959 τῷ
663 922 796 961 ἐσχάτους
815 923 893 951 τετά-

53 965 124 1001 χθαι
147 964 207 991 ἀντὶ
231 966 281 999 τῆς
307 966 419 1003 πρώτης
443 966 589 1005 ἐγγύτητος
613 967 658 995 καὶ
688 967 891 1007 σωματοφυλα-

55 1009 132 1040 κίας.
161 1010 204 1044 [Ρ.
234 1010 298 1046 837]
327 1011 445 1042 Ἐκεῖθεν
464 1014 552 1048 χωρεῖ
576 1012 614 1042 ιίς
640 1010 813 1047 Σεϐάστιιαν,
844 1014 893 1048 τήν

55 1051 183 1091 Ἰϐηρίαν
212 1052 376 1082 καταλαϐεῖν
404 1054 589 1093 ἐπειγόμενος,
621 1056 665 1084 ὅτε
693 1057 737 1084 καὶ
763 1060 816 1084 τῶν
844 1057 891 1085 σὺν

56 1101 98 1134 τῷ
126 1099 323 1137 κουροπαλάτῃ
347 1099 479 1134 Μανουὴλ
517 1103 557 1136 τῷ
586 1104 725 1138 Κομνηνῷ
753 1102 889 1129 πεσόντων

58 1144 160 1178 θεατὴς
184 1145 239 1170 τῶν
263 1143 417 1180 πτωμάτων
447 1144 563 1181 ἐγένετο.
581 1145 707 1173 Κάκεῖθεν
733 1146 824 1184 σχολῇ
843 1145 890 1174 καὶ

62 1186 151 1225 βάδην
171 1187 217 1215 ἰὼν
239 1186 447 1225 καταλαμϐάνει
472 1190 522 1223 τὴν
543 1188 783 1226 Θιοδοσιούπολιν,
796 1192 892 1229 πρώην

60 1233 112 1268 μὶν
131 1231 338 1269 ξάμεληθεῖσανί
363 1232 389 1268 ἐξ
405 1233 468 1260 ὅτου
485 1232 513 1261 δὶ
535 1233 723 1272 ἐπολιορκήθη
738 1235 768 1262 τὸ
784 1236 890 1273 Ἀρτζε,

61 1275 327 1313 ἀνοικοδομηθιῖσαν
373 1277 419 1305 καὶ
466 1281 704 1316 κατοχυρωθεῖσαν
722 1302 729 1314 ,
772 1279 888 1312 ἐντεῦθεν

65 1319 186 1357 διμήνου
220 1323 323 1359 τροφὴν
360 1322 463 1359 ἑκάστῳ
491 1323 579 1362 φέρειν
609 1323 889 1361 ἐπικηρυκευσάμενος

61 1365 101 1396 ὡς
130 1364 166 1392 δι’
194 1365 325 1401 ἀοικήτου
353 1366 398 1393 καὶ
431 1367 622 1404 ἠρημωμένης
651 1368 745 1406 χώρας
772 1367 888 1406 βαδίζειν

65 1409 214 1446 μὲλλουσι.
244 1410 355 1438 Πάντων
382 1410 410 1438 δὶ
446 1411 477 1438 τὸ
508 1412 659 1450 προσταγὲν
685 1414 889 1450 ποιησαμένων,

59 1454 92 1481 τὸ
111 1454 310 1492 μισθοφορικὸν
332 1457 385 1482 τῶν
410 1455 503 1490 Οῧζων
529 1456 572 1483 καὶ
599 1455 663 1487 τοὺς
679 1457 822 1494 Φράγγους
843 1457 888 1484 σὺν

61 1497 213 1535 Ῥουσιλίῳ
239 1497 315 1536 ἀνδρὶ
353 1499 467 1537 γενναίῳ
506 1499 550 1527 καί
590 1499 737 1537 πολεμικῷ
766 1500 889 1540 διαφίησι

943 211 1052 239 cultam
1083 215 1112 240 et
1142 214 1304 243 solitariam
1332 217 1480 252 regionem
1514 219 1569 247 iter
1600 211 1764 251 habituros.

943 255 1016 283 Cum
1031 265 1133 286 omnes
1156 259 1298 294 imperata
1322 261 1469 297 fecissent,
1486 266 1682 294 mercenarios
1696 267 1767 296 Uzos

945 302 973 327 et
996 302 1122 329 Francos
1147 311 1214 331 cum
1239 304 1366 340 Ruselio,
1382 306 1443 334 viro
1467 308 1536 336 forti
1559 318 1592 337 ac
1618 310 1765 347 bellicoso,

945 345 980 372 ad
997 345 1092 374 Chliat
1118 348 1278 383 praedatum
1304 350 1394 385 misit,
1412 352 1489 386 quod
1515 354 1596 388 prius
1620 355 1708 383 etiam
1726 345 1767 384 fe;

945 393 1032 418 cerat.
1050 391 1101 419 ille
1122 400 1139 419 ει
1161 395 1242 429 tergo
1266 394 1342 422 692
1365 395 1525 431 insequens
1548 399 1582 426 ad
1611 399 1769 430 Matziciert

948 435 1086 470 pervenit,
1114 437 1217 464 urbem
1248 438 1421 473 Romanam,
1441 442 1492 468 sed
1517 450 1535 470 a
1558 443 1674 472 sultano
1702 446 1773 474 sub-

947 482 1040 506 actam
1056 483 1084 507 et
1102 484 1170 509 ante
1192 490 1209 509 ο.
1228 483 1330 511 Turcis
1345 484 1508 513 obsessam.
1524 488 1707 523 Aspernatus
1723 499 1775 518 au-

947 525 1005 549 tem
1022 523 1076 551 hos
1093 527 1124 552 ut
1141 533 1260 560 paucos,
1276 527 1363 555 aliam
1390 537 1511 558 manum
1533 531 1611 559 haud
1638 534 1773 570 exiguam

949 568 985 594 ab
1001 569 1126 596 exercitu
1152 571 1313 599 abscissam
1337 572 1464 608 Josopho
1489 576 1629 611 magistro
1645 568 1774 607 Tarcha-

949 611 1035 639 niotae
1070 613 1170 647 tradit,
1201 615 1301 643 addita
1334 616 1422 644 etiam
1453 618 1531 646 haud
1561 624 1776 652 contemnenda

950 655 1069 684 cohorte
1092 658 1235 693 peditum,
1252 659 1311 687 imo
1326 661 1415 688 etiam
1441 663 1572 698 equitum
1588 665 1774 703 selectorum,

951 700 1001 736 qui
1028 703 1153 730 maxime
1173 703 1302 731 bellicosi
1318 708 1403 732 erant
1424 708 1452 733 et
1476 707 1552 735 inter
1575 709 1674 738 hostes
1698 700 1776 739 sem?

951 752 1003 780 per
1021 745 1170 782 principes
1195 747 1324 783 pericula
1346 749 1466 777 adibant
1490 751 1635 788 primique
1661 762 1775 791 pugna-

952 788 1030 817 bant.
1060 790 1210 819 Profectus
1247 793 1346 820 autem
1382 794 1592 825 Tarchoniotes
1619 788 1778 828 ad_Chliat

951 841 1035 869 opem
1058 834 1173 863 laturus
1188 835 1257 864 Uzia
1271 840 1300 864 et
1314 837 1434 866 Francis
1450 841 1479 867 et
1493 841 1573 868 omni
1595 845 1776 872 mercenaria

951 878 1098 907 exercitui.
1115 880 1257 908 Audierat
1271 882 1349 909 enim
1372 883 1531 918 imperator
1553 887 1776 918 multitudinem

950 930 1073 951 numero
1101 924 1246 952 inﬁnitam
1277 926 1415 954 adversus
1445 928 1525 964 ipsos
1551 931 1660 968 venire,
1677 935 1706 961 et
1731 934 1776 962 di-

949 967 1056 995 viserat
1085 969 1256 1004 exercitum,
1283 978 1405 1005 sperans
1435 981 1465 1000 se
1493 975 1592 1003 statim
1619 978 1777 1007 Matziciert

949 1011 978 1038 in
995 1020 1079 1039 suam
1105 1015 1281 1048 potestatem
1298 1015 1496 1050 redacturum,
1512 1020 1591 1053 quod
1616 1021 1704 1049 etiam
1729 1031 1778 1051 ao-

948 1056 1031 1091 cidit,
1048 1059 1076 1084 et
1091 1058 1127 1084 ad
1146 1066 1196 1085 eos
1222 1059 1271 1093 qui
1298 1065 1378 1087 erant
1405 1060 1434 1087 in
1451 1062 1548 1090 Chtiat
1570 1064 1776 1105 adventuram.

947 1100 1028 1133 Quod
1056 1101 1080 1128 si
1106 1110 1170 1137 quae
1197 1103 1358 1132 necessitas
1383 1108 1510 1141 urgeret,
1527 1109 1680 1138 confestim
1696 1100 1776 1147 ipsos

946 1147 1161 1180 revocaturum,
1177 1155 1245 1174 cum
1266 1148 1409 1177 exercitus
1435 1158 1524 1187 prope
1539 1156 1635 1182 castra
1659 1157 1773 1192 posuis-

946 1192 1020 1217 sent.
1042 1191 1209 1219 Audiebunt
1232 1193 1311 1220 enim
1337 1193 1489 1222 sultanum
1515 1198 1646 1226 studiose
1669 1201 1770 1229 adver-

946 1243 997 1262 sus
1021 1243 1052 1262 se
1076 1236 1260 1264 contendere.
1278 1237 1311 1264 Et
1326 1237 1445 1272 quidem
1471 1243 1547 1268 certe
1572 1250 1629 1270 non
1654 1245 1772 1273 carebat

945 1279 1056 1307 ratione
1071 1288 1169 1307 rerum
1182 1281 1286 1308 divisio
1302 1284 1330 1309 et
1345 1283 1548 1319 consiliorum,
1565 1295 1659 1323 neque
1675 1289 1771 1318 aliena

945 1326 1008 1350 erat
1036 1332 1052 1351 a
1082 1324 1257 1359 peritissimo
1286 1326 1371 1362 duce,
1396 1327 1452 1355 nisi
1481 1329 1585 1365 fatum,
1617 1332 1676 1360 imo
1702 1342 1769 1362 vero

945 1368 1043 1396 divina
1071 1368 1114 1396 ira
1141 1377 1193 1397 seu
1223 1370 1295 1398 ratio
1324 1379 1341 1398 a
1369 1372 1454 1400 nobis
1488 1377 1616 1403 maxime
1644 1381 1769 1407 remota-

945 1415 1081 1440 eventum
1115 1421 1213 1441 rerum
1242 1415 1270 1441 in
1301 1417 1477 1445 contrariam
1511 1422 1624 1455 partem
1655 1431 1769 1458 perver,

944 1457 1039 1490 tisset,
1059 1460 1087 1485 et
1111 1459 1145 1485 ad
1171 1459 1280 1487 exitum
1304 1460 1343 1487 rei
1369 1464 1396 1488 et
1420 1464 1656 1498 conjunctionem
1686 1475 1768 1496 exer-

947 1502 1022 1530 citus
1050 1503 1150 1530 eadem
1177 1503 1224 1531 die
1251 1505 1339 1532 etiam
1369 1506 1520 1536 sultanum
1547 1509 1610 1538 sine
1640 1519 1769 1548 praecone

62 1543 194 1571 κατᾶτοῦ
223 1543 310 1571 Χλίατ
335 1544 371 1575 εἰς
397 1545 549 1582 προνομήν.
566 1546 651 1573 Τοῦτο
680 1544 708 1572 δὶ
732 1546 775 1573 καὶ
791 1537 826 1584 πρ

1003 1546 1047 1574 cis
1072 1547 1269 1582 adjunxisset,
1299 1551 1327 1576 et
1359 1551 1559 1586 prohibuisset
1588 1537 1768 1585 decreta-ad

63 1598 110 1624 ρον
139 1587 300 1623 ἇποιήσατο.
325 1589 443 1620 Ἐκεῖνος
468 1587 497 1616 δὲ
523 1589 637 1617 κατόπιν
660 1588 782 1617 ἐλαύνων
797 1590 835 1622 εἷς
858 1592 889 1618 τὸ

63 1632 231 1670 Μανζικιὶρτ
256 1633 426 1671 παρεγένετο,
451 1633 532 1661 πόλιν
560 1634 717 1670 Ῥωμαϊκὴν
745 1634 803 1671 μὶν¹
830 1645 889 1673 χει-

65 1677 198 1714 ρωθεῖσαν
231 1675 259 1704 δὶ
286 1679 326 1713 τῷ
363 1677 504 1714 σουλτάνῳ
544 1681 647 1716 προτοῦ
675 1678 719 1706 καὶ
749 1681 888 1717 Τούρκους

65 1720 269 1758 ιγκαθημᾶνους
309 1717 436 1759 ἔχουσαν.
475 1723 686 1761 Καταφρονήσας
719 1721 747 1750 δὶ
785 1723 888 1751 τούτων

64 1765 101 1796 ὥς
115 1763 279 1802 ὀλιγοστῶν,
296 1764 387 1803 ἑτέραν
417 1769 513 1804 μοῖραν
542 1767 593 1794 οὐκ
618 1766 767 1804 ἐλαχίστην
795 1768 890 1796 ἀποτε-

66 1809 186 1846 μόμενος
216 1811 265 1836 τοῦ
295 1812 409 1847 στρατοῦ
441 1811 541 1850 Ἰωσὴφ
570 1810 691 1849 μαγίστῳ
714 1814 753 1847 τῷ
778 1813 889 1850 Ταρχα-

62 1853 164 1891 νιιώτῂ
187 1852 369 1891 παραδίδωσι,
395 1853 576 1892 προσιπιδοὺς
602 1856 646 1882 καὶ
677 1858 773 1893 στῖφος
801 1859 888 1891 πεζῶν

67 1898 116 1925 οὔκ
138 1897 385 1937 εὐκαταφρόνητον,
413 1898 519 1935 μᾶλλον
544 1897 573 1926 δὶ
597 1902 649 1926 τῶν
667 1899 790 1927 ἱπποτῶν
804 1901 835 1928 τὸ
850 1899 890 1928 ἔκ-

64 1942 158 1979 κριτόν
174 1953 203 1970 τι
223 1943 268 1970 καὶ
291 1943 489 1980 μαχιμώτατον
513 1943 560 1970 κάν
587 1947 646 1975 τοῖς
657 1943 803 1981 πολεμίοις
818 1955 889 1982 προ-

64 1985 219 2014 κινδυνεῦον
236 1986 277 2015 ἀεὶ
301 1987 345 2014 καὶ
371 1987 597 2025 προμαχόμενον.
624 1989 708 2026 Ἀρας
736 1987 764 2016 δὲ
790 1990 889 2026 ὁΤαρ-

64 2033 220 2068 χανειώτης
248 2030 353 2059 ἄπεισιν
391 2031 430 2062 εἲς
466 2032 498 2059 τὸ
528 2031 623 2068 Χλίατ,
655 2033 800 2070 βοηθήσων
830 2037 887 2065 τοῖς

64 2074 162 2110 Οὕζοις
178 2075 222 2103 καὶ
238 2078 296 2107 τοῖς
313 2077 451 2114 Φράγγοις
467 2075 512 2103 καὶ
525 2077 604 2104 παντὶ
620 2079 658 2113 τῷ
675 2080 864 2116 μισθοφορικῷ
881 2087 900 2110 '_

64 2120 180 2155 ἠκηκόει
215 2120 266 2157 γὰρ
295 2121 309 2147 ὁ
343 2119 470 2158 βασιλεὺς
498 2119 605 2155 πλῆθος
637 2120 802 2159 μυρίανδρον
831 2123 890 2150 κατ’

66 2164 154 2192 αὐτῶν
185 2165 319 2203 φερεσθαι.
343 2164 434 2192 Διεῖλε
459 2164 488 2192 δὲ
514 2165 528 2192 ὁ
554 2164 681 2203 βασιλεὺς
701 2166 746 2193 τὸν
763 2167 889 2204 στρατὸν,

945 1590 1054 1618 exitum
1080 1591 1210 1627 perduci.
1226 1593 1299 1620 Nam
1325 1602 1392 1622 cum
1418 1602 1589 1633 occupasset
1610 1599 1771 1635 imperator

945 1635 1103 1663 Matziciert
1127 1637 1269 1672 perculsis
1285 1638 1388 1667 Turcis
1401 1640 1523 1676 ejusque
1539 1643 1638 1672 veritis
1662 1645 1768 1674 adven-

944 1681 1020 1712 tum,
1048 1680 1127 1716 iique
1156 1681 1243 1709 tidem
1287 1691 1377 1718 quam
1407 1685 1551 1720 petierant
1577 1689 1770 1725 accepissent,

945 1725 994 1752 ubi
1010 1725 1086 1752 693
1102 1725 1190 1753 etiam
1217 1727 1323 1754 accidit
1346 1731 1379 1756 ut
1404 1729 1524 1764 quidam
1551 1731 1702 1761 Romanus
1721 1735 1769 1770 ju-

943 1769 1104 1804 risjurandi
1127 1771 1221 1805 gratia
1246 1772 1366 1799 naribus
1392 1773 1565 1809 privaretur,
1582 1778 1660 1812 quod
1683 1779 1768 1813 jura-

943 1816 1024 1840 verat
1037 1813 1110 1848 ipsis
1127 1814 1296 1849 imperator,
1313 1817 1390 1851 quod
1411 1817 1460 1845 ille
1475 1819 1597 1847 asellum
1613 1821 1767 1851 Turcicum

944 1860 1092 1894 rapuerat,
1110 1858 1158 1885 Dei
1181 1858 1354 1888 Genitricem
1381 1863 1409 1889 et
1432 1862 1579 1892 Christum
1609 1868 1638 1893 et
1667 1874 1769 1896 omnes

944 1905 1061 1929 sanctos
1089 1903 1295 1931 intercessores
1323 1905 1471 1934 invocans.
1498 1909 1528 1935 In
1558 1910 1667 1944 quibus
1696 1912 1766 1940 dum

943 1947 1103 1982 imperator
1130 1950 1297 1983 occupatur,
1328 1949 1355 1976 in
1386 1950 1494 1979 milites
1534 1953 1692 1989 Romanos,
1717 1957 1767 1992 qui

943 1991 1103 2027 pradatum
1121 1993 1230 2028 egressi
1246 1993 1372 2029 fuerunt,
1387 1995 1509 2024 Turcica
1526 2006 1630 2027 manus
1645 1991 1765 2029 invadit.

944 2035 1035 2063 Ratus
1051 2036 1141 2071 igitur
1156 2037 1313 2072 imperator
1329 2039 1431 2067 ducem
1449 2041 1558 2070 sultani
1570 2051 1636 2071 cum
1650 2045 1769 2080 quibus-

943 2080 1009 2107 dam
1032 2081 1124 2116 copiis
1140 2082 1302 2117 advenisse,
1320 2086 1351 2110 ut
1365 2085 1514 2121 dispersos
1535 2089 1606 2123 regii
1622 2090 1768 2119 exercitus

943 2129 1098 2158 coerceret,
1115 2126 1256 2154 adversus
1272 2128 1367 2164 ipsum
1381 2130 1462 2158 misit
1475 2140 1541 2159 cum
1557 2133 1661 2161 idonea
1677 2143 1767 2164 manu

945 2169 1118 2205 magistrum
1134 2170 1330 2207 Nicephorum
1356 2176 1543 2212 Bryennium,
1555 2178 1605 2214 qui
1621 2188 1686 2207 curn
1702 2180 1766 2216 ipso

65 2208 184 2244 ἐλπίζων
216 2209 295 2240 αὐτὸς
319 2209 389 2247 ταχὺ
421 2209 638 2260 τὸκὶιίατζικιὶρτ
661 2212 830 2260 παραστήσεο

1002 2222 1121 2249 gressus
1145 2214 1223 2242 haud
1248 2217 1336 2245 cessit
1353 2226 1474 2248 :verum
1501 2222 1587 2249 multi
1611 2232 1677 2251 cum
1703 2225 1765 2260 ipso

65 2253 79 2280 ’ὀ
96 2252 130 2287 δὴ
145 2253 191 2280 καὶ
206 2254 311 2291 γεγονε,
338 2254 382 2281 καί
410 2252 579 2290 ἐπιδημῆσαι
603 2257 662 2286 τοῖς
680 2255 706 2282 ἐν
720 2257 760 2291 τῷ
776 2255 865 2283 Χλιάτ
881 2265 888 2271 ·

66 2298 90 2325 si
113 2297 142 2324 δὲ
165 2308 206 2329 τις
230 2297 333 2336 ἀνάγκη
356 2298 515 2334 κατεπείξει,
541 2299 647 2336 ταχέως
676 2299 774 2330 αὐτοὺς
801 2310 888 2338 παρα-

65 2341 240 2376 καλέσασθαι,
269 2341 386 2377 πλησίον
415 2341 610 2379 ἐσκηνωμένων
640 2346 693 2371 τῶν
723 2344 889 2381 στρατευμά-

65 2397 120 2414 των
137 2397 142 2403 ·
159 2385 243 2422 ἤκουε
257 2387 308 2423 γὰρ
333 2387 379 2414 τὸν
407 2387 554 2415 σουλτανὸν
579 2387 727 2426 ἐπείγεσθαι
756 2389 814 2416 κατ’
839 2389 889 2417 αὖ-

66 2433 125 2460 τοῦ.
155 2432 203 2458 Καί
219 2441 249 2469 γε
263 2431 295 2466 ἦν
314 2431 363 2459 οὒκ
384 2431 532 2470 ἀνιύλογος
552 2433 569 2467 ἡ
593 2431 722 2468 διαιρεσις
737 2435 791 2460 τῶν
808 2444 888 2472 στρα-

66 2476 216 2513 τευμάτων,
246 2475 290 2503 καὶ
315 2476 458 2513 λογισμῶν
486 2476 534 2504 οὐκ
561 2477 888 2515 ἀποστρατηγικωτάτων,

67 2521 90 2548 εἴ
102 2522 139 2558 μὴ
152 2520 334 2558 πεπρωμινη,
346 2520 452 2557 μᾶλλον
465 2519 492 2548 δϊ
504 2523 574 2553 θεῖος
587 2521 675 2559 χόλος
689 2522 706 2556 ἤ
721 2521 803 2560 λόγος
820 2524 887 2559 ἡμῖν

68 2565 285 2604 ἀπορῤητότιρος
298 2565 348 2599 τὴν
367 2562 474 2592 ἔκϐασιν
499 2564 536 2596 εἴς
549 2565 703 2593 τούναντίον
720 2567 887 2604 περιέτρεψε,

66 2611 108 2638 καὶ
135 2610 204 2648 πρὸς
237 2609 277 2645 τῷ
303 2608 374 2637 τίλει
404 2611 453 2636 τοῦ
476 2607 554 2648 ἔργου
582 2610 627 2637 καὶ
655 2612 688 2647 τῇ
717 2611 886 2649 αὐθημερινῇ

946 2257 1089 2285 vulnerati
1105 2262 1184 2294 sunt,
1200 2263 1229 2288 et
1241 2260 1319 2289 haud
1336 2264 1421 2298 pauci
1441 2273 1475 2292 ex
1499 2265 1572 2301 ipsis
1587 2257 1766 2298 occiderunt.

944 2302 979 2329 Et
1002 2311 1068 2330 cum
1091 2303 1217 2333 validius
1240 2313 1275 2333 ex
1301 2306 1420 2335 incursu
1450 2310 1538 2345 paulo
1564 2314 1632 2340 ante
1658 2315 1768 2342 assueti

944 2351 1122 2383 pugnarent,
1138 2350 1279 2377 audacius
1296 2351 1498 2382 incumbentes
1514 2356 1615 2390 armis,
1632 2359 1767 2387 cominus

945 2392 1130 2420 resistebant.
1161 2394 1253 2426 Quare
1289 2399 1370 2424 metu
1406 2403 1570 2428 commotus
1599 2403 1699 2438 copias
1731 2405 1767 2432 ab

943 2436 1119 2472 imperatore
1144 2438 1236 2474 petiit.
1263 2440 1314 2468 Ille
1341 2444 1439 2470 autem
1464 2436 1660 2475 condemnata
1689 2447 1769 2477 illius

943 2480 1102 2510 timiditate
1129 2483 1294 2519 (ignorabat
1318 2486 1396 2514 enim
1421 2487 1462 2514 rei
1485 2489 1649 2528 veritatem)
1669 2496 1769 2521 coacta

944 2526 1083 2554 concione
1105 2527 1209 2556 habuit
1231 2530 1393 2558 orationem
1410 2533 1445 2560 de
1458 2532 1494 2560 iis
1509 2542 1571 2569 quae
1596 2526 1767 2566 adlbellum

943 2571 1138 2605 pertinebant.
1156 2573 1186 2599 In
1204 2574 1299 2602 media
1311 2583 1426 2611 quoque
1441 2577 1572 2607 oratione
1586 2580 1769 2615 gravioribus

943 2614 1040 2642 verbis
1057 2617 1098 2643 uti
1115 2624 1235 2645 exorsus
1260 2621 1313 2654 est,
1331 2622 1359 2647 et
1383 2620 1494 2649 interea
1509 2614 1645 2652 sacerdos
1668 2625 1766 2654 lectio-

726 2673 849 2702 JACOBI
868 2674 976 2703 GOARI
996 2676 1112 2704 NOTAE.

98 2727 152 2762 (23)
168 2726 328 2773 Gel'i'dioris
344 2728 377 2768 et
387 2725 547 2763 frigidioris
574 2735 657 2763 aquas
683 2727 779 2757 fontes
793 2727 877 2767 χρόας
891 2728 981 2767 πηγάς
997 2730 1131 2759 moderni
1146 2734 1260 2770 vocant,
1276 2733 1467 2773 diversosque
1494 2737 1546 2766 hoc
1570 2738 1688 2768 nomine
1701 2741 1766 2770 tum

64 2762 125 2792 Chii
139 2765 206 2791 tum
223 2762 298 2792 Teni
313 2761 458 2791 novimus.
