1937 3050
195 119 253 149 423

848 116 1010 147 JOANNIS
1033 115 1234 147 SCYLlTZ/E

1841 118 1898 146 424

195 193 262 213 nem
284 184 432 221 Evangelii
464 183 648 216 exclamavit,
663 191 728 220 quae
757 183 799 212 ita
828 191 858 212 se
887 183 960 211 habe

1165 181 1373 219 στρατευμάτων
1401 180 1493 208 ἐνώσει
1518 179 1563 207 καὶ
1593 181 1638 207 τὸν
1667 179 1815 209 σουλτάνον
1838 192 1902 218 αχη.

194 232 228 257 ιιι
247 229 304 257 alia
328 229 463 257 omittam
481 236 487 256 :
505 239 519 253 «
535 229 564 256 Si
590 237 636 256 me
661 229 806 264 persecuti
831 230 911 263 sunt,
927 229 955 255 et
970 236 1021 255 vos

193 276 423 310 persequentur;
449 273 473 300 si
499 273 619 301 verbum
647 281 746 301 meum
771 274 969 306 servaverunt,
991 274 1020 300 et

193 321 322 346 vestrum
349 318 518 351 servabunt,
539 328 553 343 η
581 326 674 353 usque
699 318 734 345 ad
760 317 844 350 illud,
863 329 873 341 ι
891 316 1018 344 arbitra-

194 363 275 390 bitur
297 363 473 398 obsequium
501 370 533 389 se
561 366 698 397 przeslare
725 362 794 389 Deo.
811 372 824 385 η
841 361 922 393 Quod
951 368 1018 388 cum

195 408 282 435 etiarn
299 407 504 443 prudentiores
529 407 731 441 adnotassent,
747 406 955 433 existimarunt
967 405 1022 432 hoc

197 452 317 479 verbum
333 450 494 479 oraculum.
511 452 649 478 Fervente
671 452 769 478 autem
786 450 862 478 bello
878 449 955 477 694
970 449 1024 476 mi-

198 496 238 524 sit
266 496 426 531 imperator
452 495 541 522 etiam
571 495 768 530 Nicephorum
794 495 967 529 magistrum
994 496 1023 521 et

198 542 308 569 Ducam
324 540 566 576 Theodosiopolis
589 540 766 568 Basilacium
787 549 853 568 cum
875 539 1023 575 indigenis

199 585 353 620 militibus,
371 593 427 621 quo
444 585 588 621 Bryennio
612 585 750 621 adjuncto
773 592 865 620 usque
879 585 915 612 ad
932 584 1026 619 quod-

198 631 266 658 dam
283 631 344 659 leve
359 629 492 666 praelium
513 630 634 666 aequalis
658 632 687 657 et
709 638 816 666 anceps
844 637 944 665 pugna
957 628 1022 656 fuit.

197 681 270 708 Cum
297 681 394 707 autem
420 678 539 711 milites,
555 679 748 714 imperatores
772 687 805 706 ac
830 679 920 706 duces
939 677 1027 712 sequi

198 724 384 756 statuissent,
401 723 509 759 primas
534 726 631 759 partes
652 732 753 759 pugna:
770 723 915 750 sustinere
939 721 1024 758 polli-

197 769 273 796 citus
288 770 342 800 est,
360 768 519 804 statimque
534 767 644 804 impetu
662 767 737 796 facto
753 768 863 800 hostes,
876 767 925 802 qui
940 769 1022 802 terga

196 813 353 846 dederant,
387 812 627 848 persequebatur.
656 812 728 839 Cum
757 820 824 839 vero
859 810 1026 847 Brycnnins

196 858 260 885 suis
275 857 355 885 frena
370 856 500 884 detinere
517 856 666 891 jussisset,
683 855 763 884 solus
776 855 938 884 Basilacius
953 862 1022 891 por-
1043 870 1064 903 Β

196 909 324 937 sequens
345 900 526 937 ignoratione
551 901 629 935 facti,
647 901 697 928 ubi
713 901 748 928 ad
764 900 874 928 vallum
892 899 1024 927 hostium

195 945 330 981 accessit,
347 945 459 973 conﬁxo
486 945 582 981 ipsius
607 953 681 981 equo
707 945 742 973 ad
766 946 874 973 terram
903 943 1023 975 decidit,

196 998 346 1018 armorum
363 990 490 1025 pondere
506 998 675 1026 oppressus,
688 992 716 1017 et
732 988 839 1017 idcirco
853 988 1025 1017 circumfusi

197 1034 296 1063 hostes
321 1035 420 1070 ipsum
436 1034 534 1062 vivum
550 1034 681 1070 capiunt,
697 1034 888 1070 vinctumque
909 1034 945 1061 ad
961 1032 1024 1061 sul-

198 1081 300 1106 tanum
326 1078 486 1106 abducunt.
503 1078 534 1106 In
552 1079 637 1114 cujus
652 1081 841 1114 conspectum
866 1078 1022 1112 adductus,

198 1136 293 1164 neque
308 1130 340 1155 ut
364 1136 465 1155 servus
485 1127 547 1162 jam
573 1127 694 1155 etlectus
716 1136 810 1163 neque
835 1129 867 1155 ut
891 1127 1023 1162 captivus

197 1173 354 1205 abductus,
371 1172 487 1200 sultano
504 1180 535 1199 se
550 1172 684 1207 subjecit.
701 1172 756 1199 Sed
777 1180 871 1207 neque
887 1171 1024 1199 sulianus

197 1217 260 1252 ipso
277 1219 310 1244 ut
332 1225 416 1244 servo
432 1218 482 1243 aut
496 1216 608 1251 captivo
625 1224 696 1243 usus
711 1218 766 1249 est,
783 1216 832 1243 sed
858 1216 959 1243 crebro
973 1223 1021 1243 ac-

196 1269 314 1288 cersens
330 1261 365 1288 de
380 1261 554 1296 imperatore
576 1269 642 1288 eum
668 1260 905 1296 percontabatur,
922 1268 1021 1288 suam-

194 1313 250 1341 que
270 1305 325 1341 ipsi
344 1305 504 1341 potentiam
521 1305 698 1338 ostentabat,
715 1307 746 1332 ut
761 1305 786 1332 ei
802 1307 913 1332 metum
929 1306 1021 1332 terro-

194 1357 317 1385 remque
340 1349 488 1384 injiceret;
515 1349 565 1384 qui
590 1349 690 1377 omnia
715 1349 810 1386 ipsius
836 1349 961 1377 laudans
992 1350 1020 1376 et

195 1393 348 1428 extollens,
365 1393 491 1429 proeliari
516 1394 657 1421 adversus
679 1395 877 1421 Romanorum
893 1393 1020 1429 impera-

194 1441 288 1466 torem
310 1438 367 1473 ipsi
388 1437 491 1465 inutile
506 1437 685 1466 consulebat.
703 1438 758 1465 Sed
781 1438 829 1465 hic
854 1437 973 1474 quidem
990 1437 1020 1465 in

195 1481 242 1510 his
261 1482 443 1510 versabatur.
462 1482 622 1517 lmperator
637 1484 734 1510 autem
756 1484 874 1510 coactus
890 1490 957 1509 cum
973 1490 1021 1510 re-

194 1526 275 1562 liquo
300 1527 427 1554 exercitu
457 1534 594 1562 egressus
613 1528 658 1554 est
682 1527 715 1554 ad
746 1535 842 1554 rerum
868 1528 1020 1562 spectacu-

195 1571 275 1605 lum;
291 1573 320 1598 et
336 1578 430 1606 usque
443 1571 478 1598 ad
494 1578 644 1606 vesperam
661 1571 689 1597 in
706 1571 882 1606 quibusdam
898 1570 1021 1598 tumulis

195 1615 372 1648 consistens,
388 1614 437 1641 ubi
464 1614 515 1650 qui
540 1615 690 1642 resisteret
713 1617 741 1642 et
765 1623 829 1643 sese
851 1617 1021 1651 opponeret,

196 1662 345 1687 neminem
373 1658 457 1692 vidit,
486 1659 515 1686 in
544 1662 640 1687 castra
668 1667 802 1687 reversus
831 1662 884 1687 est.
901 1659 1022 1687 Statim-

195 1712 253 1740 que
268 1703 441 1731 circumfusi
455 1703 538 1731 Turci
564 1711 686 1731 arcuum
707 1704 823 1739 sagittis
839 1706 867 1732 et
890 1703 1021 1739 equitatu

196 1748 274 1776 haud
309 1748 486 1775 mediocrem
530 1747 670 1775 exercitui
712 1751 853 1776 terrorem
885 1748 1021 1783 injecere,

198 1796 272 1824 095
298 1795 376 1823 intra
401 1795 510 1823 vallum
540 1796 731 1831 impellentes.
750 1796 812 1824 Nox
835 1799 897 1823 erat
923 1796 1023 1824 illunis

196 1849 262 1868 cum
274 1840 334 1868 haec
346 1841 532 1877 gerebantur,
544 1849 638 1876 neque
655 1841 797 1876 fugientes
809 1843 837 1868 et
848 1849 1011 1877 persequen

195 1888 239 1913 tes
255 1888 355 1913 utrum
372 1885 482 1913 externi
499 1893 536 1912 an
552 1885 614 1913 noti
637 1887 737 1913 essent
751 1887 780 1913 et
795 1885 879 1913 amici
895 1886 1025 1914 discerni

193 1932 339 1966 poterant,
349 1937 451 1957 verum
468 1931 529 1957 tota
541 1932 625 1958 nocte
635 1931 769 1958 obscuris
785 1929 946 1958 ululatibus
962 1931 1020 1958 cir-

192 1975 386 2003 cumsonabat
401 1974 558 2009 exercitus,
575 1974 615 2002 ita
638 1976 671 2002 ut
685 1983 788 2002 omnes
804 1975 913 2010 apertis
927 1983 961 2003 ac
976 1975 1019 2002 vi-

192 2017 355 2054 gilantibus
368 2017 460 2045 oculis
475 2019 829 2053 pernoctarent.Cumque
837 2020 899 2054 jam
912 2019 1024 2047 illuxisr

192 2066 247 2096 set,
264 2071 332 2098 pars
347 2062 481 2097 quaedam
501 2061 626 2090 Uzorum
652 2062 726 2090 duce
750 2063 878 2098 quodam
902 2063 1022 2091 nomine

190 2107 291 2141 Tame,
303 2108 330 2134 et
344 2106 488 2133 exercitus
504 2105 550 2133 cui
565 2105 718 2133 Tornicius
729 2106 874 2134 Cotertzes
886 2109 1020 2143 prmerat,

192 2151 227 2178 ad
244 2151 344 2178 hostes
364 2149 521 2183 confluxit;
547 2151 625 2186 quod
650 2150 727 2178 haud
746 2151 922 2179 mediocrem
939 2151 1021 2179 solli-

193 2195 354 2224 citudinem
370 2194 509 2223 Romanis
526 2194 634 2228 attulit,
652 2195 873 2230 suspicantibus
894 2196 1021 2232 reliquas

1082 226 1158 263 ρυκτὶ
1186 228 1246 258 τοῖς
1274 225 1407 264 Τούρκοις
1448 224 1578 260 ἐπέστησε
1618 224 1663 251 καὶ
1692 225 1726 252 τὰ
1754 223 1901 261 δοκηθὲντα

1081 269 1239 305 τελεσθῆναι
1262 268 1457 298 διακεκώλυκε.
1486 266 1656 307 Παραλαϐὼν
1674 269 1724 306 γὰρ
1745 270 1760 297 ὁ
1779 270 1903 307 βασιλεὺς

1080 315 1112 342 τὸ
1142 315 1307 351 Ματζικιὲρτ
1344 313 1570 351 καταπλαγέντων
1613 313 1658 340 καὶ
1688 313 1900 352 όῤῥωδησάντων

1081 361 1135 386 τῶν
1150 358 1275 395 Τούρκων
1299 359 1349 393 τὴν
1376 358 1458 386 αὐτοῦ
1485 357 1634 392 ἐπέλευσιν,
1650 357 1695 385 καὶ
1721 358 1811 386 πίστιν
1826 359 1901 395 αἴτη-

1082 402 1206 440 σαμίνων
1222 403 1267 430 καὶ
1295 400 1445 438 λαϐόντων,
1466 402 1498 430 οὗ
1514 403 1559 430 καὶ
1584 399 1681 437 συνέϐη
1707 402 1900 440 ῥινοτμηθῆναι

1081 446 1217 485 Ῥωμαῖόν
1241 458 1302 475 τινα
1326 447 1433 485 ὀνάριον
1458 447 1609 484 Τουρκικὸν
1630 445 1808 485 ὑφελόμενον,
1831 448 1900 486 εὐορ-

1081 492 1142 524 κίας
1172 493 1252 531 χάριν
1279 493 1314 527 ἧς
1344 491 1486 529 ὀμωμόκει
1514 492 1621 522 τούτοις
1647 492 1661 518 ὁ
1688 490 1825 529 βασιλεὺς,
1853 494 1897 528 τήν

1082 537 1213 565 Θεοτόκον
1240 537 1285 564 καὶ
1309 537 1354 564 τὸν
1379 537 1493 574 Χριστὸν
1519 536 1564 563 καὶ
1588 536 1652 567 τοὺς
1679 536 1777 574 ἁγίους
1807 537 1900 569 πάντας

1086 581 1194 618 μισίτας
1209 579 1428 619 προϐαλόμειος.
1454 582 1498 608 Ἐν
1523 580 1578 618 ὅσῳ
1603 579 1632 608 δὲ
1652 581 1728 608 ταυτὶ
1744 583 1785 617 τῷ
1801 581 1900 619 βασιλεῖ

1084 625 1246 662 διετάττετο,
1261 629 1319 657 τοῖς
1348 626 1387 657 εἷς
1409 627 1459 661 τὴν
1483 626 1578 664 χρείαν
1606 625 1705 661 ἐξιοῦσι
1730 626 1898 664 στρατιώταις

1083 672 1231 708 Ῥωμαίοις
1258 669 1366 706 πληθὺς
1403 671 1538 706 Τουρκική
1576 673 1618 704 [Ρ.
1654 671 1720 706 838]
1750 669 1897 699 ἐπιτίθεται.

1083 720 1192 756 Οἴηθεὶς
1209 720 1253 748 οὖν
1270 721 1284 748 ὁ
1309 720 1435 758 βασιλεὺς
1462 720 1584 759 ἡγεμόνα
1607 722 1655 747 τοῦ
1675 719 1824 748 σουλτάνου
1840 722 1900 757 μετά

1079 776 1157 797 τινος
1172 765 1287 804 ἀφῖχθαι
1303 764 1442 802 δυνάμεως
1471 765 1515 793 καὶ
1543 763 1697 792 διακλονεῖν
1718 765 1782 796 τοὺς
1807 775 1899 804 σπορα-

1085 809 1132 842 δας
1162 812 1210 837 τοῦ
1237 809 1381 848 βασιλικοῦ
1417 812 1542 848 στρατοῦ,
1580 808 1736 837 ἀπέστειλεν
1758 809 1798 836 ἐπ’
1826 810 1898 837 αὐτὸν

1085 854 1242 894 Νικηφόρον
1270 855 1419 893 μάγιστρον
1442 854 1488 882 τὸν
1516 854 1658 892 Βρυέννιον
1688 854 1756 890 μετᾶ
1781 857 1828 888 τῆς
1856 855 1897 891 ἀρ-

1081 899 1182 935 κούσης
1211 898 1362 936 δυνάμεως,
1386 899 1415 930 ’ὸς
1443 898 1488 926 καὶ
1519 896 1668 935 συμϐαλὼν
1696 898 1771 934 αὐτῷ
1799 898 1846 926 οὐκ
1863 898 1899 926 έν-

1082 943 1166 972 έδωκε
1183 944 1242 980 μὲν,
1254 943 1500 982 ἐτρατματίσθησαν
1523 941 1552 971 δὲ
1571 942 1675 971 πολλοὶ
1690 945 1744 971 τῶν
1761 942 1806 970 σὺν
1821 943 1896 979 αὐτῷ,

1080 988 1129 1016 οὐκ
1153 987 1242 1026 ὀλίγοι
1272 987 1300 1016 δὲ
1327 988 1431 1015 τούτων
1469 987 1513 1016 καὶ
1543 986 1648 1022 ἔπεσον,
1680 987 1892 1026 ῥωμαλεωτέρων

1080 1032 1109 1060 δὲ
1127 1033 1262 1071 φανέντων
1287 1032 1316 1060 ἐκ
1341 1034 1390 1067 τῆς
1417 1032 1606 1070 συγκρούσεως
1633 1034 1691 1059 τῶν
1719 1032 1814 1070 πρώην
1838 1031 1892 1064 ἐθά-

1079 1077 1145 1107 δων.
1170 1077 1335 1115 Θρασύτερον
1371 1078 1422 1115 γὰρ
1460 1076 1699 1115 προσρηγνύμενοι
1728 1077 1892 1114 ἀγχεμάχοις

1079 1120 1177 1154 ὅπλοις
1213 1123 1443 1150 ἀντικαθίσταντο.
1480 1122 1560 1151 ’Όθεν
1596 1121 1640 1149 καὶ
1678 1118 1756 1160 φόϐῳ
1781 1131 1894 1148 κατασει-

1080 1167 1151 1199 σθεὶς
1173 1166 1287 1203 δύναμιν
1300 1166 1388 1202 ἐζήτει
1410 1167 1483 1204 παρά
1503 1168 1552 1194 τοῦ
1569 1165 1719 1204 βασιλέως,
1735 1166 1765 1194 Ὁ
1779 1164 1806 1193 δὶ
1817 1175 1892 1193 tum.

1077 1212 1157 1248 γνοὺς
1174 1212 1257 1239 αὐτοῦ
1271 1210 1373 1238 δειλίαν
1390 1211 1492 1249 (ἠγνόει
1511 1211 1561 1248 γὰρ
1577 1211 1607 1238 τὸ
1622 1210 1738 1246 ἀληθὲς)
1755 1209 1890 1244 ἐκκλησίαν

1080 1256 1284 1292 συστησάμενος
1307 1254 1503 1293 ἐδημηγόρησε
1526 1255 1559 1282 τὰ
1579 1255 1641 1293 περὶ
1665 1254 1800 1291 πολέμου,
1822 1255 1845 1281 ἐν
1867 1253 1891 1281 δὲ

1078 1302 1116 1336 τῷ
1133 1301 1206 1336 μέσῳ
1230 1299 1276 1327 καί
1295 1299 1468 1337 τραχυτέρων
1496 1298 1585 1336 ἥψατο
1609 1298 1712 1337 λόγων.
1739 1298 1788 1327 Καὶ
1812 1298 1837 1326 έν
1851 1309 1891 1326 το-

1078 1344 1195 1380 σούτῳὸ
1217 1344 1304 1379 ἱερεὺς
1330 1343 1487 1383 ἐπεφώνησε
1509 1344 1558 1378 τήν
1582 1345 1631 1371 τοῦ
1657 1342 1821 1381 Εὐαγγελίου
1836 1343 1890 1370 ἀνά-

1077 1399 1188 1427 γνωσιν.
1212 1389 1278 1426 Εἶχε
1305 1387 1333 1416 δὶ
1357 1389 1389 1416 τὸ
1419 1387 1594 1427 Ειῖιαγγέλιον⁷
1622 1387 1669 1415 ἵνα
1695 1387 1784 1416 τᾶλλα
1811 1389 1889 1424 παρῶ,

1078 1449 1092 1463 ‹‹
1109 1436 1144 1466 Εἴ
1159 1436 1208 1473 ἐμὲ
1223 1435 1345 1472 ἐδίωξαν,
1371 1437 1415 1464 καὶ
1444 1437 1513 1474 ὑμᾶς
1537 1435 1681 1473 διώξουσιν
1693 1446 1699 1452 ·
1717 1435 1738 1463 ll
1752 1436 1797 1463 τὸν
1813 1434 1887 1472 λόγον

1078 1492 1131 1518 μου
1145 1481 1291 1520 ἐτήρησαν,
1318 1482 1361 1508 καὶ
1393 1481 1522 1520 ὑμέτερον
1547 1482 1728 1518 τηρήσουσιν,
1745 1490 1758 1507 ι
1786 1479 1835 1511 ἓως
1848 1481 1889 1507 τοῦ
1921 1512 1922 1521 γ

1077 1538 1090 1552 ‹‹
1108 1525 1178 1561 δόξει
1195 1525 1319 1564 λατρείαν
1335 1526 1497 1565 προσφέρειν
1518 1528 1558 1562 τῷ
1582 1528 1641 1562 Θεῷ
1655 1535 1662 1542 ·
1681 1538 1692 1551 ι
1714 1526 1729 1552 ὅ
1743 1525 1786 1553 καὶ
1801 1525 1888 1559 ἐπιση-

1081 1572 1234 1607 μηνάμενοι
1258 1571 1284 1598 οἱ
1310 1571 1485 1607 συνετώτεροι
1509 1569 1601 1606 ἔδοξαν
1626 1569 1741 1607 ἀψευδὲς
1762 1571 1837 1597 τοῦτο
1851 1568 1889 1595 καὶ

1080 1615 1256 1653 θεοπρόπιον,
1272 1616 1383 1646 Ζέοντος
1399 1614 1428 1643 δὲ
1441 1617 1490 1643 τοῠ
1498 1615 1622 1652 πολέμου
1636 1614 1784 1642 ἆπέστεινεν
1796 1614 1809 1641 ὁ
1823 1614 1890 1652 βασι-

1080 1659 1144 1692 λεὺς
1161 1660 1205 1687 καὶ
1217 1660 1374 1698 Νικηφόρον
1390 1660 1538 1698 μάγισ-τρον
1550 1659 1595 1687 καὶ
1607 1658 1692 1687 δοῦκα
1704 1657 1889 1687 Θεοδοσιουπόο

1081 1704 1152 1736 λεως
1167 1705 1211 1732 τὸν
1229 1705 1390 1732 Βασιλάκιον
1412 1705 1479 1741 μετὰ
1500 1707 1554 1732 τῶν
1571 1704 1704 1742 ἷθαγενῶν
1719 1704 1888 1740 στρατιωτῶν.

1082 1749 1282 1787 Ηροστεθὲντος
1309 1748 1353 1776 οὖν
1374 1751 1413 1785 τῷ
1435 1749 1571 1787 Βρυεννίῳ
1594 1749 1678 1786 μέχρι
1701 1750 1773 1778 τινὸς
1789 1743 1891 1785 ἀκροϐο-

1081 1792 1184 1830 λισμοῦ
1199 1792 1334 1828 ἰσοπαλὴς
1356 1793 1400 1820 καὶ
1427 1793 1600 1830 ἀμφήριστος
1626 1794 1662 1828 ἦν
1684 1794 1701 1828 ἡ
1723 1792 1809 1830 μάχη.
1833 1794 1890 1818 Συν-

1082 1838 1201 1874 θεμένων
1218 1836 1247 1865 δὲ
1265 1840 1318 1865 τῶν
1344 1840 1516 1875 στρατιωτῶν
1537 1838 1698 1870 ἀκολουθεῖν
1725 1836 1827 1864 ὄπισθεν
1842 1837 1889 1862 τῶν

1082 1884 1238 1920 στρατηγῶν
1266 1884 1503 1920 πρωταγωνιστεῖν
1528 1882 1726 1919 καθυπέσχετο,
1752 1880 1793 1908 καὶ
1821 1879 1888 1910 εὐθὺς

1081 1927 1233 1965 ἆξορμήσας
1259 1937 1330 1954 νωτα
1363 1926 1521 1955 δεδωκότων
1551 1930 1606 1954 τῶν
1636 1927 1761 1955 ἐναντίων
1791 1923 1884 1952 ὶδίωκε.

1080 1978 1134 2004 Τοῦ
1163 1975 1191 2003 δὲ
1215 1975 1359 2013 Βρυεννίου
1380 1975 1443 2007 τοὺς
1471 1975 1587 2014 ῥυτῆρας
1611 1976 1738 2013 ἀνασχεῖν
1756 1976 1812 2004 τοῖς
1833 1971 1885 2009 περῖ

1081 2020 1159 2047 αὐτὸν
1188 2019 1430 2058 ἐγκελευσαμένου,
1452 2020 1534 2057 μόνος
1559 2019 1666 2048 διώκων
1697 2019 1710 2046 ὁ
1735 2017 1884 2048 Βασιλάκιος

1080 2064 1158 2100 ἀνοίᾳ
1171 2067 1219 2092 σοῦ
1238 2064 1418 2102 πραχθέντος,
1436 2064 1494 2092 έπεὶ
1519 2067 1559 2101 τῷ
1587 2065 1688 2103 χάρακι
1702 2065 1755 2091 τῶν
1775 2060 1886 2089 ἐναντίων

1079 2107 1237 2147 προσέμιξε,
1259 2110 1453 2147 περιπαρέντος
1476 2109 1549 2146 αὐτῷ
1576 2111 1625 2137 τοῦ
1651 2108 1738 2136 *ἱππου
1765 2103 1886 2144 προσέσχε

1079 2156 1113 2191 τῇ
1129 2156 1177 2192 γῇ,
1196 2155 1278 2192 βάρος
1293 2156 1347 2181 τῶν
1364 2153 1457 2181 ὅπλων
1481 2152 1688 2193 ἐπιφερόμενος.
1701 2152 1746 2180 Διὸ
1761 2150 1803 2178 καὶ
1818 2157 1885 2193 rupi:

1080 2190 1208 2236 χυοέντες
1232 2190 1260 2225 οἱ
1288 2197 1419 2234 πολέμιοι
1444 2190 1566 2235 αἱροῦσιν
1595 2197 1675 2225 αὑτὸν
1705 2194 1824 2233 ζωγρίαν,
1846 2190 1884 2236 Kal

194 2240 329 2268 nationes
344 2238 401 2267 sibi
416 2239 562 2266 inimicas.
574 2239 695 2271 Quidem
707 2247 772 2267 vero
787 2240 898 2275 pedites
908 2249 959 2276 egr

1117 2245 1140 2274 ὃς
1165 2243 1211 2270 τὸν
1241 2241 1387 2269 σουλτάνον
1414 2241 1555 2280 ἀπάγουσι
1582 2240 1692 2278 δέσμιον
1711 2250 1717 2257 ·
1745 2239 1766 2275 ᾦ
1786 2236 1827 2264 καὶ
1849 2234 1882 2281 ei:

193 2285 305 2312 Turcos
333 2283 465 2311 occidere
488 2282 556 2310 telis
581 2291 645 2318 quae
671 2283 788 2311 eminus
810 2284 973 2320 jaciuntur,
994 2287 1022 2313 et

194 2329 286 2356 armis
305 2329 413 2364 quibus
441 2327 577 2355 cominus
606 2330 766 2363 pugnatur,
782 2330 810 2355 et
835 2331 993 2365 coegerunt
1007 2337 1023 2357 θ

193 2377 297 2405 castris
320 2376 408 2405 exire.
432 2377 595 2411 Imperator
619 2378 718 2403 autem
744 2375 844 2404 missis
863 2377 898 2404 ad
914 2377 1021 2405 Chiliat

194 2420 445 2454 antecursoribus,
455 2420 544 2447 duces
556 2419 605 2454 qui
617 2419 675 2447 illic
685 2423 769 2447 erant
781 2421 816 2448 ad
828 2429 858 2448 se
869 2421 1021 2449 accersivit

196 2473 262 2493 cum
277 2464 370 2499 copiis
381 2472 455 2499 quas
472 2463 628 2498 habebant,
643 2464 742 2491 statim
759 2465 881 2500 cupiens
897 2466 932 2492 de
944 2474 1023 2494 sum-

198 2517 246 2536 ma
268 2516 366 2536 rerum
392 2507 491 2543 praelio
518 2508 680 2542 decertare;
697 2517 823 2544 quorum
849 2513 1022 2546 exspectans

197 2552 340 2581 auxilium
356 2552 465 2580 frustra
480 2553 596 2587 tempus
612 2554 796 2581 conterebat:
809 2557 893 2582 erant
907 2555 985 2582 enim
1002 2554 1023 2582 ii

197 2598 246 2633 qui
263 2596 442 2633 Pyrrichiam
463 2596 647 2625 saltationem
662 2597 789 2625 maxime
809 2599 942 2626 meditati
958 2600 1020 2627 fue-

196 2644 271 2669 rant.
281 2641 318 2668 Ut
332 2649 399 2668 vero
414 2641 449 2668 de
463 2648 564 2668 eorum
580 2641 688 2669 auxilio
699 2642 874 2677 desperavit,
886 2643 1019 2678 suspica-

194 2688 244 2714 tus
255 2685 355 2722 aliqua
367 2693 396 2712 re
407 2693 456 2713 eos
469 2685 616 2721 impediri,
625 2694 692 2713 cum
704 2686 899 2714 familiaribus
910 2689 1020 2715 statue-

195 2731 246 2758 bat
261 2728 401 2766 postridie
413 2737 532 2757 manum
544 2738 705 2758 conserere.
717 2731 874 2766 Ignorabat
887 2731 1023 2760 videlicet

195 2774 418 2804 Tarchaniotem
429 2782 544 2812 quoque
559 2774 615 2803 sibi
628 2775 767 2812 adjuncto
778 2775 907 2813 Ruselio,
920 2776 969 2813 qui
984 2777 1021 2806 ad

1077 2277 1139 2324 {illam
1153 2287 1290 2325 παραστὰς
1301 2286 1363 2314 οὔτε
1386 2286 1422 2317 ὡς
1448 2277 1550 2317 δούλος
1571 2284 1625 2321 ἤδη
1641 2283 1768 2323 γεγονὼς,
1784 2280 1839 2325 οὕτε
1851 2277 1884 2308 ὡς

1077 2323 1258 2369 αἶ’χμάλίντος
1290 2330 1424 2369 ἀπαχθεὶς
1458 2333 1498 2367 τῷ
1539 2330 1680 2365 σουλτάνῳ
1714 2323 1882 2369 καθυπετλάγη.

1078 2367 1155 2404 Ἀλλ’
1174 2375 1236 2403 οὕτε
1251 2376 1265 2402 ὁ
1281 2367 1430 2406 σουλτοὶνος
1456 2374 1508 2402 εἴτε
1531 2375 1568 2406 ὡς
1585 2373 1676 2410 δούλῳ
1690 2371 1741 2400 εἴτε
1756 2370 1791 2400 ὡς
1806 2367 1883 2410 αἰχμῇ

1077 2419 1177 2456 αλώτῳ
1192 2419 1369 2456 προσηνέχθη
1385 2418 1467 2455 αύτῳ,
1492 2421 1613 2457 συνεχῶς
1635 2408 1666 2445 δέ
1682 2415 1814 2452 παριστῶν
1829 2408 1884 2457 περὶ

1076 2469 1123 2496 τοῦ
1144 2467 1279 2506 βασιλέως
1294 2478 1323 2495 τι
1342 2468 1471 2504 ἐπηρώτα
1497 2468 1541 2495 καὶ
1571 2468 1620 2502 τήν
1647 2459 1837 2510 tau-:05)???”
1918 2497 1919 2509 γ

1076 2499 1231 2541 απεδείκνυε
1245 2513 1289 2540 καὶ
1306 2512 1344 2544 εἰς
1367 2499 1501 2550 ἅβρωδίαν
1528 2513 1573 2540 καὶ
1588 2499 1683 2539 πτοίαν
1698 2499 1884 2550 ἐνέϐαλλεν-,Ὁ

1077 2557 1106 2585 δὲ
1120 2558 1207 2585 πάντα
1234 2556 1349 2584 ἐπαινῶν
1376 2556 1422 2584 καὶ
1448 2555 1605 2594 μεγαλύνων
1630 2554 1663 2582 τὰ
1686 2551 1776 2584 αὑτοῦι
1796 2544 1883 2599 τδρνξ

1075 2602 1304 2639 τιπαρατάξασθαι
1335 2599 1443 2638 βασιλεῖ
1467 2601 1610 2637 Ῥωμαίων
1637 2596 1789 2639 ἀσύμφορον
1817 2596 1883 2639 fw"?

1077 2632 1276 2674 croveéodle'uev.
1292 2632 1373 2673 Ἀλλ’
1400 2644 1471 2673 οὕτω
1499 2632 1546 2682 μίν
1574 2645 1651 2673 οὗτος
1667 2650 1673 2658 ’
1690 2640 1704 2667 δ
1719 2637 1747 2666 δὲ
1767 2632 1882 2682 βαῗίλεξκ

1077 2690 1253 2728 ἀναγκασθεὶς
1268 2688 1339 2726 ἐξῄει
1357 2689 1425 2726 μετὰ
1446 2675 1505 2724 τῆς.
1523 2688 1624 2723 λοιπῆς
1648 2677 1824 2728 πληθύξεξῐ(
1837 2675 1881 2728 ’ἠγ

1075 2723 1319 2772 τῶηπραγμάτων
1343 2723 1415 2766 θέαν.
1440 2723 1534 2772 Μέχρι
1553 2732 1576 2761 δ’
1605 2723 1793 2772 ὶσπέραςᾼέπί,
1806 2726 1878 2748 τινων

1077 2766 1281 2820 λόγωνίὲστὼς,
1301 2777 1412 2818 ἐπείπερ
1436 2766 1606 2815 οὒκηῖῆνμὸ
1630 2766 1877 2802 ἇντικαθιστάμίνθνν
