1937 3050
193 90 252 120 427

866 90 1029 122 JOANNIS
1052 89 1254 120 SCYLITZAE

1830 99 1880 128 628

194 159 252 190 tur,
279 155 368 184 simul
395 156 595 192 considerans,
625 157 649 185 si
675 157 803 194 amplius
823 158 989 185 cunctaretu

1078 155 1111 182 ti
1139 156 1250 182 τοιαῦτα
1279 153 1482 193 ’διακριϐοῦντες
1509 154 1704 192 συμϐάλλουσι,
1732 160 1760 187 τὸ
1787 172 1880 198 νικητι-

195 201 251 229 sibi
264 204 506 237 superventuram
524 205 651 235 noctein,
662 204 690 230 et
704 205 774 230 tunc
785 203 897 230 Turcos
909 202 1026 229 eminus

191 246 337 282 jaoientes
351 255 366 274 e
383 246 451 282 fuga
472 247 627 274 redituros.
645 247 696 274 His
711 247 747 274 de
762 247 871 281 causis,
887 254 1025 274 converso

195 291 275 327 regio
291 290 387 327 signo,
406 291 541 327 praecepit
556 291 664 319 milites
687 291 790 319 redire.
808 293 917 318 Verum
935 291 955 318 ii
972 289 1023 325 qui

195 335 297 372 procul
314 335 390 363 698
405 335 565 371 phalanges
580 335 738 369 habebant,
754 335 917 371 conspicati
938 335 1024 370 signa

196 383 272 409 retro
296 389 437 409 conversa
460 381 573 408 cladem
603 381 638 408 ab
668 381 844 417 imperatore
873 382 1022 416 acceptam

195 425 337 460 suspicati
349 427 494 453 sunt.lmo
505 433 571 453 vero
578 425 698 461 quidam
707 425 783 453 exiis
794 425 845 460 qui
853 425 877 453 ei
889 425 1021 457 aderant,

194 469 381 497 Andronicus
410 469 531 497 Caesaris
561 469 837 505 filiusimperatoris
869 468 1020 504 patruelis,

193 515 261 541 ante
277 513 436 541 meditatus
452 513 587 547 insidias,
606 513 669 550 ipse
684 522 736 550 per
750 522 781 542 se
797 514 885 542 talem
911 513 1019 540 famam

192 558 408 594 disseminavit,
419 560 448 586 et
458 567 525 586 cum
538 558 683 586 militibus
695 567 769 594 quos
780 558 906 586 habebat
916 557 972 586 cito
984 558 1018 586 ad

192 605 289 630 castra
300 611 331 630 se
342 602 486 638 contulit;
499 611 585 638 quem
607 603 712 639 reliqui
732 610 849 639 quoque
861 602 967 630 imitati
983 603 1018 630 ad

192 655 285 674 unum
299 655 401 675 omnes
417 648 527 683 fugere.
544 648 707 683 imperator
718 650 815 675 autem
832 647 1018 683 conspicatus

192 691 220 719 id
241 692 318 728 quod
336 695 446 720 temere
461 693 553 726 ﬁeret,
570 700 689 720 suorum
708 693 818 729 fugam,
835 695 868 720 ut
883 701 946 720 mos
962 694 1016 726 est,

193 744 244 764 eos
256 744 406 770 revocans,
423 737 564 764 sistebat:
578 745 680 764 verum
692 745 777 765 nemo
789 737 928 764 obediens
943 738 1016 764 erat.

192 780 357 808 Adversarii
369 788 436 808 vero
447 780 477 808 in
490 780 613 808 tumulis
624 781 828 813 consistentes,
845 789 912 808 cum
928 780 1015 808 vidis-

192 827 295 854 sentid
307 827 384 862 quod
403 827 481 855 nulla
501 827 613 855 ratione
633 828 723 863 fieret,
740 830 858 863 repente
874 828 1016 856 Romano-

191 879 257 899 rum
274 872 468 899 infortunium
484 871 606 900 Sultano
630 872 761 900 studiose
779 873 949 900 renuntiant
966 881 971 900 :
988 875 1016 900 et

190 916 227 944 ad
238 916 417 944 redeundum
430 917 587 951 concitant,
598 918 705 953 quippe
714 917 774 952 jam
787 919 814 944 et
825 917 888 953 ipse
900 917 1015 953 fugiens

189 969 206 989 a
221 961 284 989 suis
294 961 398 989 castris
408 961 508 997 procul
520 962 632 989 aberat.
647 962 755 990 Statim
767 962 858 998 igitur
878 971 945 990 cum
962 962 1015 989 im-

189 1009 322 1042 peratore
336 1014 401 1034 acre
417 1006 549 1041 praelium
567 1007 668 1034 initur.
683 1010 813 1043 Cumque
828 1016 897 1035 suos
909 1007 1016 1042 jussis-

188 1053 233 1078 set
259 1051 379 1079 minime
394 1051 496 1079 cedere
520 1059 615 1087 neque
632 1051 759 1079 molliter
774 1052 885 1088 aliquid
909 1052 1013 1087 facere,

189 1095 240 1123 sed
256 1097 391 1123 strenuos
407 1098 435 1123 et
450 1096 538 1123 fortes
553 1096 631 1124 viros
646 1104 678 1124 se
693 1096 832 1131 praebere,
842 1096 1013 1132 aliquandiu

189 1139 305 1167 fortiter
319 1140 435 1168 restitit.
451 1140 507 1168 Sed
527 1148 594 1168 cum
610 1141 727 1168 interim
743 1141 792 1168 alii
809 1144 889 1168 extra
904 1141 1012 1169 vallum

189 1183 486 1220 fugerent,explorata
502 1185 579 1212 fama
594 1185 694 1213 minus
705 1185 891 1218 audiebatur,
904 1186 1013 1221 quippe

189 1236 256 1256 cum
265 1228 314 1256 alii
326 1228 405 1256 aliud
418 1229 597 1262 nuntiarent,
615 1229 644 1257 hi
656 1229 779 1263 cladem,
797 1230 838 1257 illi
850 1230 1012 1265 victoriam,

188 1276 218 1300 et
235 1273 360 1301 obscura
379 1276 468 1309 atque
482 1273 593 1301 incerta
612 1274 810 1308 dissererent;
828 1275 905 1310 quod
923 1274 1011 1302 etiam

188 1325 223 1345 ex
237 1317 459 1353 Cappadocibus
474 1317 566 1353 aliqui
581 1326 632 1354 per
648 1318 743 1346 tribus
768 1321 795 1346 et
814 1319 911 1346 curias
933 1319 1013 1346 abire

188 1364 381 1397 coeperunt,et
398 1362 480 1390 multi
497 1370 530 1390 ex
547 1363 633 1398 regiis
648 1363 840 1398 equisonibus
860 1372 925 1391 cum
940 1363 1013 1399 ipsis

187 1407 272 1442 equis
285 1407 513 1440 revertebantur,
527 1416 561 1435 ne
577 1407 708 1435 viderent
719 1407 923 1444 imperatorem
942 1416 1012 1436 con-

186 1451 477 1487 tendentes.Eratque
488 1451 577 1479 veluti
594 1454 690 1480 motus
705 1455 734 1480 et
750 1452 845 1480 luctus
858 1454 1012 1488 metusque

186 1495 378 1529 incredibilis,
395 1496 498 1523 Turcis
528 1496 658 1531 undique
682 1497 758 1524 699
784 1497 1010 1525 conﬂuentibus.

187 1540 281 1571 Quare
306 1539 413 1575 singuli
443 1540 563 1576 perinde
587 1549 620 1568 ac
648 1543 783 1576 poterant
811 1542 866 1569 sibi
886 1541 1010 1569 salutem

189 1585 583 1620 quarebantPersequentes
594 1593 661 1613 vero
674 1586 773 1613 hostes
787 1585 859 1614 alios
870 1586 1012 1620 occidere,

189 1628 261 1656 alios
275 1629 355 1656 vivos
374 1637 485 1664 capere,
502 1629 573 1657 alios
594 1630 717 1664 pedibus
733 1630 914 1658 conculcare.
931 1631 1013 1658 Erat~

190 1680 246 1708 que
262 1681 307 1700 res
332 1673 490 1701 admodum
519 1673 704 1701 miseratione
720 1674 819 1710 digne,
836 1683 1013 1711 omnemque

189 1717 428 1745 lamentationem
445 1726 624 1754 exsuperans
637 1722 726 1754 atque
742 1727 859 1746 omnem
870 1720 1010 1747 dolorem.

190 1761 263 1789 Cum
269 1770 336 1790 vero
343 1762 349 1789 i
356 1765 549 1798 mperatorem
563 1762 638 1791 circu
645 1763 826 1791 mstetissent
833 1763 941 1798 hostes,
953 1773 1010 1792 non

187 1806 288 1834 statim
303 1806 398 1842 ipsum
415 1815 526 1843 cepere,
543 1807 650 1843 quippe
665 1807 715 1843 qui
731 1808 772 1835 rei
797 1808 916 1836 militari
933 1809 1011 1844 peri-

185 1851 437 1879 tusacbellicosus
446 1851 596 1887 multaque
608 1852 736 1887 pericula
747 1854 883 1888 expertus
894 1856 1011 1882 strenue

184 1903 216 1923 se
227 1895 412 1929 defendebat,
429 1895 588 1931 multisque
599 1896 704 1924 occisis
715 1897 748 1924 ad
768 1900 931 1925 extremum
947 1898 1010 1933 ipse

183 1939 213 1966 in
226 1947 314 1968 manu
328 1940 424 1976 gladio
436 1948 594 1976 percussus
605 1943 658 1976 est,
675 1943 703 1968 et
717 1941 899 1977 equojaculo
913 1944 1008 1970 trans-

182 1983 239 2011 ﬁxo
254 1985 342 2020 pedes
369 1985 530 2020 pugnabat.
547 1985 756 2013 Verumtamen
780 1985 955 2021 defatigatus
971 1987 1007 2014 ad

180 2036 332 2064 vesperam
349 2029 505 2064 capitur,et
517 2031 655 2064 captus,o
671 2029 871 2057 incredibilem
888 2030 1007 2058 calami-

179 2074 281 2105 tatem,
306 2073 489 2101 clarissimus
515 2073 711 2101 Romanorum
737 2073 895 2108 imperator
921 2077 1005 2102 nocte

176 2116 238 2149 illa,
255 2125 335 2154 asque
351 2120 438 2153 atque
454 2117 539 2145 multi
554 2117 614 2151 alii,
631 2117 713 2145 humi
734 2118 848 2153 jacens,
866 2118 927 2146 sine
945 2118 1004 2147 ullo

175 2161 296 2197 honore,
314 2162 408 2190 multa
424 2170 491 2189 cum
508 2162 696 2189 miseratione
712 2162 862 2196 dormivit,
879 2163 1002 2191 inlinitis

1080 200 1200 227 κώτατον
1232 197 1372 237 σύμῧολον
1403 201 1459 237 (25)
1486 201 1651 232 ἀποστείλας
1679 202 1800 240 αὐτῷτὸν
1814 197 1881 237 σταυ-

1080 245 1134 282 ρόν,
1152 244 1236 273 Οὔπω
1264 244 1342 276 τέλος
1373 244 1450 283 ἔσχεν
1481 244 1538 273 οὐδ’
1554 247 1691 283 ἀναμονὴν
1715 249 1732 283 ἡ
1757 253 1807 278 τῶν
1829 254 1882 291 πρέ.

1080 286 1166 316 σϐεων
1191 289 1288 328 ἄφιξις,
1305 289 1348 317 καί
1378 300 1449 321 τινες
1477 293 1530 318 τῶν
1558 290 1706 328 ἐγγυτάτων
1735 294 1771 330 τῷ
1787 286 1882 332 βασιλεῖ

1078 334 1217 360 πείθουσιν
1233 333 1312 361 αὐτὸν
1342 331 1527 366 ἀποϐαλέσθαι
1556 335 1605 370 τήν
1637 335 1743 373 εἰρήνην
1770 339 1804 370 ὡς
1828 343 1881 377 ψευ,

1079 376 1192 414 δομένην
1209 379 1240 405 τὸ
1256 377 1333 417 ἔργον
1356 379 1401 406 καὶ
1428 379 1571 407 ἀπατῶσαν
1595 378 1699 416 μᾶλλον
1727 381 1744 416 ἢ
1766 383 1795 410 τὸ
1822 376 1880 422 συμ.

1078 421 1156 461 φέρον
1187 422 1343 451 ἐθέλουσαν·
1362 422 1475 451 δεδιέναι
1501 424 1551 462 γὰρ
1581 422 1714 453 ὑπέλαϐον
1737 426 1780 454 τὸν
1807 429 1882 457 σουλ.

1076 467 1153 495 τάνον
1171 466 1258 495 διὰτὸ
1276 469 1313 504 μὴ
1331 467 1474 506 ἀξιόλογον
1500 467 1573 506 ἔχειν
1605 467 1728 507 δύναμιν,
1743 473 1879 510 περιμένειν

1076 510 1104 538 δὲ
1132 511 1195 542 τοὺς
1222 512 1336 540 κατόπιν
1366 513 1547 551 ἀφικομένους
1574 513 1619 540 καὶ
1648 514 1687 550 τῷ
1718 518 1879 554 προσχήματι

1075 559 1124 590 τῆς
1151 556 1261 593 εἷρήνης
1292 557 1464 594 μετεωρίζειν
1495 559 1540 585 τὸν
1570 558 1683 596 χρόνον,
1712 561 1743 587 Οἱ
1772 561 1814 597 μὲν
1841 562 1879 590 οὖν

1074 601 1134 638 περὶ
1163 601 1209 628 τὸν
1240 601 1398 634 σουλτσὶνον,
1421 602 1488 630 κατὰ
1517 605 1585 641 σφᾶς
1610 603 1707 636 αὐτοὺς
1734 603 1879 638 ἐπανελθόν-

1072 657 1127 673 των
1155 648 1208 673 τῶν
1236 644 1434 684 πρὲσϐεων,τὰ
1462 647 1524 684 περὶ
1552 651 1602 682 τῆς
1632 648 1742 685 εἰρήνης
1770 650 1879 686 ὡμίλουν

1072 690 1116 717 καὶ
1145 691 1244 725 ταῦτην
1273 691 1431 728 ὁλοσχερῶς
1452 691 1699 729 ἐπραγματεῦοντο·
1717 694 1730 721 ὁ
1758 692 1784 721 δὲ
1812 695 1880 732 βασι-

1072 734 1135 766 λεὺς
1152 735 1283 773 ἀκήρυκτῖ
1312 735 1444 767 σαλπίσας
1457 737 1487 763 τὸ
1503 736 1626 764 ἐνυάλιον
1656 738 1700 764 τὸν
1732 740 1810 774 μῧθον
1836 750 1879 767 πα-

1072 779 1196 818 ραλόγως
1223 780 1363 817 ἐκρότησε.
1399 779 1595 809 Καταλαϐοὒσα
1624 781 1647 809 δ’
1676 783 1693 816 ἡ
1723 783 1798 822 φήμη
1825 784 1879 816 τοὺς

1031 824 1206 875 Βέναντίους
1248 824 1386 861 ἐξέπληξε.
1414 826 1486 857 Τὲως
1526 825 1549 853 δ’
1575 825 1621 853 οὖν
1662 827 1879 864 καθοπλισάμενοι

1069 868 1114 896 καί
1142 869 1218 896 αὐτοὶ
1247 870 1277 896 τὸ
1303 868 1440 907 ἄχρηστον
1471 869 1578 904 πλῆθος
1607 871 1646 902 εἷς
1673 871 1790 899 τούπίσω
1805 883 1878 911 προσ⁴

1070 913 1198 949 ήλαυνον,
1216 913 1294 942 αὐτοὶ
1311 913 1339 942 δὲ
1362 914 1475 942 κατόπιν
1505 913 1608 942 ἐδίδουν
1635 916 1777 955 φαντασίαν
1805 916 1878 944 πολε-

1071 962 1155 995 μικῆς
1183 958 1367 996 παρατάξεως,
1383 959 1413 986 τὸ
1430 958 1458 986 δὲ
1473 959 1568 986 πλεῖον
1599 960 1673 998 φυγή
1704 971 1743 992 ¹τις
1770 964 1880 1000 κατεῖχεν

1069 1002 1168 1034 αὐτοὺς
1197 1004 1407 1041 συντεταγμένας
1447 1003 1555 1035 ἰδόντας
1595 1007 1649 1031 τῶν
1674 1005 1809 1042 Ῥωμαίων
1839 1006 1879 1036 τὰς

1070 1047 1212 1086 φάλαγγας
1240 1048 1265 1075 ἐν
1295 1048 1366 1084 τάξει
1395 1048 1440 1075 καὶ
1468 1049 1564 1085 κόσμῳ
1593 1048 1747 1086 πολεμικῆς
1773 1051 1880 1087 παρατά-

1069 1093 1144 1127 ξεως.
1162 1092 1210 1119 Καὶ
1227 1093 1252 1119 οἱ
1270 1093 1317 1128 μὶν
1338 1093 1473 1130 προῄεσαν
1501 1093 1538 1124 εἷς
1568 1093 1701 1129 τούπίσω⁷
1727 1095 1740 1121 ὁ
1764 1093 1791 1122 δὶ
1815 1095 1879 1132 βασι-

1069 1136 1131 1168 λεὺς
1151 1139 1316 1175 πανστρατιᾷ
1340 1138 1453 1165 κατόπιν
1478 1138 1567 1165 αὐτῶν
1597 1137 1755 1172 ἐπεδίωκεν,
1769 1138 1818 1170 ἕως
1838 1138 1881 1176 ἄρα

1067 1182 1161 1218 καιρὸς
1179 1180 1273 1216 δείλης
1298 1181 1377 1218 ὀψίας
1406 1180 1566 1210 κατέλαϐον.
1584 1184 1651 1210 Επεὶ
1679 1182 1702 1210 δ’
1726 1184 1740 1210 ὁ
1768 1182 1881 1221 βασιλιὺς

1067 1226 1130 1257 τοὺς
1147 1226 1387 1264 ἀντιτεταγμένους
1405 1226 1453 1254 οὐκ
1478 1227 1535 1264 εἶχε
1563 1227 1607 1254 καὶ
1635 1227 1880 1264 ἀντιπολιμοῦντας,

1066 1271 1116 1305 τὴν
1156 1269 1184 1297 δὲ
1217 1268 1398 1308 παρεμϐολὴν
1436 1270 1610 1308 ἐψιλωμένην
1647 1275 1814 1310 στρατιωτῶν
1842 1273 1880 1300 καὶ

1067 1314 1263 1352 πεζοφυλάκων
1292 1315 1419 1353 ἐγίνωσκε
1444 1315 1488 1343 διὰ
1513 1316 1543 1343 τὸ
1569 1315 1635 1352 μηδ’
1654 1317 1776 1354 ιῦπορεῖν
1799 1317 1879 1344 ἱκανοῦ

1067 1359 1193 1394 πλήθους
1210 1359 1279 1387 ὥστε
1306 1361 1350 1387 καί
1376 1360 1535 1398 παρατάξεις
1559 1360 1584 1388 ἐν
1609 1361 1694 1398 ταύτῃ
1724 1361 1879 1395 καταλιπιῖν,

1067 1402 1120 1439 ἤδη
1145 1404 1427 1442 προεξαντληθέντων,
1449 1405 1485 1436 ὡς
1510 1403 1733 1442 προδιείληπται,
1755 1405 1826 1444 ἔγνω,
1847 1407 1878 1441 μή

1067 1448 1111 1476 ἐπὶ
1127 1447 1222 1476 πλεῖον
1244 1449 1372 1476 ἐπιτεῖναι
1395 1450 1444 1484 τήν
1464 1448 1565 1486 δίωξιν,
1579 1449 1626 1478 ἵνα
1652 1451 1691 1487 μὴ
1714 1450 1796 1488 ταύτῃ
1822 1450 1879 1489 ἀφυ-

1067 1492 1175 1525 λάκτως
1204 1494 1228 1520 οἱ
1258 1496 1374 1531 Τοῦρκοι
1404 1493 1562 1528 ἒπίθωνται,
1577 1495 1624 1522 καὶ
1652 1495 1709 1531 ἅμα
1725 1493 1878 1528 διασκοπῶν,

1068 1538 1090 1564 εἰ
1120 1538 1163 1565 ἐπὶ
1190 1537 1271 1565 πλέον
1310 1537 1519 1575 ἐκμακρυνοείη,
1544 1539 1730 1576 καταλήψεται
1766 1539 1839 1566 αὑτὸν
1865 1540 1879 1573 ἡ

1067 1581 1122 1617 νὺξ,
1139 1582 1183 1609 καὶ
1199 1584 1345 1616 τηνικαῦτα
1368 1583 1394 1609 οἱ
1421 1585 1536 1620 Τοῦρκοι
1565 1583 1751 1620 παλίντροπον
1779 1585 1879 1618 θήσουσι

1066 1627 1115 1661 τὴν
1132 1627 1219 1665 φυγὴν
1245 1624 1375 1661 ἱκηϐόλοι
1399 1628 1587 1665 τυγχάνοντες.
1603 1628 1654 1655 Διὰ
1679 1627 1712 1663 δὴ
1737 1630 1817 1656 ταῦτα
1842 1627 1880 1656 καὶ

1067 1671 1114 1704 τὴν
1138 1671 1282 1708 βασιλικὴν
1312 1670 1431 1707 σημαίαν
1460 1671 1622 1709 ἐπιστρέψας
1652 1673 1748 1700 νόστου
1777 1672 1881 1709 ἐπιμνη-

1067 1720 1162 1751 σθῆναι
1189 1715 1383 1753 παρήγγειλεν.
1413 1717 1447 1745 Οἱ
1476 1715 1504 1744 δὲ
1532 1717 1628 1755 πόρῥω
1662 1718 1711 1748 τὰς
1750 1717 1879 1757 φάλαγγας

1067 1759 1176 1798 ἔχοντες
1206 1763 1379 1798 στρατιῶται,
1403 1761 1450 1791 τὰς
1479 1761 1597 1797 σημαίας
1630 1761 1734 1794 ἰδόντες
1759 1762 1879 1799 ὀπισθυρ-

1068 1807 1181 1842 μήτους,
1206 1807 1287 1840 ἧτταν
1325 1805 1390 1832 εἶναι
1420 1805 1451 1832 τὸ
1477 1803 1588 1843 πρᾶγμα
1620 1805 1766 1844 βασιλικὴν
1796 1806 1880 1834 ὑπετό-

1064 1861 1161 1878 πασαν.
1179 1849 1291 1877 Μᾶλλον
1316 1849 1344 1876 δέ
1365 1860 1405 1880 τις
1430 1852 1483 1878 τῶν
1505 1849 1703 1889 ἰφεδρευὸντων
1727 1851 1807 1887 αὐτῷ,
1824 1852 1878 1878 Ἀν-

1065 1894 1189 1932 δρὸνικος
1205 1895 1219 1922 ὁ
1238 1897 1286 1922 τοῦ
1302 1894 1434 1931 Καίσαρος
1452 1895 1498 1931 μὲν
1529 1895 1597 1930 υἱὸς,
1614 1898 1669 1923 τῶν
1698 1895 1727 1923 δὶ
1755 1895 1878 1934 βασιλέων

1064 1938 1221 1977 ἐξάδελφος,
1251 1936 1521 1976 προϐεϐουλευμένην
1553 1938 1628 1977 ἔχων
1658 1941 1708 1975 τήν
1739 1938 1878 1973 ἐπιϐουλήν

1063 1983 1142 2015 αὐτὸς
1170 1983 1204 2011 δι’
1219 1984 1315 2011 ἑαυτοῦ
1341 1984 1387 2011 τόν
1415 1986 1540 2011 τοιοῦτον
1557 1983 1643 2022 λόγον
1672 1984 1814 2023 διέσπιιρε,
1837 1983 1876 2011 καί

1061 2028 1124 2060 τοὺς
1152 2028 1213 2066 περὶ
1243 2028 1322 2056 αὐτὸν
1350 2029 1515 2066 στρατιώτας
1559 2027 1704 2057 ἀναλαϐὼν
1739 2029 1822 2067 ταχὺς
1847 2030 1876 2065 τῇ

1060 2071 1223 2110 παρεμϐολῇ
1245 2072 1397 2111 ἐφοίτησεν.
1421 2074 1452 2099 Ὃ
1473 2073 1518 2100 καὶ
1552 2074 1578 2100 οἱ
1604 2073 1699 2101 λοιποὶ
1731 2074 1877 2111 μιμησάμε-

1059 2129 1100 2145 νοι
1117 2118 1154 2147 εἷς
1174 2117 1266 2149 καθεὶς
1282 2117 1407 2155 ἀμαχητὶ
1422 2117 1471 2152 τὴν
1489 2118 1577 2156 φυγὴν
1595 2119 1876 2156 [Ρ.841]ἠσπάσαντο.

1058 2163 1086 2189 Ὁ
1102 2161 1129 2189 δὲ
1147 2161 1273 2199 βασιλεὺς
1285 2161 1350 2189 ἰδὼν
1363 2162 1393 2189 τὸ
1404 2161 1557 2199 παράλογον
1572 2161 1636 2198 ἔστη
1651 2164 1701 2198 τὴν
1712 2166 1765 2191 τῶν
1775 2162 1875 2190 οἰκείων

174 2215 334 2243 oppressus
361 2207 588 2235 infortuniorum
610 2207 758 2234 ﬂuctibus.
776 2207 919 2235 Postridie
935 2216 989 2235 ver<

1078 2208 1154 2244 υγὴν,
1172 2207 1208 2237 ὡς
1234 2205 1304 2240 ἔθος,
1332 2205 1563 2242 ἀνακαλούμενος.
1579 2208 1631 2235 Ἦν
1655 2207 1683 2235 δὲ
1708 2209 1721 2236 ὁ
1744 2206 1874 2235 ἐπακούων

173 2259 241 2279 cum
253 2252 374 2279 Sultano
387 2251 571 2279 renuntiatus
591 2251 695 2278 fuisset
714 2253 818 2287 captus
829 2251 998 2288 imperator,

172 2295 341 2332 inexplebili
357 2297 483 2333 quadam
500 2296 601 2323 laetitia
617 2295 753 2331 perfusus
769 2299 823 2329 est,
838 2305 932 2332 neque
948 2297 997 2324 ad-

170 2340 237 2368 duci
255 2344 367 2376 poterat
383 2344 415 2369 ut
429 2341 560 2368 crederet
585 2341 705 2375 factum,
722 2349 783 2368 rem
801 2349 901 2368 secum
931 2350 997 2378 per-

169 2385 301 2420 pendens
313 2388 424 2421 quanta
433 2387 520 2419 esset,
534 2388 599 2421 post
610 2385 718 2412 victum
732 2385 817 2412 talem
831 2394 864 2413 ac
880 2388 995 2414 tantum

168 2431 326 2457 exercitum
347 2431 443 2465 ipsum
459 2438 576 2465 quoque
592 2429 795 2464 imperatorem
807 2431 952 2465 captivum
969 2434 998 2458 et

166 2473 223 2501 sibi
250 2474 416 2509 subjectum
443 2474 585 2510 accipere.
613 2474 746 2501 Humane
770 2477 868 2502 tamen
885 2474 994 2503 factum

166 2518 537 2554 reputans,victoriamque
548 2526 630 2553 aequo
648 2519 745 2546 animo
759 2519 866 2553 ferens,
883 2521 911 2546 et
926 2528 994 2555 pro-

165 2570 286 2598 sperum
302 2571 472 2590 successum
486 2562 583 2598 potius
603 2562 785 2590 occasionem
799 2564 833 2590 ad
852 2571 917 2591 sese
933 2563 993 2592 coi-

1055 2250 1151 2282 οὐδείς.
1168 2253 1228 2280 Τῶν
1254 2250 1277 2278 δ’
1293 2251 1421 2278 ἐναντίων
1449 2251 1475 2278 οἱ
1500 2250 1544 2278 ἐπὶ
1567 2251 1660 2290 λόφων
1689 2253 1833 2289 ἱστάμενοι,
1847 2251 1874 2278 τὸ

1052 2294 1209 2333 παράλογον
1226 2294 1328 2326 ἰδόντες
1350 2295 1477 2333 ἐξαίφνης
1500 2297 1555 2323 τῶν
1569 2296 1716 2333 Ῥωμαίων
1741 2297 1874 2334 ἀτύχημα,

1051 2342 1090 2376 τῷ
1106 2340 1246 2376 σουλτάνῳ
1263 2339 1367 2377 σπουδῇ
1388 2339 1593 2378 ἀπαγγέλλουσι
1614 2342 1647 2368 τὸ
1673 2341 1808 2379 ὁρώμενον
1833 2340 1873 2368 καὶ

1050 2385 1099 2419 τὴν
1126 2384 1290 2424 ἐπιστροφὴν
1326 2385 1407 2412 αὐτοῦ
1446 2385 1645 2422 κατεπείγουσι,
1677 2386 1800 2425 φεύγοντι
1833 2384 1872 2413 καὶ

1051 2429 1125 2464 αὐτῷ
1151 2428 1205 2463 ἤδη
1232 2429 1276 2456 καὶ
1309 2429 1413 2466 μακρὰν
1440 2433 1492 2464 τῆς
1518 2429 1619 2461 οἰκείας
1636 2431 1776 2468 γενομένῳ
1801 2430 1874 2458 immi-

1051 2473 1131 2504 λεως.
1150 2473 1235 2505 Εὐθὺς
1253 2473 1297 2500 οὖν
1315 2473 1486 2501 ἐπανελθόντι
1512 2474 1585 2510 αὐτῷ
1616 2474 1695 2513 μάχη
1725 2486 1767 2506 τις
1796 2474 1874 2512 ἀθρόα

1048 2518 1087 2554 τῷ
1119 2519 1226 2556 βασιλεῖ
1253 2519 1468 2556 προσρήγνυται.
1495 2517 1631 2550 Κελεύσας
1663 2519 1692 2547 δὲ
1720 2520 1782 2551 τοὺς
1811 2519 1873 2557 ἀμφ’

1049 2563 1128 2590 αὐτὸν
1160 2563 1197 2600 μὴ
1227 2562 1350 2590 ἐνδοῦναι
1379 2561 1449 2600 μηδὲ
1478 2561 1601 2600 μαλακόν
1630 2575 1657 2592 τι
1680 2565 1785 2598 παθεῖν,
1812 2563 1873 2592 ἀλλ’

821 2621 942 2649 JACOBI
963 2621 1073 2649 GOARI
1097 2622 1211 2649 ΝΟΤΕ.

199 2677 257 2713 (35)
267 2678 312 2705 Nil
324 2677 423 2705 minus
434 2678 485 2705 telo
498 2677 536 2705 ad
551 2678 695 2705 victoriam
713 2679 872 2713 pertinente
887 2681 989 2707 auctor

162 2712 313 2749 intelligit,
329 2714 377 2741 sed
390 2721 506 2748 crucem,
523 2714 558 2741 de
579 2722 637 2749 qua
661 2713 703 2741 illi
713 2712 816 2742 sermo
832 2717 887 2749 est,
903 2715 988 2749 cujus

161 2749 267 2778 virtute
282 2750 381 2778 cuncti
397 2749 582 2778 debellantur
597 2750 803 2786 hostes,quam
819 2753 851 2779 ut
865 2752 988 2780 victoria

1044 2679 1210 2723 symbolum,
1248 2681 1314 2721 post
1342 2679 1569 2723 Qonstantiuum
1610 2681 1733 2723 vocibus
1761 2681 1869 2723 hisI’Ev

1041 2713 1132 2757 τούτῷ
1147 2713 1214 2756 νίκα.
1231 2713 1443 2757 circumdatam
1469 2715 1538 2743 olim
1557 2723 1621 2743 eam
1647 2716 1799 2753 intuitum,
1815 2718 1867 2745 im-

1043 2753 1194 2789 peratores
1207 2753 1236 2779 in
1251 2753 1345 2788 signis
1361 2753 1473 2788 erigere
1485 2755 1714 2781 consueverunt.
