1937 3050
58 77 117 106 429

818 77 1011 108 HISTORIA.

1706 81 1766 111 430

58 140 158 179 ἄνδρας
187 143 302 180 φανῆναι
333 141 463 179 ἀγαθοὺς,
491 141 615 178 ἠμύνατο
646 142 694 178 μὲν
720 141 823 180 ἑρῥωμέ

1001 144 1093 171 ndum
1109 147 1136 172 et
1153 144 1221 172 boni
1233 145 1323 172 animi
1345 145 1489 172 indicium
1506 153 1538 173 sc
1555 154 1671 174 morum
1686 147 1766 175 omni

59 186 143 224 μέχρι
159 185 279 214 πολλοῦ.
294 187 336 214 Ἐν
363 185 452 222 τούτῳ
479 185 509 213 δὲ
532 189 581 221 τῆς
605 188 658 214 τῶν
682 185 775 214 ἄλλων
793 189 882 225 φυγῆς

57 230 298 268 περιαντλησάσης
325 228 376 267 ἔξω
399 231 444 258 τὸν
474 230 583 268 χάρακα
612 230 697 269 λόγος
724 231 811 270 σαφὴς
835 230 885 258 οὐκ

57 275 186 310 ἠκούετο,
204 274 305 303 ἄλλοτε
320 274 412 303 ἄλλων
440 274 514 303 ἄλλα
536 275 747 314 άφηγουμίνων,
760 277 817 304 τῶν
836 275 884 311 μὶν

56 321 165 357 τροπὴν
189 322 244 347 τῶν
275 319 303 347 δὲ
337 320 417 356 νίκην
453 319 673 358 ἀπαγγελόντων,
699 320 745 348 καὶ
773 319 885 348 καταλε-

57 365 165 402 γόντων
195 364 290 401 iis-qusi
316 375 346 392 τε
386 365 431 392 καὶ
474 363 654 402 ἀδιάγνωστα,
684 363 737 397 ’ἕως
764 365 809 392 καὶ
832 366 886 392 τῶν

59 408 250 437 Καππαδοκῶν
276 409 392 447 ἤρξαντό
416 420 487 440 τινες
512 410 557 437 καὶ
583 409 662 437 αὐτοὶ
678 409 760 437 αὐτοῦ
774 410 888 448 ἀποφοι-

57 456 105 489 τᾷν
124 454 194 482 κατᾶ
212 455 324 493 φατρίας
348 455 393 482 καὶ
420 454 583 492 συμμορίας.
609 453 713 482 Πολλοὶ
730 454 758 482 δὲ
773 456 817 483 καὶ
833 459 887 484 τῶν

59 498 212 536 βασιλικῶν
228 498 392 535 ἱπποκόμων
419 499 465 526 σὺν
489 499 580 530 αὐτοῖς
598 498 694 530 ’ίπποις
711 499 887 540 ὑπέστρεφον,

59 544 98 580 μή
118 542 186 570 ἰδεῖν
202 543 248 571 τὸν
276 542 389 581 βασιλέα
414 542 621 580 διενιστάμινοι.
643 543 694 571 Καὶ
721 545 754 579 ἦν
775 546 886 582 σεισμὸς

57 589 118 616 οἷον
132 589 178 615 καὶ
191 587 311 626 ὀδυρμὸς
337 588 381 616 καὶ
407 585 491 628 φόϐος
510 587 656 626 ἀκίχητος,
673 588 718 616 καὶ
733 589 758 616 οἱ
769 591 886 627 Τοῦρκοι

56 632 231 671 πανταχόθεν
271 632 450 671 ἐπιρλέἐοντες.
491 633 571 665 Ὅθεν
613 633 657 660 καὶ
699 632 809 666 ἕκαστος
850 635 888 666 ὡς

57 678 134 716 εἶχεν
165 677 266 716 ὁρμῆς,
297 676 384 713 ἑαυτῷ
411 677 460 712 τὴν
489 677 624 715 σωτηρίαν
657 677 886 716 ἐπραγματεύετο.

57 721 272 753 Ἐπιδιώκοντες
289 720 318 749 δὲ
343 722 372 749 οἱ
399 721 514 749 ἐναντίοι
541 722 587 753 οὕς
604 722 651 758 μὲν
666 722 782 760 ἀνῄρουν
799 723 845 754 οὖς
860 722 889 752 δὶ

58 767 179 806 ζωγρίας
206 765 291 801 εἷλον,
323 767 431 804 ἑτέρους
459 765 487 794 δὲ
517 766 692 796 συνεπάτουν.
724 767 771 795 Καὶ
797 769 830 803 ἦν
856 768 888 796 τὸ

56 815 176 850 πρᾶγμα
199 810 261 839 λίαν
287 809 424 838 ἐπώδυνον
451 810 496 838 καὶ
523 810 609 838 πάντα
633 811 732 849 θρῆνον
756 810 890 851 ὑπερϐάλ-

57 856 109 884 λον
141 855 186 883 xui
215 854 341 884 κοπετόν.
369 855 419 882 Τὸν
448 853 477 882 δὲ
500 854 613 892 βασιλέα
640 857 890 894 περιστοιχίσαντες

58 901 84 928 οἳ
102 899 236 937 πολέμιοι
261 900 312 928 οὐκ
334 899 500 937 εὐχείρωτον
529 900 604 938 εἵχον
624 900 704 928 αὐτὸν
721 900 809 935 εὐθὺς,
826 901 890 930 ἀλλ’

57 946 106 972 ἅτε
128 946 331 982 στρατιωτικῶν
347 944 391 971 καὶ
416 943 575 980 πολεμικῶν
597 943 718 982 εἶδήμων
734 946 777 973 καὶ
795 945 890 973 κινδύ-

55 1001 119 1020 νοις
142 988 355 1028 προσομιλήσας
379 987 498 1020 πολλοῖς
525 991 663 1027 καρτερῶς
687 990 822 1026 ἠμύνατο,
844 991 890 1018 καὶ

56 1034 185 1066 πολλοὺς
201 1032 305 1061 ἀνελὼν
333 1033 413 1065 τέλος
440 1033 547 1072 ἐπλήγη
573 1034 702 1072 φασγάνῳ
727 1036 777 1069 τὴν
797 1038 890 1073 χεῖρα,

56 1082 107 1107 τοῦ
132 1090 163 1107 τε
188 1077 273 1106 ἷ¹ππου
296 1077 548 1110 κατακοντισθὲντος
581 1078 611 1106 ἐκ
639 1077 723 1110 ποδὸς
750 1080 891 1116 ἱστάμενος

59 1124 223 1162 διεμάχετο.
255 1123 354 1160 Καμὼν
385 1121 409 1150 δ’
437 1123 514 1160 ὅμως
540 1123 608 1160 πρὸς
619 1123 732 1161 ὲσπὲραν
748 1123 890 1160 ἁλώσιμος

60 1170 124 1206 (φεῦ
150 1170 200 1195 τοῦ
228 1167 331 1198 πάθους
346 1168 365 1203 ἔ)
391 1167 436 1195 καὶ
463 1166 643 1205 αἰχμάλωτος
675 1168 689 1195 ὁ
715 1168 889 1206 περιώνυμος

62 1211 195 1250 βασιλεὺς
231 1211 373 1248 Ῥωμαίων
413 1211 524 1249 γίνεται.
569 1212 620 1241 Καὶ
661 1214 695 1249 τῇ
741 1213 788 1249 μὶν
813 1213 889 1241 νυκτῖ

59 1256 118 1284 ἐξ
183 1255 265 1284 ἐ”’
374 1259 385 1264 '
465 1255 888 1285 λλ”ὲ“’ἀ¹’“

74 1267 153 1294 nam-ﬁ
197 1268 216 1284 π
258 1267 316 1291 ισης
341 1267 399 1288 τοις
427 1267 462 1284 πο
504 1267 546 1288 οις
587 1267 618 1284 πι
641 1268 692 1295 γης
735 1267 822 1293 τιμως
845 1268 890 1285 και

60 1300 241 1340 περιωδύνως
257 1299 412 1337 κατὲδραθε,
431 1301 540 1338 μυρίοις
563 1301 792 1339 περικλυζόμενος
805 1301 891 1337 λυπη-

61 1349 117 1384 ρῶν
134 1346 247 1382 κύμασι.
264 1347 304 1382 Τῇ
321 1344 344 1373 δ’
360 1345 488 1383 ἐπαύριον
504 1344 681 1384 ἀγγελθείσης
695 1348 734 1382 τῷ
749 1346 890 1383 σουλτάνῳ

61 1391 174 1425 καὶτῆς
188 1392 237 1418 τοῦ
266 1388 400 1427 βασιλέως
425 1389 566 1424 ἁλώσεως,
592 1390 665 1428 χαρά
689 1401 730 1422 τις
751 1390 890 1426 ἄπληστος

61 1435 109 1463 καὶ
139 1434 252 1462 ἀπιστία
279 1433 407 1472 κατέσχεν
436 1434 528 1469 αὐτὸν,
559 1434 694 1471 οἰόμενον,
725 1433 815 1472 ὥσπερ
845 1435 889 1462 καὶ

61 1481 108 1514 ἦν,
128 1479 195 1516 μετὰ
215 1479 292 1514 νίκην
310 1478 441 1506 τοσούτου
465 1479 510 1506 καὶ
531 1478 698 1514 τηλικούτου
714 1481 829 1516 στρατοῦ
844 1479 889 1506 καὶ

63 1525 148 1552 αὑτὸν
162 1525 208 1551 τὸν
228 1523 340 1561 βασιλέα
363 1523 506 1560 ἁλώσιμον
533 1521 628 1552 λαϐεῖν
644 1524 688 1551 καὶ
705 1524 864 1562 ὑποχείριον
881 1533 886 1539 ·
901 1515 922 1548 C
946 1527 1026 1553 rator
1046 1534 1052 1553 :

63 1569 245 1607 ἀνθρωπίνως
262 1567 291 1596 δὲ
305 1568 382 1605 ὅμως
407 1568 438 1596 τὸ
465 1568 578 1606 γεγονὸς
594 1569 773 1606 λογισάμενος
787 1569 831 1596 καὶ
843 1569 893 1604 τήν

64 1613 145 1649 νίκην
165 1613 367 1652 μετριοφρόνως
379 1613 507 1651 ἐνεγκὼν.
524 1613 569 1640 καὶ
580 1614 611 1640 τὸ
625 1613 736 1650 γεγονὸς
750 1613 895 1651 εὐτύχημα

65 1657 204 1693 συστολὴν
233 1656 339 1695 μᾶλλον
378 1657 423 1685 καὶ
465 1659 558 1695 ψυχῆς
584 1657 685 1695 ἀγαθῆς
714 1655 824 1693 ἔνδειξιν
849 1658 894 1685 καὶ

63 1703 176 1741 τρόπων
201 1702 404 1740 καλοκαγαθίας
434 1704 538 1738 μεστῶν
567 1702 691 1738 θέμενος,
715 1705 773 1739 Θεῷ
797 1703 829 1730 τὸ
843 1705 895 1730 πᾶν

64 1747 182 1779 ἀνετίθει
198 1747 235 1778 ὡς
254 1750 345 1783 μεῖζον
362 1746 380 1782 ἥ
403 1747 472 1774 κατὰ
497 1747 548 1781 τήν
575 1747 671 1774 ἑαυτοῦ
696 1747 775 1784 ἱσχὺν
796 1747 894 1774 ἀποτε-

66 1791 150 1822 λισας
163 1791 194 1818 τὸ
221 1791 364 1829 τρόπαιον.
390 1791 439 1819 Διά
461 1793 542 1818 τοῦτο
566 1791 611 1819 καὶ
638 1791 840 1830 προσαχθέντος
855 1794 895 1827 τῷ

66 1835 210 1872 σουλτάνῳ
225 1836 336 1871 ἀξάντου
365 1835 500 1874 βασιλέως
527 1835 669 1872 Ῥωμαίων
686 1835 711 1863 ἐν
729 1835 834 1863 εὐτελεῖ
849 1835 894 1863 καὶ

63 1882 250 1917 στρατιωτικῇ
277 1880 432 1918 ἀμπεχόνῃ,
458 1881 501 1917 [Ρ.
529 1881 592 1916 842]
622 1879 761 1917 διαπορῶν
789 1882 822 1915 ἦν
849 1880 893 1908 καὶ

63 1925 128 1961 περὶ
142 1925 241 1952 τούτου
259 1925 408 1962 μαρτυρίαν
436 1927 537 1959 ζητῶν.
564 1925 608 1955 Ὡς
632 1923 654 1952 δ’
677 1925 892 1964 ἐπληροφορήθη

63 1970 140 2008 παρᾶ
165 1971 220 1997 τῶν
250 1967 388 2008 πρέσϐεων
416 1970 460 1996 καί
497 1968 546 1996 τοῦ
576 1969 738 1997 ΒασιΛακίου
765 1969 895 2001 πεσόντος

65 2015 115 2051 μὶν
143 2015 216 2052 παρὰ
238 2016 292 2041 τῶν
316 2012 409 2041 ποδῶν
435 2013 530 2048 αὐτοῦ,
554 2014 662 2052 οἰκτρὸν
680 2013 708 2042 δέ
722 2025 748 2042 τι
767 2015 812 2042 καὶ
836 2025 894 2052 γοε-

64 2060 112 2096 ρὸν
165 2059 387 2095 άνοιμώξαντος,
435 2058 512 2090 εὐθὺς
561 2057 652 2096 ὥσπερ
691 2059 814 2095 ἐμμανὴς
851 2059 894 2086 άν-

64 2104 143 2141 ἇθορε
171 2106 219 2131 τοῦ
245 2103 342 2141 θρόνου
366 2103 411 2130 καὶ
451 2102 531 2141 ὀρθὸς
571 2102 646 2138 ἔστη.
683 2104 802 2131 Ιῐεσόντα
828 2105 893 2141 γοῦν

65 2148 144 2184 ὅμως
160 2149 212 2185 πρὸ
226 2150 282 2175 τῶν
298 2146 389 2175 ποδῶν
409 2146 491 2175 αὐτοῦ
510 2149 632 2184 πατήσας
643 2147 732 2186 ὥσπερ
750 2146 810 2180 ἔθος
826 2149 893 2185 (26),

63 2192 110 2236 καὶ
139 2191 291 2228 ἀναστήσας
331 2193 376 2220 καὶ
424 2192 669 2236 περιπτυξάμενος,
707 2194 753 2228 Mi;
797 2191 931 2236 δὶδιθι,[)

64 2234 177 2275 ἔφησεν,
207 2236 230 2264 ὦ
257 2236 378 2274 βασιλεῦ,
404 2235 468 2264 ἀλλ’
494 2236 602 2268 εὔελπις
625 2236 669 2264 Eoo
698 2238 751 2274 πρὸ
775 2237 892 2274 πάντων,

65 2281 104 2312 ὡς
120 2280 214 2309 οὐδενὶ
237 2280 459 2319 προσομιλήσας
485 2279 605 2318 κινδύνῳ
625 2284 786 2319 σωματικῷ,
811 2292 893 2319 τιμη-

65 2327 137 2363 θήσῃ
153 2324 176 2353 δ’
201 2325 282 2361 ἀξίως
304 2329 353 2361 τῆς
383 2327 432 2353 τοῦ
462 2327 578 2364 κράτους
602 2326 753 2365 ὑπεροχῆς.
783 2327 892 2366 Ἄφρων

63 2370 115 2409 γὰρ
144 2369 247 2402 ἐκεῖνος
267 2370 330 2407 ἐμοὶ
371 2369 508 2409 λογίζεται
543 2371 557 2398 ὁ
596 2372 634 2408 μὴ
661 2371 708 2403 τὰς
738 2371 893 2409 προόπτους

938 187 1082 223 probitate
1107 189 1296 224 praeditorum
1314 191 1408 223 ratus,
1425 191 1482 217 Deo
1509 189 1537 217 id
1555 192 1649 217 totum
1665 199 1768 227 accep-

937 234 1002 259 tum
1017 233 1171 266 referebat,
1188 233 1264 268 quod
1279 234 1375 268 majus
1397 241 1486 269 quam
1509 242 1561 270 pro
1577 234 1639 262 suis
1654 234 1767 262 viribus

936 278 1080 312 tropeum
1095 277 1245 305 erexisset.
1264 277 1373 305 Idcirco
1390 278 1529 314 perducto
1545 278 1581 306 ad
1606 279 1685 306 Asan
1700 278 1766 306 Sul-

939 323 1042 349 tanum
1060 322 1135 350 τοι)
1153 322 1350 350 Romanorum
1368 322 1554 357 imperatore,
1571 323 1620 350 vili
1642 331 1675 350 ac
1688 323 1770 351 mili-

940 366 995 393 tari
1011 369 1090 394 veste
1101 367 1255 401 induto,de
1266 368 1329 403 ipso
1341 367 1493 395 dubitabat
1505 368 1770 404 testimoniumque

941 411 1084 447 exigebat.
1100 411 1135 439 Ut
1150 414 1249 440 autem
1266 412 1372 439 certior
1383 421 1398 439 a
1419 412 1522 448 legatis
1541 412 1636 441 factus
1651 415 1696 440 est
1711 415 1740 441 et
1755 421 1772 440 a

941 455 1150 492 Basiiacio,qui
1167 457 1200 484 ad
1218 457 1282 492 ejus
1300 457 1387 492 pedes
1403 457 1550 484 acciderat
1566 457 1772 486 miserabiliter

942 501 1026 533 ﬂens,
1044 501 1142 528 statim
1162 501 1246 536 quasi
1263 502 1360 529 furore
1380 504 1533 537 correptus
1549 502 1584 529 de
1600 502 1705 530 throno
1720 503 1770 530 de—

942 545 1185 581 siliit,rectusque
1200 548 1281 574 stans
1298 546 1394 581 ipsum
1411 547 1447 574 ad
1465 547 1554 582 pedes
1565 555 1635 574 suos
1651 547 1768 584 lapsum

942 590 1105 617 secundum
1129 599 1238 618 morem
1263 591 1453 619 conculcavit.
1470 593 1601 627 Cumque
1613 600 1770 628 exsurgere

938 635 1059 669 jussum
1076 634 1244 670 complexus
1259 635 1393 668 esset,Ne
1408 635 1523 669 timeas,
1536 635 1587 668 ait,
1600 635 1770 672 imperator,

943 680 993 706 sed
1012 680 1089 707 bona
1103 687 1155 715 spe
1171 679 1212 706 sis
1228 681 1294 707 ante
1309 679 1418 713 omnia,
1428 679 1496 715 quia
1510 679 1623 707 nullum
1639 681 1771 716 corporis

943 724 1105 760 periculum
1122 723 1294 757 sustinebis,
1311 732 1411 751 verum
1428 732 1480 760 pro
1496 723 1612 758 imperii
1627 724 1771 760 dignitate

944 769 1021 804 apud
1038 776 1084 796 me
1101 768 1128 796 in
1141 769 1251 796 honore
1262 768 1320 796 eris
1334 776 1340 796 :
1354 768 1402 796 ille
1412 769 1490 796 enim
1508 768 1580 796 mihi
1597 769 1771 805 imprudens

943 813 1068 847 videtur,
1086 813 1136 848 qui
1152 821 1209 841 non
1225 821 1240 840 e
1255 813 1400 841 contrario
1423 814 1550 841 adversae
1577 813 1700 842 fortunae
1724 823 1771 842 ra-

943 858 1103 886 tiociuetur
1126 866 1160 885 ac
1181 857 1332 893 provideat
1355 857 1542 886 incommoda
1567 866 1600 886 ac
1625 861 1768 887 vereatur.

944 901 1015 930 Cum
1031 902 1121 938 igitur
1141 902 1282 937 jussisset
1296 901 1352 938 ipsi
1376 902 1513 930 constitui
1533 903 1769 937 tabernaculum,

943 946 1177 982 imperassetque
1192 946 1287 974 curari
1303 946 1470 982 diligenter,
1482 948 1515 974 ut
1531 955 1583 982 par
1597 950 1670 981 erat,
1681 956 1768 976 suum

943 991 1166 1019 commensalem
1196 999 1229 1019 ac
1258 991 1370 1019 socium
1400 993 1471 1018 tunc
1499 1000 1564 1019 esse
1592 992 1696 1026 voluit,
1711 1000 1770 1020 non

943 1035 1080 1063 deorsum
1098 1043 1164 1063 eum
1177 1035 1405 1070 sederejubens,
1423 1036 1473 1063 sed
1495 1037 1530 1062 ad
1547 1037 1678 1063 eamdem
1691 1044 1770 1063 men-

943 1088 1007 1108 sam
1032 1082 1066 1108 ut
1090 1080 1188 1108 eximii
1214 1080 1326 1108 ordinis
1349 1079 1502 1115 collegam,
1523 1083 1550 1108 et
1574 1081 1635 1116 pari
1661 1081 1772 1109 honore

944 1124 1086 1153 afﬁciens.
1099 1125 1147 1153 Bis
1157 1125 1203 1152 die
1211 1133 1278 1152 cum
1289 1125 1354 1161 ipso
1364 1124 1556 1161 congrediens
1564 1127 1593 1152 ct
1601 1125 1772 1161 colloquens

945 1172 973 1197 et
985 1169 1103 1197 hortatu
1121 1177 1174 1197 suo
1190 1177 1335 1204 recreans,
1352 1177 1447 1205 usque
1460 1169 1495 1197 ad
1513 1172 1576 1197 octo
1592 1169 1656 1197 dies
1670 1171 1773 1198 eadem

943 1214 1032 1241 verba
1042 1216 1071 1241 et
1085 1214 1128 1241 sal
1144 1222 1212 1241 cum
1229 1214 1292 1250 ipso
1307 1214 1595 1249 communicabat,in
1613 1214 1694 1242 nullo
1709 1214 1773 1250 qui-

944 1259 1009 1286 dem
1026 1258 1069 1286 vel
1098 1258 1221 1286 minimo
1245 1258 1331 1286 verbo
1347 1258 1372 1286 ei
1397 1258 1555 1290 insultans,
1572 1259 1622 1286 sed
1649 1259 1685 1286 de
1707 1258 1774 1295 qui-

944 1303 1068 1330 busdam
1082 1303 1240 1338 erroribus,
1257 1303 1306 1338 qui
1320 1303 1376 1330 sibi
1389 1303 1424 1330 ab
1437 1311 1470 1330 eo
1492 1303 1522 1330 in
1543 1304 1677 1331 ducendo
1693 1311 1774 1331 exer-

944 1348 1002 1375 citu
1015 1348 1165 1375 commissi
1176 1347 1355 1382 viderentur,
1367 1348 1539 1375 admonens.
1556 1348 1628 1376 Cum
1644 1356 1711 1376 vero
1727 1347 1773 1376 die

943 1393 1070 1428 quadam
1082 1392 1222 1420 Sultanus
1236 1392 1661 1428 interrogassstimperatorem
1675 1401 1682 1420 :
1695 1393 1769 1425 Quid

945 1437 1016 1463 mihi
1044 1436 1172 1469 fecisses,
1189 1436 1214 1464 si
1240 1444 1286 1463 me
1310 1436 1338 1463 in
1355 1439 1405 1463 tua
1430 1438 1574 1472 potestate
1589 1437 1770 1465 habuisses?

944 1480 1118 1516 simpliciter
1145 1489 1177 1508 ac
1205 1481 1269 1507 sine
1297 1480 1464 1508 adulatione
1498 1481 1649 1516 respondit
1676 1482 1768 1517 impe-

1084 1525 1160 1553 Scito
1190 1525 1265 1560 quod
1297 1524 1399 1552 multis
1429 1525 1524 1561 plagis
1552 1527 1636 1554 tuum
1666 1534 1774 1562 corpus

949 1570 1151 1598 confecissem.
1169 1570 1204 1596 At
1233 1577 1294 1604 ego,
1321 1569 1418 1605 inquit
1446 1569 1594 1604 Sultanus,
1618 1572 1700 1598 tuam
1729 1578 1774 1598 se-

949 1615 1100 1642 veritatem
1118 1616 1167 1641 aut
1183 1613 1387 1642 crudelitatem
1412 1622 1469 1642 non
1489 1614 1636 1642 imitabor.
1652 1615 1777 1643 Verum-

948 1661 1047 1687 tamen
1066 1659 1137 1686 τοι
1156 1658 1243 1686 audio
1258 1661 1387 1686 vestrum
1410 1659 1492 1687 vobis
1509 1659 1655 1688 Christum
1673 1668 1776 1696 pacem

949 1703 1106 1740 praecipere
1134 1705 1161 1731 et
1190 1703 1366 1731 oblivionem
1397 1703 1554 1738 malorum,
1585 1705 1778 1740 superbisque

949 1748 1136 1776 resistentem
1162 1747 1325 1774 humilibus
1351 1747 1476 1783 gratiam
1501 1748 1580 1775 dare.
1597 1748 1707 1776 Deinde
1723 1748 1778 1783 igi-

949 1795 997 1820 tur
1012 1792 1085 1820 inito
1111 1792 1226 1824 Radere,
1244 1794 1273 1818 et
1297 1791 1374 1819 facta
1391 1800 1460 1826 pace
1485 1794 1636 1827 perpetua,
1660 1792 1777 1820 habita-

949 1845 1005 1873 que
1021 1837 1148 1864 filiorum
1163 1837 1287 1864 'ratione
1311 1839 1340 1863 et
1363 1844 1464 1864 eorum
1491 1844 1554 1872 quae
1570 1836 1605 1863 ad
1623 1837 1779 1872 utriusque

951 1881 1064 1917 imperii
1077 1881 1145 1916 jura
1160 1882 1335 1916 spectarent,
1353 1880 1478 1916 pristina
1494 1880 1603 1908 ftedera
1617 1881 1776 1908 conﬁrma-

949 1928 1029 1955 runt.
1047 1928 1079 1953 ut
1093 1927 1196 1952 mutua
1211 1927 1290 1952 esset
1309 1924 1450 1957 amicitia,
1468 1933 1562 1960 neque
1587 1925 1713 1960 amplius
1740 1925 1776 1952 ab

949 1970 1009 1998 ullo
1017 1971 1182 1998 Turcorum
1195 1978 1241 1997 res
1253 1969 1368 2004 imperii
1381 1969 1504 1996 Romani
1524 1969 1610 2005 diripi
1631 1969 1777 2005 permitte-

948 2018 1039 2050 retur,
1055 2023 1154 2042 verum
1168 2022 1269 2041 omnes
1281 2013 1451 2049 quicunque
1466 2014 1608 2042 adversus
1628 2014 1777 2042 Romanos

949 2059 1031 2088 missi
1061 2059 1177 2087 fuerant
1215 2061 1438 2091 reverlerentur,
1466 2061 1495 2086 et
1523 2066 1626 2086 omne
1662 2059 1778 2094 captivi,

948 2104 1074 2132 maxime
1099 2103 1244 2140 principes
1269 2105 1298 2131 et
1317 2103 1417 2130 eximii
1443 2103 1655 2136 Romanorum,
1671 2102 1779 2131 libera-

948 2152 1060 2180 rentur,
1076 2147 1264 2184 promittente
1279 2147 1402 2174 Suitano
1419 2155 1449 2174 se
1474 2147 1601 2182 benigue
1615 2148 1781 2183 imperato-

948 2201 1010 2221 rem
1019 2200 1080 2220 sem
1086 2201 1136 2228 per
1146 2193 1270 2219 tractatu
1276 2199 1307 2218 ru
1313 2199 1340 2218 m
1346 2212 1352 2218 .
1364 2191 1510 2218 Interfecti
1522 2193 1592 2218 sunt
1603 2199 1637 2219 eo
1649 2193 1706 2219 tem
1712 2199 1781 2227 pore

948 2238 1017 2271 Leo,
1032 2236 1083 2272 qui
1099 2236 1284 2272 supplicibus
1311 2237 1432 2271 praeerat
1448 2235 1566 2269 libellis,
1582 2238 1611 2263 et
1634 2235 1783 2271 magister

948 2281 1120 2310 Eustathius
1145 2283 1174 2308 et
1200 2280 1315 2316 primus
1332 2288 1348 2307 a
1364 2279 1496 2308 secretis.
1512 2279 1622 2313 Captus
1647 2282 1692 2307 est
1707 2279 1781 2308 item

948 2326 1076 2355 Basilius
1103 2324 1347 2361 protovestiarius
1371 2324 1506 2352 Maleses.
1531 2324 1694 2360 Postquam
1719 2324 1782 2352 haec

948 2371 990 2399 ita
1004 2372 1087 2407 gesta
1108 2372 1179 2398 sunt
1202 2371 1231 2397 et
1254 2369 1296 2397 ita
1319 2369 1397 2397 inter
1418 2377 1467 2397 eos
1492 2369 1640 2405 convenit,
1666 2369 1782 2397 dimisit

728 2440 853 2469 JACOBI
873 2440 982 2469 GOARI
1001 2439 1119 2467 NOT/E.

101 2499 158 2533 (26)
172 2499 282 2537 Persis.
311 2508 346 2528 ex
375 2500 484 2537 quibus
514 2499 657 2537 sultanus
679 2499 736 2537 hic,
766 2499 896 2527 devictos

65 2534 166 2562 hostes
177 2536 302 2570 pedibus
314 2534 462 2571 proterere
487 2536 630 2563 familiars
645 2535 710 2567 fuit,
726 2543 759 2562 ex
775 2543 831 2570 quo
846 2537 896 2562 Sa-

65 2579 119 2606 por
129 2579 232 2599 eorum
247 2580 297 2599 rex
318 2572 507 2600 Valerianum
523 2572 732 2606 imperatorem
749 2571 785 2598 ad
802 2571 830 2598 id
848 2578 896 2597 ne-

65 2607 214 2644 cessitatis
239 2608 349 2644 malum
375 2608 498 2644 conjecit
515 2610 548 2635 ut
569 2606 897 2644 serviliterincurvatus

65 2643 239 2679 illiﬂequum
260 2643 417 2672 incensuro
429 2642 562 2679 ‘gradum
577 2651 632 2671 sua
651 2642 763 2670 cervice
778 2642 896 2669 faceret.

65 2678 171 2706 Catius
197 2679 296 2715 Antiq.
314 2680 392 2707 Lect.
411 2678 454 2713 18,
472 2679 515 2706 18.
531 2678 719 2706 Justinianus
745 2679 783 2711 ll,
797 2680 897 2715 Persas

65 2715 201 2742 imitatus
218 2714 368 2743 Leontium
385 2718 414 2743 et
436 2715 626 2750 Apsimtsum,
643 2714 898 2751 priusquamreju’s

62 2751 151 2788 jussu
176 2751 273 2788 capite
298 2749 508 2789 plecterentur,
529 2751 621 2780 ferino
643 2749 753 2780 ductus
778 2749 898 2779 ultionis

951 2498 1054 2526 ardore
1071 2505 1129 2524 non
1155 2495 1269 2523 modico
1284 2495 1426 2531 temporis
1442 2495 1537 2531 spatio
1565 2494 1690 2531 pedibus
1710 2502 1782 2522 con-

952 2533 1086 2561 culcavit.
1102 2532 1252 2559 Cedrenus
1267 2532 1297 2559 in
1313 2532 1378 2567 ejus
1403 2531 1479 2558 Vita.
1498 2531 1548 2558 His
1574 2531 1731 2567 provinciis
1743 2533 1784 2567 _et

952 2570 1064 2597 feritate
1079 2576 1168 2603 quam
1185 2570 1317 2603 tempore
1329 2565 1455 2594 vicinior
1465 2565 1656 2594 Tamerlanes
1669 2565 1785 2603 quoties

952 2613 1061 2641 equum
1083 2602 1458 2641 conscenderet_,_prostrati
1486 2602 1529 2641 ad_
1539 2602 1785 2641 pedesBajazetis

953 2637 1115 2669 cervicibus
1131 2647 1182 2667 ceu
1200 2637 1328 2667 scabello
1346 2639 1495 2666 utebatur.
1512 2637 1678 2666 Dubravius
1695 2639 1784 2664 1.xxv.

952 2677 1052 2704 Victos
1062 2676 1162 2703 hostes
1176 2675 1314 2710 ephippia
1330 2675 1456 2702 instrato
1473 2682 1488 2700 a
1501 2673 1621 2701 Francis
1640 2674 1784 2701 Norman-

954 2713 1059 2748 nisque
1075 2711 1222 2748 quondam
1238 2710 1366 2738 calcatus
1391 2710 1522 2737 referunt
1547 2710 1783 2737 Normannorum

954 2747 1094 2778 chromca
1109 2747 1137 2775 in
1156 2747 1279 2776 Roberto
1298 2748 1404 2784 primo.
