1937 3050
204 81 258 109 431

864 77 1026 108 JOANNIS
1049 76 1093 107 SC
1099 77 1249 107 YLl'l‘Z/E

1842 83 1894 113 432

198 145 341 174 Sullanus
366 144 574 180 imperatorem
600 143 725 172 multum
740 143 934 180 amplexatus,
952 151 994 171 mr

1083 142 1168 180 τύχας
1195 141 1221 178 ἐξ
1250 142 1432 181 ἀντεπιφορᾶς
1458 141 1636 180 λογιζόμενός
1659 154 1688 172 τε
1711 145 1754 172 καὶ
1771 144 1894 174 ιῦλαϐού.

199 194 288 226 toque
298 198 365 219 cum
377 189 487 218 honore
496 189 603 225 jubens
611 198 626 217 a
637 189 700 218 suis
710 189 813 226 legatis
824 197 892 217 eum
908 188 1023 217 deduci.

199 236 367 264 Tenebatur
382 238 481 263 autem
502 234 652 263 Matzicier
666 244 683 263 a
699 234 849 262 Romanis.
866 234 903 261 Ut
927 236 1024 262 autem

201 281 360 317 imperator
372 281 514 308 dimissus
525 280 582 308 alia
593 281 638 308 via
649 288 783 308 reversus
797 282 852 315 est,
867 279 911 306 illi
926 279 1025 307 reliclo

201 326 307 362 oppido
333 328 420 353 noctu
447 325 624 361 eliugerunt,
640 332 766 360 cumque
791 324 820 351 in
836 323 937 352 hostes
952 323 1025 350 inci-

201 370 324 405 dissent,
340 370 437 397 adiere
452 368 592 405 pericula.
609 370 773 405 imperator
796 370 906 400 autem,
923 367 971 394 ubi
989 366 1024 394 ad

200 413 457 449 Theodosiopolim
482 414 614 449 pervenit
629 421 694 440 cum
714 412 853 440 Turcirca
877 411 1027 439 Sultanica

200 461 288 493 veste,
305 457 465 486 liberaliter
479 460 617 493 exceptus
633 457 697 484 fuit.
717 457 816 492 Ibique
832 456 894 484 dies
914 456 1027 492 aliquot

199 504 400 530 commoratus
414 502 544 537 est,dum
559 509 678 529 manum
694 503 809 528 curaret
824 508 912 535 seque
927 500 1026 536 ipsum

199 555 252 583 pro
262 547 374 574 viribus
392 546 526 575 reficiens
543 546 648 573 melius
665 546 796 574 haberet.
814 545 944 581 Indeque
960 553 1026 580 pro-

199 592 293 619 fectus
308 591 483 628 peragrabat
499 591 574 619 102
591 590 700 618 Iberios
715 591 794 618 vicos
810 598 868 617 una
883 597 950 617 cum
961 589 1026 617 Sul-

200 636 274 670 tani,
289 637 340 672 qui
356 644 454 664 secum
471 636 603 668 aderant,
620 635 734 671 legatis,
750 637 779 662 et
795 635 863 662 inde
880 643 974 670 usque
989 634 1024 661 ad

201 681 294 718 ipsam
310 681 459 709 Coloniam
480 680 632 716 processit.
649 681 780 715 Cumque
796 680 830 707 ad
856 679 1026 714 Melissope-

201 726 291 754 trium
307 726 499 762 pervenisset,
516 725 625 753 Paulus
637 732 744 760 praeses
760 724 921 759 superioris
936 723 1025 751 Edes-

200 779 238 798 sa;
254 773 341 798 noctu
367 770 431 806 ipso
457 769 558 797 relicto
584 769 619 796 ad
647 768 758 804 Cpolim
779 768 862 803 fugit,
880 768 1025 804 perceptis

199 815 236 843 iis
248 824 312 851 quae
324 815 362 842 ibi
376 814 539 850 composita
550 814 676 852 fuerant.
693 812 767 840 Nam
785 812 916 840 Joannes
933 812 1026 840 Caesar

199 862 228 887 et
244 861 307 895 ejus
324 859 386 892 lilii,
402 863 430 886 et
445 867 478 887 ex
493 858 680 886 senatoribus
697 857 866 893 quicunque
881 857 946 892 ejus
960 865 1025 892 par-

200 907 245 933 tes
272 904 482 940 sequebantur,
498 902 628 939 reginam
654 902 684 929 in
700 901 835 930 exsilium
860 901 983 929 mittunt
996 900 1026 928 in

202 948 416 977 monasterium
428 948 463 976 ab
473 947 696 983 ipsaconditum
706 946 884 982 Piperudum
899 945 1026 979 nomine,

205 993 248 1021 vel
264 993 385 1021 invitam
401 992 568 1024 tondentes,
583 993 612 1019 et
622 990 762 1018 Michaele
778 990 923 1018 declarato
934 990 1026 1025 impe-

203 1041 299 1066 ratore
314 1038 343 1066 in
360 1045 461 1066 omnes
487 1038 584 1072 partes
599 1035 751 1071 scripsere,
768 1043 916 1062 reversum
933 1035 1026 1070 impe-

202 1085 326 1111 ratorem
339 1091 396 1110 non
408 1090 472 1110 esse
486 1080 691 1116 excipiendum
710 1087 804 1116 neque
824 1082 855 1107 ut
866 1080 1026 1114 imperato-

200 1135 262 1155 rem
277 1127 444 1156 colendum.
461 1125 598 1161 Princeps
614 1126 643 1152 et
658 1126 759 1152 auctor
785 1123 840 1151 fuit
856 1123 1025 1151 declaratio-

200 1173 246 1201 nis
257 1171 499 1209 philosophorum
511 1169 635 1198 eximius
647 1169 1024 1204 Psellus,quemadmodum

199 1217 262 1254 ipse
278 1225 396 1253 quoque
420 1216 449 1243 in
473 1215 599 1251 quodam
624 1214 733 1249 scripto
755 1213 907 1249 gloriatur.
922 1212 1025 1240 Fertur

199 1263 269 1290 item
287 1262 388 1297 regina
409 1260 541 1295 ejusdem
568 1258 713 1294 particeps
729 1257 843 1285 consilii
868 1257 970 1289 fuisse.
988 1265 1024 1285 ne

199 1314 348 1334 reversum
366 1306 521 1341 Diogenem
539 1303 688 1339 reciperet.
705 1303 758 1329 Sed
776 1302 935 1329 immatura
950 1301 1023 1329 cele-

199 1352 285 1380 ritate
293 1352 340 1379 his
349 1350 473 1387 cognitis
484 1349 626 1385 Diogenes
636 1350 664 1376 et
673 1347 778 1375 certior
786 1347 879 1374 factus
892 1354 1023 1374 commu-

198 1397 274 1425 niter
282 1405 313 1424 se
320 1405 371 1432 per
378 1402 538 1431 praeconem
547 1393 670 1429 imperio
678 1392 857 1425 abdicatum,
871 1391 1024 1427 occupavit

197 1441 345 1478 quoddam
357 1440 498 1476 oppidum
506 1439 623 1466 nomine
631 1436 866 1472 Doceam,ibique
873 1438 968 1463 castra
975 1444 1024 1472 po-

195 1486 363 1514 suit.C£esar
377 1487 475 1512 autem
491 1485 524 1510 ut
539 1482 594 1510 sibi
610 1482 762 1509 videbatur
776 1480 898 1516 imperio
913 1480 1023 1516 optime

1041 836 1063 867 ll

1083 198 1172 224 μενος.
1202 187 1344 223 Ἐπιτάξας
1384 187 1430 215 οὖν
1466 187 1540 224 αὐτῷ
1574 188 1676 224 σκηνὴν
1716 189 1894 229 ἀποταχθῆναι

1080 233 1124 260 καὶ
1151 232 1291 270 Θεραπείαν
1318 232 1503 270 ἁρμόζουσαν,
1534 231 1692 261 συνδιιπνον
1723 233 1800 262 αὐτὸν
1823 246 1895 271 τηνι-

1079 281 1164 306 καῦτα
1187 279 1231 306 καὶ
1256 277 1416 315 ὁμοδίαιτον
1442 279 1634 317 ἀπειργάσατο,
1659 281 1696 317 μὴ
1723 281 1796 318 παρὰ
1821 283 1894 320 μίρος

1080 323 1201 358 καθίσας,
1235 322 1308 350 ἀλλὰ
1328 323 1471 360 σύνθρονον
1497 323 1522 350 ἐν
1550 323 1676 359 ιύθύτητι
1700 328 1750 359 τῆς
1779 325 1892 364 ἐκκρίτου

1080 368 1180 403 τάξεως
1209 368 1253 395 καὶ
1277 367 1410 404 ὁμόδοξον
1435 368 1504 395 κατὰ
1530 369 1616 404 τιμὴν
1639 370 1835 406 ποιησάμενος,
1858 370 1893 403 δὶς

1081 415 1129 448 τῆς
1153 413 1259 449 ἡμέρας
1283 413 1483 451 συνερχόμενος
1516 413 1589 449 αὐτῷ
1616 414 1662 441 καὶ
1684 413 1826 442 συλλαλῶν
1854 418 1891 444 καὶ

1080 456 1282 495 παρακλήσεσιν
1325 457 1528 493 ἀνακτώμενος,
1579 458 1678 495 μέχρις
1710 460 1819 495 ἡμερῶν
1848 463 1894 498 (27)

1084 501 1158 529 ὀκτὼ
1184 505 1237 530 τῶν
1269 502 1371 539 ὁμοίων
1393 501 1531 530 ἐκοινώνει
1556 503 1629 539 αὐτῷ
1644 502 1733 540 λόγων
1749 504 1793 531 καὶ
1818 504 1892 542 ἀλῶν,

1083 546 1147 583 μηδ’
1163 547 1227 586 ἄχρι
1243 548 1287 575 καὶ
1317 547 1488 585 βραχυτάτου
1508 547 1594 584 λόγου
1610 548 1677 585 πρὸς
1692 550 1787 576 τοῦτον
1802 559 1892 587 πεπαρ-

1081 593 1206 627 ωνηκὼς,
1224 592 1285 630 περί
1308 603 1389 619 τινων
1416 591 1444 619 δὶ
1463 591 1615 620 δοκούντων
1642 592 1808 632 σφαλμάτων
1831 594 1855 622 ἐν
1867 598 1893 631 τῇ

1081 636 1170 664 ἐλάσει
1196 641 1245 672 τῆς
1271 640 1397 675 στρατιᾶς
1430 637 1599 673 ὑπομνήσας.
1629 639 1845 676 Διερωτήσαντος
1872 639 1893 667 δὲ

1084 684 1133 718 μιᾷ
1147 684 1200 709 τῶν
1217 682 1328 718 ἡμερῶν
1353 683 1402 708 τοῦ
1430 681 1581 709 σουλτάνου
1603 683 1649 709 τὸν
1673 681 1795 720 βασιλέα.
1810 683 1841 712 Τί
1867 685 1891 711 ἂν

1081 725 1205 764 ἔδρασας,
1224 725 1250 754 εἷ’
1265 724 1344 764 ἔσχες
1368 726 1416 763 ἐμὲ
1444 726 1602 764 ὑποχείριον
1621 736 1627 762 ;
1658 727 1842 765 ἀνυποκρίτως
1855 729 1891 755 καί

1080 770 1243 802 ἀοωπεύτως
1257 771 1270 798 6
1288 770 1417 807 βασιλεὺς
1434 771 1607 808 ἀπεκρίνατο,
1623 770 1665 799 ὅτι
1681 783 1694 799 ι
1711 771 1830 803 Πολλαῖς
1840 776 1891 804 ταῖς

1080 818 1200 852 πληγαῖς
1213 814 1419 851 κατεδαπάνησα
1446 815 1475 843 ἅν
1503 826 1551 843 σου
1579 816 1610 843 τὸ
1633 818 1724 852 σῶμα,
1749 816 1890 854 γίνωσκιμ

1082 859 1160 888 Ἀλλ¹
1187 859 1249 898 ἐγὼ,
1279 861 1360 898 φησὶν
1389 861 1403 887 ὁ
1428 860 1588 893 σουλτάνος,
1616 860 1647 888 οὐ
1677 862 1832 898 μιμήσομαί
1853 873 1893 890 σου

1080 904 1112 932 τὸ
1136 904 1268 942 αὐστηρὸν
1290 905 1335 932 καὶ
1365 904 1516 941 ἀπότομον.
1549 904 1624 939 Πλὴν
1647 904 1739 932 ἀκούω
1762 905 1802 933 ὅτι
1824 907 1863 934 καὶ
1882 908 1893 934 6

1083 949 1213 988 ὑμέτερος
1229 949 1349 986 Χριστὸς
1373 949 1484 987 εἰρήνην
1505 949 1569 986 ὑμῖν
1593 950 1740 986 νομοθετιῖ
1760 951 1803 977 καὶ
1818 951 1892 988 ἀμνη-

1081 994 1154 1021 στίαν
1183 996 1286 1028 κακῶν,
1309 994 1354 1021 καὶ
1382 997 1440 1024 τοῖς
1469 994 1653 1032 ὑπερηφάνοις
1679 995 1891 1032 ἀντικαθίσταται,

1060 1041 1217 1069 ¹ταπεινοῖς
1245 1037 1273 1066 δὲ
1302 1037 1396 1065 δίδωσι
1413 1038 1505 1076 χάριν,
1534 1038 1608 1066 Μετὰ
1635 1041 1717 1066 τοῦτο
1744 1041 1805 1077 γοῦν
1821 1051 1892 1067 σπον-

1058 1082 1127 1113 ⁷δὰς
1156 1083 1337 1119 ποιησάμενοι
1362 1083 1407 1110 καὶ
1438 1083 1573 1118 συνθήκας
1597 1083 1736 1121 είρηνικὶς
1763 1083 1892 1120 διηνεκεῖς,

1078 1128 1123 1155 καὶ
1138 1127 1222 1163 κῆδος
1243 1127 1287 1155 ἐπὶ
1307 1130 1363 1159 τοῖς
1389 1127 1466 1154 παισὶ
1490 1128 1702 1164 συστησάμενοι,
1730 1128 1774 1156 καὶ
1802 1129 1833 1156 τὰ
1858 1128 1892 1156 δί-
1917 1148 1918 1159 ι

1078 1183 1141 1200 καια
1163 1172 1277 1208 ἑκάστης
1313 1173 1482 1210 ἒπικρατείας
1512 1171 1528 1199 ἃ
1555 1172 1586 1209 ᾖν
1616 1171 1642 1207 ἐξ
1669 1173 1758 1210 ἀρχῆς
1783 1173 1890 1209 θὶμενοι,

1079 1217 1179 1256 φιλίως
1202 1227 1231 1244 τε
1256 1216 1398 1251 ἀλλήλους
1417 1216 1643 1255 πρίοσι-μίγνυσθαι1
1663 1218 1760 1253 μηκέτι
1784 1216 1811 1245 δὲ
1833 1218 1890 1253 λεη-

1079 1261 1174 1289 λασίαν
1198 1265 1247 1297 τῆς
1277 1261 1421 1298 Ῥωμαίων
1452 1261 1623 1299 ἐπικρατείας
1653 1262 1716 1299 παρ’
1748 1263 1889 1290 οὑτινοσοῦν

1077 1309 1131 1333 τῶν
1162 1306 1291 1343 Τοῦρκων
1326 1306 1456 1343 γίνεσθαι,
1496 1306 1702 1343 ὑποστραφῆναί
1737 1317 1766 1334 τε
1797 1307 1886 1338 πάντας

1077 1350 1140 1382 τοὺς
1161 1351 1218 1378 ὅσοι
1248 1351 1316 1378 ποτε
1345 1350 1412 1378 κατὰ
1441 1351 1490 1385 τῆς
1507 1351 1650 1387 Ῥωμαίων
1677 1351 1834 1388 ἐστάλησαν,
1851 1353 1888 1379 καί

1076 1395 1128 1430 τὴν
1157 1395 1349 1433 αἰχμαλωσίαν
1369 1393 1484 1430 ἅπασαν,
1509 1397 1553 1423 καὶ
1583 1395 1702 1432 μάλιστα
1725 1397 1756 1423 τὸ
1781 1397 1887 1434 προέχον

1076 1442 1130 1468 τῶν
1155 1440 1300 1476 Ῥωμαίων
1329 1439 1373 1467 καὶ
1408 1439 1543 1478 ἔκκριτον,
1583 1439 1704 1476 δεξίωσιν
1737 1439 1815 1476 ἁδρὰν
1849 1443 1889 1468 τοῦ

1080 1482 1214 1521 βασιλέως
1230 1483 1526 1521 προσομολογήσαντος
1544 1486 1583 1519 τῷ
1597 1484 1749 1521 σουλτάνῳ.
1767 1485 1888 1523 Ἐςφάγη-

1881 1529 1887 1537 ε

195 1528 474 1566 potitus,praasidem
485 1527 706 1555 Constantinum
715 1525 840 1553 ﬁliorum
849 1527 918 1552 natu
933 1524 993 1552 min

1083 1538 1122 1555 γαν
1139 1526 1168 1554 δὶ
1181 1529 1330 1563 τηνικαῦτα
1354 1528 1428 1555 Αὲων
1454 1529 1468 1555 ὁ
1493 1528 1536 1555 ἐπὶ
1559 1530 1612 1556 τῶν
1637 1527 1756 1564 δεήσεων
1849 1520 1887 1557 καῖ

195 1583 276 1602 mum
290 1582 358 1602 cum
373 1571 577 1608 frequentibus
598 1570 690 1606 copiis
703 1570 843 1597 adversus
859 1569 1015 1605 Diogenem

192 1620 327 1648 immittit
338 1630 345 1654 ;
357 1619 407 1655 qui
415 1618 501 1646 etiam
510 1617 685 1652 conjunctus
703 1624 768 1643 cum
776 1615 944 1652 ipsoDoceae
955 1614 1016 1642 bel-

192 1665 254 1693 lum
267 1664 423 1692 metuebat.
435 1664 470 1690 At
481 1662 623 1697 Diogenes
635 1660 815 1696 superiorem
828 1667 858 1688 se
873 1659 1015 1687 Constan-

190 1709 253 1738 tino
260 1717 380 1737 cernens
388 1707 535 1744 profectus
543 1706 610 1733 inde
616 1705 746 1741 pervenit
753 1706 781 1732 in
789 1704 1000 1740 Cappadociam
1007 1724 1013 1731 .

189 1755 302 1782 Interea
312 1752 469 1780 multitudo
480 1751 657 1778 Francorum
664 1750 699 1777 ad
708 1749 935 1777 Constantinum
947 1756 1015 1776 con-

187 1798 263 1833 ﬂuit,
279 1801 307 1826 et
321 1797 472 1833 Crispinus
487 1795 548 1831 ipse
572 1802 637 1822 cum
655 1793 797 1830 cognatis,
814 1801 901 1830 quem
918 1801 1012 1821 rever-

187 1852 238 1872 sus
263 1843 337 1871 703
364 1841 505 1877 Diogenes
533 1839 615 1876 prius
637 1839 666 1867 in
695 1839 829 1875 Abydum
859 1838 1009 1873 relegarat.

185 1889 370 1918 Theodorum
392 1887 482 1922 igitur
505 1885 649 1921 Alyatem,
675 1885 767 1911 virum
791 1891 966 1920 generosum
983 1886 1010 1911 et

184 1930 548 1968 illustrem,magnitudine
560 1938 593 1957 ac
605 1930 700 1965 specie
712 1929 838 1957 maxime
849 1928 1008 1956 admirabi-

183 1982 253 2014 lem,
269 1981 409 2008 adversus
433 1978 514 2013 ipsos
530 1976 632 2004 mittit.
649 1976 781 2011 Cumque
802 1975 917 2002 fortiter
932 1983 962 2002 se
977 1975 1006 2002 in

182 2027 244 2055 acie
265 2025 474 2062 opposuissent
487 2022 507 2049 ii
530 2021 579 2057 qui
606 2029 673 2048 cum
697 2020 887 2048 Constantino
912 2021 1005 2054 erant,

180 2072 339 2099 vincuntur
354 2068 462 2095 milites
480 2066 599 2102 Alyatis,
610 2067 638 2093 et
655 2065 716 2101 ipse
732 2065 1004 2100 capitur,captoque

179 2115 255 2144 oculi
284 2112 462 2142 eﬁ‘odiuntur
491 2111 565 2138 ferro
594 2118 652 2145 quo
667 2109 793 2137 tentoria
822 2109 1003 2144 defiguntur.

178 2160 320 2196 Diogenes
335 2159 435 2185 autem
451 2156 487 2183 ob
504 2163 537 2182 ea
552 2163 617 2190 quas
633 2154 800 2181 acciderant
815 2160 1003 2188 summopere

175 2204 278 2232 dolens
307 2203 337 2230 in
368 2200 581 2236 Cappadociam
611 2198 763 2234 ingressus
792 2200 847 2230 est,
871 2197 1040 2240 undiqueD

173 2256 326 2277 accersens
351 2245 519 2274 exercitum.
538 2244 600 2279 ipse
623 2250 690 2270 vero
717 2242 955 2270 commorabatur
970 2242 999 2269 in

172 2293 325 2330 Tyropmo.
343 2292 411 2319 Erat
434 2290 488 2317 hoc
510 2288 652 2325 oppidum
675 2287 835 2315 admodum
852 2286 994 2314 munitum

1083 2286 1182 2314 ἐκεῖθεν
1225 2285 1403 2324 προσελαύνει

171 2341 200 2365 et
215 2338 298 2366 valde
315 2338 504 2373 praeruptum.
522 2334 614 2369 Igitur
639 2332 850 2360 Constantinus
876 2331 999 2359 accersi-

1073 1571 1086 1598 6
1117 1572 1265 1610 μάγιστρος
1295 1571 1443 1603 Εὐστάθιος
1473 1572 1517 1599 καὶ
1554 1577 1794 1611 πρωτασηκρῆτις,
1822 1573 1886 1600 ἑάλω

1071 1615 1100 1643 δὲ
1126 1616 1170 1643 καὶ
1197 1617 1210 1643 6
1244 1613 1494 1654 πρωτοϐεστιάριος
1533 1616 1679 1649 Βασίλειος
1714 1618 1728 1645 6
1755 1616 1884 1653 Μαλέσης.

1070 1661 1144 1688 Μετὰ
1159 1660 1188 1688 δὲ
1200 1662 1230 1688 τὸ
1252 1663 1335 1688 ταῦτα
1360 1660 1432 1688 οὕτω
1460 1661 1618 1699 πραχθῆναί
1637 1673 1666 1690 τε
1688 1662 1730 1690 καὶ
1748 1673 1883 1701 συμφωνη-

1069 1706 1148 1740 οῆναι
1165 1705 1296 1733 ἀπέλυσεν
1314 1706 1327 1732 6
1350 1705 1498 1738 σουλτοίνος
1518 1706 1564 1733 τὸν
1590 1705 1705 1743 βασιλέα
1731 1706 1777 1734 σὺν
1794 1705 1880 1743 πολλῇ
1917 1712 1918 1733 ἕ

1067 1750 1222 1787 περιπλοκῇ
1251 1750 1296 1777 καὶ
1322 1749 1509 1787 συντακτηρίῳ
1534 1753 1614 1788 τιμῇ,
1639 1750 1817 1789 προσιπιδοὺς
1839 1751 1879 1778 καί

1065 1794 1119 1822 τῶν
1149 1795 1257 1822 οἰκείων
1283 1792 1420 1831 πρέσϐεις,
1451 1794 1597 1832 Κατείχετο
1622 1794 1652 1823 δὲ
1682 1796 1716 1823 τὰ
1743 1795 1879 1832 Μικτζικίερ

1067 1839 1119 1866 ὑπὸ
1135 1840 1291 1876 Ῥωμαίων.
1308 1842 1348 1874 [Ρ.
1365 1840 1428 1876 843]
1453 1843 1496 1870 Ὡς
1521 1839 1545 1867 δ’
1571 1840 1584 1867 ὁ
1603 1840 1730 1877 βασιλεὺς
1745 1839 1879 1872 ἀπολυθεὶς

1065 1883 1200 1920 ὲπανῆλθε
1230 1883 1264 1911 δι’
1291 1883 1379 1919 ἄλλης
1418 1883 1493 1920 ὀόοὒ,
1521 1884 1631 1923 ἀφέντες
1668 1885 1764 1913 ἐκεῖνοι
1791 1885 1877 1915 νυκτὸς

1063 1927 1169 1968 ἔφυγον,
1199 1929 1392 1967 περιτυχόντες
1422 1927 1451 1955 δὲ
1474 1928 1621 1965 πολεμίοις
1649 1928 1877 1958 ἐκινδύνευσαν.’0

1062 1972 1090 2000 δὲ
1119 1973 1245 2010 βασιλεὺς
1281 1973 1459 2008 κατηντηκὼς
1499 1973 1537 2004 είς
1564 1972 1789 2002 Θεοδοσιούπολιν
1817 1974 1875 2011 μετὰ

1060 2021 1210 2053 Τουρκικῆς
1234 2017 1416 2052 σουλτανικῆς
1442 2018 1544 2052 στολῆς
1568 2020 1624 2054 (29)
1651 2017 1786 2056 ὑπεδέχθη
1802 2018 1873 2055 φιλο-

1058 2062 1158 2099 τίμως.
1186 2063 1304 2100 Ἡμέρας
1333 2061 1361 2089 δέ
1397 2073 1473 2094 τινας
1511 2061 1704 2100 διεκαρτέρησε
1731 2074 1778 2098 την
1802 2065 1874 2101 χεῖρα

1058 2107 1272 2145 θεραπευόμενος
1299 2107 1343 2134 καὶ
1380 2107 1473 2134 ἑαυτὸν
1505 2107 1707 2144 ἀνακτώμενος,
1728 2108 1772 2135 καὶ
1798 2106 1872 2134 πάλιν

1059 2153 1240 2191 μεθαρμὺζιυν
1269 2153 1338 2190 πρὸς
1367 2153 1604 2190 Ῥωμαῖκώτερον,
1645 2154 1683 2184 ὡς
1716 2153 1788 2188 ὶνῆν,
1816 2153 1870 2180 Esu-

1056 2197 1113 2225 τόν.
1140 2198 1224 2234 Ἀρας
1254 2196 1277 2225 δ’
1300 2197 1400 2229 ἐκεῖθεν
1427 2196 1498 2234 διῂει
1522 2198 1570 2228 τὰς
1594 2195 1733 2235 Ἰϐηρικὰς
1759 2197 1848 2233 κώμας
1863 2206 1869 2212 ·

1056 2243 1171 2276 συνῆσαν
1188 2241 1211 2269 δ’
1226 2241 1298 2277 αὐτῷ
1322 2241 1367 2269 καὶ
1393 2242 1419 2268 οί
1444 2241 1473 2269 ὲκ
1501 2244 1550 2269 τοῦ
1574 2240 1723 2270 σουλτάνου
1744 2239 1870 2280 πρέσϐεις.

1455 2286 1538 2323 μέχρι
1591 2285 1743 2317 Κολωνείας
1783 2286 1845 2320 αὐτῆ
1850 2296 1868 2316 ς.

1054 2330 1204 2367 Γενομένου
1221 2329 1249 2358 δὲ
1263 2330 1289 2358 ἐν
1304 2332 1344 2367 τῷ
1368 2329 1607 2368 Μελισσοπετρίῳ,
1622 2330 1730 2362 Παῦλος
1745 2328 1868 2367 πρόεδρος

829 2389 952 2418 JACOBl
971 2388 1081 2417 GOARI
1106 2389 1221 2417 NOTi’E.

206 2440 261 2475 (27)
278 2439 423 2474 Adagium
441 2436 539 2475 μέχρις
556 2433 646 2475 λόγων
661 2434 705 2461 καὶ
722 2433 794 2460 ἀλῶν
817 2436 995 2475 secretorum

169 2471 378 2510 convictusque
393 2471 674 2510 societatem__amico
684 2479 852 2510 concessam
866 2471 995 2510 denotat.

167 2511 232 2539 Sale
248 2506 339 2538 tenus.
359 2512 387 2537 et
412 2508 529 2536 cumino
554 2507 668 2534 dixerat
682 2507 751 2533 olim
775 2506 949 2534 Plutarchus
964 2506 993 2533 in

168 2547 291 2583 Sympos.
309 2545 495 2573 Consortium
512 2543 581 2571 salis
598 2544 685 2570 etiam
703 2542 789 2570 hodie
816 2543 914 2570 Turcaa
931 2542 994 2569 lau-

167 2583 248 2610 dant.

202 2617 318 2655 (28)_De‘
339 2625 397 2652 quo
421 2615 551 2655 Godinus
579 2622 610 2655 ο..
630 2622 658 2649 ν,
675 2622 704 2655 ι]ζ
729 2614 764 2641 65
780 2621 786 2640 :
802 2611 994 2655 ‘Aé‘XS‘tgt‘sac

165 2646 218 2681 τῶν
243 2646 390 2681 αἰτούντων
413 2650 458 2678 καὶ
483 2646 668 2686 ἀδικουμένων
691 2646 993 2686 ἀναφορὰς,’κα6αλλα-

166 2689 228 2727 ρίου
251 2688 431 2728 διερχομένου
446 2688 494 2714 τοῦ
523 2685 923 2728 βασιλέωςκῐὶεΓοιιοῃρνιιιιὶυῐη
940 2685 993 2728 hoc

166 2720 472 2761 inunere't'ungentem
494 2720 579 2761 vocat
601 2721 875 2761 Cassiodorus‘Vaﬁr.
892 2729 931 2753 v1,
946 2720 992 2761 l7,

164 2770 224 2800 qua
232 2762 298 2799 ejus
313 2756 410 2790 officia
424 2766 512 2795 quam
527 2757 672 2787 latissime
686 2759 815 2794 exponit.
833 2756 992 2793 Procopius

1052 2434 1153 2470 paucis
1161 2442 1226 2461 eum
1240 2442 1303 2462 esse
1315 2434 1356 2462 ait
1366 2434 1415 2469 qui
1424 2433 1646 2497 supgli‘canfium
1655 2442 1746 2470 preces
1754 2433 1869 2469 principi

1052 2470 1181 2497 exulicat.
1198 2471 1294 2497 eteius
1304 2470 1475 2497 rexnonsionz'
1494 2478 1524 2497 us
1540 2472 1648 2497 vrmest.
1666 2469 1866 2497 Benendarium

1050 2470 1181 2505 explicat,
1198 2472 1225 2497 et
1235 2471 1294 2506 ejus
1304 2469 1524 2506 responsionibus
1537 2469 1866 2506 prwestJBegendarium

1051 2506 1187 2534 eumdem
1196 2506 1258 2532 vult
1271 2507 1328 2533 dici
1343 2505 1525 2533 Paneirollus
1539 2506 1568 2532 in
1581 2506 1646 2534 Not.
1664 2505 1734 2541 Imp.
1751 2513 1775 2532 ο.
1790 2512 1864 2532 xvm.

1050 2544 1087 2568 At
1115 2542 1200 2576 longe
1224 2544 1269 2568 est
1294 2541 1384 2577 hujus
1410 2542 1445 2568 de
1470 2549 1527 2577 quo
1543 2542 1734 2569 Cassiodorus
1757 2547 1864 2576 quoque

1049 2579 1117 2640 Yitir.
1135 2577 1155 2604 i.
1172 2586 1210 2613 ιι,
1228 2578 1264 2605 ab
1279 2577 1383 2612 altero,
1398 2585 1451 2605 ceu
1476 2577 1615 2605 militaris
1630 2585 1646 2605 a
1660 2577 1746 2611 civili,
1762 2583 1862 2612 propo-

1049 2621 1072 2640 ει
1090 2621 1151 2640 um.

1049 2621 1151 2641 situm.

1083 2649 1139 2682 (29)
1156 2647 1233 2680 Quos
1244 2648 1347 2676 affectu
1359 2648 1404 2676 vel
1416 2648 1525 2676 honore
1536 2649 1752 2684 prosequuntur
1765 2646 1864 2684 ornant

1049 2684 1260 2717 Mahumetani,
1277 2685 1302 2711 si
1318 2684 1423 2720 cupitis
1439 2682 1569 2712 velamen
1595 2682 1730 2720 excipias,
1746 2682 1805 2720 suis
1819 2689 1861 2720 ve:

1048 2719 1156 2747 stibus.
1172 2720 1247 2748 Ilinc
1269 2718 1429 2756 imperator
1453 2719 1608 2755 sultanioa,
1625 2718 1717 2747 id‘est
1739 2718 1815 2756 regia
1836 2718 1861 2744 et

1047 2756 1232 2794 Saracenica,
1252 2753 1332 2785 veste
1354 2756 1532 2793 conspicuus
1554 2757 1589 2785 ad
1602 2753 1683 2784 suos
1705 2753 1860 2784 revertitur.

1916 1849 1918 1902 ί
