1937 3050
44 116 102 147 433

43 183 57 210 6
79 186 132 218 τῆς
160 180 290 217 Ἐδὲσσης
318 182 460 209 κατεπάνω
486 180 575 218 νύκτῳ
603 180 684 209 αὐτὸν
712 180 870 209 καταλιπὼν

43 227 80 259 είς
123 225 416 255 Κωνσταντινούπολιν
454 225 606 264 ἀπέδρασε,
644 225 794 263 προμαθὼν
840 225 872 253 τὰ

43 272 129 300 ἐκεῖσε
157 271 336 308 καττυόμενα·
368 272 497 307 Ἰωάννης
526 271 579 310 γὰρ
608 271 622 298 6
647 273 748 308 Καῖσαρ
777 271 820 298 καὶ
846 271 871 298 οὶ

39 317 139 345 τούτου
155 317 235 351 υἱεῖς,
251 316 296 343 καὶ
320 319 371 351 τῆς
399 315 553 354 συγκλήτου
570 315 627 343 ὅσοι
648 316 681 343 τὰ
698 315 779 343 06106
794 315 873 355 ἐφρό-

39 371 112 395 νουν,
142 360 192 394 τήν
224 360 271 396 μὶν
305 358 434 397 βασιλίδα
464 359 607 397 ὑπερόριον
634 360 749 391 τίθενται
779 359 817 390 εἷς
840 359 871 386 τὸ

39 406 101 443 παρ’
132 405 218 439 αὐτῆς
247 404 344 432 συστὰν
375 405 605 443 φροντιστήριον,
636 404 770 442 ΙΙιπεροὺς
799 403 870 431 οὕτω

37 449 222 486 καλούμενον,
249 448 444 486 ἀποκείραντας
474 449 519 476 καὶ
551 449 588 485 μή
622 448 802 487 βουλομένην,
823 449 869 476 τὸν

38 493 66 522 δὲ
97 493 219 532 Μιχαὴλ
250 494 389 531 μόναρχον
417 493 642 532 ἀναγορεύσαντες
683 493 871 531 αὐτοκράτορα

37 537 159 576 ἔγραψαν
176 539 337 576 ἁπανταχοῦ
361 538 504 566 ἑπανιόντα
529 539 574 566 τὸν
599 537 712 575 βασιλέα
739 539 776 574 μὴ
803 538 869 565 ὑπο-

37 582 164 618 δέξασθαι
194 584 264 619 μήτε
293 583 329 613 ὡς
358 582 471 620 βασιλέα
495 586 620 619 τιμῆσαι.
643 583 761 620 ’Ἠρξατο
777 581 805 609 δὲ
820 584 869 617 τῆς

36 627 236 663 ἀποκηρύξεως
270 629 378 665 πρῶτος
408 627 422 654 6
450 629 504 654 τῶν
535 627 692 666 φιλοσόφων
724 626 824 658 ὕπατος
855 628 868 654 6

35 671 161 706 Ψελλὸς,
186 672 276 703 καθὼς
292 671 337 699 καὶ
362 671 442 702 αὐτὸς
456 669 482 699 ἕν
498 682 551 699 τινι
567 674 620 699 τῶν
637 670 714 708 ῗδίων
730 681 868 708 συγγραμα

36 715 130 752 μάτων
162 715 346 754 μεγαλαυχεῖ.
376 716 488 753 Κέγεται
517 715 546 743 δὶ
573 717 614 743 δτι
643 716 687 743 καὶ
717 716 734 750 ἠ
760 715 869 753 βασιλὶς

35 760 104 794 αὖτή
122 763 172 788 τοῦ
185 761 270 788 αὐτοῦ
286 763 390 788 σκοποῦ
405 761 450 795 ἦν,
468 761 537 788 ὥστε
554 761 592 797 μὴ
613 759 806 799 προσδέξασθαι
821 761 866 787 τὸν

35 806 169 842 Διογένην
195 805 349 833 ἐπανιόντα.
375 805 500 842 Ἀπτέρῳ
524 804 552 832 δὶ
576 806 655 843 τάχει
682 805 773 842 μαθὼν
786 807 867 832 10610

33 849 79 877 καὶ
117 850 132 877 6
169 849 312 887 Διογένης,
348 850 392 878 καὶ
429 849 655 888 πληροφορηθεὶς
692 848 734 877 ὅτι
769 852 868 881 κοινῶς

35 894 293 931 ἀποκεκήρυκται,
331 893 460 932 φρούριόν
501 905 527 921 τι
569 894 713 932 κατασχὼν
758 894 865 922 Δόκειαν

33 939 240 975 ὀνομαζόμενον
264 939 350 966 ἐκεῖσε
373 937 644 976 ἐστρατοπεδεύσατο.
662 940 692 968 Ὁ
716 938 744 966 δὲ
764 940 866 977 Καῖσαρ

31 983 66 1010 τὰ
89 986 142 1018 τῆς
166 982 317 1021 βασιλείας,
342 984 380 1014 ὡς
410 982 508 1018 ἐδόκει,
531 983 626 1020 ἄριστα
653 983 865 1021 κρατυνάμενος,

30 1032 78 1059 τὸν
107 1031 244 1070 πρόεδρον
283 1035 484 1060 Κωνσταντῖνον
521 1033 567 1060 τὸν
609 1031 778 1070 βραχύτερον
813 1034 867 1060 τῶν

31 1076 114 1104 υἱᾶων
157 1077 226 1113 μετὰ
263 1075 403 1113 δυνάμεως
437 1075 520 1115 ἀόρᾶς
549 1077 617 1104 κατὰ
644 1079 692 1104 106
721 1076 864 1113 Διογένους

30 1121 158 1160 ἀφίησιν,
176 1122 206 1152 ὃς
222 1121 267 1148 καὶ
283 1121 389 1153 ἒνωθεῖς
410 1121 485 1157 αὐτῷ
502 1121 527 1148 ὶν
543 1123 577 1158 τῇ
604 1122 700 1157 Δοκείᾳ
725 1120 833 1148 ἀπεδειλ
842 1121 864 1148 '1

28 1166 74 1193 τὸν
99 1165 238 1202 πόλεμον.
255 1166 339 1204 Ὁρῶν
367 1164 395 1193 δὲ
419 1166 434 1193 6
450 1166 579 1203 Διογένης
603 1166 801 1204 ὑπερτεροῦντα
816 1169 864 1194 τοῦ

30 1210 234 1238 Κωνσταντίνου
263 1210 357 1238 Ξαυτὺν
375 1232 384 1246 ,
414 1208 479 1248 ἄρας
515 1210 614 1238 ἐκεῖθεν
645 1211 795 1250 ἀφικνεῖται
824 1211 863 1243 εἷς

30 1254 242 1284 Καππαδοκίαν.
273 1257 314 1283 Ἐν
343 1255 467 1291 τοσούτῳ
496 1254 525 1283 δὲ
553 1255 662 1290 πλῆθος
678 1255 809 1294 Φράγγων
826 1259 864 1293 τῷ

31 1300 230 1336 Κωνστιιντίνῳ
269 1300 475 1338 προσγίνεται,
509 1300 554 1327 καὶ
593 1303 740 1337 Κρισπῖνος
782 1301 863 1332 αὐτὸς

31 1344 100 1380 μετὰ
124 1344 179 1372 τῶν
206 1345 358 1383 ὁμογενῶν,
375 1345 403 1372 ’ὸν
429 1345 509 1372 ἀνιὼν
526 1345 539 1372 6
555 1345 686 1382 Διογένης
714 1345 739 1372 ἰν
757 1343 863 1382 Ἀϐύδῳ

31 1389 182 1433 περιώρισε
212 1389 365 1426 πρότερον.
396 1388 536 1427 Θεόδωρον
566 1388 610 1416 οὖν
640 1390 685 1417 τὸν
716 1388 861 1433 ’Λλυάτην¹

30 1432 117 1470 ἄνδρα
146 1435 269 1471 γενναῖον
298 1433 343 1460 καὶ
373 1433 488 1472 ἔπιφανῆ
511 1457 519 1470 ,
551 1435 658 1472 μεγέθει
685 1445 714 1461 τε
742 1435 784 1462 καὶ
817 1435 863 1471 θέᾳ

31 1478 271 1513 θαυμασιώτατον,
296 1477 404 1506 στέλλει
431 1481 490 1505 κατ’
504 1478 603 1506 αὐτῶν.
631 1478 810 1516 Ἐῤῥωμίνως
839 1478 862 1507 δ’

29 1522 322 1559 ἀντιπαραταξαμένων
347 1524 400 1549 τῶν
427 1523 487 1561 περὶ
514 1524 728 1558 Κωνσταντῖνον,
753 1525 857 1558 ἡττῶν-

27 1577 72 1593 ται
96 1566 123 1593 οἱ
147 1566 208 1604 πιρὶ
235 1566 281 1594 τὸν
306 1565 453 1602 ’Δλυάτη-ι,
480 1568 619 1595 ἁλίσκεται
645 1566 673 1595 δὲ
695 1568 739 1595 καὶ
766 1568 855 1602 αὐτὸς,

27 1611 72 1638 καὶ
96 1610 162 1642 τοὺς
189 1610 348 1649 ὀφθαλμοὺς
372 1611 539 1649 ἇξορύττεται
555 1616 694 1648 σκηπιικοῖς
711 1612 855 1651 σιδηρίοις.

27 1658 202 1697 Περιώδυνος
220 1659 248 1687 δὲ
263 1660 277 1687 6
293 1661 420 1698 Διογένης
444 1660 487 1688 ἐπὶ
502 1664 559 1692 τοῖς
577 1659 762 1699 συμϐεϐηκόσι
777 1673 856 1700 γεγο-

26 1705 80 1734 νὼς
111 1704 150 1735 εἷς
178 1705 228 1738 τήν
261 1704 452 1732 Καππαδοκῶν
477 1704 599 1742 ἐνέϐαλε,
629 1707 796 1745 πανταχόθεν
825 1707 856 1734 τὸ

28 1749 185 1786 στράτευμα
214 1748 467 1786 προσκαλούμενος.
485 1750 568 1782 Αὐτὸς
596 1750 624 1778 δὶ
653 1750 744 1789 διῆγεν
767 1751 792 1778 ἐν
816 1754 856 1787 τῷ

27 1795 187 1831 Τυροποιῷ·
218 1793 347 1833 φρούριον
377 1793 405 1822 εὶ
432 1795 518 1827 οὕτως
554 1795 723 1832 καλούμενον
754 1796 854 1834 ὀχυρὸν

27 1838 88 1866 λίαν
115 1838 160 1866 καὶ
186 1839 376 1878 ἀπόκρημνον.
404 1840 660 1878 Προσκαλισάμενος
681 1840 726 1868 οὖν
750 1842 765 1869 6
784 1845 856 1869 Κων-

27 1886 171 1915 σταντῖνος
187 1885 228 1920 [Ρ.
245 1885 309 1920 844]
324 1884 369 1912 καὶ
383 1885 429 1912 τὸν
447 1886 615 1923 Ἀντιοχείας
635 1885 717 1913 δοῠκα
731 1887 775 1914 τὸν
799 1891 854 1914 Λα-

26 1927 178 1966 χατούριον
206 1927 352 1966 σύμμαχον
380 1929 448 1956 κατὰ
475 1932 523 1957 106
552 1930 693 1968 Διογξνους
709 1931 758 1959 οὐκ
777 1930 854 1969 ἔσχεν

28 1973 216 2000 ὑπακούοντα·
249 1973 396 2010 προσέθετο
419 1974 469 2012 γὰρ
490 1975 530 2011 τῷ
555 1975 683 2012 Διογένει.
715 1977 764 2003 Καὶ
792 1979 855 2004 τοῦ-

24 2027 71 2044 τον
103 2015 272 2055 παραλαϐὼν
294 2018 472 2056 παραγίνεται
496 2019 534 2050 εἱς
562 2019 700 2054 Κιλικίαν,
726 2020 787 2053 ἔνθα
810 2021 854 2048 καὶ

25 2061 240 2100 προσεκαρτέρει
272 2063 322 2097 τήν
361 2062 414 2090 ἀπὸ
450 2066 498 2090 106
535 2063 685 2092 σουλτάνου
715 2065 853 2102 ἀναμένων

29 2107 171 2144 βοήθειαν,
201 2107 274 2144 ὁμοῦ
302 2107 348 2144 μὶν
378 2107 422 2135 καὶ
453 2107 497 2136 διὰ
524 2109 569 2136 τὸν
599 2112 726 2147 χειμῶνα
755 2109 854 2148 διάγων

27 2151 124 2185 ἰκεῖσι,
152 2150 216 2179 ἀλλ’
239 2151 423 2188 ἀλεεινοτέραν
442 2153 492 2187 τὴν
518 2153 641 2181 Κιλικίαν
668 2154 854 2191 ἑπιστάμενος,

27 2196 70 2223 καὶ
87 2195 172 2223 πάλιν
189 2196 258 2234 πρὸς
283 2195 426 2235 συλλογὴν
450 2200 565 2235 στρατοῦ
581 2198 674 2226 ἑαυτὸν
688 2199 854 2238 ἀπησχόλει,

28 2247 58 2274 Ὀ
74 2245 104 2273 δὲ
131 2256 164 2283 γι
191 2249 391 2278 Κωνσταντῖνος
419 2248 486 2283 μετὰ
510 2248 541 2275 τὸ
564 2247 610 2275 τὸν
638 2250 766 2287 Διογένην
791 2250 856 2277 ὑπο-

27 2294 159 2328 χωρῆσαι
186 2290 348 2327 ὑπέστρεψεν
372 2291 409 2322 ιῐς
436 2291 466 2318 τὸ
492 2293 644 2327 Βυζάντιον.
662 2294 733 2321 Ἀντ⁷
755 2294 857 2322 ἐκείνου

29 2334 57 2362 Et
72 2334 217 2362 στέλλεται
242 2336 310 2362 κατὰ
334 2338 383 2362 τοῦ
403 2337 552 2373 Διογένους
567 2338 580 2364 ὁ
596 2337 728 2376 πρόεδρος
746 2338 856 2376 Ἀνδρό-

28 2380 131 2410 νικοςὸ
146 2381 195 2406 106
221 2379 356 2418 Καίσαρος
384 2379 452 2413 υἱός.
481 2382 624 2418 Διανιίμοις
651 2381 679 2410 δὲ
702 2386 761 2416 τοῖς
776 2395 855 2421 στρα-

27 2425 141 2455 τιώταις
164 2424 301 2461 σιτηρέσια
327 2423 371 2452 διὰ
397 2427 446 2457 τῆς
474 2425 634 2463 κλιισούρας
654 2430 702 2454 τοῦ
718 2427 857 2456 ΙΙοδανδοῦ

28 2469 183 2508 ἀφικνεῖται
213 2468 252 2500 εἷς
282 2469 419 2505 Κιλικίαν,
450 2469 511 2497 ἔνθα
540 2474 653 2506 συναντᾷ
677 2472 750 2508 αὐτῷ
773 2474 786 2500 ὁ
804 2478 856 2500 Λα-

28 2511 190 2549 χατούριος,
205 2512 235 2539 ’ὀν
258 2511 303 2539 καὶ
328 2513 396 2550 πρὸς
413 2513 503 2551 βραχὺ
529 2515 719 2552 μαχεσάμενον
735 2517 855 2553 αἱροῦσιν

29 2557 54 2583 0l
69 2554 119 2584 τοῦ
145 2555 330 2592 Ἀνδρονίκου,
357 2560 414 2585 Τῶν
443 2557 471 2585 δὲ
492 2557 584 2586 ἄλλων
611 2559 803 2599 συμφυγόντων
820 2561 858 2594 εἰς

30 2599 161 2633 Ἀδαναν,
176 2599 238 2633 ἔνθα
261 2601 306 2629 καὶ
323 2602 337 2629 6
353 2603 481 2641 Διογένης
502 2601 629 2642 διέτριϐε,
646 2605 793 2643 πολιορκίᾳ
806 2607 855 2641 τὴν

30 2645 111 2673 πόλιν
137 2643 261 2673 διέλαϐεν
285 2647 299 2674 6
326 2646 507 2685 Ἀνδρόνικος.
526 2650 670 2684 Συνθηκῶν
696 2648 724 2677 δὲ
747 2651 857 2688 γενομέ-

31 2701 82 2717 νων
97 2689 137 2729 ἰφ¹
157 2690 181 2726 ᾦ
196 2691 241 2717 τὸν
265 2691 392 2729 Διογένην
410 2692 556 2724 ἀποθέσθαι
576 2694 623 2729 μὲν
637 2695 686 2728 τήν
706 2695 855 2731 βασιλείαν,

32 2740 78 2774 τήν
103 2739 190 2778 τρίχα
212 2739 240 2767 δὲ
263 2741 377 2778 χαρέντα
400 2740 499 2779 διάγειν
527 2741 683 2779 ἰδιωτικῶς,
704 2743 783 2780 ἔξεισι
808 2747 856 2772 106

33 2784 150 2822 κάστρου
179 2783 382 2822 μελανειμονῶν
407 2786 451 2814 καὶ
475 2787 509 2815 τὰ
529 2788 589 2820 καθ’
613 2788 705 2816 ἑαυτὸν
721 2789 855 2818 ἀποκλαι-

804 113 1002 145 HISTORIA.

1702 118 1762 148 436

888 181 993 215 Atum
1026 183 1182 212 Antiochiae
1210 185 1315 214 ducem
1347 185 1576 213 Ghachaturium
1605 185 1757 213 adversus-

928 227 1086 263 Diogenem
1104 229 1160 256 sibi
1180 230 1292 257 socium
1309 230 1388 257 haud
1412 229 1596 257 obedientem
1613 229 1689 257 dicto
1705 229 1756 257 ha-

927 271 1082 309 buit,quod
1092 274 1128 302 ad
1140 274 1295 310 Diogenem
1306 283 1338 302 se
1347 273 1520 308 contulerat,
1530 282 1587 310 quo
1597 281 1695 301 secum
1709 273 1759 302 ille

927 317 1015 345 ducto
1035 318 1064 345 in
1081 318 1212 347 Ciliciam
1226 319 1430 356 proficiscitur.
1441 318 1495 347 Ubi
1511 318 1600 346 etiam
1617 317 1758 346 auxilium

926 370 944 390 a
959 362 1080 390 Suitano
1096 367 1269 400 exspectans
1284 364 1533 398 commorabatur,
1546 363 1635 391 simul
1649 365 1678 390 et
1694 371 1760 399 pro-

926 409 990 443 pter
1010 407 1137 436 hiemem
1155 409 1194 436 ibi
1219 409 1339 445 degens,
1356 408 1530 445 tepidiorem
1552 416 1676 435 noscens
1691 407 1759 435 Cili-

926 452 1020 486 ciam;
1036 455 1064 480 et
1084 462 1187 481 rursus
1203 453 1232 481 in
1249 454 1379 490 cogendo
1402 453 1531 481 exercitu
1548 452 1757 489 occupabatur.

926 502 963 528 At
978 502 1199 536 Constantinus,
1216 505 1371 538 postquam
1394 502 1537 537 Diogenes
1553 501 1683 535 recessit,
1701 501 1759 537 By-

925 546 1053 574 zantium
1071 556 1205 575 reversus
1228 550 1282 575 est.
1300 548 1330 574 In
1347 547 1411 582 ejus
1437 546 1533 574 locum
1559 545 1687 573 mittitur
1702 547 1753 574 ad-

924 602 1027 622 versus
1038 593 1196 629 Diogenem
1214 600 1320 628 praeses
1330 591 1514 619 Andronicus
1525 591 1647 619 Caesaris
1662 591 1753 619 ﬁlius.

927 639 1022 666 Diviso
1038 641 1135 666 autem
1162 637 1306 664 militibus
1322 639 1488 664 commeatu
1514 643 1565 671 per
1586 635 1754 664 clausuram

924 683 1056 712 Podandi
1086 682 1216 718 pervenit
1241 682 1270 709 in
1294 681 1437 713 Ciliciam,
1461 680 1510 708 ubi
1539 680 1596 715 ipsi
1625 681 1754 708 occurrit

923 727 1143 759 Chachaturius,
1152 734 1251 762 quem,
1261 734 1327 753 cum
1339 725 1420 753 brevi
1432 727 1603 760 pugnasset,
1615 724 1754 752 Occidunt

924 772 1032 800 milites
1049 771 1221 805 Andronici;
1235 778 1362 805 cumque
1377 769 1423 797 alii
1441 770 1470 797 in
1487 770 1620 796 Adanam
1638 769 1706 805 fuga
1722 777 1754 797 se

924 818 1113 853 recepissent,
1130 815 1180 844 ubi
1195 816 1286 843 etiam‘
1303 815 1446 850 Diogenes
1473 814 1652 848 morabatur,
1669 814 1752 841 obsi-

883 871 906 903 B
922 863 1008 890 dione
1025 862 1126 889 urbem
1142 861 1217 888 704
1232 859 1410 896 expugnavit
1424 858 1621 887 Andronicus.
1632 859 1752 886 Percus-

922 914 1014 942 soque
1038 906 1156 938 fmdore,
1174 907 1207 932 ut
1234 903 1529 940 Diogenes,dcposito
1554 903 1677 939 imperio
1701 911 1751 931 ca-

922 951 1049 988 pilisque
1073 950 1214 982 detonsis,
1235 949 1366 984 privatus
1389 948 1518 983 degeret,
1535 956 1550 974 e
1571 950 1666 975 castro
1693 948 1752 975 exit

921 997 1005 1032 nigra
1021 998 1099 1023 veste
1122 994 1246 1021 indutus
1270 1001 1400 1028 suasque
1419 992 1530 1020 deﬂens
1555 991 1748 1020 calamitates.

921 1045 1025 1073 Statim
1042 1047 1139 1072 autem
1152 1043 1265 1071 reditus
1280 1041 1460 1070 mentionem
1472 1041 1542 1069 facit
1552 1041 1749 1076 Andronicus,

921 1093 949 1118 et
977 1097 1076 1117 secum
1107 1088 1260 1116 attrahens
1289 1087 1445 1122 Diogenem
1471 1085 1616 1121 pullatum
1640 1085 1749 1122 vilique

921 1134 1000 1162 mulo
1011 1136 1127 1161 vectum
1140 1141 1190 1168 per
1201 1131 1267 1160 illos
1275 1131 1354 1159 vicos
1366 1131 1421 1158 iter
1430 1130 1556 1158 habebat
1564 1132 1593 1158 et
1603 1129 1748 1166 regiones,

920 1188 936 1207 a
951 1179 1059 1215 quibus
1076 1178 1158 1214 prius
1172 1179 1202 1205 ut
1217 1177 1276 1204 Deo
1292 1175 1414 1212 aequalis
1429 1175 1472 1202 vir
1487 1175 1624 1211 cognitus
1641 1174 1744 1203 fuerat.

918 1224 991 1252 Cum
1008 1231 1074 1251 vero
1090 1230 1183 1258 usque
1200 1222 1235 1250 ad
1248 1223 1393 1257 Colyaeum
1412 1220 1467 1248 iter
1482 1220 1613 1248 luctuose
1630 1220 1747 1248 fecisset

918 1269 1082 1305 (laborabat
1095 1267 1172 1295 enim
1191 1266 1300 1294 ventris
1320 1266 1421 1292 morbo
1436 1273 1471 1292 ex
1485 1265 1591 1298 cicuta,
1608 1273 1672 1300 quae
1688 1264 1745 1300 ipsi

919 1321 969 1350 per
985 1312 1108 1341 insidias
1135 1311 1216 1348 prius
1232 1310 1386 1347 propinata
1412 1309 1527 1344 fuerat),
1543 1309 1583 1336 ibi
1609 1309 1745 1337 detentus

918 1361 971 1391 est,
989 1358 1084 1393 quoad
1101 1356 1137 1383 ab
1153 1356 1329 1391 imperatore
1344 1353 1516 1382 deﬁniretur
1531 1353 1673 1389 quidnam
1689 1353 1746 1389 ipsi

919 1403 1085 1431 faciendum
1101 1403 1188 1428 esset.
1201 1400 1256 1427 Sed
1274 1398 1376 1435 paucis
1392 1400 1457 1434 post
1468 1397 1572 1425 diebus
1588 1398 1668 1425 venit
1681 1406 1746 1425 sen-

917 1447 1009 1475 tentia
1027 1445 1213 1482 imperatoris
1236 1445 1338 1471 contra
1351 1451 1431 1476 eum,
1447 1442 1497 1478 qui
1524 1443 1632 1469 irustra
1658 1442 1747 1470 miser

916 1494 988 1526 erat,
1001 1499 1066 1527 quae
1077 1490 1195 1526 quidem
1211 1488 1266 1524 ipsi
1279 1487 1379 1515 oculos
1393 1487 1572 1515 eii‘odiendos
1589 1486 1743 1520 censebat;

916 1537 1076 1571 statimque
1091 1535 1117 1563 ei
1140 1533 1216 1562 oculi
1240 1532 1337 1561 eii‘ossi
1361 1536 1441 1567 sunt,
1457 1539 1523 1559 cum
1549 1530 1621 1558 nihil
1637 1531 1662 1559 ei
1678 1531 1743 1567 opis

911 1580 1083 1614 attulissent
1109 1577 1333 1613 archiepiscopi,
1362 1576 1412 1612 qui
1442 1576 1526 1603 missi
1559 1576 1677 1603 fuerant
1705 1576 1742 1603 ad

912 1628 962 1657 rei
974 1625 1090 1654 tendam
1108 1623 1252 1651 rationem
1269 1630 1321 1649 cur
1336 1620 1412 1649 nihil
1427 1621 1452 1648 ei
1464 1623 1542 1648 esset
1558 1620 1740 1656 patiendum.

911 1677 1000 1705 Erant
1021 1675 1049 1703 hi
1067 1672 1258 1702 Chalcedonis
1284 1670 1525 1706 archiepiscopus
1542 1671 1569 1696 et
1584 1669 1737 1702 Heracleas,

911 1724 941 1750 et
954 1720 1079 1750 Coloniae
1090 1717 1281 1753 Theophilus,
1295 1716 1403 1752 quibus
1419 1715 1505 1742 etiam
1521 1714 1550 1742 in
1565 1714 1735 1742 memoriam

911 1766 1023 1801 redegit
1034 1763 1245 1799 jusjurandum
1258 1763 1286 1788 et
1297 1761 1409 1796 justam
1422 1759 1471 1787 Dei
1488 1758 1733 1794 indignationem.

910 1811 968 1846 Ipsi
984 1818 1050 1837 vero
1069 1807 1205 1843 quamvis
1229 1805 1366 1840 opitulari
1383 1804 1593 1836 instituissent,
1610 1810 1683 1838 aegre
1703 1802 1733 1830 id

910 1855 1005 1883 facere
1019 1856 1047 1882 et
1062 1860 1128 1880 cum
1145 1851 1318 1878 difﬁcultate
1333 1849 1411 1876 haud
1429 1850 1571 1884 poterant,
1583 1855 1649 1874 cum
1665 1855 1734 1874 cru-

910 1899 990 1927 deles
1005 1901 1033 1926 et
1048 1896 1130 1932 impii
1157 1895 1291 1923 homines
1316 1893 1372 1929 ipsi
1389 1895 1520 1928 correpto
1544 1891 1644 1919 oculos
1671 1891 1734 1919 sine

910 1943 971 1972 ulla
985 1940 1240 1971 commiseratione
1253 1937 1424 1966 eii'odissent
1438 1945 1470 1965 ac
1486 1936 1548 1964 sine
1560 1935 1620 1964 ulla
1632 1935 1735 1963 buma-

910 1989 1009 2016 nitate.
1031 1986 1193 2014 Perductus
1223 1985 1320 2012 autem
1344 1982 1394 2010 vili
1419 1982 1555 2017 jumento
1581 1989 1674 2016 usque
1700 1981 1736 2008 ad

910 2031 1128 2068 Proponlidem,
1143 2028 1231 2057 veluti
1256 2027 1409 2064 putridum
1431 2026 1563 2059 cadaver,
1587 2025 1632 2053 cui
1659 2024 1736 2053 oculi

910 2079 1009 2105 essent
1016 2075 1125 2109 eii'ossi,
1132 2076 1220 2109 caput
1227 2075 1255 2100 et
1263 2081 1296 2100 os
1307 2072 1334 2099 in
1340 2069 1603 2105 ﬂatum,vermibus
1614 2069 1734 2106 plenum

910 2125 939 2150 et
953 2123 1062 2153 fcetore,
1073 2128 1141 2147 cum
1163 2118 1266 2154 paucis
1282 2116 1385 2144 diebus
1409 2115 1630 2150 supervixisset,
1647 2114 1735 2142 mise-

910 2166 1042 2195 rabiliter
1056 2167 1084 2192 ct
1100 2166 1167 2192 ante
1181 2162 1294 2190 obitum
1313 2160 1388 2188 male
1404 2160 1485 2187 olens
1501 2159 1624 2187 excessit
1638 2167 1653 2186 e
1665 2159 1735 2190 vita,

909 2215 940 2242 in
953 2215 1025 2242 705
1042 2213 1128 2240 Prota
1138 2211 1236 2239 insula
1247 2211 1374 2238 cinerem
1386 2209 1551 2245 deponens;
1565 2207 1614 2236 ubi
1627 2216 1734 2235 novum

912 2259 961 2287 ille
977 2257 1188 2286 monasterium
1215 2255 1384 2287 aedificarat,
1400 2253 1436 2281 ab
1463 2260 1550 2280 uxore
1565 2261 1619 2280 sua
1633 2255 1662 2280 et
1677 2255 1735 2279 Au-

911 2305 998 2340 gusta
1015 2306 1187 2338 sumptuose
1202 2302 1324 2327 curatus
1335 2306 1367 2326 ac
1384 2297 1528 2333 sepultus,
1540 2296 1641 2324 relicta
1652 2296 1738 2323 mise-

912 2348 1021 2376 riarum
1038 2349 1066 2374 et
1081 2345 1292 2377 calamitatum,
1309 2351 1383 2378 quas
1399 2341 1552 2374 sustinuit,
1569 2342 1597 2367 et
1612 2340 1734 2368 infortu-

912 2392 1027 2420 nioruni
1055 2389 1295 2426 exsuperantiam
1320 2387 1420 2416 omnia
1443 2394 1626 2422 quacunque
1649 2387 1736 2413 antea

912 2437 1013 2465 audita
1035 2435 1143 2463 fuerint
1168 2433 1319 2462 memoria.
1336 2433 1367 2460 In
1392 2431 1501 2459 talibus
1523 2432 1622 2458 autem
1639 2438 1672 2457 ac
1693 2431 1737 2457 tot

913 2481 998 2509 malis
1015 2480 1128 2508 nullum
1152 2479 1341 2506 maledictum
1367 2475 1498 2512 protulit,
1516 2483 1610 2510 neque
1625 2474 1735 2510 aliquid

913 2525 1016 2554 nefarii
1030 2525 1146 2553 locutus
1163 2526 1216 2558 est,
1234 2523 1283 2551 sed
1307 2525 1363 2550 Deo
1380 2521 1489 2557 gratias
1505 2528 1588 2555 agere
1604 2527 1737 2555 perseve-

912 2571 997 2598 rabat
1011 2572 1040 2597 et
1055 2577 1142 2597 casus
1162 2576 1245 2603 arquo
1265 2567 1363 2594 animo
1380 2566 1463 2593 ferre.
1480 2565 1623 2592 Dicuntur
1638 2566 1735 2592 autem

912 2623 977 2651 quae
993 2617 1094 2642 contra
1107 2614 1205 2649 ipsum
1223 2612 1298 2639 facta
1309 2613 1378 2639 sunt
1393 2610 1534 2638 insciente
1545 2611 1573 2637 et
1584 2609 1673 2637 invito
1685 2609 1738 2636 im-

912 2661 1045 2696 peratore
1058 2657 1196 2685 Michaele
1212 2657 1295 2688 facta,
1309 2658 1340 2683 ut
1355 2657 1455 2691 postea
1470 2655 1532 2690 ipse
1544 2653 1738 2689 jurejurando

912 2704 1044 2732 adhibito
1065 2702 1263 2734 asseverabat,
1279 2701 1390 2729 Caesare
1415 2699 1475 2727 haec
1490 2699 1566 2727 clam
1582 2700 1610 2726 et
1624 2698 1738 2726 occulte

912 2747 1138 2776 administrante
1153 2755 1186 2774 ac
1202 2746 1385 2782 ‘periiciente.
1402 2745 1454 2771 llic
1478 2744 1638 2779 imperator
1661 2742 1736 2778 epis-

912 2795 1051 2828 copatum
1068 2791 1204 2822 Nazianzi
1220 2791 1254 2819 ad
1267 2791 1337 2826 jura
1352 2788 1576 2825 metropolitana
1594 2786 1737 2824 perduxit-
