1937 3055
74 105 153 140 431.

842 108 1038 139 HISTORIA.

1735 105 1794 136 £38

73 177 110 212 τῇ
130 174 219 212 Συρίᾳ
234 173 342 212 γίγονεν
358 173 454 205 αἶ’τιος.
467 175 563 210 Ὅμως
588 172 611 201 δ’
631 172 676 201 οὖν
700 183 838 212 κατηγορη

1029 177 1096 202 atus
1112 174 1201 203 semel
1217 177 1305 211 atque
1320 175 1426 203 iterum
1443 174 1626 202 infinitarum
1642 173 1793 210 perturba-

75 219 252 258 συλληφθεὶς
278 220 374 254 ἰκεῖσι,
389 221 424 255 τῇ
453 221 501 246 τοῦ
529 218 646 254 Θεματος
670 221 775 256 φρουρᾷ
795 217 910 256 παραδίο

75 263 170 292 δοται’
187 264 233 291 καὶ
261 264 295 298 ἦν
323 262 480 301 ἔμφρουρος
509 262 553 290 ἐπὶ
584 263 684 300 χρόνον
714 263 774 290 τινὰ
803 263 817 290 ὸ
846 263 910 299 πρὶν

75 307 226 346 περίδοξος
255 308 467 346 γνωριζόμενος.
498 306 687 345 ’Δναῤῥυσϐεἶς
727 305 756 334 δὲ
791 309 826 344 τῇ
861 309 910 334 τοῦ

75 357 224 391 Διογένους
240 353 412 390 ἀναγορεύσει
426 351 471 378 καὶ
496 351 534 382 εἷς
563 352 644 386 νῆσόν
666 362 725 379 τινα
751 351 908 389 ἰξορισθεὶς,

76 398 230 435 ὑποσχέσει
246 398 399 435 χρημάτων
417 395 546 430 δικαστὴς
562 395 696 427 Ἑλλάδος
721 396 765 423 καὶ
789 396 908 430 Ἑλλησ-

74 442 181 469 πόντοο
197 439 398 480 προϐέϐληται,
413 442 457 468 καὶ
473 441 507 468 τὰ
521 441 579 468 κατ’
592 440 695 475 ἐκείνην
725 441 758 475 ἦν
784 439 906 468 διοικῶν.

74 493 185 520 Τοῦτον
202 491 246 518 ἐπὶ
261 493 337 527 κακῷ
360 493 414 517 τῶν
430 489 570 526 Ῥωμαίων
597 491 611 517 ὁ
637 489 762 527 βασιλεὺς
792 489 907 526 Μιχαήλ

75 535 328 573 μεταπεμψάμενος
355 534 394 566 εἰς
419 535 468 569 τήν
492 537 546 561 τῶν
568 536 667 561 κοινῶν
684 533 817 568 διοίκησιν
843 544 906 561 xor.

73 582 224 616 εστήσατο,
255 582 295 617 [Ρ.
325 580 389 616 816]
405 578 555 616 λογοθίτην
581 578 662 606 αὑτὸν
683 575 904 615 προϐαλόμενος.

73 625 128 654 Kal
155 625 259 659 γίνεται
282 625 296 652 ὁ
323 623 450 662 βασιλεὺς
473 623 614 659 ἁλώσιμος
629 625 687 653 ταῖς
716 623 799 650 αὐτοῦ
827 632 905 659 τερα-

72 669 162 701 τείαις
191 670 237 697 καὶ
266 669 439 706 μαγγανείαις
467 669 512 695 οἷα
540 669 577 704 μὴ
606 668 742 705 εὐμοιρῶν
760 668 904 704 φρονήμα-

73 725 120 746 τος
152 713 278 752 ἀνδρείου
302 714 347 740 καὶ
375 715 531 749 σταθηροῦ·
550 711 592 739 διὸ
618 712 662 739 καὶ
692 711 828 748 ἄξωϐεῖται
855 711 903 747 μὲν

74 760 88 787 ὁ
120 758 219 794 Σίδης,
261 760 348 786 πάντα
384 757 412 785 δέ
440 757 520 788 αὐτὸς
549 756 588 787 εἷς
616 756 708 783 ἑαυτὸν
733 755 903 793 ἀναδέχεται,

74 804 215 841 ἀθύρμασι
254 805 302 831 τοῦ
340 801 458 840 Μιχαὴλ
488 801 533 828 καὶ
561 799 682 831 παιδιαῖς
709 799 903 838 παιδαριώδεσι

73 847 289 886 προσκειμὺου,
305 849 354 874 τοῦ
375 847 476 874 ὑπάτου
499 848 552 872 τῶν
581 844 736 884 φιλοσόφων
761 846 902 873 Κωνσταν-

71 894 152 921 τίνου
165 895 215 920 τοῦ
231 891 343 920 Ψιλλοῦ
357 892 424 929 πρὸς
439 892 507 918 ἁπαν
524 888 601 928 ἔργον
627 889 730 925 eaeam
755 890 834 917 αὑτὸν
857 890 901 916 καὶ

71 938 213 975 ἄπρακτον
253 937 488 974 ἀπεργασαμὲνου.
518 934 754 972 Ιίαριγκωνίζεται
798 933 826 961 δὶ
857 934 900 961 καὶ

70 983 119 1010 τὸν
134 985 185 1010 τοῦ
202 980 394 1020 βασιλεύοντος
411 981 482 1007 θεῖον
499 979 625 1013 Ἰωάννην
641 979 687 1006 τὸν
709 978 840 1016 Καίσαρα,
856 978 900 1006 καὶ

70 1030 111 1063 τῷ
122 1028 228 1064 ἀνεψιῷ
243 1027 287 1054 καὶ
307 1024 415 1063 βασιλεῖ
430 1024 549 1051 ὕποπτον
565 1024 752 1062 ἀπεργάζεται.
771 1024 818 1050 Καὶ
835 1024 901 1050 πίν-

70 1083 118 1104 τας
135 1071 234 1102 ἁπλῶς
248 1071 312 1101 τοὺς
328 1068 511 1099 οἰκειοτάτους
527 1069 563 1099 ὡς
578 1067 802 1105 πολεμιωτάτους
819 1079 900 1095 συκο-

71 1119 180 1156 φαντεῖ,
197 1116 242 1143 καὶ
258 1116 363 1142 πάντων
379 1113 505 1149 ἀποξενοῖ
527 1114 577 1147 τήν
601 1115 650 1140 τοῦ
680 1112 813 1151 βασιλέως
842 1111 900 1139 διὶ-

71 1163 157 1193 θισιν,
174 1160 240 1188 δλον
263 1170 293 1187 τε
316 1159 362 1186 τὸν
387 1157 558 1195 μειρακίσκον
590 1157 759 1184 ὑποποιεῖται
789 1157 899 1186 ἄνακτα.

72 1211 188 1237 Κάκεῖνο
204 1212 269 1236 πᾶσι
294 1207 436 1245 βασιλικὸν
458 1205 597 1242 ἐνομίζετο
620 1205 792 1243 πρόσταγμα,
818 1206 833 1232 ’ὁ
861 1207 900 1241 τῷ

72 1252 287 1291 μηχανοῤῥάφῳ
316 1251 405 1287 τούτῳ
434 1249 534 1278 ἐδόκει.
562 1251 697 1277 Ἐντεῦθιν
737 1249 899 1287 κατηγορίαι

70 1299 115 1326 καὶ
145 1298 305 1332 ἀπαιτήσεις
320 1296 417 1328 autem
443 1295 487 1322 καὶ
513 1294 697 1332 ἀκατακρίτων
725 1293 830 1332 ἀνδρῶν
854 1294 899 1321 καὶ

68 1344 153 1370 τίσεις
192 1342 404 1380 ἀχρεωστήτων,
434 1339 478 1367 καὶ
514 1339 601 1372 κρίσις
631 1341 669 1374 τῷ
705 1337 832 1375 δημοσίῳ
868 1339 899 1366 τὸ

68 1387 167 1422 πλᾶον,
185 1387 216 1414 οὐ
242 1388 280 1421 τῷ
306 1384 403 1420 δικαίῳ
431 1381 671 1422 βραϐεύουσα,ἀφ⁹
690 1383 727 1410 ὦν
755 1382 899 1419 δημεύσεις

67 1431 216 1460 καθολικαί
233 1441 262 1458 τε
277 1430 322 1458 καὶ
344 1429 452 1467 μερικαὶ
474 1428 636 1466 κατηγορίαι
661 1428 756 1465 συχναέ
780 1428 824 1455 καὶ
854 1427 897 1455 πί-

68 1487 125 1507 στις
138 1475 218 1508 εὐθὺς
238 1474 465 1512 ἀπαραλόγιστος,
490 1473 535 1500 καὶ
559 1475 612 1500 τῶν
639 1473 802 1510 πασχόντων
829 1474 896 1509 θρῆ-

67 1532 110 1554 νος
125 1520 314 1554 ἑλιεινὸς,καὶ
340 1521 395 1546 τῶν
424 1517 618 1556 γυμνουμένων
640 1518 761 1548 κωκυτὸς
791 1517 896 1556 dedisq-

66 1577 113 1597 τος
129 1565 175 1594 καὶ
192 1563 377 1601 πολύδακρυς.
395 1562 484 1591 Ἀλλὰ
512 1563 615 1590 τούτων
641 1562 713 1589 οὕτω
741 1562 895 1599 γυμνουμέ-

70 1621 123 1638 νων
140 1609 277 1645 θιήλατός
301 1619 342 1639 τις
370 1608 438 1646 ὀργὴ
468 1608 518 1641 τὴν
544 1607 629 1643 Ἐῲαν
656 1607 816 1646 κατείληφε,
835 1608 896 1635 Τῶν

69 1656 120 1692 γὰρ
160 1654 228 1692 πρὸς
264 1652 390 1690 Διογένην
430 1652 573 1689 εἰρηνικῶν
609 1652 761 1690 συμφώνων
807 1651 896 1688 ἀργῶν

72 1700 222 1736 μεινάντων
236 1698 281 1726 καὶ
297 1697 453 1735 ἀπράκτων,
469 1699 549 1733 θυμῷ
566 1696 743 1734 συνεχόμενοι
760 1696 786 1723 οἱ
811 1698 898 1733 Toup-

72 1755 116 1771 κοι
132 1743 175 1780 ἱφ¹
192 1744 244 1776 οἷς,
260 1742 289 1769 ’ὸν
303 1741 379 1769 αὐτοὶ
395 1741 433 1772 ὡς
458 1740 555 1778 ἐχθρὸν
585 1740 730 1778 εἰληφότες
760 1740 804 1767 καὶ
830 1740 898 1767 ὑπο-

72 1788 178 1825 χείριον
203 1787 292 1821 πάσης
317 1784 434 1822 κομιδῆς
462 1785 506 1812 καὶ
526 1788 610 1821 τιμῆς
633 1784 765 1820 ἠξιώκασι
791 1785 833 1812 καὶ
863 1786 897 1821 τῇ

73 1832 128 1868 ἰδίᾳ
166 1831 325 1868 ἐπικρατείᾳ
363 1829 439 1862 αὖθις
475 1829 708 1864 ἀποκατέστησαν,
738 1829 763 1856 οἱ
801 1828 897 1856 οἶκιῖοι

76 1875 220 1913 μανιωδῶς
235 1877 272 1906 ὼς
289 1875 380 1913 ὶχθρῷ
399 1873 624 1911 προσενεχθέντες
649 1872 788 1909 ἁσπόνδῳ,
805 1873 820 1900 ἃ
835 1876 898 1911 παρ’

73 1921 166 1952 αὐτοῖς
180 1920 266 1958 ἐχρῆν
285 1919 364 1947 αὐτὸν
380 1921 486 1952 παθεῖν,
504 1919 529 1945 οἱ
544 1918 664 1955 γνωστοὶ
691 1918 736 1945 καὶ
766 1921 898 1955 συγγενεῖς

72 1966 116 1993 καὶ
130 1969 190 1998 τοῖς
213 1968 263 1999 τῆς
289 1964 399 2002 εἰρήνης
424 1962 520 1999 νόμοις
543 1963 672 2000 ἀγόμενοι
696 1961 896 2000 διαπεπράχασι

72 2010 116 2038 καὶ
146 2010 274 2046 οἰκτίστῳ
300 2008 344 2036 καὶ
373 2006 505 2044 ἐπωδύνῳ
541 2007 646 2043 θανάτῳ
674 2005 896 2043 παραδεδώκασιν

74 2053 226 2092 (ὖπήλγουν
242 2053 293 2091 γὰρ
307 2053 381 2089 αὐτῷ
396 2052 440 2080 καὶ
457 2052 482 2079 οἱ
503 2051 648 2088 ἀλλότριοι
669 2050 713 2078 διὰ
735 2052 765 2078 τὸ
790 2050 896 2086 πλῆθος

72 2102 124 2127 τῶν
154 2098 248 2126 δεινῶν
276 2098 320 2125 καὶ
349 2098 379 2125 τὸ
405 2100 454 2131 τῆς
481 2099 621 2135 συμφορᾶς
652 2096 896 2134 ἁπαρηγόρητον);

73 2149 184 2187 ἄραντες
209 2147 239 2175 lx
263 2145 394 2184 Περσίδος
416 2144 590 2182 παμπληθὲς,
614 2146 651 2177 ὡς
681 2144 796 2181 μηδενὸς
821 2143 897 2176 ὄντος

71 2196 118 2221 τοῦ
157 2191 336 2224 κωλύοντος,
374 2193 433 2222 τοῖς
469 2191 635 2226 Ῥωμαϊκοῖς
677 2189 896 2227 ἰπιστρατε·5ουσι

72 2239 181 2274 θέμασι,
211 2236 255 2264 καὶ
297 2238 381 2264 ταῦτα
415 2234 661 2271 κατελυμήναντο,
691 2235 722 2262 οὗ
764 2232 935 2273 σποράδιςΒ

73 2283 266 2318 ἐπιφοιτῶντες
283 2281 320 2312 ὡς
348 2280 379 2308 τὸ
406 2279 480 2316 πρὶν,
498 2279 543 2306 καὶ
569 2278 687 2316 φυγάδες
720 2279 895 2317 αὐτόχρημα,

74 2326 180 2364 μᾶλλον
197 2324 226 2353 δὲ
251 2325 288 2356 ὡς
313 2323 441 2352 δεσπόται
465 2325 518 2351 τῶν
540 2323 750 2360 προστυχόντων
780 2334 895 2350 κατακυ-

74 2371 219 2409 ριεύοντες,
236 2371 327 2398 Ταῦτα
356 2367 579 2404 διενωτιζόμενος
604 2368 618 2395 ὀ
649 2367 811 2406 βασιλεύων,
837 2379 896 2395 συν-

74 2415 187 2454 αγείρων
216 2412 396 2452 στρατόπεδον
423 2413 514 2440 ἱκανὸν
540 2413 689 2450 στρατηγὸν
733 2412 817 2440 αὐτοῦ
848 2412 894 2450 ἐφ-

75 2461 162 2495 ίστησι
192 2459 237 2487 τὸν
269 2459 409 2495 Κομνηνὸν
437 2458 578 2485 Ἰσαάκιον.
600 2457 745 2492 Συνίστησι
775 2456 798 2484 δ’
822 2457 896 2494 αὐτῷ

108 2505 115 2532 ὶ
131 2506 138 2515 ,
318 2504 324 2511 ς
431 2505 442 2510 ς
575 2502 581 2510 ι
644 2512 652 2518 _
759 2504 771 2520 τ
872 2502 878 2511 ι

73 2516 104 2533 κα
141 2503 284 2532 Ρουσέλιον
298 2514 345 2530 τον
373 2507 487 2530 Λατινον
520 2512 587 2538 μετα
615 2505 774 2540 Φραγγικοδ
801 2512 894 2529 συντα-

73 2560 187 2588 γματος,
217 2548 255 2580 εἰς
288 2547 478 2584 τετρακοσίους
514 2547 658 2584 (ῐῖράγγους
693 2544 894 2577 ἀναϐαίνοντος.

74 2600 113 2627 Ἐν
129 2600 168 2634 τῷ
184 2597 291 2634 Ἰκονίῳ
307 2595 336 2624 δὶ
347 2598 396 2624 τοῦ
412 2594 595 2633 στρατοπέδου
619 2595 766 2632 γενομένου
782 2596 894 2630 παντὸς,

74 2642 240 2682 φιλονεικίας
265 2638 407 2678 συμϐάσης
434 2640 507 2671 τινὸς
539 2640 684 2668 ἀποστατεῖ
711 2642 860 2674 τηνικαῦτα
879 2641 894 2668 ὸ

73 2687 225 2717 Ῥουσίλιος
241 2688 396 2725 προφανῶς,
412 2685 456 2712 καὶ
477 2684 540 2715 τοὺς
565 2685 711 2722 Φράγγους
725 2683 894 2723 παραλαϐὼν

75 2734 161 2771 ἑτέραν
176 2732 318 2769 ἐτράπετο,
333 2730 377 2757 καὶ
390 2729 423 2757 τὶ
438 2730 495 2757 καθ’
511 2730 603 2757 ἑαυτὸν
623 2732 662 2766 τῷ
680 2728 740 2766 ῗδίῳ
756 2729 892 2767 ὶπετρέπει

73 2778 217 2815 θελήματι.
234 2777 273 2813 [Ρ.
289 2777 353 2812 847]
369 2774 503 2803 Ἀνελθὼν
519 2773 547 2802 δὶ
563 2774 600 2806 εἲς
621 2775 790 2811 Μελιτηνὴν,
808 2775 892 2812 Τοῦρ-

968 219 1081 247 tionum
1093 222 1122 247 et
1132 220 1309 247 seditionum
1325 220 1413 255 Syriae
1424 221 1525 246 auctor
1536 219 1645 248 fuerat:
1661 221 1792 246 attamen

965 267 1123 292 accusatus
1137 267 1165 292 et
1180 265 1411 300 comprehensus
1431 263 1490 290 illic
1507 264 1535 290 in
1551 263 1714 290 custodiam
1731 265 1791 290 tra-

965 309 1045 337 ditus
1061 309 1167 343 fuerat,
1183 309 1232 337 ubi
1254 308 1423 344 aliquandiu
1441 308 1637 342 detinebatur,
1654 307 1735 343 prius
1751 307 1792 334 ibi

965 353 1088 381 illustris
1104 354 1249 390 cognitus.
1262 354 1411 388 Ell'ugiens
1424 361 1490 380 vero
1506 361 1564 389 quo
1580 355 1709 388 tempore
1724 352 1792 380 Dio-

964 407 1053 435 genes
1068 398 1123 426 fuit
1138 399 1315 431 declaratus,
1327 401 1355 426 et
1374 398 1402 425 in
1421 398 1579 433 quamdam
1603 396 1729 425 insulam
1745 405 1791 425 re-

964 443 1088 480 legatus,
1102 443 1290 480 pecuniarum
1307 443 1517 478 pollicitatione
1532 443 1621 478 judex
1634 441 1748 470 Graeciae
1761 444 1790 470 et

963 487 1153 524 Peloponnesi
1165 487 1295 516 delectus
1308 490 1362 520 est,
1375 490 1402 515 et
1418 495 1463 514 res
1479 487 1514 514 ad
1529 495 1592 514 eam
1610 486 1788 522 pertinentes

963 532 1181 561 moderabatur.
1198 532 1279 560 Hunc
1295 533 1491 560 Romanorum
1508 531 1585 559 malo
1601 530 1726 559 Michael
1744 539 1788 558 εο-

961 578 1100 604 cersitum
1122 577 1160 604 rei
1183 576 1306 612 publica
1323 576 1571 604 administrationi
1588 575 1725 611 praefecit,
1742 575 1786 602 lo—

960 622 1108 656 gothetnm
1135 622 1232 658 ipsum
1249 621 1410 648 declarans.
1427 621 1605 656 Capiturque
1628 621 1787 656 imperator

959 669 1040 698 illius
1055 670 1213 706 praestigiis
1228 673 1257 698 et
1272 669 1551 703 machinationibus,
1563 672 1663 706 utpote
1678 669 1726 705 qui
1743 670 1785 697 vi-

959 715 1023 743 rilis
1052 715 1159 743 mentis
1184 718 1212 742 et
1236 715 1352 743 stabilis
1380 723 1482 750 expers
1511 717 1598 742 esset.
1614 714 1648 741 Et
1676 714 1784 742 idcirco

958 759 1114 796 expellitur
1133 759 1206 787 Sida:
1233 759 1397 795 prefectus,
1422 759 1580 794 omniaque
1605 758 1667 794 ipse
1691 759 1726 786 ad
1751 767 1783 787 se

959 813 1050 832 unum
1067 807 1193 839 revocat,
1206 803 1346 832 Michaele
1358 803 1476 831 interim
1488 803 1572 838 nugis
1583 805 1611 831 et
1626 802 1703 830 ludis
1715 811 1784 839 pue-

959 848 1064 877 rilibus
1080 852 1219 885 perpetuo
1230 851 1360 881 vacante,
1371 857 1436 875 cum
1449 847 1690 884 philosophorum
1707 856 1780 883 prae-

956 893 1160 921 stantissimus
1174 893 1384 921 Constantinus
1399 892 1510 920 Pscllus
1534 892 1632 928 ipsum
1653 892 1780 928 impera-

956 940 1048 965 torem
1064 938 1100 965 ad
1116 946 1203 965 omne
1219 946 1292 973 opus
1314 937 1447 964 inutilem
1472 940 1501 964 et
1525 937 1624 964 minus
1639 936 1777 965 idoneum

957 983 1029 1010 101
1044 983 1230 1011 reddidisset.
1240 983 1294 1010 Sed
1306 985 1335 1010 et
1350 981 1533 1018 imperatoris
1545 984 1679 1017 patruum
1691 981 1778 1021 Joan-

956 1036 1022 1055 nem
1047 1029 1187 1056 Caesarem
1217 1026 1364 1055 submovit
1390 1029 1419 1054 et
1447 1027 1546 1054 fratris
1575 1026 1634 1054 filio
1663 1026 1780 1062 ipsique

956 1072 1123 1108 imperatori
1148 1074 1317 1107 suspectum
1342 1071 1446 1099 etl'ecit.
1474 1071 1507 1098 Et
1532 1079 1634 1099 omnes
1659 1079 1780 1106 prorsus

956 1116 1082 1144 maxime
1107 1116 1264 1143 familiares
1281 1118 1313 1143 ut
1327 1115 1549 1144 inimicissimos
1573 1115 1781 1150 calumniatur,

955 1168 1116 1196 omnesque
1126 1159 1312 1196 imperatoris
1324 1160 1522 1188 benevolenlia
1531 1160 1634 1196 privat,
1641 1168 1673 1187 ac
1685 1162 1778 1188 totum

955 1209 1205 1238 adolescentulum
1232 1209 1288 1237 sibi
1318 1217 1415 1245 regem
1440 1209 1570 1244 subjicit.
1587 1210 1681 1245 Atque
1708 1208 1779 1236 illud

954 1254 1093 1282 omnibus
1113 1263 1164 1290 pro
1189 1254 1375 1290 imperatoris
1390 1253 1484 1281 edicto
1510 1254 1673 1281 habebatur
1687 1254 1779 1289 quod-

954 1307 1070 1334 cunque
1088 1299 1157 1326 huic
1180 1297 1372 1326 macbinatori
1390 1297 1544 1326 videretur.
1561 1298 1633 1325 Hinc
1657 1305 1777 1326 accusa-

955 1344 1049 1371 tiones
1065 1346 1093 1371 et
1112 1343 1279 1378 frequentes
1301 1342 1462 1370 delationes
1486 1350 1586 1370 eorum
1602 1342 1652 1378 qui
1668 1342 1778 1370 indicta

953 1397 1043 1416 causa
1068 1389 1291 1422 damnarentur,
1306 1390 1334 1415 et
1359 1396 1447 1423 poena
1472 1387 1593 1415 minime
1616 1387 1731 1422 debitae,
1747 1390 1777 1415 et

948 1433 1095 1468 judicium
1119 1432 1228 1468 saepius
1243 1433 1279 1460 ad
1295 1431 1475 1460 voluntatem
1490 1431 1569 1467 vulgi
1586 1440 1675 1467 quam
1698 1433 1777 1468 juste

953 1478 1110 1514 prolatum.
1127 1477 1208 1505 Unde
1232 1477 1375 1504 bonorum
1401 1477 1613 1512 publicationes
1628 1478 1691 1503 tum
1711 1476 1776 1504 uni-

952 1530 1114 1554 versorum,
1126 1524 1189 1550 tum
1206 1521 1403 1558 singulorum,
1415 1521 1521 1549 crebrae
1538 1521 1740 1549 accusationes
1750 1522 1780 1549 et

953 1567 1025 1594 ﬁdes
1041 1566 1141 1594 statim
1159 1567 1324 1600 temeraria,
1341 1573 1441 1594 eorum
1458 1565 1508 1602 qui
1526 1566 1711 1601 patiebantur
1727 1566 1779 1594 mi~

954 1611 1088 1639 serabilis
1099 1611 1282 1645 lamentatio,
1293 1613 1321 1638 et
1332 1610 1524 1646 spoliatorum
1537 1610 1634 1638 luctus
1645 1609 1781 1638 intolera-

953 1656 1020 1684 bilis
1035 1658 1063 1683 et
1079 1655 1178 1683 multa:
1194 1655 1338 1691 lacrymaa.
1351 1656 1453 1683 Verum
1470 1655 1517 1682 his
1532 1655 1572 1682 ita
1587 1655 1720 1690 spoliatis
1735 1654 1780 1682 di-

952 1701 1062 1728 vinitus
1073 1700 1206 1736 quaedam
1220 1699 1352 1727 immissa
1365 1699 1408 1727 ira
1419 1699 1564 1727 Orientem
1579 1699 1695 1726 invasit.
1706 1698 1779 1726 Nam

953 1753 1019 1772 cum
1037 1745 1116 1780 pacis
1142 1744 1236 1772 fmdus
1251 1752 1321 1779 erga
1343 1743 1499 1779 Diogenem
1516 1743 1674 1771 violaretur
1692 1745 1780 1780 atque

954 1789 1068 1816 irritum
1094 1792 1183 1820 esset,
1209 1789 1251 1815 ira
1276 1788 1378 1823 perciti
1400 1788 1498 1822 Turci,
1524 1791 1676 1824 propterea
1700 1788 1777 1823 quod

953 1841 1040 1870 quem
1067 1833 1121 1869 ipsi
1139 1835 1170 1859 ut
1186 1832 1339 1860 inimicum
1363 1835 1482 1868 captum
1499 1835 1527 1859 et
1545 1832 1575 1859 in
1591 1840 1672 1860 suam
1697 1834 1777 1868 pote-

953 1881 1058 1906 statem
1075 1878 1223 1905 redactum
1240 1878 1318 1904 claui
1334 1886 1404 1904 cura
1420 1880 1448 1904 et
1463 1877 1573 1905 honore
1588 1877 1701 1913 dignati
1718 1878 1778 1904 fue-

953 1926 1018 1951 rant
1032 1923 1242 1959 propriumquc
1253 1922 1278 1949 ei
1292 1922 1448 1958 imperium
1464 1922 1662 1955 restituerant,
1675 1922 1720 1949 sui
1737 1930 1780 1949 er-

952 1978 989 2005 ga
1003 1969 1100 2004 ipsum
1118 1968 1226 1995 furiose
1238 1970 1270 1994 ut
1284 1967 1436 1995 inimicum
1453 1967 1574 1994 minime
1589 1967 1779 1995 conciliatum

953 2022 983 2041 se
995 2015 1159 2049 gesserant,
1170 2015 1197 2040 et
1213 2020 1276 2048 qua:
1289 2013 1324 2039 ab
1341 2012 1414 2048 ipsis
1429 2011 1512 2039 illum
1530 2011 1589 2048 pati
1601 2014 1780 2048 oportuerat,

951 2062 1037 2090 amici
1046 2065 1075 2090 et
1083 2063 1199 2098 cognati
1211 2061 1240 2088 in
1253 2069 1323 2097 pace
1334 2062 1496 2097 praesertim
1505 2061 1644 2097 degentes
1654 2062 1683 2089 in
1696 2061 1779 2089 illum

952 2109 1191 2143 perpetraverant
1219 2109 1247 2134 et
1274 2106 1435 2134 miserabili
1460 2114 1494 2133 ac
1523 2105 1659 2134 luctuosa
1688 2108 1780 2134 morte

952 2151 1201 2185 affecerantmum
1227 2150 1336 2178 externi
1355 2159 1472 2186 quoque
1496 2150 1533 2178 ob
1559 2150 1779 2179 multitudinem

951 2196 1154 2223 calamitatum
1176 2196 1271 2231 ipsius
1285 2198 1313 2223 et
1333 2195 1525 2222 infortunium
1542 2195 1588 2222 vix
1603 2194 1780 2222 consolabile

952 2249 1139 2276 summopere
1161 2239 1321 2273 dolebant),
1337 2247 1352 2267 e
1369 2239 1486 2266 Perside
1504 2240 1582 2267 108
1598 2247 1665 2266 cum
1681 2239 1778 2266 omni-

953 2286 1007 2312 bus
1031 2285 1124 2320 copiis
1153 2284 1273 2320 profecti
1305 2283 1384 2311 nullo
1407 2283 1491 2311 obvio
1516 2283 1725 2318 impedimento
1749 2283 1778 2311 in

951 2332 1098 2357 Romanas
1114 2329 1248 2365 regiones
1261 2328 1413 2359 invadunt,
1428 2336 1536 2363 easque
1551 2330 1702 2360 vexarunt,
1719 2336 1776 2356 non

951 2374 1076 2410 dispersi
1093 2374 1265 2401 accedentes
1277 2375 1310 2400 ut
1323 2373 1414 2408 prius,
1427 2375 1456 2400 et
1469 2372 1586 2400 exsules
1602 2372 1714 2405 statim,
1725 2373 1776 2400 sed

952 2424 1048 2459 potius
1065 2425 1096 2450 ut
1115 2422 1226 2450 domini
1251 2430 1352 2449 eorum
1379 2421 1408 2448 in
1434 2429 1496 2455 qua:
1521 2421 1695 2449 inciderant.
1712 2421 1778 2450 Haec

950 2467 1073 2494 audiens
1097 2467 1256 2502 imperator
1276 2468 1376 2494 coacto
1393 2466 1496 2493 idoneo
1519 2466 1648 2494 exercitu
1674 2467 1778 2494 ducem

950 2511 974 2539 ei
1000 2511 1120 2547 praeficit
1145 2511 1290 2538 Isaaciurn
1318 2511 1510 2544 Comnenum,
1527 2510 1612 2546 eique
1636 2511 1779 2546 collegam

950 2556 1041 2584 tradit
1067 2555 1219 2583 ltuselium
1249 2555 1388 2583 Latinum
1413 2563 1479 2582 cum
1506 2555 1642 2583 Francica
1666 2555 1780 2591 legione

949 2600 1233 2637 quadringentorum
1266 2603 1444 2627 Francorum
1481 2608 1614 2628 numero.
1647 2599 1781 2635 Cumque

949 2645 1078 2674 Iconium
1098 2645 1277 2680 pervenisset
1291 2644 1388 2672 omnis
1410 2644 1565 2676 exercitus,
1581 2646 1682 2672 exorta
1706 2652 1779 2680 qua-

948 2689 1014 2716 dam
1033 2689 1230 2722 contentione,
1245 2687 1382 2716 Ruselius
1395 2691 1494 2724 aperte
1509 2688 1665 2723 rebellans,
1676 2696 1775 2717 secum

948 2734 1074 2761 Francos
1096 2733 1255 2762 abduconS.
1272 2733 1300 2760 in
1316 2733 1403 2761 aliam
1421 2735 1532 2769 partem
1558 2729 1614 2762 iter
1638 2734 1774 2771 arripuit,

947 2779 1015 2806 dato
1034 2778 1095 2806 suis
1112 2778 1195 2805 venia
1211 2786 1268 2814 quo
1284 2777 1389 2806 vellent
1413 2778 1550 2806 abeundi.
1567 2779 1638 2807 Cum
1655 2787 1721 2807 vero
1737 2780 1774 2808 ad
