1937 3055
133 97 193 129 439

793 107 956 138 JOANNIS
978 107 1180 139 ΞΟΥΜΤΖιΕ

1781 107 1853 138 140

135 165 302 195 Melitenam
319 169 511 206 pervenisset,
523 170 553 198 in
566 171 678 200 Turcos
691 175 808 209 repente
824 174 900 202 invac

1096 173 1252 211 περιτυχὼν
1268 171 1412 210 ἀριστεύει,
1429 172 1455 208 ἐξ
1471 170 1569 212 ἰῳόδου
1592 171 1701 204 τούτοις
1727 172 1854 200 ἰπιισπε-

136 211 272 247 superior
295 213 401 247 evadit,
418 216 446 242 ct
470 215 614 251 reliquam
632 219 776 246 exercitus
799 222 912 255 partem
928 219 962 247 ad

136 257 297 285 Caesaream
324 258 455 294 appellit.
482 259 649 289 Comnenus
674 271 789 299 quoque
819 264 965 292 mediatus

137 299 167 328 in
183 301 283 330 hostes
300 305 418 339 repente
443 304 587 340 impetum
609 306 703 335 facere
726 308 967 344 progrediebatur

138 348 234 381 nocte,
263 347 348 383 quasi
375 348 536 384 imparatos
566 350 646 386 ipsos
675 360 892 388 aggressurus:
914 353 965 381 sed

137 390 223 419 aliter
237 394 324 427 atque
338 392 475 428 opinatus
492 394 585 422 fuerat
600 395 625 422 ei
642 396 754 424 accidit.
768 397 872 425 Incidit
887 398 965 425 enim

136 434 167 462 in
195 435 276 471 ipsos
305 437 485 472 compositos
506 441 534 466 et
563 442 690 475 paratos,
708 443 737 468 et
765 442 872 470 invitus
899 451 965 470 cum

134 479 208 515 ipsis
224 488 401 517 congressus
417 485 575 518 superatur
585 486 614 511 et
629 484 708 513 illico
723 486 847 522 capitur.
861 487 967 515 Omnia

134 531 251 560 quoque
268 534 333 562 quae
349 526 427 554 intra
440 526 551 555 vallum
568 531 660 564 erant,
673 531 883 567 corripiuntur,
895 532 967 560 mul.

132 568 172 596 tis
191 569 355 598 interfectis
380 571 530 606 Romanis,
556 573 629 601 vivis
646 574 823 610 quibusdam
848 577 965 613 captis:

132 617 232 653 plures
248 622 346 647 autem
371 621 428 648 sibi
452 621 522 657 fuga
549 622 673 651 salutem
692 625 861 660 quaesivere.
879 625 967 654 Cum-

134 671 191 698 que
225 664 304 692 fama
333 666 369 693 ad
406 667 613 702 imperatorem
653 670 851 704 pervenisset,
887 671 968 699 visus

134 710 180 735 est
198 709 314 737 tristior
329 712 357 738 et
372 710 471 739 dolore
495 712 627 740 affectus.
645 713 707 741 Non
733 717 832 742 tamen
847 716 967 743 omnino

135 753 172 780 ab
194 753 347 782 inferenda
372 755 485 784 civibus
510 757 621 792 injuria
646 767 740 795 neque
755 768 772 787 ιι
789 760 908 788 nefariis
923 769 968 788 re-

134 797 190 825 bus
206 805 272 826 sese
293 799 448 835 abstinuit,
464 802 540 837 quod
567 802 724 838 Nicephori
748 805 867 833 monitis
884 813 967 840 pare-

134 845 187 870 ret.
207 843 281 871 ἴω)
298 843 371 872 Cum
396 845 475 872 enim
501 854 534 874 eo
559 850 637 874 esset
661 848 780 884 ingenia
806 852 837 877 ut
859 850 967 878 discer-

132 895 200 915 nere
224 896 281 915 non
307 891 407 924 posset
432 890 526 925 facile,
544 899 637 927 neque
660 900 694 920 ea
719 896 817 921 mente
840 898 918 923 esset
932 891 965 923 ut

127 931 277 967 vigilaret,
308 941 394 962 omne
423 936 499 970 quod
532 937 734 972 imperabatur
758 947 774 966 a
798 939 964 976 Nicephoro

129 977 255 1005 faciebat
275 978 361 1013 quasi
384 979 576 1016 mancipium.
594 981 634 1009 Ex
659 989 691 1010 eo
719 985 851 1020 tempore
876 985 966 1020 igitur

130 1021 281 1049 licentiam
297 1023 375 1051 nacti
388 1024 513 1059 Agareni
530 1025 658 1054 Orientis
673 1027 823 1063 regionem
846 1037 964 1064 percur-

132 1068 232 1094 rentes
248 1075 305 1094 non
321 1067 506 1096 desistebant
530 1077 595 1097 eam
612 1078 715 1098 vexare
737 1074 825 1108 atque
841 1076 965 1103 vastare.

133 1109 206 1138 Cum
223 1113 321 1139 autem
338 1112 468 1140 Isaacius
480 1113 582 1141 multis
598 1123 662 1143 sese
678 1117 810 1151 pecuniis
827 1117 966 1146 redemis-

135 1157 182 1182 set
194 1157 221 1182 et
231 1155 317 1191 pleno
332 1158 493 1193 marsupio,
507 1159 609 1187 statim
623 1168 759 1189 summus
770 1161 829 1189 dux
837 1162 966 1191 Joannes

138 1202 233 1228 Caesar
257 1201 437 1236 declaratur;
463 1202 512 1238 qui
539 1212 605 1231 cum
635 1206 793 1234 transisset
821 1215 915 1243 usque
931 1208 966 1235 ad

140 1244 317 1282 Dorylazum,
332 1247 479 1282 profectus
503 1248 569 1276 inde
585 1249 709 1277 ulterius
725 1259 898 1287 progressus
912 1255 967 1288 est,

140 1296 170 1322 et
186 1303 280 1331 usque
296 1295 331 1323 ad
347 1297 446 1332 Zompi
458 1300 576 1333 pontem
589 1299 730 1334 pervenit.
741 1300 795 1328 Sed
811 1303 967 1338 antequam

142 1339 318 1375 Sangarium
337 1341 484 1376 transiret,
497 1343 615 1371 advenit
627 1343 761 1372 Resulius
773 1353 806 1372 ex
820 1346 969 1374 Armenia-

141 1391 174 1412 co
190 1384 282 1412 multo
299 1385 407 1419 studio,
420 1388 448 1414 et
462 1385 502 1414 ibi
517 1389 613 1415 castra
627 1387 712 1416 locat.
725 1389 857 1426 Cumque
870 1391 968 1418 misis-

142 1430 188 1456 set
202 1428 296 1456 Caasar
312 1429 423 1466 legatos
438 1432 579 1466 tanquam
596 1432 631 1459 ad
650 1440 717 1460 eum
734 1441 784 1469 qut
799 1435 970 1462 offendisset

141 1475 230 1508 atque
255 1478 415 1508 peccasset,
433 1474 458 1501 si
474 1477 586 1502 mutato
612 1476 734 1504 consilio
760 1486 791 1506 se
818 1480 968 1515 proprium

143 1516 297 1544 dominum
314 1521 496 1553 agnosceret,
511 1519 624 1548 veniam
641 1523 669 1548 et
685 1521 830 1550 malorum
846 1523 968 1552 oblivio-

144 1569 211 1589 nem
240 1561 385 1596 promisit.
411 1563 560 1591 l’remente
585 1573 652 1593 vero
677 1566 800 1595 barbaro
825 1567 912 1596 veluti
935 1577 968 1597 eo

147 1605 197 1641 qui
220 1605 348 1641 propriis
372 1607 511 1635 manibus
526 1611 555 1636 et
570 1609 644 1637 bello
668 1610 776 1638 fidebat
799 1614 827 1639 et
850 1621 971 1640 suorum

148 1649 340 1678 multitudine
361 1651 522 1688 nitebatur,
540 1653 645 1690 legatio
662 1663 691 1683 re
713 1656 819 1684 infecta
833 1660 862 1685 et
875 1657 972 1686 inanis

148 1693 244 1722 rediit.
261 1695 371 1724 Idcirco
396 1696 493 1731 praelia
508 1698 543 1725 de
563 1707 681 1727 summa
707 1708 804 1728 rerum
820 1701 972 1730 decertan-

148 1739 220 1766 dum
236 1740 348 1767 statuit.
366 1740 460 1777 Igitur
473 1742 568 1770 Caesar
583 1751 649 1771 cum
673 1744 792 1773 ﬂuvium
808 1747 972 1781 transisset,

146 1791 176 1816 et
188 1788 298 1825 collega
310 1790 404 1826 ipsius
414 1791 594 1826 Nicephorus
604 1793 771 1823 Botaniates
782 1804 848 1824 cum
860 1796 973 1832 reliquo

147 1834 286 1868 exercitu,
309 1835 409 1863 statim
436 1837 535 1872 praalio
560 1846 626 1866 cum
656 1839 773 1868 Ruselio
798 1849 974 1877 congressus

145 1881 200 1907 est.
217 1879 279 1907 Non
295 1881 513 1909 sustinentibus
526 1886 624 1911 autem
641 1884 780 1912 Romanis
798 1886 972 1915 Francorum

144 1923 298 1960 impetum,
315 1926 413 1953 omnis
436 1927 580 1956 exercitus
596 1928 625 1955 in
643 1929 740 1965 fugam
765 1931 898 1964 vertitur,
915 1934 942 1959 et
957 1941 974 1959 ιι

146 1968 264 1996 Ruselio
279 1971 374 1997 Cmsur
385 1971 501 2006 capitur
515 1972 624 2008 aliique
641 1974 743 2008 multi;
759 1975 829 2002 solis
841 1976 974 2004 Botania'

144 2015 189 2040 tes
204 2021 270 2040 cum
297 2014 397 2049 paucis
421 2016 599 2051 quibusdem
624 2018 707 2053 fugit.
724 2021 763 2046 Ex
786 2027 819 2047 eo
844 2022 975 2056 tempore

147 2057 223 2084 710
237 2065 363 2093 magnus
388 2059 528 2087 Ruselius
542 2062 570 2088 et
585 2061 707 2090 celebris
727 2064 819 2091 evasit
844 2066 974 2101 prosperi

145 2109 302 2130 successus
324 2103 537 2139 magnitudine,
554 2107 692 2142 rectaque
716 2107 887 2143 Byzantium
903 2117 974 2137 con-

145 2146 269 2173 tendens
293 2148 435 2175 Caesarem
457 2148 588 2177 vinctum
613 2149 749 2185 habebat,
773 2152 875 2180 multis
900 2153 973 2181 afﬂi-

143 2192 225 2218 ctum
242 2190 328 2219 malis
343 2194 371 2218 et
386 2192 524 2221 ﬂuctibus
539 2193 742 2223 calamitatum
765 2197 890 2225 subinde
906 2206 974 2226 suc-

1021 219 1085 246 σών.
1103 219 1141 246 Τὸ
1156 217 1185 246 δὲ
1203 217 1300 245 λοιπὸν
1316 216 1469 255 στράτευμα
1483 219 1518 254 τῇ
1535 217 1689 254 Καισαρέων
1707 215 1855 255 παραϐάλ-

1020 263 1073 292 λει.
1084 263 1260 300 Σκεψάμενος
1272 261 1300 290 δὲ
1310 263 1355 290 καὶ
1367 263 1380 290 ὁ
1392 262 1535 299 Κομνηνὸς
1549 265 1608 293 τοῖς
1624 261 1754 294 ἐναντίοις
1766 272 1854 296 προσ-

1021 306 1113 336 ϐαλεῖν
1139 308 1164 344 ἐξ
1195 307 1417 347 ἐφόδου,προῄει
1444 307 1492 344 μὶν
1516 307 1577 343 [ὡς]
1594 305 1638 334 διὰ
1663 308 1714 339 τῆς
1743 307 1853 343 νυκτὸς,

1021 354 1058 385 ὡς
1072 353 1269 391 ἀπαρασκεύοις
1298 351 1328 379 ἂν
1359 351 1483 379 ἐπιπέσοι
1513 351 1620 383 αὐτοῖς,
1636 352 1668 378 τὺ
1694 350 1716 378 δ’
1732 351 1853 379 ἐναντίον

1021 397 1120 435 πάσχει
1148 401 1199 432 τῆς
1227 396 1328 428 οἴκείας
1349 395 1464 434 pcvel-7,:-
1480 395 1697 434 ἐμπαρασκεύοις
1724 396 1778 434 γὰρ
1805 395 1854 423 καὶ

1021 443 1237 479 ἡτοιμασμένοις
1275 440 1430 479 ἐντυγχάνει
1472 441 1574 472 αὐτοῖς·
1608 441 1781 479 Συρρἷήγνυσι
1823 439 1855 468 δὶ

1021 487 1131 519 τούτοις
1155 487 1198 515 καὶ
1227 489 1264 524 μὴ
1292 486 1473 525 βουλόμενος,
1489 485 1534 513 καὶ
1557 487 1671 518 ἡττᾶται
1700 485 1790 520 εὐθὺς,
1806 485 1853 513 καὶ

1021 532 1120 560 αὐτίκα
1137 532 1318 570 αἰχμάλωτος
1341 531 1455 569 γίνεται.
1472 530 1627 559 Ἀλίσκεται
1648 529 1676 558 δὶ
1699 530 1744 557 καὶ
1772 531 1807 558 τὰ
1825 530 1852 557 ἄν

1020 579 1059 613 τῷ
1075 577 1175 614 χάρακι
1192 577 1308 611 ἅπαντα,
1326 574 1440 604 πολλῶν
1470 575 1517 612 μὶν
1531 575 1675 611 Ῥωμαίων
1701 575 1854 610 πεσόντων,

1009 626 1127 663 ’ζωγρίᾳ
1142 624 1170 653 δὲ
1192 625 1348 663 Ληφθὲντων
1376 626 1469 652 τινῶν.
1501 623 1637 651 πλειόνων
1664 622 1692 651 δὲ
1715 624 1765 658 τὴν
1795 633 1854 650 σω-

1021 671 1117 708 τηρίαν
1134 670 1289 708 εὖραμένων
1320 671 1404 707 φυγῇ.
1420 672 1474 704 Τῆς
1490 667 1518 696 δὲ
1533 670 1631 708 φήμης
1659 668 1705 696 τὸν
1738 667 1856 706 βασιλέα

1020 712 1229 750 καταλαϐούσης
1271 713 1345 749 ἔδοξε
1389 713 1436 750 μέν
1477 724 1505 741 τι
1543 713 1704 750 σκυθρωπὸν
1743 713 1855 747 παθεῖν,

1023 760 1053 787 οὐ
1085 760 1138 796 μὴν
1168 759 1196 787 δὲ
1225 759 1376 787 παντάπασι
1412 761 1466 785 τῶν
1497 757 1648 785 πολιτικῶν
1674 755 1854 794 ἀδικημάτων

1022 805 1066 831 καὶ
1106 807 1160 832 τῶν
1204 806 1344 840 κοσμικῶν
1387 803 1521 840 ἀπέσχετο
1562 804 1622 833 ταῖς
1649 804 1697 829 τοῦ
1726 801 1855 840 Νικηφό-

985 864 1007 896 B
1024 859 1072 886 ρου
1102 848 1322 886 ὑποθημοσύναις
1339 857 1345 864 ·
1378 848 1416 884 μή
1442 845 1514 885 ἕγων
1543 848 1594 885 γὰρ
1622 846 1699 884 φύσιν
1731 844 1855 883 διαγνω-

1022 895 1115 929 πικήν
1146 894 1190 921 καὶ
1223 892 1277 929 ἕξιν
1306 891 1475 930 διακριτικήν
1505 892 1550 919 καὶ
1579 891 1775 929 ἐγρηγορυῖαν,
1795 893 1850 917 πᾶν

1018 939 1050 967 τὸ
1084 938 1319 976 προσταττόμενον
1361 937 1435 974 παρὰ
1472 938 1521 964 τοῦ
1559 935 1717 975 Νικηφόρου
1762 933 1851 962 ἐποίει

1021 984 1112 1021 ὥσπερ
1128 982 1307 1020 ἀνδράποδον.
1327 985 1440 1010 ’Έκτοτι
1454 980 1500 1008 οὖν
1527 979 1617 1011 ἁδείας
1643 977 1794 1016 λαϐόμενοι
1823 979 1852 1006 οἱ

1019 1030 1070 1064 τὴν
1098 1029 1182 1065 Ἑῲαν
1211 1026 1423 1064 κατατρέχοντες
1453 1025 1603 1063 Ἀγαρηνοὶ
1639 1024 1688 1052 οὐκ
1716 1023 1853 1051 ἐπαύοντο

1020 1074 1078 1102 καθ’
1107 1073 1221 1108 ἑκάστην
1264 1070 1434 1109 κεραΐζοντες
1471 1071 1515 1098 καὶ
1545 1069 1646 1104 ταύτην
1681 1067 1853 1105 καταλυμαι-

1021 1119 1142 1155 νόμενοι.
1158 1115 1360 1153 Ἀλλαξαμινου
1390 1114 1418 1142 δὲ
1444 1117 1493 1142 τοῦ
1523 1113 1657 1143 Ἰσαακίου
1681 1114 1731 1148 τήν
1761 1113 1853 1150 αἰχμο

1022 1162 1140 1191 αλωσίαν
1169 1161 1321 1200 χρημάτων
1348 1159 1461 1188 πολλῶν
1496 1159 1542 1186 καὶ
1582 1158 1729 1197 βαλαντίου
1754 1156 1852 1195 ἁδροῦ,

1022 1213 1099 1240 αὖθις
1139 1211 1289 1248 στρατηγὸς
1333 1209 1510 1247 αὐτοκράτωρ
1542 1208 1556 1235 ὁ
1583 1208 1687 1245 Καῖσαρ
1722 1206 1852 1241 Ἰωάννης

1022 1255 1237 1294 προχειρίζεται,
1266 1255 1296 1285 ὂς
1336 1252 1549 1290 διαπεραιωθοὶς
1589 1251 1634 1278 καὶ
1679 1250 1762 1288 μεχρι
1799 1252 1852 1278 τοῦ

1023 1300 1174 1339 Δορυλαίου
1203 1298 1307 1336 προϊὼν
1338 1298 1403 1335 ἄρας
1434 1297 1533 1324 ἐκεῖθεν
1564 1294 1730 1333 πορῥωτὲρω
1759 1294 1848 1322 πεπό-

1023 1356 1124 1383 ρευται,
1154 1343 1199 1372 καὶ
1234 1345 1318 1381 μέχρι
1347 1343 1398 1377 τῆς
1426 1341 1545 1380 γεφύρας
1571 1341 1619 1367 τοῦ
1647 1339 1758 1376 Ζόμπου
1787 1349 1853 1366 κατ-

1024 1387 1113 1418 έλαϐε.
1132 1389 1187 1427 Πρὸ
1204 1387 1233 1416 δὶ
1255 1390 1303 1415 τοῦ
1325 1389 1509 1423 περαιωθῆναι
1537 1385 1583 1412 τὸν
1614 1384 1766 1422 Σαγγάριον
1798 1383 1850 1427 ἁφ-

1025 1436 1135 1462 ικνεῖται
1166 1434 1179 1461 ὁ
1201 1431 1347 1467 Ῥουσὲλης
1381 1431 1410 1458 ἐκ
1446 1432 1495 1458 τοῦ
1528 1430 1712 1466 ’Δρμενιακοῦ
1743 1426 1851 1464 σπουδῇ

1024 1478 1118 1516 πολλῇ
1149 1478 1192 1505 καὶ
1223 1475 1431 1514 στρατοπεδείαν
1465 1475 1550 1502 ἐκεῖσε
1574 1475 1704 1511 πήγνυσι.
1736 1473 1853 1509 Πέμψας

1027 1523 1050 1551 δ’
1079 1525 1093 1551 ὁ
1123 1524 1226 1560 Καῖσαρ
1252 1523 1289 1553 ὼς
1317 1521 1384 1553 καιθᾶ
1412 1518 1627 1558 προσκρούσαντι
1658 1517 1702 1544 καὶ
1739 1516 1855 1554 ὶξαμαρ-

1025 1569 1111 1602 τόντι,
1140 1568 1162 1595 εἶ
1201 1567 1414 1605 γνωσιμαχήσοι
1448 1565 1493 1592 καὶ
1522 1564 1568 1591 τὸν
1597 1562 1697 1590 οἰκεῖον
1727 1561 1851 1599 ὶπιγνοίη

1027 1612 1172 1647 δεσπότην,
1202 1611 1368 1648 συμπάθειαν
1398 1609 1443 1637 καὶ
1469 1607 1621 1645 ἀμνηστίαν
1644 1608 1735 1634 κακῶν
1764 1605 1852 1643 ἐπηγ-

1026 1657 1150 1696 γέλλετο.
1165 1657 1358 1695 Φρυαξαμινου
1374 1653 1403 1682 δὲ
1416 1657 1464 1682 τοῦ
1484 1651 1626 1691 Βαρϐάρου
1654 1652 1699 1679 οἶα
1723 1650 1855 1696 ἐπῖἒταῖς

1028 1694 1109 1734 istanc
1137 1694 1214 1740 χερσὶ
1243 1701 1287 1728 καὶ
1319 1702 1359 1736 τῷ
1398 1698 1514 1735 πολέμῳ
1549 1697 1713 1735 θαρροῦντος
1740 1694 1786 1722 καὶ
1811 1697 1852 1731 τῷ

1027 1747 1128 1783 πλήθει
1151 1739 1210 1774 τῶν
1253 1744 1298 1772 σὺν
1338 1744 1413 1780 αὐτῷ
1455 1741 1640 1780 ἐρειδομένου,
1672 1739 1808 1777 ἄπρακτος
1833 1740 1852 1775 ἡ

1027 1790 1157 1829 πρεσϐεία
1185 1789 1295 1828 ὶόείχθη
1323 1788 1367 1816 καί
1394 1789 1471 1823 κενή”
1502 1786 1543 1814 διὸ
1571 1786 1615 1814 καὶ
1651 1784 1767 1821 πολᾶμῳ
1795 1794 1854 1822 κρι-

1029 1838 1106 1872 θῆναι
1134 1836 1166 1863 τὸ
1195 1838 1245 1862 πᾶν
1275 1833 1358 1869 ἔδοξε.
1390 1829 1488 1863 Διαϐὰς
1518 1830 1563 1858 οὖν
1603 1830 1649 1858 τὸν
1687 1829 1810 1881 ποταμὸν
1837 1829 1852 1856 ὁ

1029 1884 1132 1918 Καῖσαρ
1174 1881 1218 1908 καὶ
1258 1879 1271 1906 ὁ
1302 1877 1486 1915 συστράτηγος
1526 1875 1608 1903 αὐτοῦ
1651 1874 1808 1912 Νικηφὸρος
1839 1874 1855 1901 ὁ

1029 1929 1208 1965 Βοτανιιάτης
1225 1928 1292 1965 μετὰ
1318 1930 1369 1962 τῆς
1395 1925 1496 1960 λοιπῆς
1521 1923 1645 1959 πληθύος
1674 1922 1771 1950 αὐτίκα
1785 1922 1858 1960 πρὸς

1028 1974 1150 2012 πόλεμον
1181 1976 1221 2010 τῷ
1247 1971 1396 2007 Ῥουσελίῳ
1425 1967 1579 2008 προσέϐαλε
1615 1968 1661 2002 Μὴ
1684 1967 1856 2005 *ἐνεγκόντων

1029 2020 1058 2048 δὶ
1080 2022 1134 2047 τῶν
1165 2017 1307 2054 Ῥωμαίων
1330 2017 1379 2051 τήν
1405 2018 1458 2042 τῶν
1476 2013 1608 2052 Φράγγων
1635 2012 1762 2046 ίπίθεσιν,
1779 2013 1856 2050 φυγὴ

1027 2065 1128 2103 γίνεται
1144 2063 1243 2093 παντὸς
1270 2063 1318 2088 τοῦ
1347 2061 1472 2097 στρατοῦ,
1488 2059 1533 2086 καὶ
1562 2056 1735 2103 ἁλώσιμοςο
1752 2057 1855 2103 Ιξαῖσαρ

1028 2099 1067 2145 τῷ
1096 2106 1244 2142 Ῥουσελίῳ
1271 2105 1428 2137 καθίσταται
1457 2102 1502 2130 καὶ
1540 2101 1622 2130 ἄλλοι
1664 2099 1779 2134 πολλοὶ,
1804 2102 1857 2127 τοῦ

1029 2152 1208 2182 Βοτανειάτου
1225 2150 1309 2188 μόνου
1326 2149 1457 2188 φυγόντος
1479 2147 1525 2175 σὺν
1554 2146 1661 2183 ὀλίγοις
1676 2145 1758 2173 τισίν.
1772 2145 1856 2188 Ἐγε-

1028 2196 1102 2236 γόνει
1128 2197 1215 2224 τοίνυν
1234 2187 1415 2224 ὁῬουσὲλιος
1431 2193 1461 2220 ἐκ
1487 2191 1586 2220 τούτου
1614 2189 1695 2228 μὲγας
1718 2189 1763 2216 καὶ
1792 2187 1856 2236 διαῖ-

143 2235 311 2263 cedentium
328 2236 518 2273 exagitatum.
537 2238 591 2267 Ubi
607 2243 704 2268 autem
722 2241 775 2269 hoc
791 2250 908 2278 quoque

1090 2253 1126 2273 τος
1153 2244 1192 2277 τῷ
1223 2240 1327 2277 μεγέθει
1353 2240 1401 2266 τοῦ
1429 2237 1654 2272 κατορθώματος.
1687 2232 1855 2278 Χωρῶνώδὶ

143 2280 299 2308 mesticum
317 2281 510 2310 infortunium
534 2283 704 2319 imperatori
729 2286 896 2314 nuntiatum
915 2288 969 2316 fuit

142 2327 171 2352 et
187 2325 289 2352 Franci
312 2325 456 2354 adventus
471 2336 574 2356 omnes
590 2329 741 2364 deterruit,
758 2330 861 2367 ingens
886 2331 968 2359 snlli-

142 2369 243 2397 citudo
259 2372 286 2398 et
302 2378 372 2398 cura
387 2371 502 2400 animos
517 2373 650 2400 omnium
663 2375 814 2411 occupavit
831 2378 858 2404 et
875 2376 968 2412 ipsius

141 2413 338 2450 imperatoris.
355 2415 490 2444 Ruselius
505 2417 596 2452 igitur
610 2417 678 2445 inde
694 2419 851 2454 profectus,
867 2429 967 2450 secum

143 2458 279 2485 adductis
294 2458 406 2487 Caesare
431 2463 460 2487 et
489 2461 595 2489 Basilio
623 2463 740 2497 Malese,
758 2465 807 2500 qui
837 2474 930 2502 nuper
951 2475 968 2494 a

142 2502 311 2538 captivitate
325 2510 393 2531 cum
411 2504 535 2540 Diogene
549 2505 692 2535 liberatus
711 2508 814 2544 fueral,
831 2509 860 2538 in
877 2510 967 2547 Chry-

142 2546 235 2582 sopoli
259 2548 482 2576 tabernaculum
501 2549 633 2586 collocat,
649 2554 678 2579 et
692 2553 812 2581 aediﬁcia
829 2563 892 2591 qua;
908 2546 967 2584 illic

141 2595 224 2620 erant
239 2591 306 2628 igne
330 2592 469 2621 incendit.
487 2595 548 2626 Quo
573 2595 648 2623 facto
672 2597 816 2632 ingentem
832 2599 968 2629 excitavit

141 2639 300 2668 clamorem
317 2644 346 2669 et
360 2641 470 2670 luctum
496 2643 711 2679 indigenarum.
729 2646 889 2683 Imperator
913 2657 965 2677 au-

142 2687 202 2712 tem
219 2685 340 2726 mollire.
353 2686 476 2715 studens
492 2688 607 2717 barbari
631 2691 796 2725 audaciam,
813 2692 968 2728 pollicetur

142 2729 169 2757 ei
184 2730 359 2766 curopalataa
384 2731 536 2768 honorem,
551 2736 580 2761 et
603 2735 724 2772 insuper
739 2737 774 2764 ad
793 2745 860 2764 eum
878 2737 968 2766 mittit

144 2783 263 2804 uxorem
279 2777 306 2804 ct
322 2775 439 2805 liberos.
456 2777 511 2806 Sed
528 2777 602 2807 clam
619 2783 720 2808 contra
740 2781 839 2817 ipsum
855 2783 967 2812 Turcos

1024 2276 1136 2319 κατευθὺ
1165 2276 1382 2318 τοῦνΒυζαντίου
1409 2281 1456 2309 τὸν
1488 2280 1606 2317 Καίσαρα
1621 2279 1678 2316 εἶχε
1708 2276 1855 2315 σιδηρόδε-

1022 2332 1124 2360 τονκαῖ
1149 2329 1268 2360 πολλοῖς
1292 2329 1415 2365 ἀνιαροῖς
1442 2324 1661 2360 ἐπαντλούμινον
1686 2323 1730 2350 καὶ
1762 2321 1857 2358 λυπη-

1024 2379 1077 2416 ρῶν
1103 2376 1219 2412 δώμασιν
1235 2370 1480 2407 ,ἀλλεπαλλῆλοις
1506 2371 1548 2407 [Ρ.
1568 2369 1632 2405 848]
1663 2366 1850 2416 βαλλόμενον.

1022 2427 1066 2458 ,Ως
1081 2425 1109 2453 δὲ
1124 2423 1321 2462 προσηγγέλθη
1337 2421 1382 2449 καὶ
1411 2422 1500 2470 τοῦτο,
1521 2419 1552 2446 τὸ
1566 2417 1703 2470 οἰκειαξὸν
1717 2415 1852 2470 όιτύχημα

1021 2474 1060 2507 τῷ
1091 2460 1200 2508 βασιλεῖ
1225 2460 1280 2496 καὶ
1310 2468 1327 2501 ἡ
1349 2467 1410 2513 τοῦ.
1441 2463 1571 2513 Φράγγου
1608 2460 1759 2513 ,ιπιδηΙμίκ
1785 2461 1853 2493 τοὺς

1021 2505 1122 2546 πάντας
1150 2513 1287 2550 ἐξέπληξε,
1316 2509 1410 2545 πολλή
1450 2519 1491 2540 τις
1529 2507 1631 2544 ἀθυμία
1657 2506 1702 2534 καὶ
1729 2505 1851 2543 μέριμνα

1021 2563 1146 2598 κατεῖχεν
1177 2558 1256 2586 αὐτόν
1281 2567 1310 2584 τε
1337 2555 1382 2582 καὶ
1409 2554 1472 2585 τοὺς
1496 2552 1611 2583 λοιποὺς
1641 2552 1770 2581 ἅπαντας,
1786 2551 1848 2598 ἷΓήν

1022 2604 1047 2639 ἐξ
1085 2593 1187 2631 ἐκείνου
1225 2599 1270 2628 οὖν
1302 2597 1457 2636 ὁδοιπορίαν
1488 2596 1616 2647 διηνεκῶς
1646 2595 1660 2622 ὁ
1688 2593 1849 2647 Ῥουρὲλιος

1023 2648 1189 2686 lira-(ripae;
1221 2645 1278 2682 μεθ’
1307 2644 1403 2671 ἑαυτοῦ
1431 2642 1477 2669 τόν
1505 2652 1535 2668 τι
1562 2640 1684 2686 Καίσαρα
1717 2640 1761 2665 καὶ
1794 2640 1846 2686 ,τὸν

1022 2682 1153 2727 Μαλὲσην
1189 2689 1342 2722 Βασίλειον,
1374 2688 1434 2724 ἄρτι
1475 2690 1525 2721 τῆς
1565 2684 1610 2712 σὺν
1652 2686 1692 2720 τῷ
1723 2682 1844 2720 Διογένει

1023 2737 1221 2776 αῗχμαλωσίας
1257 2732 1443 2776 ἀπολυθέντα,
1467 2731 1634 2776 κατασκηνοῖ
1673 2727 1699 2776 ἐν
1733 2729 1848 2776 -Χρυσο-

1021 2772 1114 2818 πόλει,
1143 2781 1188 2808 καὶ
1213 2782 1274 2810 ταῖς
1307 2777 1392 2805 ἐκεῖσε
1420 2775 1520 2806 οἰκίαις
1548 2773 1627 2808 ἐνῆκε
1654 2772 1685 2800 τὶ
1712 2774 1776 2810 πῦρ,
1806 2782 1850 2799 και
