1937 3050
63 92 125 122 441

823 91 1022 122 HISTORIA.

1720 90 1785 122 “2

67 157 189 193 πολλὴν
219 157 347 196 ἆνήγιιρι
375 160 434 190 τοῖς
469 156 590 189 ἐποίκοις
618 158 668 193 τήν
697 157 765 196 βοὴν
789 157 832 185 καὶ

1019 157 1099 193 arsit,
1124 157 1227 186 multis
1252 156 1514 194 pollicitationibus
1547 157 1729 192 persuadens
1751 160 1784 186 ut

67 201 209 231 κωκυτόν.
226 201 424 240 Καταμαλάξαι
454 202 484 230 δὲ
508 202 630 231 σπεύδων
655 203 669 230 6
697 201 824 241 βασιλεὺς
852 202 902 236 τὴν

67 250 119 275 τοῦ
166 245 310 286 Βαρϐἁρου
347 247 501 285 θρασύτητα
544 247 649 284 ἀξίωμά
677 257 705 275 τε
731 247 902 284 ὑπισχνεῖται

69 291 168 319 δοῦναι
203 292 276 329 αὐτῷ
303 291 524 330 κουροπαλᾶτου,
553 291 773 329 προσιπιπίμπιι
803 290 831 318 δὲ
857 291 901 318 καὶ

66 337 118 372 τὴν
146 340 262 374 γυναῖκα
288 338 331 364 καὶ
369 337 403 364 τὰ
439 336 528 365 τέκνα.
559 336 772 373 Μεταπέμπεται
802 335 830 363 δὲ
857 335 903 363 καὶ

71 381 216 419 Τούρκους
231 382 290 409 κατ’
314 381 396 409 αὐτοῦ
424 380 573 419 λαθραίως,
589 380 710 412 πολλαῖς
741 381 902 418 ὑποσχέσεσι

69 425 174 458 πιίθων
202 426 248 454 τὸν
288 424 443 453 Ῥουσὲλιον
483 425 729 464 καταγωνίσασθαι.
759 425 844 463 Ὁρῶν
875 423 904 452 δὲ

71 470 155 502 οὗτος
170 471 265 499 ἑαυτὸν
298 471 398 505 ἀσθενῆ
425 470 492 509 πρὸς
515 470 648 506 τοσαύτην
664 469 782 506 πληθὺν,
799 468 903 497 ἀπολύ-

69 525 119 547 σας
153 517 208 543 τὼν
239 513 345 552 δεσμῶν
375 515 421 542 τὸν
451 515 571 552 Καίσαρα
591 513 747 552 ἀναγορεύει
778 513 901 551 βασιλέα,

69 564 222 603 εὐφημίαις
265 563 486 601 μιγαλοπρεπάσι
515 563 559 591 καί
583 562 721 600 διατόροις
748 563 779 591 τὸ
805 565 903 601 κράτος

69 608 146 644 αὐτῷ
188 608 486 647 συγκαταστησάμενος.
517 609 610 643 Μήπω
646 606 672 635 δὶ
714 611 764 642 τῆς
805 609 901 646 φήμης

69 652 250 689 ἁπλωθιίσης
277 652 349 689 μηδὲ
390 652 587 686 πλατυνθείσης
615 654 664 685 τῆς
692 654 740 679 τοῦ
770 652 901 689 Καίσαρος

70 698 319 736 ἀναρρήσεως,καὶ
349 696 393 725 διὰ
421 700 501 725 τοῦτο
533 698 602 734 μήτε
630 699 802 734 στρατιωτῶν
818 707 903 734 προσ-

69 745 284 781 χωρησάντων,
315 741 439 782 ἐξαίφνης
468 743 529 780 περὶ
557 742 589 769 τὸ
624 740 688 780 ὅρος
709 742 756 769 τὸν
786 741 902 780 Σόφωνα

70 787 182 822 πληθὺς
223 788 362 824 Τουρκική
398 786 606 826 παραφαίνεται,
632 787 711 814 πέντε
743 786 761 820 ἢ
801 785 845 813 καὶ
873 785 900 822 ’ἐξ

70 831 198 870 χιλιάσιν
214 831 387 883 ιῖκαζομέῖνη.
403 831 452 859 Καὶ
480 831 613 883 αὑτίκακο
641 829 798 883 Ῥουσὲλιος
814 830 901 883 ’ἐξήρ-
916 846 940 879 Β

70 887 117 905 rus
146 877 181 904 τὰ
211 877 279 912 πρὸς
307 875 444 913 πόλεμον.
470 875 647 904 Ἀνέστελλον
672 874 701 903 δὶ
728 876 777 909 τὴν
809 875 898 912 ὁρμήν

70 921 156 950 αὐτοῦ
177 921 192 949 6'
215 932 244 949 τι
274 922 378 958 Καῖσαρ
411 920 456 949 καί
484 931 555 952 τινες
583 923 636 948 τῶν
661 919 846 958 ἐξοχωτέρων,
862 919 900 951 ὡς

70 965 100 992 ἂν
118 964 255 1003 διαγνοῖεν
269 966 400 1004 πρότερον
413 965 463 1000 τὴν
479 964 588 1000 πληθὺν
604 964 692 1000 ὁπόση
708 975 748 995 τις
779 963 820 999 ιῖἠ
847 966 900 991 τῶν

70 1011 220 1049 φσνᾶντων.
249 1011 295 1045 Μή
325 1009 449 1047 ἐνεγκὼν,
480 1009 544 1038 ἀλλ’
571 1008 678 1045 ἀδοξίαν
703 1008 784 1047 ἄκραν
811 1008 899 1046 ἡγού-

69 1065 152 1090 μενος
168 1055 194 1082 εἲ
222 1055 289 1093 πρὸς
316 1053 343 1091 ἓξ
372 1055 390 1089 ἢ
420 1053 482 1082 δίκα
511 1053 639 1092 χιλιάδας
662 1054 870 1093 ἀμφιγνωμονεῖ
886 1053 899 1080 6

67 1099 239 1136 Ῥουσὲλιος,
268 1099 314 1127 σὺν
343 1098 439 1137 πολλῇ
468 1099 541 1137 ῥύμῃ
571 1102 630 1131 τοῖς
650 1098 781 1126 ἐναντίοι)
797 1097 900 1133 ἐπῆλθε

70 1149 140 1185 μετᾶ
167 1151 222 1176 τῶν
268 1148 412 1186 Φράγγων.
441 1150 555 1176 Ἐπεσον
599 1147 645 1175 οὖν
684 1150 739 1175 τῶν
768 1147 898 1184 Τούρκων

69 1193 186 1228 πολλοὶ,
219 1192 336 1229 μηδενὸς
363 1195 415 1220 τῶν
448 1192 581 1231 Φράγγων
597 1192 673 1220 κινὸν
689 1192 720 1220 τὸ
735 1190 800 1229 δόρυ
818 1191 900 1229 ὶσχη-

70 1237 165 1274 κότος,
179 1239 206 1266 οἳ
222 1237 250 1265 δὲ
266 1237 359 1266 λοιποὶ
374 1237 443 1276 πρὸς
466 1238 554 1276 φυγὴν
581 1237 723 1273 ὥρμησαν.
746 1238 802 1269 Τῆς
832 1234 899 1263 διώ-

69 1284 137 1318 ξεως
168 1281 198 1310 δὲ
225 1282 269 1310 ἐπὶ
295 1281 368 1310 πολὺ
395 1281 546 1319 γενομένης
588 1281 660 1319 παρὰ
688 1281 719 1309 τὸ
748 1280 898 1317 εἰθισμένον

69 1328 167 1362 αὐτοῦ,
183 1327 229 1355 καὶ
257 1329 341 1355 ταῦτα
363 1325 497 1364 δι’ὀρὲων
525 1324 631 1354 ἀϐάτων
661 1325 706 1354 καὶ
733 1324 900 1360 δυσδιεξιτή-

71 1383 139 1408 των,
166 1370 247 1400 ἔλαθε
269 1371 332 1403 τοὺς
359 1371 473 1403 πλείους
497 1373 552 1399 τῶν
581 1370 627 1398 σὺν
655 1370 728 1406 αὖτῷ
757 1370 900 1398 ἀπολιπὼν

72 1417 174 1452 ἀπίσω,
206 1417 286 1448 αὐτὸς
314 1416 343 1444 δὶ
369 1416 436 1453 μετὰ
465 1416 592 1454 βραχέων
617 1418 697 1443 τινῶν
726 1414 900 1454 ὑπολειφθεὶς

69 1461 116 1489 καὶ
147 1463 198 1489 τοῦ
224 1461 358 1499 Καίσαρος
388 1461 414 1488 ὲν
441 1459 538 1491 ’ίπποις
565 1459 717 1496 κεκμηκόσι
733 1461 772 1495 τῷ
792 1461 900 1496 συνεχεῖ

69 1509 120 1540 τῆς
153 1505 271 1541 διώξεως
309 1505 353 1534 καὶ
392 1505 584 1542 ἐπιτιταμίνῳ.
614 1505 694 1533 Οὕτω
737 1503 765 1532 δὶ
807 1501 898 1542 ἔχοντι

72 1551 192 1590 ανεφάνη
208 1550 314 1585 πλῆθος
344 1548 435 1588 ἕτερον
451 1549 578 1586 Τούρκων
609 1549 732 1586 ἅπιιρον,
748 1549 785 1580 εἷς
805 1548 898 1576 ἑκατὸν

71 1593 204 1633 χιλιάδας
237 1597 385 1627 ποσοῢσθαι
422 1594 637 1632 στοχαζόμενον.
667 1593 900 1631 Πιριστοιχισθεὶς

73 1639 119 1668 οὗν
150 1640 283 1671 πάντοθεν
310 1639 355 1667 καὶ
384 1639 456 1666 ἄκων
489 1638 581 1670 αὐτοῖς
608 1639 810 1676 προσρήγνυται
842 1638 899 1674 μετ’

72 1683 176 1722 ὀλίγων
193 1684 263 1712 τάνυ
277 1686 331 1711 τῶν
358 1684 420 1721 περὶ
450 1681 539 1712 αὒτὸν.
557 1683 702 1720 ’Δντὲσχον
732 1682 779 1719 μὶν
809 1681 855 1709 οὖν
873 1682 898 1709 οἷ

70 1731 200 1765 Τοῦρκοι,
228 1725 322 1756 ἔπεσον
367 1729 459 1765 μέντοι
494 1727 538 1755 καὶ
567 1727 628 1755 τότε
660 1726 773 1755 πολλοί.
802 1727 898 1763 Ὅμως

71 1773 259 1805 κυκλωθὲντες
288 1772 341 1800 ὑπὸ
355 1772 487 1800 τοσούτου
515 1771 638 1807 πλήθους
668 1769 815 1807 ἑκηϐόλοις
840 1773 898 1802 τοῖς

73 1817 196 1855 βέλεσιν,
217 1815 405 1848 ἀποϐαλόντες
432 1817 497 1847 τοὺς
522 1816 624 1847 ’ίππους
651 1816 696 1843 καὶ
725 1815 801 1850 πεζοὶ
832 1816 899 1843 ὑπο-

73 1862 227 1901 λειφθέντες
270 1862 421 1899 σύμπαντες
460 1861 545 1892 οὕτως
585 1859 727 1888 ἐνέδωκαν.
768 1859 899 1892 [linteum

72 1906 96 1934 δ’
124 1907 204 1943 ὅμως
231 1905 346 1942 πολλοὶ,
367 1906 412 1934 καὶ
439 1907 557 1943 Τοῦρκοι
586 1904 615 1932 δὲ
643 1903 751 1936 δεκάκις
762 1907 898 1933 τοσοῦτοι.

72 1954 229 1984 Ἀλίσκιται
245 1954 347 1983 δὶδτι
370 1957 469 1992 Καῖσαρ
499 1954 545 1982 καί
572 1955 586 1982 6
615 1954 770 1984 Ῥουσὲλιος
797 1953 841 1981 καὶ
873 1954 900 1980 οὶ

74 2000 119 2027 σὺν
150 2000 237 2035 αὐτῷ.
264 2001 304 2037 [Ρ.
334 2001 398 2036 849]
427 1999 459 2026 οι
488 1998 517 2026 δὶ
543 2001 597 2026 τῶν
627 1999 758 2036 Φράγγων
789 1997 898 2026 ὑπολει-

73 2045 182 2075 οθὲντες
205 2044 243 2075 εἷς
271 2044 302 2072 τὸ
324 2047 374 2079 τῆς
400 2041 564 2078 Μεταῦολῆς
586 2043 715 2082 φρούριον
743 2043 899 2082 συμφυγόν-

72 2100 116 2120 τες
133 2089 202 2126 μετὰ
225 2092 276 2124 τῆς
300 2091 349 2116 τοῦ
364 2087 520 2117 Ῥουσιλίου
536 2088 663 2125 γυναικὸς
691 2086 726 2115 δι’
740 2087 899 2124 ἐπιμελείας

74 2134 216 2161 ἐποιοῦντο
243 2134 293 2168 τήν
321 2132 419 2161 τούτου
446 2133 570 2172 φυλακην
603 2132 648 2160 καὶ
678 2133 850 2170 συντήρησιν.
868 2133 899 2159 Οἱ

73 2178 102 2206 δὶ
126 2180 242 2216 Τοῦρκοι
268 2178 313 2206 τὸν
341 2179 388 2214 μὶν
403 2177 556 2207 Ῥουσὲλιον
581 2176 722 2214 ποδοκάχῃ
752 2176 898 2216 ἀσφαλισά-

958 202 1109 230 Ruselium
1126 202 1282 230 debellent.
1298 202 1405 230 Videns
1421 204 1518 230 autem
1535 202 1590 230 iste
1605 210 1637 230 se
1651 202 1785 231 imbecil-

958 247 1016 276 lem
1042 248 1186 275 adversus
1211 246 1360 282 ejusmodi
1386 246 1619 274 multitudinem.
1642 246 1786 275 Caesarem

958 301 973 321 e
989 292 1114 320 vinculis
1130 292 1286 320 liberatum
1305 291 1511 328 imperatorem
1527 291 1667 326 declarat,
1689 291 1784 319 laudi-

958 338 1014 365 bus
1029 337 1195 373 magnificis
1210 339 1238 364 et
1253 336 1339 364 claris
1354 336 1516 370 celebrans,
1527 336 1612 372 eique
1625 336 1782 372 imperium

958 382 1074 410 tribuit.
1103 382 1238 409 Nondum
1269 383 1366 409 autem
1397 380 1547 416 divulgata
1579 381 1657 408 fama
1689 388 1783 416 neque

958 427 1082 455 dilatata
1096 426 1218 455 Caesaris
1233 425 1478 458 declaratione,et
1494 425 1602 453 idcirco
1618 433 1713 462 neque
1729 425 1784 452 mi-

958 471 1025 499 lites
1040 473 1261 506 concurrerant,
1275 470 1374 498 statim
1401 471 1436 498 ad
1462 474 1590 498 montem
1616 470 1783 506 Sophanem

959 524 1065 544 manus
1080 515 1203 543 Turcica
1227 518 1358 551 apparet,
1385 523 1448 550 quas
1472 515 1630 543 videbatur
1652 515 1784 551 quinque

957 564 1007 589 aut
1032 569 1082 588 sex
1106 560 1242 588 millium.
1267 562 1362 596 Atque
1378 569 1393 588 e
1408 560 1531 596 vestigio
1547 560 1683 589 Ruselius
1698 569 1728 588 se
1743 561 1780 588 ad

957 607 1089 643 praelium
1105 607 1295 643 comparavit.
1310 606 1417 634 Verum
1434 606 1515 635 illius
1529 606 1672 642 impetum
1696 615 1780 635 coer-

957 653 1064 680 cebant
1089 653 1117 679 et
1138 652 1234 678 Caesar
1257 654 1287 678 et
1310 651 1431 686 quidam
1457 658 1491 678 ex
1516 651 1783 688 prastantioribus,

957 702 1030 729 1M
1050 703 1081 728 ut
1096 701 1179 737 prius
1194 701 1400 736 dignoscercnt
1415 703 1526 736 quanta
1549 702 1628 729 esset
1651 700 1780 729 hostium

955 746 1009 773 vis.
1027 746 1089 773 'Sed
1114 745 1163 773 ille
1192 745 1270 773 haud
1299 745 1460 779 sustinens,
1485 745 1556 781 quin
1587 745 1685 781 potius
1718 745 1781 774 loco

956 798 1079 818 summa:
1099 790 1268 826 ignominiaa
1293 791 1416 824 ducens,
1441 790 1466 818 si
1492 790 1634 818 adversus
1658 797 1708 818 sex
1731 792 1783 818 aut

955 836 1055 864 decem
1072 834 1165 863 millia
1179 843 1308 871 pugnam
1325 834 1464 863 Ruselius
1479 836 1676 868 cunctaretur,
1687 834 1780 863 multo

954 880 1065 916 impetu
1090 881 1118 908 in
1143 880 1241 908 hostes
1266 887 1333 908 cum
1358 880 1476 907 Francis
1502 879 1620 907 invasit.
1645 879 1781 908 Cecidere

953 925 1042 959 igitur
1069 933 1104 952 ex
1129 924 1232 952 Turcis
1261 924 1370 960 plures,
1396 932 1463 952 cum
1490 924 1667 952 Francorum
1693 932 1779 952 nemo

954 969 1040 997 hasta
1054 969 1134 996 inani
1150 977 1222 996 usus
1237 970 1323 996 esset.
1341 967 1456 1003 Reliqui
1477 967 1505 994 in
1531 968 1630 1003 fugam
1656 967 1781 1003 conjecti

954 1016 1034 1042 sunt.
1056 1015 1129 1042 Cum
1154 1022 1220 1040 vero
1245 1012 1357 1040 diutius
1383 1014 1616 1047 persequeretur,
1632 1014 1736 1048 praeter
1750 1012 1779 1039 id

954 1059 1032 1095 quod
1047 1059 1248 1091 consueverat,
1264 1056 1425 1092 praesertim
1443 1064 1494 1092 per
1509 1056 1676 1084 inaccessos
1691 1057 1781 1092 atque

954 1107 1048 1136 invios
1062 1109 1188 1139 montes,
1203 1114 1261 1134 non
1277 1105 1486 1133 animadvertit
1510 1113 1527 1132 ιι
1550 1107 1632 1141 tergo
1657 1113 1688 1132 se
1712 1113 1777 1133 suo-

955 1161 1019 1180 rum
1032 1152 1131 1188 plures
1143 1151 1307 1187 reliquisse.
1326 1150 1392 1186 lpse
1403 1151 1499 1177 autem
1512 1157 1578 1177 cum
1597 1149 1698 1186 paucis
1714 1150 1777 1185 qui-

954 1197 1081 1225 busdam
1092 1196 1223 1229 relictus,
1239 1198 1268 1224 et
1277 1197 1388 1223 Caesare
1399 1195 1475 1222 inter
1490 1194 1604 1230 equites
1619 1194 1777 1230 defatigato

954 1241 1093 1269 continua
1108 1244 1137 1269 et
1152 1240 1240 1276 longa
1253 1240 1383 1268 hostium
1401 1239 1603 1273 insectatione,
1620 1238 1723 1266 incidit
1746 1239 1776 1266 in

954 1295 1018 1314 eam
1043 1285 1239 1314 calamitatem
1266 1292 1355 1320 quam
1386 1292 1452 1312 mox
1481 1283 1621 1311 dicemus.
1649 1286 1722 1312 Nam
1746 1284 1776 1312 in

953 1331 1052 1367 ipsum
1077 1330 1119 1358 ita
1141 1330 1323 1358 laborantem
1349 1329 1441 1357 altera
1468 1329 1631 1356 Turcorum
1661 1328 1776 1357 inﬁnita

955 1384 1073 1409 manus,
1098 1375 1156 1403 fere
1180 1376 1297 1402 centum
1323 1373 1413 1406 mille,
1439 1375 1581 1408 quantum
1608 1374 1775 1408 conjectura

954 1420 1072 1456 assequi
1089 1421 1233 1455 poterant,
1253 1419 1370 1446 invasit.
1386 1419 1521 1454 Undique
1537 1418 1626 1454 igitur
1651 1418 1776 1446 circum-

953 1468 1058 1493 ventus
1073 1465 1117 1493 vel
1132 1465 1242 1492 invitus
1256 1472 1322 1492 cum
1340 1464 1476 1492 hostibus
1493 1463 1691 1499 congreditur,
1707 1471 1774 1491 eum

914 1528 936 1562 Ο
955 1511 1055 1546 paucis
1083 1510 1243 1538 admodum
1272 1517 1346 1545 quos
1374 1509 1486 1562 circu‘m
1520 1508 1656 1536 habebat.
1686 1508 1778 1544 Igitur

955 1555 1088 1583 restitere
1103 1555 1202 1588 Turci,
1218 1557 1248 1582 et
1274 1556 1371 1582 tamen
1398 1553 1483 1582 multi
1507 1555 1579 1582 tunc
1603 1561 1721 1589 quoque
1743 1561 1779 1581 ex

954 1599 1027 1635 ipsis
1034 1599 1174 1627 cecidere.
1190 1601 1297 1627 Verum
1305 1598 1451 1626 enimvero
1464 1597 1656 1626 circumventi
1669 1605 1685 1624 a
1695 1599 1778 1625 tanta

955 1643 1144 1671 multitudine
1159 1643 1235 1676 telis,
1251 1651 1314 1679 quia
1331 1643 1417 1679 longe
1437 1642 1635 1678 jaciebantur,
1659 1641 1780 1670 amissis

954 1689 1048 1724 equis,
1059 1689 1172 1724 pedites
1186 1697 1288 1717 omnes
1303 1688 1395 1716 relicti
1411 1688 1452 1715 ita
1464 1689 1626 1715 cesserunt.
1639 1688 1778 1714 Attamen

955 1733 1041 1761 multi
1056 1733 1177 1765 cadunt,
1191 1736 1220 1761 ot
1234 1732 1319 1760 Turci
1335 1732 1458 1768 decuplo
1484 1731 1594 1768 plures.
1619 1731 1781 1767 Capiuntur

955 1784 1050 1811 Ciesar
1063 1785 1093 1810 et
1107 1782 1243 1810 Ruselius
1257 1784 1284 1809 et
1299 1782 1349 1817 qui
1366 1789 1432 1809 cum
1448 1781 1513 1816 ipso
1523 1783 1614 1808 erant.
1633 1780 1672 1808 Ex
1687 1780 1780 1808 Fran-

955 1828 997 1856 cis
1013 1830 1110 1855 autem
1126 1827 1176 1863 qui
1193 1826 1285 1854 relicti
1302 1827 1416 1854 fuerant
1432 1826 1500 1861 fuga
1514 1825 1549 1853 ad
1562 1825 1720 1852 Metaboles
1731 1833 1779 1860 op-

955 1872 1054 1909 pidum
1072 1881 1102 1900 se
1119 1880 1262 1907 recepere.
1280 1880 1339 1899 una
1352 1879 1417 1898 cum
1440 1870 1547 1898 Ruselii
1573 1877 1671 1902 uxore,
1698 1871 1776 1905 quod

955 1925 1073 1945 summo
1096 1916 1194 1944 studio
1221 1916 1386 1944 servabant.
1412 1915 1500 1943 Turoi
1528 1922 1594 1942 vero
1624 1913 1776 1942 Ruselium

955 1961 1145 1997 compedibus
1166 1961 1296 1988 vinctum
1318 1960 1393 1988 112
1413 1961 1608 1994 asservsntes,
1634 1958 1776 1986 Caasnrem

955 2008 1051 2034 autem
1069 2005 1198 2033 solutum
1214 2005 1243 2032 in
1256 2005 1366 2033 honore
1377 2003 1671 2039 habebant.Cumque
1685 2003 1779 2039 exige-

955 2052 1037 2078 retur
1051 2050 1233 2086 captivorum
1248 2048 1526 2085 pretium,studebat
1539 2048 1698 2083 imperator
1711 2055 1778 2075 eum

955 2095 1098 2122 redimere
1111 2103 1195 2122 :nam
1213 2094 1299 2130 paulo
1316 2096 1383 2121 ante
1397 2093 1518 2120 Maleses
1533 2100 1650 2128 quoque
1665 2091 1780 2120 absolu-

954 2142 1002 2166 tus
1018 2148 1034 2167 a
1048 2141 1159 2166 Cmaare
1172 2139 1271 2166 statim
1289 2138 1319 2166 in
1335 2138 1470 2166 exsilium
1487 2138 1597 2165 missus
1610 2138 1655 2164 est
1680 2136 1778 2171 publi-

955 2183 1027 2211 catis
1043 2183 1146 2215 'bonis,
1172 2183 1281 2211 Ruselii
1307 2182 1502 2218 captivitatem
1530 2189 1596 2209 cum
1613 2180 1779 2216 captivitate

76 2233 163 2260 μενοι,
179 2215 225 2250 τὰν
240 2223 360 2259 Καίσαρα
371 2221 462 2250 ἄνετον
477 2222 551 2260 εἶχον
571 2221 616 2249 καὶ
639 2221 665 2249 ἰν
689 2223 724 2258 τῇ
749 2219 804 2257 ἰδίᾳ
831 2222 841 2247 ’ἱ

1011 2228 1091 2263 genis
1105 2230 1133 2255 et
1148 2215 1376 2263 publicationem
1388 2229 1416 2254 et
1427 2226 1562 2254 exsilium
1578 2215 1776 2253 commutans.

72 2270 152 2305 τιμῇ.
168 2270 221 2295 Τοῦ
241 2266 270 2295 ὃὶ
297 2268 454 2304 τιμήματος
481 2268 535 2294 τῶν
563 2265 724 2294 ἑαλωκότων
754 2265 897 2301 ιπιζητου-

76 2313 159 2348 μένου
185 2311 296 2340 ἔσπευδε
327 2313 374 2348 μὲν
409 2311 564 2346 ὠνήσασθαι
592 2313 688 2338 τοῦτον
714 2311 728 2338 6
759 2309 897 2348 βασιλεύςο

75 2359 253 2389 ὶπικατὲλαὸι
278 2361 328 2400 γὰρ
369 2360 414 2388 καὶ
445 2361 460 2388 6
489 2359 620 2395 Μαλὲσης
657 2358 717 2398 ἄρτι
753 2359 899 2392 ἀπολυθεὶς

75 2406 148 2445 παρὰ
184 2408 234 2433 τοῦ
274 2406 425 2444 Καίσαρος,
458 2405 503 2433 καὶ
541 2405 638 2432 αὐτίκα
676 2405 714 2436 εἷς
755 2404 898 2442 ὑπερορίαν

75 2450 217 2479 στέλλεται
244 2449 373 2487 δημεύσει
388 2461 418 2478 τι
439 2447 693 2483 καθυποὸάλλιται,
706 2448 896 2487 αῗχμαλωσίαν

73 2495 267 2534 αἰχμαλωσίας
282 2499 332 2531 τῆς
362 2494 408 2522 σὺν
436 2497 476 2530 τῷ
502 2495 622 2532 Διογένει
649 2495 699 2529 τὴν
726 2496 898 2522 τοῦῬουσι-

75 2541 135 2568 λίου
147 2540 193 2568 καὶ
210 2539 340 2577 δήμευσιν
364 2539 409 2567 καὶ
438 2539 541 2577 ἆξορίαν
563 2539 668 2566 τούτων
692 2538 897 2574 ἀνταλλαεάμε-

72 2595 128 2619 νος,
155 2584 220 2612 ἀλλ’
242 2586 260 2620 ἡ
292 2587 341 2612 τοῦ
367 2583 522 2613 Ῥουσελίου
547 2585 614 2622 γυνὴ
634 2607 641 2619 ,
670 2582 774 2620 σπουδῇ
804 2583 896 2620 πολλῇ

72 2633 168 2658 τοῦτον
198 2629 381 2667 ἰλυτρώσατο.
409 2630 487 2658 ’Ὀθεν
515 2630 541 2656 οἱ
570 2629 643 2666 παρά
679 2631 727 2656 τοῦ
765 2627 898 2666 βασιλέως

74 2674 214 2706 σταλέντες
243 2676 290 2702 τὸν
331 2674 448 2712 Καίσαρα
492 2674 573 2711 μόνον
605 2673 808 2711 λυτρωσάμενοι
838 2673 898 2705 dvo-

74 2720 253 2757 υπέστριψαν.
272 2719 316 2748 Ἐν
334 2718 363 2746 δὶ
376 2721 410 2756 τῇ
439 2717 603 2757 Προποντίδι
622 2718 787 2756 ,γε-ιόμενος,
815 2716 896 2745 εὐλα-

75 2763 167 2801 ϐηθεὶς
198 2765 237 2802 μή
268 2774 333 2792 ποτε
354 2764 391 2795 ὡς
417 2763 570 2801 ἀποστάτης
597 2764 642 2792 καὶ
669 2762 790 2794 ὕποπτος
817 2775 897 2804 νομι-

953 2274 1062 2300 Verum
1078 2272 1186 2300 Ruselii
1205 2281 1276 2300 uxor
1290 2272 1387 2307 ipsum
1405 2270 1676 2302 redemerat.Quare
1691 2268 1777 2296 missi

953 2317 990 2344 ab
1018 2316 1194 2352 imperatore
1222 2317 1332 2344 Caesare
1356 2315 1451 2343 solum
1477 2314 1629 2349 redempto
1653 2313 1775 2340 rediere.

953 2367 1023 2392 Cum
1046 2373 1112 2393 vero
1136 2365 1171 2393 ad
1190 2365 1393 2401 Propontidem
1409 2363 1599 2400 pervenisset,
1614 2362 1726 2391 veritus
1741 2370 1778 2390 ne

954 2411 1027 2438 forte
1042 2412 1075 2438 ut
1089 2409 1207 2438 rebellis
1222 2412 1251 2437 et
1266 2411 1421 2445 suspectus
1438 2407 1548 2444 aliquid
1565 2407 1635 2436 mali
1648 2409 1677 2435 et
1695 2407 1778 2443 ejus-

953 2454 1067 2482 cemodi
1091 2454 1138 2482 cui
1160 2454 1324 2482 remedium
1350 2453 1479 2481 adhiberi
1497 2461 1555 2480 non
1572 2453 1672 2488 posset
1686 2452 1776 2480 susti-

952 2501 1045 2533 neret,
1060 2499 1195 2535 deposita
1210 2501 1288 2526 veste
1306 2498 1415 2526 usitata
1429 2497 1604 2533 capillisque
1632 2496 1776 2524 detonsis.

954 2543 1164 2572 monachorum
1177 2543 1311 2571 habitum
1325 2542 1432 2577 induit,
1448 2544 1476 2570 et
1485 2542 1526 2570 ita
1537 2541 1587 2569 vili
1603 2541 1778 2569 indumento

953 2588 988 2616 ad
1020 2589 1130 2624 regiam
1160 2596 1190 2616 se
1218 2587 1345 2622 recepit:
1369 2587 1514 2623 exquibus
1537 2586 1676 2614 omnibus
1698 2578 1777 2614 same

953 2633 1061 2661 mentis
1074 2633 1206 2661 homines
1222 2632 1349 2660 divinam
1365 2631 1439 2659 iram
1465 2631 1723 2662 ratiocinabantur,
1748 2633 1778 2659 et

953 2678 1202 2714 quemadmodum
1215 2678 1292 2706 Deus
1303 2677 1375 2713 ipsis
1387 2676 1526 2705 inimicus
1544 2677 1665 2704 etl‘cctus
1681 2676 1776 2704 fuerat

953 2726 1070 2760 propter
1101 2723 1264 2750 divinorum
1282 2722 1486 2750 mandatorum
1516 2729 1550 2748 ac
1566 2722 1774 2757 praceptorum

952 2767 1140 2796 violationem
1157 2770 1184 2796 et
1199 2769 1410 2804 contemptum,
1437 2773 1561 2802 quorum
1586 2764 1642 2793 sibi
1665 2764 1775 2794 conscii
