  <div class='ocr_page' id='page_1' title='image "/cluster/home/n/w/nwhite01/storage/ocr_20150623/122/njp.32101077773016/233.png"; bbox 0 0 1937 3055; ppageno 0'>
   <div class='ocr_carea' id='block_1_1' title="bbox 137 96 197 128">
    <p class='ocr_par' dir='ltr' id='par_1_1' title="bbox 137 96 197 128">
     <span class='ocr_line' id='line_1_1' title="bbox 137 96 197 128; baseline 0 0"><span class='ocrx_word' id='word_1_1' title='bbox 137 96 197 128; x_wconf 72' lang='lat' dir='ltr'>M3</span> 
     </span>
    </p>
   </div>
   <div class='ocr_carea' id='block_1_2' title="bbox 802 97 1190 132">
    <p class='ocr_par' dir='ltr' id='par_1_2' title="bbox 802 97 1190 132">
     <span class='ocr_line' id='line_1_2' title="bbox 802 97 1190 132; baseline -0.01 0"><span class='ocrx_word' id='word_1_2' title='bbox 802 98 967 132; x_wconf 78' lang='lat' dir='ltr'>JOANNIS</span> <span class='ocrx_word' id='word_1_3' title='bbox 989 97 1190 129; x_wconf 73' lang='lat' dir='ltr'>SCYLITZAE</span> 
     </span>
    </p>
   </div>
   <div class='ocr_carea' id='block_1_3' title="bbox 1789 100 1848 130">
    <p class='ocr_par' dir='ltr' id='par_1_3' title="bbox 1789 100 1848 130">
     <span class='ocr_line' id='line_1_3' title="bbox 1789 100 1848 130; baseline 0.017 -1"><span class='ocrx_word' id='word_1_4' title='bbox 1789 100 1848 130; x_wconf 69' lang='grc'>441</span> 
     </span>
    </p>
   </div>
   <div class='ocr_carea' id='block_1_4' title="bbox 137 163 967 204">
    <p class='ocr_par' dir='ltr' id='par_1_4' title="bbox 137 164 964 204">
     <span class='ocr_line' id='line_1_4' title="bbox 137 164 964 204; baseline 0 -12"><span class='ocrx_word' id='word_1_5' title='bbox 137 165 173 193; x_wconf 87' lang='lat' dir='ltr'>ad</span> <span class='ocrx_word' id='word_1_6' title='bbox 197 164 328 201; x_wconf 82' lang='lat' dir='ltr'>ingentia</span> <span class='ocrx_word' id='word_1_7' title='bbox 352 165 429 194; x_wconf 88' lang='lat' dir='ltr'>bella</span> <span class='ocrx_word' id='word_1_8' title='bbox 453 168 480 195; x_wconf 89' lang='lat' dir='ltr'>et</span> <span class='ocrx_word' id='word_1_9' title='bbox 505 167 636 203; x_wconf 89' lang='lat' dir='ltr'>pericula</span> <span class='ocrx_word' id='word_1_10' title='bbox 660 176 718 196; x_wconf 90' lang='lat' dir='ltr'>non</span> <span class='ocrx_word' id='word_1_11' title='bbox 743 167 826 204; x_wconf 88' lang='lat' dir='ltr'>prius</span> <span class='ocrx_word' id='word_1_12' title='bbox 850 165 964 203; x_wconf 88' lang='lat' dir='ltr'>placato</span> 
     </span>
    </p>
   </div>
   <div class='ocr_carea' id='block_1_5' title="bbox 1059 163 1850 204">
    <p class='ocr_par' dir='ltr' id='par_1_5' title="bbox 1059 163 1850 204">
     <span class='ocr_line' id='line_1_5' title="bbox 1059 163 1850 204; baseline 0.003 -13"><span class='ocrx_word' id='word_1_13' title='bbox 1059 163 1096 196; x_wconf 82' lang='grc' dir='ltr'>ιὶς</span> <span class='ocrx_word' id='word_1_14' title='bbox 1122 163 1194 202; x_wconf 80' lang='grc' dir='ltr'>πάθῃ</span> <span class='ocrx_word' id='word_1_15' title='bbox 1221 175 1247 192; x_wconf 88' lang='grc' dir='ltr'>τι</span> <span class='ocrx_word' id='word_1_16' title='bbox 1275 164 1378 204; x_wconf 75' lang='grc' dir='ltr'>φαῦλον</span> <span class='ocrx_word' id='word_1_17' title='bbox 1406 164 1451 193; x_wconf 74' lang='grc' dir='ltr'>καὶ</span> <span class='ocrx_word' id='word_1_18' title='bbox 1479 165 1637 201; x_wconf 79' lang='grc' dir='ltr'>ἀνήκεστον,</span> <span class='ocrx_word' id='word_1_19' title='bbox 1652 165 1702 200; x_wconf 83' lang='grc' dir='ltr'>τήν</span> <span class='ocrx_word' id='word_1_20' title='bbox 1714 165 1850 201; x_wconf 69' lang='grc' dir='ltr'>κοσμικὴν</span> 
     </span>
    </p>
   </div>
   <div class='ocr_carea' id='block_1_6' title="bbox 139 209 966 248">
    <p class='ocr_par' dir='ltr' id='par_1_6' title="bbox 139 209 966 248">
     <span class='ocr_line' id='line_1_6' title="bbox 139 209 966 248; baseline 0.001 -12"><span class='ocrx_word' id='word_1_21' title='bbox 139 209 239 238; x_wconf 84' lang='lat' dir='ltr'>divino</span> <span class='ocrx_word' id='word_1_22' title='bbox 256 209 375 238; x_wconf 77' lang='lat' dir='ltr'>nomine</span> <span class='ocrx_word' id='word_1_23' title='bbox 390 211 537 239; x_wconf 83' lang='lat' dir='ltr'>Romanas</span> <span class='ocrx_word' id='word_1_24' title='bbox 552 212 651 248; x_wconf 87' lang='lat' dir='ltr'>copias</span> <span class='ocrx_word' id='word_1_25' title='bbox 667 213 829 246; x_wconf 86' lang='lat' dir='ltr'>adducunt,</span> <span class='ocrx_word' id='word_1_26' title='bbox 849 213 877 238; x_wconf 84' lang='lat' dir='ltr'>et</span> <span class='ocrx_word' id='word_1_27' title='bbox 899 218 966 238; x_wconf 90' lang='lat' dir='ltr'>cum</span> 
     </span>
    </p>
   </div>
   <div class='ocr_carea' id='block_1_7' title="bbox 139 254 965 292">
    <p class='ocr_par' dir='ltr' id='par_1_7' title="bbox 139 254 965 292">
     <span class='ocr_line' id='line_1_7' title="bbox 139 254 965 292; baseline 0.001 -11"><span class='ocrx_word' id='word_1_28' title='bbox 139 254 216 282; x_wconf 86' lang='lat' dir='ltr'>male</span> <span class='ocrx_word' id='word_1_29' title='bbox 232 255 401 283; x_wconf 78' lang='lat' dir='ltr'>afﬁciantur</span> <span class='ocrx_word' id='word_1_30' title='bbox 415 265 590 292; x_wconf 79' lang='lat' dir='ltr'>semperque</span> <span class='ocrx_word' id='word_1_31' title='bbox 604 257 771 292; x_wconf 75' lang='lat' dir='ltr'>vincantur,</span> <span class='ocrx_word' id='word_1_32' title='bbox 788 265 845 284; x_wconf 91' lang='lat' dir='ltr'>non</span> <span class='ocrx_word' id='word_1_33' title='bbox 866 258 965 283; x_wconf 89' lang='lat' dir='ltr'>tamen</span> 
     </span>
    </p>
   </div>
   <div class='ocr_carea' id='block_1_8' title="bbox 137 299 964 338">
    <p class='ocr_par' dir='ltr' id='par_1_8' title="bbox 137 299 964 338">
     <span class='ocr_line' id='line_1_8' title="bbox 137 299 964 338; baseline 0 -12"><span class='ocrx_word' id='word_1_34' title='bbox 137 299 231 327; x_wconf 88' lang='lat' dir='ltr'>ullum</span> <span class='ocrx_word' id='word_1_35' title='bbox 261 299 366 328; x_wconf 69' lang='lat' dir='ltr'>divina:</span> <span class='ocrx_word' id='word_1_36' title='bbox 396 300 609 337; x_wconf 75' lang='lat' dir='ltr'>indignationis</span> <span class='ocrx_word' id='word_1_37' title='bbox 636 302 803 338; x_wconf 84' lang='lat' dir='ltr'>percipiunt</span> <span class='ocrx_word' id='word_1_38' title='bbox 831 308 964 328; x_wconf 84' lang='lat' dir='ltr'>sensum.</span> 
     </span>
    </p>
   </div>
   <div class='ocr_carea' id='block_1_9' title="bbox 137 343 966 379">
    <p class='ocr_par' dir='ltr' id='par_1_9' title="bbox 137 343 966 379">
     <span class='ocr_line' id='line_1_9' title="bbox 137 343 966 379; baseline 0 -9"><span class='ocrx_word' id='word_1_39' title='bbox 137 343 257 379; x_wconf 79' lang='lat' dir='ltr'>Antiqui</span> <span class='ocrx_word' id='word_1_40' title='bbox 274 352 339 372; x_wconf 91' lang='lat' dir='ltr'>vero</span> <span class='ocrx_word' id='word_1_41' title='bbox 355 345 479 372; x_wconf 77' lang='lat' dir='ltr'>Romani</span> <span class='ocrx_word' id='word_1_42' title='bbox 497 354 553 373; x_wconf 91' lang='lat' dir='ltr'>non</span> <span class='ocrx_word' id='word_1_43' title='bbox 578 346 618 373; x_wconf 88' lang='lat' dir='ltr'>ita</span> <span class='ocrx_word' id='word_1_44' title='bbox 643 346 781 374; x_wconf 79' lang='lat' dir='ltr'>facientes</span> <span class='ocrx_word' id='word_1_45' title='bbox 804 345 966 372; x_wconf 87' lang='lat' dir='ltr'>immensas</span> 
     </span>
    </p>
   </div>
   <div class='ocr_carea' id='block_1_10' title="bbox 141 386 968 425">
    <p class='ocr_par' dir='ltr' id='par_1_10' title="bbox 141 386 968 425">
     <span class='ocr_line' id='line_1_10' title="bbox 141 386 968 425; baseline 0.002 -12"><span class='ocrx_word' id='word_1_46' title='bbox 141 386 208 414; x_wconf 81' lang='lat' dir='ltr'>illas</span> <span class='ocrx_word' id='word_1_47' title='bbox 233 391 262 414; x_wconf 88' lang='lat' dir='ltr'>et</span> <span class='ocrx_word' id='word_1_48' title='bbox 277 396 432 424; x_wconf 84' lang='lat' dir='ltr'>prosperas</span> <span class='ocrx_word' id='word_1_49' title='bbox 453 397 569 425; x_wconf 81' lang='lat' dir='ltr'>pugnas</span> <span class='ocrx_word' id='word_1_50' title='bbox 583 390 771 423; x_wconf 85' lang='lat' dir='ltr'>edebant,sed</span> <span class='ocrx_word' id='word_1_51' title='bbox 788 390 925 416; x_wconf 73' lang='lat' dir='ltr'>virtutem</span> <span class='ocrx_word' id='word_1_52' title='bbox 939 389 968 415; x_wconf 88' lang='lat' dir='ltr'>et</span> 
     </span>
    </p>
   </div>
   <div class='ocr_carea' id='block_1_11' title="bbox 133 431 967 469">
    <p class='ocr_par' dir='ltr' id='par_1_11' title="bbox 133 431 967 469">
     <span class='ocr_line' id='line_1_11' title="bbox 133 431 967 469; baseline 0 -11"><span class='ocrx_word' id='word_1_53' title='bbox 133 431 283 466; x_wconf 80' lang='lat' dir='ltr'>justitiam</span> <span class='ocrx_word' id='word_1_54' title='bbox 298 435 326 460; x_wconf 89' lang='lat' dir='ltr'>et</span> <span class='ocrx_word' id='word_1_55' title='bbox 341 433 515 460; x_wconf 82' lang='lat' dir='ltr'>charitatem</span> <span class='ocrx_word' id='word_1_56' title='bbox 533 435 560 461; x_wconf 89' lang='lat' dir='ltr'>et</span> <span class='ocrx_word' id='word_1_57' title='bbox 576 433 728 462; x_wconf 82' lang='lat' dir='ltr'>veritatem</span> <span class='ocrx_word' id='word_1_58' title='bbox 746 433 926 469; x_wconf 79' lang='lat' dir='ltr'>profitentes,</span> <span class='ocrx_word' id='word_1_59' title='bbox 939 434 967 458; x_wconf 91' lang='lat' dir='ltr'>et</span> 
     </span>
    </p>
   </div>
   <div class='ocr_carea' id='block_1_12' title="bbox 138 476 966 514">
    <p class='ocr_par' dir='ltr' id='par_1_12' title="bbox 138 476 966 514">
     <span class='ocr_line' id='line_1_12' title="bbox 138 476 966 514; baseline 0 -12"><span class='ocrx_word' id='word_1_60' title='bbox 138 476 258 504; x_wconf 91' lang='lat' dir='ltr'><strong>omnino</strong></span> <span class='ocrx_word' id='word_1_61' title='bbox 274 477 373 505; x_wconf 85' lang='lat' dir='ltr'>omnia</span> <span class='ocrx_word' id='word_1_62' title='bbox 401 477 527 505; x_wconf 86' lang='lat' dir='ltr'>bunesta</span> <span class='ocrx_word' id='word_1_63' title='bbox 543 481 571 506; x_wconf 94' lang='lat' dir='ltr'>et</span> <span class='ocrx_word' id='word_1_64' title='bbox 588 479 663 506; x_wconf 87' lang='lat' dir='ltr'>bona</span> <span class='ocrx_word' id='word_1_65' title='bbox 679 486 730 514; x_wconf 88' lang='lat' dir='ltr'>pro</span> <span class='ocrx_word' id='word_1_66' title='bbox 755 477 865 505; x_wconf 91' lang='lat' dir='ltr'>viribus</span> <span class='ocrx_word' id='word_1_67' title='bbox 890 479 966 503; x_wconf 84' lang='lat' dir='ltr'>trac—</span> 
     </span>
    </p>
   </div>
   <div class='ocr_carea' id='block_1_13' title="bbox 136 521 967 557">
    <p class='ocr_par' dir='ltr' id='par_1_13' title="bbox 136 521 967 557">
     <span class='ocr_line' id='line_1_13' title="bbox 136 521 967 557; baseline 0 -10"><span class='ocrx_word' id='word_1_68' title='bbox 136 521 243 555; x_wconf 85' lang='lat' dir='ltr'>tantes;</span> <span class='ocrx_word' id='word_1_69' title='bbox 261 530 352 557; x_wconf 89' lang='lat' dir='ltr'>quare</span> <span class='ocrx_word' id='word_1_70' title='bbox 367 522 456 550; x_wconf 83' lang='lat' dir='ltr'>etiam</span> <span class='ocrx_word' id='word_1_71' title='bbox 473 522 604 550; x_wconf 89' lang='lat' dir='ltr'>divinum</span> <span class='ocrx_word' id='word_1_72' title='bbox 622 531 730 551; x_wconf 88' lang='lat' dir='ltr'>numen</span> <span class='ocrx_word' id='word_1_73' title='bbox 749 522 808 550; x_wconf 85' lang='lat' dir='ltr'>illis</span> <span class='ocrx_word' id='word_1_74' title='bbox 822 521 967 555; x_wconf 86' lang='lat' dir='ltr'>aderat,et</span> 
     </span>
    </p>
   </div>
   <div class='ocr_carea' id='block_1_14' title="bbox 137 566 715 596">
    <p class='ocr_par' dir='ltr' id='par_1_14' title="bbox 137 566 715 596">
     <span class='ocr_line' id='line_1_14' title="bbox 137 566 715 596; baseline 0.005 -3"><span class='ocrx_word' id='word_1_75' title='bbox 137 566 276 594; x_wconf 88' lang='lat' dir='ltr'>omnibus</span> <span class='ocrx_word' id='word_1_76' title='bbox 291 567 387 596; x_wconf 87' lang='lat' dir='ltr'>modis</span> <span class='ocrx_word' id='word_1_77' title='bbox 402 568 503 596; x_wconf 80' lang='lat' dir='ltr'>hostes</span> <span class='ocrx_word' id='word_1_78' title='bbox 519 568 715 596; x_wconf 86' lang='lat' dir='ltr'>debellabant.</span> 
     </span>
    </p>
   </div>
   <div class='ocr_carea' id='block_1_15' title="bbox 1023 205 1850 248">
    <p class='ocr_par' dir='ltr' id='par_1_15' title="bbox 1023 205 1850 248">
     <span class='ocr_line' id='line_1_15' title="bbox 1023 205 1850 248; baseline 0.002 -13"><span class='ocrx_word' id='word_1_79' title='bbox 1023 205 1231 245; x_wconf 78' lang='grc' dir='ltr'>ἆποϐαλόμινος</span> <span class='ocrx_word' id='word_1_80' title='bbox 1269 209 1367 242; x_wconf 70' lang='grc' dir='ltr'>ἐσθῆτα</span> <span class='ocrx_word' id='word_1_81' title='bbox 1405 210 1455 244; x_wconf 80' lang='grc' dir='ltr'>τήν</span> <span class='ocrx_word' id='word_1_82' title='bbox 1492 212 1577 248; x_wconf 80' lang='grc' dir='ltr'>τρίχα</span> <span class='ocrx_word' id='word_1_83' title='bbox 1602 209 1719 246; x_wconf 67' lang='grc' dir='ltr'>κείρεται</span> <span class='ocrx_word' id='word_1_84' title='bbox 1749 209 1850 237; x_wconf 75' lang='grc' dir='ltr'>καὶτὰ</span> 
     </span>
    </p>
   </div>
   <div class='ocr_carea' id='block_1_16' title="bbox 1023 253 1850 292">
    <p class='ocr_par' dir='ltr' id='par_1_16' title="bbox 1023 253 1850 292">
     <span class='ocr_line' id='line_1_16' title="bbox 1023 253 1850 292; baseline 0.004 -13"><span class='ocrx_word' id='word_1_85' title='bbox 1023 255 1152 290; x_wconf 84' lang='grc' dir='ltr'>μοναχῶν</span> <span class='ocrx_word' id='word_1_86' title='bbox 1196 253 1383 292; x_wconf 67' lang='grc' dir='ltr'>ἀμφιέννυται,</span> <span class='ocrx_word' id='word_1_87' title='bbox 1414 255 1458 282; x_wconf 80' lang='lat' dir='ltr'>xai</span> <span class='ocrx_word' id='word_1_88' title='bbox 1503 254 1589 285; x_wconf 73' lang='grc' dir='ltr'>οὕτως</span> <span class='ocrx_word' id='word_1_89' title='bbox 1617 255 1643 281; x_wconf 78' lang='grc' dir='ltr'>ὲν</span> <span class='ocrx_word' id='word_1_90' title='bbox 1676 253 1781 282; x_wconf 75' lang='grc' dir='ltr'>εὐτελεῖ</span> <span class='ocrx_word' id='word_1_91' title='bbox 1809 256 1850 290; x_wconf 82' lang='grc' dir='ltr'>τῷ</span> 
     </span>
    </p>
   </div>
   <div class='ocr_carea' id='block_1_17' title="bbox 1021 297 1849 336">
    <p class='ocr_par' dir='ltr' id='par_1_17' title="bbox 1021 297 1849 336">
     <span class='ocr_line' id='line_1_17' title="bbox 1021 297 1849 336; baseline 0.002 -12"><span class='ocrx_word' id='word_1_92' title='bbox 1021 299 1145 335; x_wconf 69' lang='grc' dir='ltr'>σχήματι</span> <span class='ocrx_word' id='word_1_93' title='bbox 1174 301 1232 328; x_wconf 76' lang='grc' dir='ltr'>τοῖς</span> <span class='ocrx_word' id='word_1_94' title='bbox 1262 299 1412 336; x_wconf 76' lang='grc' dir='ltr'>βασιλείοις</span> <span class='ocrx_word' id='word_1_95' title='bbox 1429 297 1592 336; x_wconf 80' lang='grc' dir='ltr'>παρέϐαλεν.</span> <span class='ocrx_word' id='word_1_96' title='bbox 1611 300 1652 335; x_wconf 80' lang='grc' dir='ltr'>Ἐξ</span> <span class='ocrx_word' id='word_1_97' title='bbox 1668 300 1704 326; x_wconf 82' lang='grc' dir='ltr'>ὧν</span> <span class='ocrx_word' id='word_1_98' title='bbox 1722 299 1849 326; x_wconf 76' lang='grc' dir='ltr'>ἁπάντων</span> 
     </span>
    </p>
   </div>
   <div class='ocr_carea' id='block_1_18' title="bbox 1021 341 1849 381">
    <p class='ocr_par' dir='ltr' id='par_1_18' title="bbox 1021 341 1849 381">
     <span class='ocr_line' id='line_1_18' title="bbox 1021 341 1849 381; baseline 0.002 -13"><span class='ocrx_word' id='word_1_99' title='bbox 1021 342 1046 369; x_wconf 74' lang='grc' dir='ltr'>οἳ</span> <span class='ocrx_word' id='word_1_100' title='bbox 1063 341 1091 369; x_wconf 80' lang='grc' dir='ltr'>εὖ</span> <span class='ocrx_word' id='word_1_101' title='bbox 1115 345 1277 381; x_wconf 72' lang='grc' dir='ltr'>φρονοῦντες</span> <span class='ocrx_word' id='word_1_102' title='bbox 1306 344 1355 377; x_wconf 80' lang='grc' dir='ltr'>τήν</span> <span class='ocrx_word' id='word_1_103' title='bbox 1384 344 1526 380; x_wconf 55' lang='grc' dir='ltr'>θιομηνίαι.</span> <span class='ocrx_word' id='word_1_104' title='bbox 1558 344 1774 381; x_wconf 74' lang='grc' dir='ltr'>συνελογίζοντο,</span> <span class='ocrx_word' id='word_1_105' title='bbox 1801 343 1849 370; x_wconf 83' lang='grc' dir='ltr'>καὶ</span> 
     </span>
    </p>
   </div>
   <div class='ocr_carea' id='block_1_19' title="bbox 1021 386 1848 424">
    <p class='ocr_par' dir='ltr' id='par_1_19' title="bbox 1021 386 1848 424">
     <span class='ocr_line' id='line_1_19' title="bbox 1021 386 1848 424; baseline 0.005 -12"><span class='ocrx_word' id='word_1_106' title='bbox 1021 386 1096 417; x_wconf 77' lang='grc' dir='ltr'>ὅπως</span> <span class='ocrx_word' id='word_1_107' title='bbox 1122 387 1214 418; x_wconf 80' lang='grc' dir='ltr'>αὐτοῖς</span> <span class='ocrx_word' id='word_1_108' title='bbox 1243 388 1274 415; x_wconf 88' lang='grc' dir='ltr'>τὸ</span> <span class='ocrx_word' id='word_1_109' title='bbox 1301 391 1377 416; x_wconf 77' lang='grc' dir='ltr'>Θιῖον</span> <span class='ocrx_word' id='word_1_110' title='bbox 1407 388 1633 424; x_wconf 68' lang='grc' dir='ltr'>ἕκπεπολέμωται</span> <span class='ocrx_word' id='word_1_111' title='bbox 1669 388 1713 416; x_wconf 71' lang='grc' dir='ltr'>διὰ</span> <span class='ocrx_word' id='word_1_112' title='bbox 1726 389 1776 423; x_wconf 70' lang='grc' dir='ltr'>τὴν</span> <span class='ocrx_word' id='word_1_113' title='bbox 1792 391 1848 416; x_wconf 80' lang='grc' dir='ltr'>τῶν</span> 
     </span>
    </p>
   </div>
   <div class='ocr_carea' id='block_1_20' title="bbox 1021 431 1849 471">
    <p class='ocr_par' dir='ltr' id='par_1_20' title="bbox 1021 431 1849 471">
     <span class='ocr_line' id='line_1_20' title="bbox 1021 431 1849 471; baseline 0.002 -13"><span class='ocrx_word' id='word_1_114' title='bbox 1021 431 1098 458; x_wconf 76' lang='grc' dir='ltr'>θείων</span> <span class='ocrx_word' id='word_1_115' title='bbox 1141 431 1259 460; x_wconf 82' lang='grc' dir='ltr'>ἐντολῶν</span> <span class='ocrx_word' id='word_1_116' title='bbox 1294 433 1338 460; x_wconf 72' lang='grc' dir='ltr'>καὶ</span> <span class='ocrx_word' id='word_1_117' title='bbox 1386 433 1562 469; x_wconf 77' lang='grc' dir='ltr'>ἐνταλμάτων</span> <span class='ocrx_word' id='word_1_118' title='bbox 1608 434 1757 471; x_wconf 73' lang='grc' dir='ltr'>παρόρασιν</span> <span class='ocrx_word' id='word_1_119' title='bbox 1802 432 1849 460; x_wconf 86' lang='grc' dir='ltr'>καὶ</span> 
     </span>
    </p>
   </div>
   <div class='ocr_carea' id='block_1_21' title="bbox 1021 475 1851 515">
    <p class='ocr_par' dir='ltr' id='par_1_21' title="bbox 1021 475 1851 515">
     <span class='ocr_line' id='line_1_21' title="bbox 1021 475 1851 515; baseline 0.001 -13"><span class='ocrx_word' id='word_1_120' title='bbox 1021 475 1158 511; x_wconf 74' lang='grc' dir='ltr'>ἀθέτησιν,</span> <span class='ocrx_word' id='word_1_121' title='bbox 1188 477 1219 508; x_wconf 79' lang='grc' dir='ltr'>ἃς</span> <span class='ocrx_word' id='word_1_122' title='bbox 1259 477 1354 515; x_wconf 88' lang='grc' dir='ltr'>καίπερ</span> <span class='ocrx_word' id='word_1_123' title='bbox 1397 478 1504 509; x_wconf 75' lang='grc' dir='ltr'>ἑαυτοῖς</span> <span class='ocrx_word' id='word_1_124' title='bbox 1545 479 1766 514; x_wconf 71' lang='grc' dir='ltr'>συνεπιστάμενοι</span> <span class='ocrx_word' id='word_1_125' title='bbox 1810 478 1851 509; x_wconf 85' lang='grc' dir='ltr'>εἷς</span> 
     </span>
    </p>
   </div>
   <div class='ocr_carea' id='block_1_22' title="bbox 1021 519 1850 559">
    <p class='ocr_par' dir='ltr' id='par_1_22' title="bbox 1021 519 1850 559">
     <span class='ocr_line' id='line_1_22' title="bbox 1021 519 1850 559; baseline 0.004 -13"><span class='ocrx_word' id='word_1_126' title='bbox 1021 519 1161 556; x_wconf 69' lang='grc' dir='ltr'>πολέμους</span> <span class='ocrx_word' id='word_1_127' title='bbox 1179 520 1314 558; x_wconf 75' lang='grc' dir='ltr'>μεγάλους</span> <span class='ocrx_word' id='word_1_128' title='bbox 1338 522 1383 549; x_wconf 85' lang='grc' dir='ltr'>καὶ</span> <span class='ocrx_word' id='word_1_129' title='bbox 1407 521 1558 553; x_wconf 65' lang='grc' dir='ltr'>κινδύνους.</span> <span class='ocrx_word' id='word_1_130' title='bbox 1577 523 1614 558; x_wconf 81' lang='grc' dir='ltr'>μὴ</span> <span class='ocrx_word' id='word_1_131' title='bbox 1639 522 1770 559; x_wconf 80' lang='grc' dir='ltr'>πρότερον</span> <span class='ocrx_word' id='word_1_132' title='bbox 1801 521 1850 548; x_wconf 83' lang='grc' dir='ltr'>τὸν</span> 
     </span>
    </p>
   </div>
   <div class='ocr_carea' id='block_1_23' title="bbox 1021 563 1850 603">
    <p class='ocr_par' dir='ltr' id='par_1_23' title="bbox 1021 563 1850 603">
     <span class='ocr_line' id='line_1_23' title="bbox 1021 563 1850 603; baseline 0.008 -13"><span class='ocrx_word' id='word_1_133' title='bbox 1021 564 1086 592; x_wconf 81' lang='grc' dir='ltr'>Θεὸν</span> <span class='ocrx_word' id='word_1_134' title='bbox 1129 563 1322 601; x_wconf 72' lang='grc' dir='ltr'>ἱλεωσάμενοι,</span> <span class='ocrx_word' id='word_1_135' title='bbox 1347 567 1394 596; x_wconf 70' lang='grc' dir='ltr'>τὰς</span> <span class='ocrx_word' id='word_1_136' title='bbox 1424 567 1580 603; x_wconf 72' lang='grc' dir='ltr'>Ῥωμαϊκὰς</span> <span class='ocrx_word' id='word_1_137' title='bbox 1622 565 1748 603; x_wconf 70' lang='grc' dir='ltr'>δυνάμεις</span> <span class='ocrx_word' id='word_1_138' title='bbox 1791 565 1850 592; x_wconf 77' lang='grc' dir='ltr'>ιῖσ-</span> 
     </span>
    </p>
   </div>
   <div class='ocr_carea' id='block_1_24' title="bbox 138 606 1850 649">
    <p class='ocr_par' dir='ltr' id='par_1_24' title="bbox 138 606 1850 649">
     <span class='ocr_line' id='line_1_24' title="bbox 138 606 1850 649; baseline 0.001 -13"><span class='ocrx_word' id='word_1_139' title='bbox 138 610 243 646; x_wconf 82' lang='grc' dir='ltr'>ἀγουσι,</span> <span class='ocrx_word' id='word_1_140' title='bbox 267 610 312 638; x_wconf 85' lang='grc' dir='ltr'>καὶ</span> <span class='ocrx_word' id='word_1_141' title='bbox 341 612 491 649; x_wconf 76' lang='grc' dir='ltr'>πάσχοντες</span> <span class='ocrx_word' id='word_1_142' title='bbox 518 614 608 643; x_wconf 83' lang='grc' dir='ltr'>κακῶς</span> <span class='ocrx_word' id='word_1_143' title='bbox 634 613 680 639; x_wconf 88' lang='grc' dir='ltr'>καὶ</span> <span class='ocrx_word' id='word_1_144' title='bbox 710 612 865 647; x_wconf 76' lang='grc' dir='ltr'>ἡττώμενοι</span> <span class='ocrx_word' id='word_1_145' title='bbox 894 607 1011 648; x_wconf 78' lang='grc' dir='ltr'>ἀφειδῶς</span> <span class='ocrx_word' id='word_1_146' title='bbox 1039 606 1162 644; x_wconf 71' lang='grc' dir='ltr'>αἶ’σθησιν</span> <span class='ocrx_word' id='word_1_147' title='bbox 1192 609 1222 636; x_wconf 81' lang='grc' dir='ltr'>οὐ</span> <span class='ocrx_word' id='word_1_148' title='bbox 1253 608 1424 646; x_wconf 74' lang='grc' dir='ltr'>λαμϐάνουσι</span> <span class='ocrx_word' id='word_1_149' title='bbox 1449 615 1498 646; x_wconf 77' lang='grc' dir='ltr'>τῆς</span> <span class='ocrx_word' id='word_1_150' title='bbox 1526 613 1574 638; x_wconf 82' lang='grc' dir='ltr'>τοῦ</span> <span class='ocrx_word' id='word_1_151' title='bbox 1601 611 1674 643; x_wconf 78' lang='grc' dir='ltr'>θείου</span> <span class='ocrx_word' id='word_1_152' title='bbox 1699 611 1850 648; x_wconf 68' lang='grc' dir='ltr'>νεμέσεως,</span> 
     </span>
    </p>
   </div>
   <div class='ocr_carea' id='block_1_25' title="bbox 137 650 1851 694">
    <p class='ocr_par' dir='ltr' id='par_1_25' title="bbox 137 650 1851 694">
     <span class='ocr_line' id='line_1_25' title="bbox 137 650 1851 694; baseline 0.001 -13"><span class='ocrx_word' id='word_1_153' title='bbox 137 654 170 682; x_wconf 76' lang='grc' dir='ltr'>Οἱ</span> <span class='ocrx_word' id='word_1_154' title='bbox 210 653 239 682; x_wconf 72' lang='grc' dir='ltr'>δὲ</span> <span class='ocrx_word' id='word_1_155' title='bbox 276 655 361 683; x_wconf 87' lang='grc' dir='ltr'>πάλαι</span> <span class='ocrx_word' id='word_1_156' title='bbox 395 657 530 692; x_wconf 81' lang='grc' dir='ltr'>Ῥωμαῖοι</span> <span class='ocrx_word' id='word_1_157' title='bbox 569 657 623 694; x_wconf 80' lang='grc' dir='ltr'>οὐχ</span> <span class='ocrx_word' id='word_1_158' title='bbox 658 656 729 684; x_wconf 73' lang='grc' dir='ltr'>οὕτω</span> <span class='ocrx_word' id='word_1_159' title='bbox 764 657 904 685; x_wconf 74' lang='grc' dir='ltr'>ποιοῦντες</span> <span class='ocrx_word' id='word_1_160' title='bbox 939 655 988 685; x_wconf 73' lang='grc' dir='ltr'>τὰς</span> <span class='ocrx_word' id='word_1_161' title='bbox 1026 650 1142 692; x_wconf 70' lang='grc' dir='ltr'>φοϐερὰς</span> <span class='ocrx_word' id='word_1_162' title='bbox 1181 653 1283 686; x_wconf 79' lang='grc' dir='ltr'>ἐκείνας</span> <span class='ocrx_word' id='word_1_163' title='bbox 1315 655 1359 682; x_wconf 83' lang='grc' dir='ltr'>καὶ</span> <span class='ocrx_word' id='word_1_164' title='bbox 1390 655 1523 692; x_wconf 76' lang='grc' dir='ltr'>ᾀδομένοις</span> <span class='ocrx_word' id='word_1_165' title='bbox 1549 655 1710 693; x_wconf 81' lang='grc' dir='ltr'>στρατηγίας</span> <span class='ocrx_word' id='word_1_166' title='bbox 1738 655 1851 693; x_wconf 85' lang='grc' dir='ltr'>κατώρ-</span> 
     </span>
    </p>
   </div>
   <div class='ocr_carea' id='block_1_26' title="bbox 139 696 1850 739">
    <p class='ocr_par' dir='ltr' id='par_1_26' title="bbox 139 696 1850 739">
     <span class='ocr_line' id='line_1_26' title="bbox 139 696 1850 739; baseline 0.001 -13"><span class='ocrx_word' id='word_1_167' title='bbox 139 705 214 735; x_wconf 75' lang='grc' dir='ltr'>θουν,</span> <span class='ocrx_word' id='word_1_168' title='bbox 248 700 346 738; x_wconf 81' lang='grc' dir='ltr'>ἀρετῆς</span> <span class='ocrx_word' id='word_1_169' title='bbox 375 699 403 728; x_wconf 67' lang='grc' dir='ltr'>δὲ</span> <span class='ocrx_word' id='word_1_170' title='bbox 429 701 473 728; x_wconf 83' lang='grc' dir='ltr'>καὶ</span> <span class='ocrx_word' id='word_1_171' title='bbox 501 700 675 737; x_wconf 79' lang='grc' dir='ltr'>δικαιοσύνης</span> <span class='ocrx_word' id='word_1_172' title='bbox 703 702 746 729; x_wconf 81' lang='grc' dir='ltr'>καὶ</span> <span class='ocrx_word' id='word_1_173' title='bbox 768 701 875 739; x_wconf 78' lang='grc' dir='ltr'>ἀγάπης</span> <span class='ocrx_word' id='word_1_174' title='bbox 904 698 949 725; x_wconf 83' lang='grc' dir='ltr'>καὶ</span> <span class='ocrx_word' id='word_1_175' title='bbox 979 696 1108 732; x_wconf 79' lang='grc' dir='ltr'>ἀληθείας</span> <span class='ocrx_word' id='word_1_176' title='bbox 1136 697 1368 736; x_wconf 79' lang='grc' dir='ltr'>ἀντιποιούμενοι,</span> <span class='ocrx_word' id='word_1_177' title='bbox 1398 700 1442 727; x_wconf 87' lang='grc' dir='ltr'>καὶ</span> <span class='ocrx_word' id='word_1_178' title='bbox 1480 699 1574 731; x_wconf 80' lang='grc' dir='ltr'>ἁπλῶς</span> <span class='ocrx_word' id='word_1_179' title='bbox 1606 703 1658 728; x_wconf 80' lang='grc' dir='ltr'>πᾶν</span> <span class='ocrx_word' id='word_1_180' title='bbox 1688 699 1772 727; x_wconf 84' lang='grc' dir='ltr'>καλὸν</span> <span class='ocrx_word' id='word_1_181' title='bbox 1802 701 1850 727; x_wconf 80' lang='grc' dir='ltr'>καὶ</span> 
     </span>
    </p>
   </div>
   <div class='ocr_carea' id='block_1_27' title="bbox 139 743 1850 784">
    <p class='ocr_par' dir='ltr' id='par_1_27' title="bbox 139 743 1850 784">
     <span class='ocr_line' id='line_1_27' title="bbox 139 743 1850 784; baseline 0.001 -13"><span class='ocrx_word' id='word_1_182' title='bbox 139 743 240 781; x_wconf 73' lang='grc' dir='ltr'>ἀγαθὸν</span> <span class='ocrx_word' id='word_1_183' title='bbox 265 745 302 775; x_wconf 81' lang='grc' dir='ltr'>ὡς</span> <span class='ocrx_word' id='word_1_184' title='bbox 333 744 443 774; x_wconf 79' lang='grc' dir='ltr'>δυνατὸν</span> <span class='ocrx_word' id='word_1_185' title='bbox 475 746 686 784; x_wconf 77' lang='grc' dir='ltr'>μιτιρχόμενοι“</span> <span class='ocrx_word' id='word_1_186' title='bbox 705 745 748 773; x_wconf 80' lang='grc' dir='ltr'>διὸ</span> <span class='ocrx_word' id='word_1_187' title='bbox 777 745 821 772; x_wconf 88' lang='grc' dir='ltr'>καὶ</span> <span class='ocrx_word' id='word_1_188' title='bbox 846 745 877 772; x_wconf 81' lang='grc' dir='ltr'>τὸ</span> <span class='ocrx_word' id='word_1_189' title='bbox 906 745 983 770; x_wconf 81' lang='grc' dir='ltr'>Θεῖον</span> <span class='ocrx_word' id='word_1_190' title='bbox 1013 746 1158 780; x_wconf 80' lang='grc' dir='ltr'>συμπαρῆν</span> <span class='ocrx_word' id='word_1_191' title='bbox 1187 743 1290 778; x_wconf 71' lang='grc' dir='ltr'>αὐτοῖς,</span> <span class='ocrx_word' id='word_1_192' title='bbox 1320 745 1364 772; x_wconf 73' lang='grc' dir='ltr'>καὶ</span> <span class='ocrx_word' id='word_1_193' title='bbox 1393 744 1473 772; x_wconf 86' lang='grc' dir='ltr'>παντὶ</span> <span class='ocrx_word' id='word_1_194' title='bbox 1498 745 1593 781; x_wconf 79' lang='grc' dir='ltr'>τρόπῳ</span> <span class='ocrx_word' id='word_1_195' title='bbox 1621 744 1684 775; x_wconf 79' lang='grc' dir='ltr'>τοὺς</span> <span class='ocrx_word' id='word_1_196' title='bbox 1709 743 1850 776; x_wconf 60' lang='grc' dir='ltr'>ἔναντίους</span> 
     </span>
    </p>
   </div>
   <div class='ocr_carea' id='block_1_28' title="bbox 139 789 368 827">
    <p class='ocr_par' dir='ltr' id='par_1_28' title="bbox 139 789 368 827">
     <span class='ocr_line' id='line_1_28' title="bbox 139 789 368 827; baseline 0.013 -12"><span class='ocrx_word' id='word_1_197' title='bbox 139 798 207 823; x_wconf 82' lang='grc' dir='ltr'>κατη</span> <span class='ocrx_word' id='word_1_198' title='bbox 211 789 277 827; x_wconf 86' lang='grc' dir='ltr'>γωνί</span> <span class='ocrx_word' id='word_1_199' title='bbox 283 791 368 824; x_wconf 84' lang='grc' dir='ltr'>ζοντο.</span> 
     </span>
    </p>
   </div>
   <div class='ocr_carea' id='block_1_29' title="bbox 177 841 967 882">
    <p class='ocr_par' dir='ltr' id='par_1_29' title="bbox 177 843 964 881">
     <span class='ocr_line' id='line_1_29' title="bbox 177 843 964 881; baseline -0.003 -9"><span class='ocrx_word' id='word_1_200' title='bbox 177 845 252 872; x_wconf 75' lang='grc'>718</span> <span class='ocrx_word' id='word_1_201' title='bbox 279 845 413 881; x_wconf 83' lang='lat' dir='ltr'>Ingresso</span> <span class='ocrx_word' id='word_1_202' title='bbox 443 848 541 874; x_wconf 89' lang='lat' dir='ltr'>autem</span> <span class='ocrx_word' id='word_1_203' title='bbox 569 847 690 880; x_wconf 64' lang='lat' dir='ltr'>Caesare,</span> <span class='ocrx_word' id='word_1_204' title='bbox 719 845 800 873; x_wconf 86' lang='lat' dir='ltr'>visus</span> <span class='ocrx_word' id='word_1_205' title='bbox 836 846 882 872; x_wconf 85' lang='lat' dir='ltr'>est</span> <span class='ocrx_word' id='word_1_206' title='bbox 917 843 964 878; x_wconf 87' lang='lat' dir='ltr'>qui</span> 
     </span>
    </p>
   </div>
   <div class='ocr_carea' id='block_1_30' title="bbox 1059 841 1847 882">
    <p class='ocr_par' dir='ltr' id='par_1_30' title="bbox 1059 841 1847 882">
     <span class='ocr_line' id='line_1_30' title="bbox 1059 841 1847 882; baseline 0.004 -14"><span class='ocrx_word' id='word_1_207' title='bbox 1059 841 1235 874; x_wconf 72' lang='grc' dir='ltr'>Εἰσελθόντος</span> <span class='ocrx_word' id='word_1_208' title='bbox 1260 841 1288 870; x_wconf 71' lang='grc' dir='ltr'>δὲ</span> <span class='ocrx_word' id='word_1_209' title='bbox 1316 845 1364 870; x_wconf 80' lang='grc' dir='ltr'>τοῦ</span> <span class='ocrx_word' id='word_1_210' title='bbox 1393 844 1526 882; x_wconf 83' lang='grc' dir='ltr'>Καίσαρος</span> <span class='ocrx_word' id='word_1_211' title='bbox 1550 842 1624 881; x_wconf 72' lang='grc' dir='ltr'>ἔδοξε</span> <span class='ocrx_word' id='word_1_212' title='bbox 1649 845 1695 880; x_wconf 79' lang='grc' dir='ltr'>μὲν</span> <span class='ocrx_word' id='word_1_213' title='bbox 1710 845 1724 872; x_wconf 86' lang='grc' dir='ltr'>ὁ</span> <span class='ocrx_word' id='word_1_214' title='bbox 1739 845 1847 882; x_wconf 84' lang='grc' dir='ltr'>κρατῶν</span> 
     </span>
    </p>
   </div>
   <div class='ocr_carea' id='block_1_31' title="bbox 144 888 967 926">
    <p class='ocr_par' dir='ltr' id='par_1_31' title="bbox 144 888 967 926">
     <span class='ocr_line' id='line_1_31' title="bbox 144 888 967 926; baseline -0.001 -10"><span class='ocrx_word' id='word_1_215' title='bbox 144 888 309 925; x_wconf 83' lang='lat' dir='ltr'>imperabat</span> <span class='ocrx_word' id='word_1_216' title='bbox 322 890 422 918; x_wconf 86' lang='lat' dir='ltr'>omnia</span> <span class='ocrx_word' id='word_1_217' title='bbox 437 890 603 926; x_wconf 81' lang='lat' dir='ltr'>perfecisse.</span> <span class='ocrx_word' id='word_1_218' title='bbox 619 891 672 918; x_wconf 89' lang='lat' dir='ltr'>Sed</span> <span class='ocrx_word' id='word_1_219' title='bbox 689 890 876 919; x_wconf 77' lang='lat' dir='ltr'>cruciabatur</span> <span class='ocrx_word' id='word_1_220' title='bbox 890 889 967 924; x_wconf 93' lang='lat' dir='ltr'>quod</span> 
     </span>
    </p>
   </div>
   <div class='ocr_carea' id='block_1_32' title="bbox 144 933 967 970">
    <p class='ocr_par' dir='ltr' id='par_1_32' title="bbox 144 933 967 970">
     <span class='ocr_line' id='line_1_32' title="bbox 144 933 967 970; baseline 0 -9"><span class='ocrx_word' id='word_1_221' title='bbox 144 933 256 962; x_wconf 77' lang='lat' dir='ltr'>Ruselii</span> <span class='ocrx_word' id='word_1_222' title='bbox 270 934 426 962; x_wconf 85' lang='lat' dir='ltr'>consilium</span> <span class='ocrx_word' id='word_1_223' title='bbox 444 944 501 963; x_wconf 88' lang='lat' dir='ltr'>non</span> <span class='ocrx_word' id='word_1_224' title='bbox 518 937 712 963; x_wconf 86' lang='lat' dir='ltr'>successerat.</span> <span class='ocrx_word' id='word_1_225' title='bbox 730 935 801 962; x_wconf 86' lang='lat' dir='ltr'>Nam</span> <span class='ocrx_word' id='word_1_226' title='bbox 830 936 967 970; x_wconf 81' lang='lat' dir='ltr'>cognato-</span> 
     </span>
    </p>
   </div>
   <div class='ocr_carea' id='block_1_33' title="bbox 143 978 967 1016">
    <p class='ocr_par' dir='ltr' id='par_1_33' title="bbox 143 978 967 1016">
     <span class='ocr_line' id='line_1_33' title="bbox 143 978 967 1016; baseline 0 -11"><span class='ocrx_word' id='word_1_227' title='bbox 143 986 209 1006; x_wconf 87' lang='lat' dir='ltr'>rum</span> <span class='ocrx_word' id='word_1_228' title='bbox 243 978 376 1012; x_wconf 86' lang='lat' dir='ltr'>exitium,</span> <span class='ocrx_word' id='word_1_229' title='bbox 405 979 593 1008; x_wconf 83' lang='lat' dir='ltr'>amissionem</span> <span class='ocrx_word' id='word_1_230' title='bbox 627 980 755 1016; x_wconf 84' lang='lat' dir='ltr'>imperii,</span> <span class='ocrx_word' id='word_1_231' title='bbox 785 978 967 1007; x_wconf 83' lang='lat' dir='ltr'>Christianos</span> 
     </span>
    </p>
   </div>
   <div class='ocr_carea' id='block_1_34' title="bbox 140 1022 967 1059">
    <p class='ocr_par' dir='ltr' id='par_1_34' title="bbox 140 1022 967 1059">
     <span class='ocr_line' id='line_1_34' title="bbox 140 1022 967 1059; baseline -0.001 -9"><span class='ocrx_word' id='word_1_232' title='bbox 140 1022 244 1054; x_wconf 81' lang='lat' dir='ltr'>occidi.</span> <span class='ocrx_word' id='word_1_233' title='bbox 259 1023 339 1051; x_wconf 88' lang='lat' dir='ltr'>vicos</span> <span class='ocrx_word' id='word_1_234' title='bbox 354 1024 488 1051; x_wconf 88' lang='lat' dir='ltr'>comburi</span> <span class='ocrx_word' id='word_1_235' title='bbox 505 1027 532 1052; x_wconf 89' lang='lat' dir='ltr'>et</span> <span class='ocrx_word' id='word_1_236' title='bbox 549 1024 680 1059; x_wconf 76' lang='lat' dir='ltr'>regiones</span> <span class='ocrx_word' id='word_1_237' title='bbox 694 1024 782 1052; x_wconf 91' lang='lat' dir='ltr'>everti</span> <span class='ocrx_word' id='word_1_238' title='bbox 805 1022 967 1059; x_wconf 83' lang='lat' dir='ltr'>posteriora</span> 
     </span>
    </p>
   </div>
   <div class='ocr_carea' id='block_1_35' title="bbox 137 1066 965 1104">
    <p class='ocr_par' dir='ltr' id='par_1_35' title="bbox 137 1066 965 1104">
     <span class='ocr_line' id='line_1_35' title="bbox 137 1066 965 1104; baseline -0.001 -10"><span class='ocrx_word' id='word_1_239' title='bbox 137 1066 273 1095; x_wconf 82' lang='lat' dir='ltr'>ducebat.</span> <span class='ocrx_word' id='word_1_240' title='bbox 303 1067 440 1095; x_wconf 83' lang='lat' dir='ltr'>Ruselius</span> <span class='ocrx_word' id='word_1_241' title='bbox 467 1070 565 1096; x_wconf 85' lang='lat' dir='ltr'>autem</span> <span class='ocrx_word' id='word_1_242' title='bbox 593 1077 628 1096; x_wconf 86' lang='lat' dir='ltr'>ex</span> <span class='ocrx_word' id='word_1_243' title='bbox 662 1068 770 1104; x_wconf 91' lang='lat' dir='ltr'>oppido</span> <span class='ocrx_word' id='word_1_244' title='bbox 807 1067 965 1095; x_wconf 85' lang='lat' dir='ltr'>Metaboles</span> 
     </span>
    </p>
   </div>
   <div class='ocr_carea' id='block_1_36' title="bbox 137 1111 965 1148">
    <p class='ocr_par' dir='ltr' id='par_1_36' title="bbox 137 1111 965 1148">
     <span class='ocr_line' id='line_1_36' title="bbox 137 1111 965 1148; baseline -0.001 -9"><span class='ocrx_word' id='word_1_245' title='bbox 137 1111 290 1147; x_wconf 79' lang='lat' dir='ltr'>profectus</span> <span class='ocrx_word' id='word_1_246' title='bbox 319 1120 386 1140; x_wconf 89' lang='lat' dir='ltr'>cum</span> <span class='ocrx_word' id='word_1_247' title='bbox 411 1113 452 1140; x_wconf 90' lang='lat' dir='ltr'>ita</span> <span class='ocrx_word' id='word_1_248' title='bbox 478 1113 598 1141; x_wconf 78' lang='lat' dir='ltr'>Francis</span> <span class='ocrx_word' id='word_1_249' title='bbox 623 1113 769 1141; x_wconf 89' lang='lat' dir='ltr'>militibus</span> <span class='ocrx_word' id='word_1_250' title='bbox 796 1114 846 1148; x_wconf 89' lang='lat' dir='ltr'>qui</span> <span class='ocrx_word' id='word_1_251' title='bbox 872 1111 965 1139; x_wconf 86' lang='lat' dir='ltr'>relicti</span> 
     </span>
    </p>
   </div>
   <div class='ocr_carea' id='block_1_37' title="bbox 140 1157 966 1193">
    <p class='ocr_par' dir='ltr' id='par_1_37' title="bbox 140 1157 966 1193">
     <span class='ocr_line' id='line_1_37' title="bbox 140 1157 966 1193; baseline 0 -9"><span class='ocrx_word' id='word_1_252' title='bbox 140 1157 266 1192; x_wconf 84' lang='lat' dir='ltr'>fuerant,</span> <span class='ocrx_word' id='word_1_253' title='bbox 288 1161 315 1186; x_wconf 89' lang='lat' dir='ltr'>et</span> <span class='ocrx_word' id='word_1_254' title='bbox 345 1166 434 1186; x_wconf 82' lang='lat' dir='ltr'>uxore</span> <span class='ocrx_word' id='word_1_255' title='bbox 458 1167 491 1186; x_wconf 88' lang='lat' dir='ltr'>ac</span> <span class='ocrx_word' id='word_1_256' title='bbox 522 1158 624 1186; x_wconf 89' lang='lat' dir='ltr'>liberis</span> <span class='ocrx_word' id='word_1_257' title='bbox 653 1162 682 1187; x_wconf 90' lang='lat' dir='ltr'>et</span> <span class='ocrx_word' id='word_1_258' title='bbox 710 1158 795 1186; x_wconf 86' lang='lat' dir='ltr'>bonis</span> <span class='ocrx_word' id='word_1_259' title='bbox 824 1158 886 1186; x_wconf 91' lang='lat' dir='ltr'>suis</span> <span class='ocrx_word' id='word_1_260' title='bbox 915 1165 966 1193; x_wconf 90' lang='lat' dir='ltr'>per</span> 
     </span>
    </p>
   </div>
   <div class='ocr_carea' id='block_1_38' title="bbox 141 1201 966 1238">
    <p class='ocr_par' dir='ltr' id='par_1_38' title="bbox 141 1201 966 1238">
     <span class='ocr_line' id='line_1_38' title="bbox 141 1201 966 1238; baseline -0.001 -9"><span class='ocrx_word' id='word_1_261' title='bbox 141 1201 268 1229; x_wconf 89' lang='lat' dir='ltr'>mediam</span> <span class='ocrx_word' id='word_1_262' title='bbox 285 1202 432 1238; x_wconf 82' lang='lat' dir='ltr'>regionem</span> <span class='ocrx_word' id='word_1_263' title='bbox 449 1203 512 1230; x_wconf 89' lang='lat' dir='ltr'>sine</span> <span class='ocrx_word' id='word_1_264' title='bbox 529 1205 609 1230; x_wconf 88' lang='lat' dir='ltr'>metu</span> <span class='ocrx_word' id='word_1_265' title='bbox 626 1204 705 1237; x_wconf 85' lang='lat' dir='ltr'>ibat;</span> <span class='ocrx_word' id='word_1_266' title='bbox 723 1211 850 1238; x_wconf 89' lang='lat' dir='ltr'>cumque</span> <span class='ocrx_word' id='word_1_267' title='bbox 865 1202 899 1229; x_wconf 84' lang='lat' dir='ltr'>ad</span> <span class='ocrx_word' id='word_1_268' title='bbox 916 1203 966 1229; x_wconf 88' lang='lat' dir='ltr'>Ar-</span> 
     </span>
    </p>
   </div>
   <div class='ocr_carea' id='block_1_39' title="bbox 141 1246 964 1283">
    <p class='ocr_par' dir='ltr' id='par_1_39' title="bbox 141 1246 964 1283">
     <span class='ocr_line' id='line_1_39' title="bbox 141 1246 964 1283; baseline 0 -10"><span class='ocrx_word' id='word_1_269' title='bbox 141 1246 344 1274; x_wconf 82' lang='lat' dir='ltr'>meniacorum</span> <span class='ocrx_word' id='word_1_270' title='bbox 371 1248 520 1283; x_wconf 80' lang='lat' dir='ltr'>regionem</span> <span class='ocrx_word' id='word_1_271' title='bbox 537 1248 728 1283; x_wconf 85' lang='lat' dir='ltr'>pervenisset,</span> <span class='ocrx_word' id='word_1_272' title='bbox 744 1247 779 1274; x_wconf 86' lang='lat' dir='ltr'>ad</span> <span class='ocrx_word' id='word_1_273' title='bbox 794 1255 848 1275; x_wconf 80' lang='lat' dir='ltr'>sua</span> <span class='ocrx_word' id='word_1_274' title='bbox 867 1247 964 1282; x_wconf 86' lang='lat' dir='ltr'>priora</span> 
     </span>
    </p>
   </div>
   <div class='ocr_carea' id='block_1_40' title="bbox 140 1291 966 1328">
    <p class='ocr_par' dir='ltr' id='par_1_40' title="bbox 140 1291 966 1328">
     <span class='ocr_line' id='line_1_40' title="bbox 140 1291 966 1328; baseline 0 -10"><span class='ocrx_word' id='word_1_275' title='bbox 140 1293 237 1319; x_wconf 85' lang='lat' dir='ltr'>castra</span> <span class='ocrx_word' id='word_1_276' title='bbox 252 1300 282 1319; x_wconf 88' lang='lat' dir='ltr'>se</span> <span class='ocrx_word' id='word_1_277' title='bbox 298 1291 414 1328; x_wconf 86' lang='lat' dir='ltr'>recepit,</span> <span class='ocrx_word' id='word_1_278' title='bbox 431 1295 459 1320; x_wconf 90' lang='lat' dir='ltr'>et</span> <span class='ocrx_word' id='word_1_279' title='bbox 475 1292 542 1320; x_wconf 89' lang='lat' dir='ltr'>inde</span> <span class='ocrx_word' id='word_1_280' title='bbox 565 1293 706 1320; x_wconf 87' lang='lat' dir='ltr'>adversus</span> <span class='ocrx_word' id='word_1_281' title='bbox 730 1292 841 1319; x_wconf 89' lang='lat' dir='ltr'>Turcos</span> <span class='ocrx_word' id='word_1_282' title='bbox 866 1299 966 1318; x_wconf 82' lang='lat' dir='ltr'>excur-</span> 
     </span>
    </p>
   </div>
   <div class='ocr_carea' id='block_1_41' title="bbox 141 1335 963 1372">
    <p class='ocr_par' dir='ltr' id='par_1_41' title="bbox 141 1335 963 1372">
     <span class='ocr_line' id='line_1_41' title="bbox 141 1335 963 1372; baseline -0.001 -9"><span class='ocrx_word' id='word_1_283' title='bbox 141 1335 239 1364; x_wconf 88' lang='lat' dir='ltr'>siones</span> <span class='ocrx_word' id='word_1_284' title='bbox 256 1336 366 1364; x_wconf 78' lang='lat' dir='ltr'>faciens</span> <span class='ocrx_word' id='word_1_285' title='bbox 381 1337 509 1365; x_wconf 84' lang='lat' dir='ltr'>coercuit</span> <span class='ocrx_word' id='word_1_286' title='bbox 525 1337 605 1372; x_wconf 89' lang='lat' dir='ltr'>ipsos</span> <span class='ocrx_word' id='word_1_287' title='bbox 631 1345 666 1365; x_wconf 91' lang='lat' dir='ltr'>ne</span> <span class='ocrx_word' id='word_1_288' title='bbox 691 1336 820 1372; x_wconf 88' lang='lat' dir='ltr'>amplius</span> <span class='ocrx_word' id='word_1_289' title='bbox 842 1335 872 1363; x_wconf 91' lang='lat' dir='ltr'>in</span> <span class='ocrx_word' id='word_1_290' title='bbox 899 1343 963 1363; x_wconf 88' lang='lat' dir='ltr'>eam</span> 
     </span>
    </p>
   </div>
   <div class='ocr_carea' id='block_1_42' title="bbox 142 1381 966 1416">
    <p class='ocr_par' dir='ltr' id='par_1_42' title="bbox 142 1381 966 1416">
     <span class='ocr_line' id='line_1_42' title="bbox 142 1381 966 1416; baseline -0.001 -8"><span class='ocrx_word' id='word_1_291' title='bbox 142 1381 289 1416; x_wconf 77' lang='lat' dir='ltr'>regionem</span> <span class='ocrx_word' id='word_1_292' title='bbox 320 1381 528 1416; x_wconf 81' lang='lat' dir='ltr'>irrumperent.</span> <span class='ocrx_word' id='word_1_293' title='bbox 558 1382 688 1409; x_wconf 80' lang='lat' dir='ltr'>Audiens</span> <span class='ocrx_word' id='word_1_294' title='bbox 716 1381 778 1409; x_wconf 66' lang='lat' dir='ltr'>haec</span> <span class='ocrx_word' id='word_1_295' title='bbox 806 1381 966 1416; x_wconf 84' lang='lat' dir='ltr'>imperator</span> 
     </span>
    </p>
   </div>
   <div class='ocr_carea' id='block_1_43' title="bbox 142 1425 964 1461">
    <p class='ocr_par' dir='ltr' id='par_1_43' title="bbox 142 1425 964 1461">
     <span class='ocr_line' id='line_1_43' title="bbox 142 1425 964 1461; baseline 0 -9"><span class='ocrx_word' id='word_1_296' title='bbox 142 1427 281 1461; x_wconf 75' lang='lat' dir='ltr'>praestare</span> <span class='ocrx_word' id='word_1_297' title='bbox 294 1426 471 1454; x_wconf 85' lang='lat' dir='ltr'>exstimabat</span> <span class='ocrx_word' id='word_1_298' title='bbox 485 1428 594 1454; x_wconf 82' lang='lat' dir='ltr'>Turcos</span> <span class='ocrx_word' id='word_1_299' title='bbox 617 1426 748 1454; x_wconf 86' lang='lat' dir='ltr'>obtinere</span> <span class='ocrx_word' id='word_1_300' title='bbox 773 1425 834 1453; x_wconf 86' lang='lat' dir='ltr'>loca</span> <span class='ocrx_word' id='word_1_301' title='bbox 858 1425 964 1452; x_wconf 78' lang='lat' dir='ltr'>Roma-</span> 
     </span>
    </p>
   </div>
   <div class='ocr_carea' id='block_1_44' title="bbox 143 1469 964 1506">
    <p class='ocr_par' dir='ltr' id='par_1_44' title="bbox 143 1469 964 1506">
     <span class='ocr_line' id='line_1_44' title="bbox 143 1469 964 1506; baseline -0.002 -9"><span class='ocrx_word' id='word_1_302' title='bbox 143 1477 248 1497; x_wconf 88' lang='lat' dir='ltr'>norum</span> <span class='ocrx_word' id='word_1_303' title='bbox 264 1478 351 1505; x_wconf 88' lang='lat' dir='ltr'>quam</span> <span class='ocrx_word' id='word_1_304' title='bbox 370 1470 521 1498; x_wconf 83' lang='lat' dir='ltr'>Ruselium</span> <span class='ocrx_word' id='word_1_305' title='bbox 538 1471 636 1506; x_wconf 87' lang='lat' dir='ltr'>aliquo</span> <span class='ocrx_word' id='word_1_306' title='bbox 651 1470 680 1497; x_wconf 88' lang='lat' dir='ltr'>in</span> <span class='ocrx_word' id='word_1_307' title='bbox 698 1469 760 1498; x_wconf 89' lang='lat' dir='ltr'>loco</span> <span class='ocrx_word' id='word_1_308' title='bbox 785 1469 964 1505; x_wconf 85' lang='lat' dir='ltr'>permittere,</span> 
     </span>
    </p>
   </div>
   <div class='ocr_carea' id='block_1_45' title="bbox 1024 886 1848 926">
    <p class='ocr_par' dir='ltr' id='par_1_45' title="bbox 1024 886 1848 926">
     <span class='ocr_line' id='line_1_45' title="bbox 1024 886 1848 926; baseline 0.005 -14"><span class='ocrx_word' id='word_1_309' title='bbox 1024 886 1149 920; x_wconf 75' lang='grc' dir='ltr'>ἠνυκέναι</span> <span class='ocrx_word' id='word_1_310' title='bbox 1179 887 1210 914; x_wconf 76' lang='grc' dir='ltr'>τὸ</span> <span class='ocrx_word' id='word_1_311' title='bbox 1238 891 1290 914; x_wconf 81' lang='grc' dir='ltr'>πᾶν</span> <span class='ocrx_word' id='word_1_312' title='bbox 1308 910 1314 922; x_wconf 89' lang='grc'><em>,</em></span> <span class='ocrx_word' id='word_1_313' title='bbox 1341 889 1436 923; x_wconf 73' lang='grc' dir='ltr'>ἠνιᾶτο</span> <span class='ocrx_word' id='word_1_314' title='bbox 1474 888 1502 916; x_wconf 71' lang='grc' dir='ltr'>δὲ</span> <span class='ocrx_word' id='word_1_315' title='bbox 1537 891 1572 926; x_wconf 83' lang='grc' dir='ltr'>τῇ</span> <span class='ocrx_word' id='word_1_316' title='bbox 1611 891 1660 916; x_wconf 66' lang='grc' dir='ltr'>τοῖν</span> <span class='ocrx_word' id='word_1_317' title='bbox 1687 887 1848 917; x_wconf 77' lang='grc' dir='ltr'>Ῥουσελίου</span> 
     </span>
    </p>
   </div>
   <div class='ocr_carea' id='block_1_46' title="bbox 1023 929 1848 971">
    <p class='ocr_par' dir='ltr' id='par_1_46' title="bbox 1023 929 1848 971">
     <span class='ocr_line' id='line_1_46' title="bbox 1023 929 1848 971; baseline 0.005 -14"><span class='ocrx_word' id='word_1_318' title='bbox 1023 929 1148 968; x_wconf 73' lang='grc' dir='ltr'>ὰστοχίᾳ·</span> <span class='ocrx_word' id='word_1_319' title='bbox 1164 932 1214 966; x_wconf 71' lang='grc' dir='ltr'>τήν</span> <span class='ocrx_word' id='word_1_320' title='bbox 1234 932 1284 970; x_wconf 72' lang='grc' dir='ltr'>γὰρ</span> <span class='ocrx_word' id='word_1_321' title='bbox 1310 935 1363 960; x_wconf 81' lang='grc' dir='ltr'>τῶν</span> <span class='ocrx_word' id='word_1_322' title='bbox 1394 934 1533 971; x_wconf 79' lang='grc' dir='ltr'>ὁμογενῶν</span> <span class='ocrx_word' id='word_1_323' title='bbox 1557 933 1696 961; x_wconf 82' lang='grc' dir='ltr'>ἀπώλειαν</span> <span class='ocrx_word' id='word_1_324' title='bbox 1722 933 1766 960; x_wconf 83' lang='grc' dir='ltr'>καὶ</span> <span class='ocrx_word' id='word_1_325' title='bbox 1795 934 1848 968; x_wconf 74' lang='grc' dir='ltr'>τὴν</span> 
     </span>
    </p>
   </div>
   <div class='ocr_carea' id='block_1_47' title="bbox 1025 975 1849 1017">
    <p class='ocr_par' dir='ltr' id='par_1_47' title="bbox 1025 975 1849 1017">
     <span class='ocr_line' id='line_1_47' title="bbox 1025 975 1849 1017; baseline 0.004 -16"><span class='ocrx_word' id='word_1_326' title='bbox 1025 975 1161 1012; x_wconf 76' lang='grc' dir='ltr'>ὑφαίρεσιν</span> <span class='ocrx_word' id='word_1_327' title='bbox 1191 979 1239 1010; x_wconf 76' lang='grc' dir='ltr'>τῆς</span> <span class='ocrx_word' id='word_1_328' title='bbox 1269 977 1359 1014; x_wconf 78' lang='grc' dir='ltr'>ἀρχῆς</span> <span class='ocrx_word' id='word_1_329' title='bbox 1387 978 1431 1004; x_wconf 86' lang='grc' dir='ltr'>καὶ</span> <span class='ocrx_word' id='word_1_330' title='bbox 1458 978 1490 1005; x_wconf 90' lang='grc' dir='ltr'>τὸ</span> <span class='ocrx_word' id='word_1_331' title='bbox 1519 978 1678 1017; x_wconf 79' lang='grc' dir='ltr'>σφάττεσθαι</span> <span class='ocrx_word' id='word_1_332' title='bbox 1694 978 1759 1009; x_wconf 82' lang='grc' dir='ltr'>τοὺς</span> <span class='ocrx_word' id='word_1_333' title='bbox 1780 978 1849 1015; x_wconf 86' lang='grc' dir='ltr'>Χρι-</span> 
     </span>
    </p>
   </div>
   <div class='ocr_carea' id='block_1_48' title="bbox 1022 1019 1851 1060">
    <p class='ocr_par' dir='ltr' id='par_1_48' title="bbox 1022 1019 1851 1060">
     <span class='ocr_line' id='line_1_48' title="bbox 1022 1019 1851 1060; baseline 0.006 -15"><span class='ocrx_word' id='word_1_334' title='bbox 1022 1019 1145 1050; x_wconf 75' lang='grc' dir='ltr'>στιανοὺς</span> <span class='ocrx_word' id='word_1_335' title='bbox 1159 1021 1203 1047; x_wconf 77' lang='grc' dir='ltr'>καὶ</span> <span class='ocrx_word' id='word_1_336' title='bbox 1222 1020 1386 1049; x_wconf 75' lang='grc' dir='ltr'>δουλοῦσθαι</span> <span class='ocrx_word' id='word_1_337' title='bbox 1414 1023 1461 1053; x_wconf 78' lang='grc' dir='ltr'>τὰς</span> <span class='ocrx_word' id='word_1_338' title='bbox 1490 1023 1585 1058; x_wconf 85' lang='grc' dir='ltr'>κώμας</span> <span class='ocrx_word' id='word_1_339' title='bbox 1613 1023 1657 1050; x_wconf 85' lang='grc' dir='ltr'>καὶ</span> <span class='ocrx_word' id='word_1_340' title='bbox 1686 1023 1734 1054; x_wconf 69' lang='grc' dir='ltr'>τὰς</span> <span class='ocrx_word' id='word_1_341' title='bbox 1752 1023 1851 1060; x_wconf 84' lang='grc' dir='ltr'>χώρας</span> 
     </span>
    </p>
   </div>
   <div class='ocr_carea' id='block_1_49' title="bbox 1020 1063 1848 1105">
    <p class='ocr_par' dir='ltr' id='par_1_49' title="bbox 1020 1063 1848 1105">
     <span class='ocr_line' id='line_1_49' title="bbox 1020 1063 1848 1105; baseline 0.005 -15"><span class='ocrx_word' id='word_1_342' title='bbox 1020 1063 1193 1101; x_wconf 78' lang='grc' dir='ltr'>ἀφανίζεσθαι</span> <span class='ocrx_word' id='word_1_343' title='bbox 1225 1065 1252 1093; x_wconf 77' lang='grc' dir='ltr'>ἐν</span> <span class='ocrx_word' id='word_1_344' title='bbox 1277 1064 1395 1103; x_wconf 79' lang='grc' dir='ltr'>δευτέρῳ</span> <span class='ocrx_word' id='word_1_345' title='bbox 1431 1066 1542 1095; x_wconf 75' lang='grc' dir='ltr'>ἰτίθετο.</span> <span class='ocrx_word' id='word_1_346' title='bbox 1571 1070 1595 1096; x_wconf 92' lang='grc'>0</span> <span class='ocrx_word' id='word_1_347' title='bbox 1621 1066 1650 1094; x_wconf 72' lang='grc' dir='ltr'>δέ</span> <span class='ocrx_word' id='word_1_348' title='bbox 1680 1078 1710 1105; x_wconf 82' lang='grc' dir='ltr'>γι</span> <span class='ocrx_word' id='word_1_349' title='bbox 1737 1066 1848 1095; x_wconf 74' lang='grc' dir='ltr'>Ῥουσὲ-</span> 
     </span>
    </p>
   </div>
   <div class='ocr_carea' id='block_1_50' title="bbox 1021 1107 1846 1150">
    <p class='ocr_par' dir='ltr' id='par_1_50' title="bbox 1021 1107 1846 1150">
     <span class='ocr_line' id='line_1_50' title="bbox 1021 1107 1846 1150; baseline 0.005 -15"><span class='ocrx_word' id='word_1_350' title='bbox 1021 1107 1080 1139; x_wconf 84' lang='grc' dir='ltr'>λιος</span> <span class='ocrx_word' id='word_1_351' title='bbox 1098 1109 1163 1144; x_wconf 76' lang='grc' dir='ltr'>ἄρας</span> <span class='ocrx_word' id='word_1_352' title='bbox 1179 1109 1208 1136; x_wconf 77' lang='grc' dir='ltr'>ἐκ</span> <span class='ocrx_word' id='word_1_353' title='bbox 1222 1109 1270 1137; x_wconf 73' lang='grc' dir='ltr'>τοῦ</span> <span class='ocrx_word' id='word_1_354' title='bbox 1291 1114 1340 1145; x_wconf 74' lang='grc' dir='ltr'>τῆς</span> <span class='ocrx_word' id='word_1_355' title='bbox 1357 1108 1518 1145; x_wconf 75' lang='grc' dir='ltr'>Μεταϐολῆς</span> <span class='ocrx_word' id='word_1_356' title='bbox 1544 1111 1674 1150; x_wconf 78' lang='grc' dir='ltr'>φρουρίου</span> <span class='ocrx_word' id='word_1_357' title='bbox 1695 1112 1762 1148; x_wconf 83' lang='grc' dir='ltr'>μετὰ</span> <span class='ocrx_word' id='word_1_358' title='bbox 1790 1114 1846 1139; x_wconf 88' lang='grc' dir='ltr'>τῶν</span> 
     </span>
    </p>
   </div>
   <div class='ocr_carea' id='block_1_51' title="bbox 1023 1154 1849 1194">
    <p class='ocr_par' dir='ltr' id='par_1_51' title="bbox 1023 1154 1849 1194">
     <span class='ocr_line' id='line_1_51' title="bbox 1023 1154 1849 1194; baseline 0.004 -13"><span class='ocrx_word' id='word_1_359' title='bbox 1023 1154 1263 1191; x_wconf 76' lang='grc' dir='ltr'>ὑπολελειμμένων</span> <span class='ocrx_word' id='word_1_360' title='bbox 1293 1157 1427 1194; x_wconf 83' lang='grc' dir='ltr'>Φράγγων</span> <span class='ocrx_word' id='word_1_361' title='bbox 1449 1159 1621 1193; x_wconf 83' lang='grc' dir='ltr'>στρατιωτῶν</span> <span class='ocrx_word' id='word_1_362' title='bbox 1644 1157 1688 1184; x_wconf 76' lang='grc' dir='ltr'>καὶ</span> <span class='ocrx_word' id='word_1_363' title='bbox 1709 1160 1759 1191; x_wconf 80' lang='grc' dir='ltr'>τῆς</span> <span class='ocrx_word' id='word_1_364' title='bbox 1781 1167 1849 1184; x_wconf 82' lang='grc' dir='ltr'>συν-</span> 
     </span>
    </p>
   </div>
   <div class='ocr_carea' id='block_1_52' title="bbox 1021 1198 1847 1239">
    <p class='ocr_par' dir='ltr' id='par_1_52' title="bbox 1021 1198 1847 1239">
     <span class='ocr_line' id='line_1_52' title="bbox 1021 1198 1847 1239; baseline 0.004 -14"><span class='ocrx_word' id='word_1_365' title='bbox 1021 1198 1098 1226; x_wconf 60' lang='grc' dir='ltr'>τόνου</span> <span class='ocrx_word' id='word_1_366' title='bbox 1124 1199 1169 1226; x_wconf 84' lang='grc' dir='ltr'>καὶ</span> <span class='ocrx_word' id='word_1_367' title='bbox 1197 1202 1251 1227; x_wconf 83' lang='grc' dir='ltr'>τῶν</span> <span class='ocrx_word' id='word_1_368' title='bbox 1278 1199 1381 1228; x_wconf 78' lang='grc' dir='ltr'>παίδων</span> <span class='ocrx_word' id='word_1_369' title='bbox 1406 1201 1450 1228; x_wconf 90' lang='grc' dir='ltr'>καὶ</span> <span class='ocrx_word' id='word_1_370' title='bbox 1479 1203 1533 1228; x_wconf 83' lang='grc' dir='ltr'>τῶν</span> <span class='ocrx_word' id='word_1_371' title='bbox 1566 1201 1740 1239; x_wconf 72' lang='grc' dir='ltr'>ὑπαρχόντων</span> <span class='ocrx_word' id='word_1_372' title='bbox 1771 1201 1847 1238; x_wconf 81' lang='grc' dir='ltr'>αὖτῷ</span> 
     </span>
    </p>
   </div>
   <div class='ocr_carea' id='block_1_53' title="bbox 1021 1241 1847 1284">
    <p class='ocr_par' dir='ltr' id='par_1_53' title="bbox 1021 1241 1847 1284">
     <span class='ocr_line' id='line_1_53' title="bbox 1021 1241 1847 1284; baseline 0.004 -14"><span class='ocrx_word' id='word_1_373' title='bbox 1021 1241 1065 1271; x_wconf 83' lang='grc' dir='ltr'>διὰ</span> <span class='ocrx_word' id='word_1_374' title='bbox 1094 1244 1178 1280; x_wconf 74' lang='grc' dir='ltr'>μέσης</span> <span class='ocrx_word' id='word_1_375' title='bbox 1214 1248 1265 1279; x_wconf 78' lang='grc' dir='ltr'>τῆς</span> <span class='ocrx_word' id='word_1_376' title='bbox 1294 1246 1388 1282; x_wconf 82' lang='grc' dir='ltr'>χώρας</span> <span class='ocrx_word' id='word_1_377' title='bbox 1426 1245 1565 1284; x_wconf 68' lang='grc' dir='ltr'>ἀτρέπτως</span> <span class='ocrx_word' id='word_1_378' title='bbox 1594 1244 1709 1280; x_wconf 71' lang='grc' dir='ltr'>ἐϐάδιζε,</span> <span class='ocrx_word' id='word_1_379' title='bbox 1739 1246 1784 1273; x_wconf 85' lang='grc' dir='ltr'>καί</span> <span class='ocrx_word' id='word_1_380' title='bbox 1813 1246 1847 1273; x_wconf 86' lang='grc' dir='ltr'>τὸ</span> 
     </span>
    </p>
   </div>
   <div class='ocr_carea' id='block_1_54' title="bbox 1019 1288 1847 1328">
    <p class='ocr_par' dir='ltr' id='par_1_54' title="bbox 1019 1288 1847 1328">
     <span class='ocr_line' id='line_1_54' title="bbox 1019 1288 1847 1328; baseline 0.005 -14"><span class='ocrx_word' id='word_1_381' title='bbox 1019 1289 1089 1324; x_wconf 73' lang='grc' dir='ltr'>Θὲμα</span> <span class='ocrx_word' id='word_1_382' title='bbox 1116 1291 1169 1316; x_wconf 85' lang='grc' dir='ltr'>τῶν</span> <span class='ocrx_word' id='word_1_383' title='bbox 1198 1290 1383 1327; x_wconf 83' lang='grc' dir='ltr'>Ἀρμενιακῶν</span> <span class='ocrx_word' id='word_1_384' title='bbox 1412 1288 1574 1317; x_wconf 78' lang='grc' dir='ltr'>καταλαϐὼν</span> <span class='ocrx_word' id='word_1_385' title='bbox 1610 1294 1669 1322; x_wconf 83' lang='grc' dir='ltr'>τοῖς</span> <span class='ocrx_word' id='word_1_386' title='bbox 1701 1290 1847 1328; x_wconf 78' lang='grc' dir='ltr'>προτέροις</span> 
     </span>
    </p>
   </div>
   <div class='ocr_carea' id='block_1_55' title="bbox 1020 1332 1846 1372">
    <p class='ocr_par' dir='ltr' id='par_1_55' title="bbox 1020 1332 1846 1372">
     <span class='ocr_line' id='line_1_55' title="bbox 1020 1332 1846 1372; baseline 0.004 -13"><span class='ocrx_word' id='word_1_387' title='bbox 1020 1332 1102 1360; x_wconf 77' lang='grc' dir='ltr'>αὐτοῦ</span> <span class='ocrx_word' id='word_1_388' title='bbox 1144 1333 1270 1371; x_wconf 79' lang='grc' dir='ltr'>κάστροις</span> <span class='ocrx_word' id='word_1_389' title='bbox 1312 1334 1483 1369; x_wconf 74' lang='grc' dir='ltr'>ἀποκατέστη</span> <span class='ocrx_word' id='word_1_390' title='bbox 1502 1356 1508 1368; x_wconf 90' lang='grc'><em>,</em></span> <span class='ocrx_word' id='word_1_391' title='bbox 1548 1335 1668 1362; x_wconf 78' lang='grc' dir='ltr'>κάκεῖθεν</span> <span class='ocrx_word' id='word_1_392' title='bbox 1708 1334 1846 1372; x_wconf 79' lang='grc' dir='ltr'>ἐκδρομὰς</span> 
     </span>
    </p>
   </div>
   <div class='ocr_carea' id='block_1_56' title="bbox 1020 1377 1848 1416">
    <p class='ocr_par' dir='ltr' id='par_1_56' title="bbox 1020 1377 1848 1416">
     <span class='ocr_line' id='line_1_56' title="bbox 1020 1377 1848 1416; baseline 0.004 -12"><span class='ocrx_word' id='word_1_393' title='bbox 1020 1377 1088 1404; x_wconf 76' lang='grc' dir='ltr'>κατὰ</span> <span class='ocrx_word' id='word_1_394' title='bbox 1124 1380 1176 1404; x_wconf 88' lang='grc' dir='ltr'>τῶν</span> <span class='ocrx_word' id='word_1_395' title='bbox 1216 1378 1342 1416; x_wconf 68' lang='grc' dir='ltr'>Τούρκων</span> <span class='ocrx_word' id='word_1_396' title='bbox 1385 1379 1548 1415; x_wconf 83' lang='grc' dir='ltr'>ποιούμενος</span> <span class='ocrx_word' id='word_1_397' title='bbox 1587 1380 1708 1416; x_wconf 81' lang='grc' dir='ltr'>ἀπεῖρξεν</span> <span class='ocrx_word' id='word_1_398' title='bbox 1747 1379 1848 1410; x_wconf 69' lang='grc' dir='ltr'>αὐτοὺς</span> 
     </span>
    </p>
   </div>
   <div class='ocr_carea' id='block_1_57' title="bbox 1018 1423 1847 1463">
    <p class='ocr_par' dir='ltr' id='par_1_57' title="bbox 1018 1423 1847 1463">
     <span class='ocr_line' id='line_1_57' title="bbox 1018 1423 1847 1463; baseline 0.002 -14"><span class='ocrx_word' id='word_1_399' title='bbox 1018 1424 1073 1449; x_wconf 88' lang='grc' dir='ltr'>τῶν</span> <span class='ocrx_word' id='word_1_400' title='bbox 1089 1423 1157 1450; x_wconf 74' lang='grc' dir='ltr'>κατὰ</span> <span class='ocrx_word' id='word_1_401' title='bbox 1170 1425 1218 1450; x_wconf 74' lang='grc' dir='ltr'>τοῦ</span> <span class='ocrx_word' id='word_1_402' title='bbox 1233 1423 1359 1450; x_wconf 70' lang='grc' dir='ltr'>τοιούτου</span> <span class='ocrx_word' id='word_1_403' title='bbox 1374 1423 1490 1460; x_wconf 70' lang='grc' dir='ltr'>Θέματος</span> <span class='ocrx_word' id='word_1_404' title='bbox 1516 1423 1630 1463; x_wconf 68' lang='grc' dir='ltr'>ἐφόδων.</span> <span class='ocrx_word' id='word_1_405' title='bbox 1654 1425 1684 1453; x_wconf 76' lang='grc' dir='ltr'><strong>Ὀ</strong></span> <span class='ocrx_word' id='word_1_406' title='bbox 1713 1423 1741 1452; x_wconf 73' lang='grc' dir='ltr'>δὲ</span> <span class='ocrx_word' id='word_1_407' title='bbox 1768 1425 1847 1462; x_wconf 88' lang='grc' dir='ltr'>βασι-</span> 
     </span>
    </p>
   </div>
   <div class='ocr_carea' id='block_1_58' title="bbox 1021 1466 1845 1508">
    <p class='ocr_par' dir='ltr' id='par_1_58' title="bbox 1021 1466 1845 1508">
     <span class='ocr_line' id='line_1_58' title="bbox 1021 1466 1845 1508; baseline 0.004 -15"><span class='ocrx_word' id='word_1_408' title='bbox 1021 1466 1083 1498; x_wconf 81' lang='grc' dir='ltr'>λεὺς</span> <span class='ocrx_word' id='word_1_409' title='bbox 1113 1466 1308 1503; x_wconf 68' lang='grc' dir='ltr'>ἐνωτιζόμενος</span> <span class='ocrx_word' id='word_1_410' title='bbox 1333 1470 1417 1496; x_wconf 81' lang='grc' dir='ltr'>ταῦτα</span> <span class='ocrx_word' id='word_1_411' title='bbox 1447 1467 1553 1504; x_wconf 79' lang='grc' dir='ltr'>μᾶλλον</span> <span class='ocrx_word' id='word_1_412' title='bbox 1583 1468 1691 1506; x_wconf 48' lang='grc' dir='ltr'>ἐνόμιζε</span> <span class='ocrx_word' id='word_1_413' title='bbox 1705 1469 1845 1508; x_wconf 76' lang='grc' dir='ltr'>συμφέρον</span> 
     </span>
    </p>
   </div>
   <div class='ocr_carea' id='block_1_59' title="bbox 143 1510 967 1552">
    <p class='ocr_par' dir='ltr' id='par_1_59' title="bbox 143 1513 963 1550">
     <span class='ocr_line' id='line_1_59' title="bbox 143 1513 963 1550; baseline -0.002 -8"><span class='ocrx_word' id='word_1_414' title='bbox 143 1514 179 1542; x_wconf 84' lang='lat' dir='ltr'>ad</span> <span class='ocrx_word' id='word_1_415' title='bbox 209 1514 263 1542; x_wconf 86' lang='lat' dir='ltr'>boc</span> <span class='ocrx_word' id='word_1_416' title='bbox 292 1523 308 1542; x_wconf 83' lang='grc' dir='ltr'>ιι</span> <span class='ocrx_word' id='word_1_417' title='bbox 336 1514 497 1550; x_wconf 88' lang='lat' dir='ltr'>Nicephoro</span> <span class='ocrx_word' id='word_1_418' title='bbox 528 1515 687 1550; x_wconf 78' lang='lat' dir='ltr'>instigatus</span> <span class='ocrx_word' id='word_1_419' title='bbox 717 1523 749 1542; x_wconf 82' lang='lat' dir='ltr'>ac</span> <span class='ocrx_word' id='word_1_420' title='bbox 781 1513 963 1542; x_wconf 85' lang='lat' dir='ltr'>stimulatus.</span> 
     </span>
    </p>
   </div>
   <div class='ocr_carea' id='block_1_60' title="bbox 1059 1510 1845 1552">
    <p class='ocr_par' dir='ltr' id='par_1_60' title="bbox 1059 1510 1845 1550">
     <span class='ocr_line' id='line_1_60' title="bbox 1059 1510 1845 1550; baseline 0.004 -12"><span class='ocrx_word' id='word_1_421' title='bbox 1059 1523 1082 1543; x_wconf 78' lang='grc' dir='ltr'>)ς</span> <span class='ocrx_word' id='word_1_422' title='bbox 1101 1511 1240 1549; x_wconf 69' lang='grc' dir='ltr'>Τούρκους</span> <span class='ocrx_word' id='word_1_423' title='bbox 1269 1510 1340 1550; x_wconf 72' lang='grc' dir='ltr'>ἔχειν</span> <span class='ocrx_word' id='word_1_424' title='bbox 1366 1513 1400 1540; x_wconf 76' lang='grc' dir='ltr'>τὰ</span> <span class='ocrx_word' id='word_1_425' title='bbox 1414 1513 1557 1549; x_wconf 84' lang='grc' dir='ltr'>Ῥωμαίων</span> <span class='ocrx_word' id='word_1_426' title='bbox 1577 1514 1590 1548; x_wconf 75' lang='lat' dir='ltr'>F,</span> <span class='ocrx_word' id='word_1_427' title='bbox 1614 1514 1659 1541; x_wconf 89' lang='grc' dir='ltr'>τὸν</span> <span class='ocrx_word' id='word_1_428' title='bbox 1688 1513 1845 1541; x_wconf 74' lang='grc' dir='ltr'>Ῥουσέλιον</span> 
     </span>
    </p>
   </div>
   <div class='ocr_carea' id='block_1_61' title="bbox 143 1558 963 1594">
    <p class='ocr_par' dir='ltr' id='par_1_61' title="bbox 143 1558 963 1594">
     <span class='ocr_line' id='line_1_61' title="bbox 143 1558 963 1594; baseline 0.001 -9"><span class='ocrx_word' id='word_1_429' title='bbox 143 1558 232 1585; x_wconf 84' lang='lat' dir='ltr'>Mittit</span> <span class='ocrx_word' id='word_1_430' title='bbox 246 1558 336 1594; x_wconf 85' lang='lat' dir='ltr'>igitur</span> <span class='ocrx_word' id='word_1_431' title='bbox 350 1559 508 1594; x_wconf 87' lang='lat' dir='ltr'>quemdam</span> <span class='ocrx_word' id='word_1_432' title='bbox 524 1567 556 1586; x_wconf 82' lang='lat' dir='ltr'>ex</span> <span class='ocrx_word' id='word_1_433' title='bbox 574 1559 721 1587; x_wconf 87' lang='lat' dir='ltr'>nobilibus</span> <span class='ocrx_word' id='word_1_434' title='bbox 743 1559 856 1586; x_wconf 89' lang='lat' dir='ltr'>civibus</span> <span class='ocrx_word' id='word_1_435' title='bbox 880 1560 963 1586; x_wconf 61' lang='lat' dir='ltr'>(etate</span> 
     </span>
    </p>
   </div>
   <div class='ocr_carea' id='block_1_62' title="bbox 137 1602 962 1639">
    <p class='ocr_par' dir='ltr' id='par_1_62' title="bbox 137 1602 962 1639">
     <span class='ocr_line' id='line_1_62' title="bbox 137 1602 962 1639; baseline 0 -10"><span class='ocrx_word' id='word_1_436' title='bbox 137 1602 289 1637; x_wconf 84' lang='lat' dir='ltr'>juvenem,</span> <span class='ocrx_word' id='word_1_437' title='bbox 306 1602 356 1630; x_wconf 84' lang='lat' dir='ltr'>sed</span> <span class='ocrx_word' id='word_1_438' title='bbox 374 1602 483 1638; x_wconf 87' lang='lat' dir='ltr'>alioqui</span> <span class='ocrx_word' id='word_1_439' title='bbox 499 1605 652 1630; x_wconf 88' lang='lat' dir='ltr'>strenuum</span> <span class='ocrx_word' id='word_1_440' title='bbox 668 1605 756 1638; x_wconf 85' lang='lat' dir='ltr'>atque</span> <span class='ocrx_word' id='word_1_441' title='bbox 776 1602 962 1639; x_wconf 86' lang='lat' dir='ltr'>prudentem,</span> 
     </span>
    </p>
   </div>
   <div class='ocr_carea' id='block_1_63' title="bbox 141 1646 964 1683">
    <p class='ocr_par' dir='ltr' id='par_1_63' title="bbox 141 1646 964 1683">
     <span class='ocr_line' id='line_1_63' title="bbox 141 1646 964 1683; baseline 0.001 -10"><span class='ocrx_word' id='word_1_442' title='bbox 141 1646 294 1682; x_wconf 63' lang='lat' dir='ltr'>praesidem</span> <span class='ocrx_word' id='word_1_443' title='bbox 312 1646 442 1674; x_wconf 82' lang='lat' dir='ltr'>Alexium</span> <span class='ocrx_word' id='word_1_444' title='bbox 458 1647 651 1677; x_wconf 87' lang='lat' dir='ltr'>Comnenum.</span> <span class='ocrx_word' id='word_1_445' title='bbox 668 1647 719 1683; x_wconf 93' lang='lat' dir='ltr'>qui</span> <span class='ocrx_word' id='word_1_446' title='bbox 734 1655 800 1675; x_wconf 89' lang='lat' dir='ltr'>cum</span> <span class='ocrx_word' id='word_1_447' title='bbox 817 1646 964 1682; x_wconf 89' lang='lat' dir='ltr'>pervenis-</span> 
     </span>
    </p>
   </div>
   <div class='ocr_carea' id='block_1_64' title="bbox 142 1690 964 1727">
    <p class='ocr_par' dir='ltr' id='par_1_64' title="bbox 142 1690 964 1727">
     <span class='ocr_line' id='line_1_64' title="bbox 142 1690 964 1727; baseline -0.001 -9"><span class='ocrx_word' id='word_1_448' title='bbox 142 1694 188 1719; x_wconf 88' lang='lat' dir='ltr'>set</span> <span class='ocrx_word' id='word_1_449' title='bbox 201 1691 364 1725; x_wconf 78' lang='lat' dir='ltr'>Amasiam,</span> <span class='ocrx_word' id='word_1_450' title='bbox 379 1691 419 1718; x_wconf 92' lang='lat' dir='ltr'>ibi</span> <span class='ocrx_word' id='word_1_451' title='bbox 436 1691 473 1719; x_wconf 89' lang='lat' dir='ltr'>rei</span> <span class='ocrx_word' id='word_1_452' title='bbox 490 1691 600 1719; x_wconf 78' lang='lat' dir='ltr'>exitum</span> <span class='ocrx_word' id='word_1_453' title='bbox 617 1691 813 1727; x_wconf 84' lang='lat' dir='ltr'>exspectabat.</span> <span class='ocrx_word' id='word_1_454' title='bbox 828 1690 964 1718; x_wconf 83' lang='lat' dir='ltr'>Ruselius</span> 
     </span>
    </p>
   </div>
   <div class='ocr_carea' id='block_1_65' title="bbox 141 1735 963 1768">
    <p class='ocr_par' dir='ltr' id='par_1_65' title="bbox 141 1735 963 1768">
     <span class='ocr_line' id='line_1_65' title="bbox 141 1735 963 1768; baseline -0.001 -6"><span class='ocrx_word' id='word_1_455' title='bbox 141 1737 252 1768; x_wconf 88' lang='lat' dir='ltr'>autem,</span> <span class='ocrx_word' id='word_1_456' title='bbox 267 1735 342 1762; x_wconf 89' lang='lat' dir='ltr'>inita</span> <span class='ocrx_word' id='word_1_457' title='bbox 356 1736 494 1763; x_wconf 83' lang='lat' dir='ltr'>societate</span> <span class='ocrx_word' id='word_1_458' title='bbox 509 1737 538 1763; x_wconf 89' lang='lat' dir='ltr'>et</span> <span class='ocrx_word' id='word_1_459' title='bbox 552 1735 682 1763; x_wconf 80' lang='lat' dir='ltr'>amicitia</span> <span class='ocrx_word' id='word_1_460' title='bbox 706 1743 773 1763; x_wconf 87' lang='lat' dir='ltr'>cum</span> <span class='ocrx_word' id='word_1_461' title='bbox 799 1735 963 1762; x_wconf 88' lang='lat' dir='ltr'>Turcorum</span> 
     </span>
    </p>
   </div>
   <div class='ocr_carea' id='block_1_66' title="bbox 142 1779 963 1816">
    <p class='ocr_par' dir='ltr' id='par_1_66' title="bbox 142 1779 963 1816">
     <span class='ocr_line' id='line_1_66' title="bbox 142 1779 963 1816; baseline 0 -10"><span class='ocrx_word' id='word_1_462' title='bbox 142 1779 284 1815; x_wconf 84' lang='lat' dir='ltr'>principe,</span> <span class='ocrx_word' id='word_1_463' title='bbox 300 1787 477 1815; x_wconf 86' lang='lat' dir='ltr'>congressus</span> <span class='ocrx_word' id='word_1_464' title='bbox 493 1782 537 1807; x_wconf 80' lang='lat' dir='ltr'>est</span> <span class='ocrx_word' id='word_1_465' title='bbox 552 1788 618 1807; x_wconf 89' lang='lat' dir='ltr'>cum</span> <span class='ocrx_word' id='word_1_466' title='bbox 633 1781 697 1816; x_wconf 89' lang='lat' dir='ltr'>ipso</span> <span class='ocrx_word' id='word_1_467' title='bbox 719 1780 782 1807; x_wconf 89' lang='lat' dir='ltr'>sine</span> <span class='ocrx_word' id='word_1_468' title='bbox 807 1779 963 1812; x_wconf 87' lang='lat' dir='ltr'>militibus,</span> 
     </span>
    </p>
   </div>
   <div class='ocr_carea' id='block_1_67' title="bbox 142 1824 966 1860">
    <p class='ocr_par' dir='ltr' id='par_1_67' title="bbox 142 1824 966 1860">
     <span class='ocr_line' id='line_1_67' title="bbox 142 1824 966 1860; baseline 0 -8"><span class='ocrx_word' id='word_1_469' title='bbox 142 1826 175 1852; x_wconf 82' lang='lat' dir='ltr'>ut</span> <span class='ocrx_word' id='word_1_470' title='bbox 201 1826 400 1852; x_wconf 85' lang='lat' dir='ltr'>consueverat.</span> <span class='ocrx_word' id='word_1_471' title='bbox 430 1826 539 1852; x_wconf 85' lang='lat' dir='ltr'>Verum</span> <span class='ocrx_word' id='word_1_472' title='bbox 571 1825 698 1860; x_wconf 84' lang='lat' dir='ltr'>quadam</span> <span class='ocrx_word' id='word_1_473' title='bbox 715 1825 762 1852; x_wconf 89' lang='lat' dir='ltr'>die</span> <span class='ocrx_word' id='word_1_474' title='bbox 791 1832 857 1852; x_wconf 89' lang='lat' dir='ltr'>cum</span> <span class='ocrx_word' id='word_1_475' title='bbox 892 1824 966 1860; x_wconf 87' lang='lat' dir='ltr'>ipsis</span> 
     </span>
    </p>
   </div>
   <div class='ocr_carea' id='block_1_68' title="bbox 143 1869 966 1904">
    <p class='ocr_par' dir='ltr' id='par_1_68' title="bbox 143 1869 966 1904">
     <span class='ocr_line' id='line_1_68' title="bbox 143 1869 966 1904; baseline 0 -8"><span class='ocrx_word' id='word_1_476' title='bbox 143 1877 260 1897; x_wconf 78' lang='lat' dir='ltr'>cumam</span> <span class='ocrx_word' id='word_1_477' title='bbox 275 1869 391 1904; x_wconf 85' lang='lat' dir='ltr'>capitur</span> <span class='ocrx_word' id='word_1_478' title='bbox 406 1871 434 1897; x_wconf 91' lang='lat' dir='ltr'>et</span> <span class='ocrx_word' id='word_1_479' title='bbox 449 1869 632 1897; x_wconf 87' lang='lat' dir='ltr'>devincitur:</span> <span class='ocrx_word' id='word_1_480' title='bbox 651 1869 748 1897; x_wconf 78' lang='lat' dir='ltr'>fallere</span> <span class='ocrx_word' id='word_1_481' title='bbox 764 1869 840 1897; x_wconf 88' lang='lat' dir='ltr'>enim</span> <span class='ocrx_word' id='word_1_482' title='bbox 858 1869 966 1896; x_wconf 81' lang='lat' dir='ltr'>Roma-</span> 
     </span>
    </p>
   </div>
   <div class='ocr_carea' id='block_1_69' title="bbox 141 1914 966 1950">
    <p class='ocr_par' dir='ltr' id='par_1_69' title="bbox 141 1914 966 1950">
     <span class='ocr_line' id='line_1_69' title="bbox 141 1914 966 1950; baseline -0.001 -9"><span class='ocrx_word' id='word_1_483' title='bbox 141 1922 195 1942; x_wconf 90' lang='lat' dir='ltr'>nos</span> <span class='ocrx_word' id='word_1_484' title='bbox 210 1914 298 1941; x_wconf 88' lang='lat' dir='ltr'>etiam</span> <span class='ocrx_word' id='word_1_485' title='bbox 325 1914 514 1949; x_wconf 72' lang='lat' dir='ltr'>jurejurando</span> <span class='ocrx_word' id='word_1_486' title='bbox 540 1914 725 1950; x_wconf 88' lang='lat' dir='ltr'>interposito,</span> <span class='ocrx_word' id='word_1_487' title='bbox 751 1914 829 1950; x_wconf 78' lang='lat' dir='ltr'>apud</span> <span class='ocrx_word' id='word_1_488' title='bbox 845 1914 966 1941; x_wconf 84' lang='lat' dir='ltr'>.Turcos</span> 
     </span>
    </p>
   </div>
   <div class='ocr_carea' id='block_1_70' title="bbox 142 1958 968 1994">
    <p class='ocr_par' dir='ltr' id='par_1_70' title="bbox 142 1958 968 1994">
     <span class='ocr_line' id='line_1_70' title="bbox 142 1958 968 1994; baseline -0.001 -8"><span class='ocrx_word' id='word_1_489' title='bbox 142 1958 274 1986; x_wconf 82' lang='lat' dir='ltr'>solemne</span> <span class='ocrx_word' id='word_1_490' title='bbox 299 1961 353 1992; x_wconf 84' lang='lat' dir='ltr'>est,</span> <span class='ocrx_word' id='word_1_491' title='bbox 379 1959 466 1986; x_wconf 86' lang='lat' dir='ltr'>venia</span> <span class='ocrx_word' id='word_1_492' title='bbox 494 1958 617 1994; x_wconf 82' lang='lat' dir='ltr'>dignum</span> <span class='ocrx_word' id='word_1_493' title='bbox 647 1961 784 1986; x_wconf 88' lang='lat' dir='ltr'>censetur</span> <span class='ocrx_word' id='word_1_494' title='bbox 810 1966 817 1986; x_wconf 92' lang='lat'><strong>:</strong></span> <span class='ocrx_word' id='word_1_495' title='bbox 842 1966 895 1986; x_wconf 85' lang='lat' dir='ltr'>nec</span> <span class='ocrx_word' id='word_1_496' title='bbox 922 1960 968 1985; x_wconf 87' lang='lat' dir='ltr'>est</span> 
     </span>
    </p>
   </div>
   <div class='ocr_carea' id='block_1_71' title="bbox 143 2002 968 2038">
    <p class='ocr_par' dir='ltr' id='par_1_71' title="bbox 143 2002 968 2038">
     <span class='ocr_line' id='line_1_71' title="bbox 143 2002 968 2038; baseline 0.001 -8"><span class='ocrx_word' id='word_1_497' title='bbox 143 2003 220 2038; x_wconf 87' lang='lat' dir='ltr'>quod</span> <span class='ocrx_word' id='word_1_498' title='bbox 237 2002 304 2038; x_wconf 87' lang='lat' dir='ltr'>quis</span> <span class='ocrx_word' id='word_1_499' title='bbox 320 2002 481 2038; x_wconf 80' lang='lat' dir='ltr'>perjurium</span> <span class='ocrx_word' id='word_1_500' title='bbox 499 2007 623 2030; x_wconf 86' lang='lat' dir='ltr'>accusel.</span> <span class='ocrx_word' id='word_1_501' title='bbox 651 2005 734 2031; x_wconf 85' lang='lat' dir='ltr'>Hunc</span> <span class='ocrx_word' id='word_1_502' title='bbox 760 2003 852 2030; x_wconf 89' lang='lat' dir='ltr'>multo</span> <span class='ocrx_word' id='word_1_503' title='bbox 874 2003 968 2038; x_wconf 85' lang='lat' dir='ltr'>pretio</span> 
     </span>
    </p>
   </div>
   <div class='ocr_carea' id='block_1_72' title="bbox 142 2046 967 2083">
    <p class='ocr_par' dir='ltr' id='par_1_72' title="bbox 142 2046 967 2083">
     <span class='ocr_line' id='line_1_72' title="bbox 142 2046 967 2083; baseline -0.001 -8"><span class='ocrx_word' id='word_1_504' title='bbox 142 2049 276 2082; x_wconf 90' lang='lat' dir='ltr'>emptum</span> <span class='ocrx_word' id='word_1_505' title='bbox 293 2055 400 2082; x_wconf 59' lang='lat' dir='ltr'>praeses</span> <span class='ocrx_word' id='word_1_506' title='bbox 418 2046 536 2074; x_wconf 82' lang='lat' dir='ltr'>Alexius</span> <span class='ocrx_word' id='word_1_507' title='bbox 551 2048 587 2074; x_wconf 87' lang='lat' dir='ltr'>ad</span> <span class='ocrx_word' id='word_1_508' title='bbox 603 2048 810 2083; x_wconf 86' lang='lat' dir='ltr'>imperatorem</span> <span class='ocrx_word' id='word_1_509' title='bbox 836 2047 967 2074; x_wconf 88' lang='lat' dir='ltr'>vinctum</span> 
     </span>
    </p>
   </div>
   <div class='ocr_carea' id='block_1_73' title="bbox 144 2091 968 2128">
    <p class='ocr_par' dir='ltr' id='par_1_73' title="bbox 144 2091 968 2128">
     <span class='ocr_line' id='line_1_73' title="bbox 144 2091 968 2128; baseline 0 -10"><span class='ocrx_word' id='word_1_510' title='bbox 144 2091 289 2128; x_wconf 86' lang='lat' dir='ltr'>perducit,</span> <span class='ocrx_word' id='word_1_511' title='bbox 305 2099 393 2127; x_wconf 89' lang='lat' dir='ltr'>quem</span> <span class='ocrx_word' id='word_1_512' title='bbox 411 2092 551 2118; x_wconf 87' lang='lat' dir='ltr'>traditum</span> <span class='ocrx_word' id='word_1_513' title='bbox 568 2091 728 2119; x_wconf 87' lang='lat' dir='ltr'>tortoribus</span> <span class='ocrx_word' id='word_1_514' title='bbox 744 2091 858 2119; x_wconf 86' lang='lat' dir='ltr'>bovinis</span> <span class='ocrx_word' id='word_1_515' title='bbox 873 2091 968 2119; x_wconf 87' lang='lat' dir='ltr'>nervis</span> 
     </span>
    </p>
   </div>
   <div class='ocr_carea' id='block_1_74' title="bbox 143 2135 966 2172">
    <p class='ocr_par' dir='ltr' id='par_1_74' title="bbox 143 2135 966 2172">
     <span class='ocr_line' id='line_1_74' title="bbox 143 2135 966 2172; baseline 0 -9"><span class='ocrx_word' id='word_1_516' title='bbox 143 2135 358 2170; x_wconf 58' lang='lat' dir='ltr'>cadendum”</span> <span class='ocrx_word' id='word_1_517' title='bbox 370 2138 416 2164; x_wconf 74' lang='grc'><strong>14</strong></span> <span class='ocrx_word' id='word_1_518' title='bbox 446 2138 479 2162; x_wconf 90' lang='lat' dir='ltr'>ut</span> <span class='ocrx_word' id='word_1_519' title='bbox 509 2135 663 2171; x_wconf 81' lang='lat' dir='ltr'>fugitivum</span> <span class='ocrx_word' id='word_1_520' title='bbox 693 2136 822 2172; x_wconf 82' lang='lat' dir='ltr'>aliquem</span> <span class='ocrx_word' id='word_1_521' title='bbox 851 2143 966 2163; x_wconf 85' lang='lat' dir='ltr'>servum</span> 
     </span>
    </p>
   </div>
   <div class='ocr_carea' id='block_1_75' title="bbox 143 2180 968 2216">
    <p class='ocr_par' dir='ltr' id='par_1_75' title="bbox 143 2180 968 2216">
     <span class='ocr_line' id='line_1_75' title="bbox 143 2180 968 2216; baseline -0.001 -8"><span class='ocrx_word' id='word_1_522' title='bbox 143 2180 242 2216; x_wconf 85' lang='lat' dir='ltr'>ﬂagris</span> <span class='ocrx_word' id='word_1_523' title='bbox 258 2180 494 2208; x_wconf 81' lang='lat' dir='ltr'>intolerabilibus</span> <span class='ocrx_word' id='word_1_524' title='bbox 510 2181 661 2214; x_wconf 85' lang='lat' dir='ltr'>cruciavit,</span> <span class='ocrx_word' id='word_1_525' title='bbox 687 2183 715 2208; x_wconf 90' lang='lat' dir='ltr'>et</span> <span class='ocrx_word' id='word_1_526' title='bbox 739 2181 769 2208; x_wconf 93' lang='lat' dir='ltr'><strong>in</strong></span> <span class='ocrx_word' id='word_1_527' title='bbox 793 2180 968 2208; x_wconf 88' lang='lat' dir='ltr'>obscurissi-</span> 
     </span>
    </p>
   </div>
   <div class='ocr_carea' id='block_1_76' title="bbox 142 2225 968 2261">
    <p class='ocr_par' dir='ltr' id='par_1_76' title="bbox 142 2225 968 2261">
     <span class='ocr_line' id='line_1_76' title="bbox 142 2225 968 2261; baseline 0.001 -8"><span class='ocrx_word' id='word_1_528' title='bbox 142 2233 221 2253; x_wconf 86' lang='lat' dir='ltr'>mam</span> <span class='ocrx_word' id='word_1_529' title='bbox 238 2225 344 2253; x_wconf 85' lang='lat' dir='ltr'>turrim</span> <span class='ocrx_word' id='word_1_530' title='bbox 361 2225 508 2254; x_wconf 90' lang='lat' dir='ltr'>inclusum</span> <span class='ocrx_word' id='word_1_531' title='bbox 523 2225 705 2261; x_wconf 88' lang='lat' dir='ltr'>contemptui</span> <span class='ocrx_word' id='word_1_532' title='bbox 716 2225 843 2253; x_wconf 79' lang='lat' dir='ltr'>habebat</span> <span class='ocrx_word' id='word_1_533' title='bbox 857 2225 968 2254; x_wconf 83' lang='lat' dir='ltr'>catenis</span> 
     </span>
    </p>
   </div>
   <div class='ocr_carea' id='block_1_77' title="bbox 141 2270 284 2298">
    <p class='ocr_par' dir='ltr' id='par_1_77' title="bbox 141 2270 284 2298">
     <span class='ocr_line' id='line_1_77' title="bbox 141 2270 284 2298; baseline 0.007 -1"><span class='ocrx_word' id='word_1_534' title='bbox 141 2270 284 2298; x_wconf 84' lang='lat' dir='ltr'>vinctum.</span> 
     </span>
    </p>
   </div>
   <div class='ocr_carea' id='block_1_78' title="bbox 180 2368 967 2404">
    <p class='ocr_par' dir='ltr' id='par_1_78' title="bbox 180 2368 967 2404">
     <span class='ocr_line' id='line_1_78' title="bbox 180 2368 967 2404; baseline -0.001 -8"><span class='ocrx_word' id='word_1_535' title='bbox 180 2368 341 2404; x_wconf 86' lang='lat' dir='ltr'>Logotbeta</span> <span class='ocrx_word' id='word_1_536' title='bbox 357 2370 455 2396; x_wconf 89' lang='lat' dir='ltr'>autem</span> <span class='ocrx_word' id='word_1_537' title='bbox 474 2368 634 2404; x_wconf 88' lang='lat' dir='ltr'>plurimum</span> <span class='ocrx_word' id='word_1_538' title='bbox 660 2370 774 2404; x_wconf 88' lang='lat' dir='ltr'>potens,</span> <span class='ocrx_word' id='word_1_539' title='bbox 801 2370 833 2396; x_wconf 90' lang='lat' dir='ltr'>ut</span> <span class='ocrx_word' id='word_1_540' title='bbox 857 2368 967 2396; x_wconf 89' lang='lat' dir='ltr'>dictum</span> 
     </span>
    </p>
   </div>
   <div class='ocr_carea' id='block_1_79' title="bbox 143 2412 968 2448">
    <p class='ocr_par' dir='ltr' id='par_1_79' title="bbox 143 2412 968 2448">
     <span class='ocr_line' id='line_1_79' title="bbox 143 2412 968 2448; baseline 0.001 -9"><span class='ocrx_word' id='word_1_541' title='bbox 143 2414 199 2445; x_wconf 85' lang='lat' dir='ltr'>est,</span> <span class='ocrx_word' id='word_1_542' title='bbox 214 2413 290 2448; x_wconf 90' lang='lat' dir='ltr'>apud</span> <span class='ocrx_word' id='word_1_543' title='bbox 308 2412 527 2448; x_wconf 84' lang='lat' dir='ltr'>imperatorem,</span> <span class='ocrx_word' id='word_1_544' title='bbox 543 2413 645 2440; x_wconf 88' lang='lat' dir='ltr'>omnia</span> <span class='ocrx_word' id='word_1_545' title='bbox 660 2420 711 2448; x_wconf 87' lang='lat' dir='ltr'>pro</span> <span class='ocrx_word' id='word_1_546' title='bbox 727 2412 847 2440; x_wconf 87' lang='lat' dir='ltr'>arbitrio</span> <span class='ocrx_word' id='word_1_547' title='bbox 869 2413 968 2440; x_wconf 85' lang='lat' dir='ltr'>mode-</span> 
     </span>
    </p>
   </div>
   <div class='ocr_carea' id='block_1_80' title="bbox 144 2456 969 2492">
    <p class='ocr_par' dir='ltr' id='par_1_80' title="bbox 144 2456 969 2492">
     <span class='ocr_line' id='line_1_80' title="bbox 144 2456 969 2492; baseline 0.001 -9"><span class='ocrx_word' id='word_1_548' title='bbox 144 2465 223 2490; x_wconf 86' lang='lat' dir='ltr'>rans,</span> <span class='ocrx_word' id='word_1_549' title='bbox 241 2456 383 2484; x_wconf 84' lang='lat' dir='ltr'>Hebdomi</span> <span class='ocrx_word' id='word_1_550' title='bbox 409 2456 621 2484; x_wconf 83' lang='lat' dir='ltr'>monasterium</span> <span class='ocrx_word' id='word_1_551' title='bbox 647 2456 703 2484; x_wconf 87' lang='lat' dir='ltr'>sibi</span> <span class='ocrx_word' id='word_1_552' title='bbox 729 2457 830 2484; x_wconf 86' lang='lat' dir='ltr'>donari</span> <span class='ocrx_word' id='word_1_553' title='bbox 856 2459 969 2492; x_wconf 81' lang='lat' dir='ltr'>petens,</span> 
     </span>
    </p>
   </div>
   <div class='ocr_carea' id='block_1_81' title="bbox 143 2500 969 2537">
    <p class='ocr_par' dir='ltr' id='par_1_81' title="bbox 143 2500 969 2537">
     <span class='ocr_line' id='line_1_81' title="bbox 143 2500 969 2537; baseline 0.002 -9"><span class='ocrx_word' id='word_1_554' title='bbox 143 2508 246 2528; x_wconf 90' lang='lat' dir='ltr'>omnes</span> <span class='ocrx_word' id='word_1_555' title='bbox 262 2501 465 2536; x_wconf 84' lang='lat' dir='ltr'>possessiones</span> <span class='ocrx_word' id='word_1_556' title='bbox 482 2503 511 2528; x_wconf 83' lang='lat' dir='ltr'>et</span> <span class='ocrx_word' id='word_1_557' title='bbox 533 2509 650 2529; x_wconf 89' lang='lat' dir='ltr'>omnem</span> <span class='ocrx_word' id='word_1_558' title='bbox 677 2500 734 2529; x_wconf 78' lang='lat' dir='ltr'>fere</span> <span class='ocrx_word' id='word_1_559' title='bbox 759 2504 899 2537; x_wconf 88' lang='lat' dir='ltr'>quantam</span> <span class='ocrx_word' id='word_1_560' title='bbox 926 2502 969 2530; x_wconf 91' lang='lat' dir='ltr'>sol</span> 
     </span>
    </p>
   </div>
   <div class='ocr_carea' id='block_1_82' title="bbox 142 2544 970 2582">
    <p class='ocr_par' dir='ltr' id='par_1_82' title="bbox 142 2544 970 2582">
     <span class='ocr_line' id='line_1_82' title="bbox 142 2544 970 2582; baseline 0.002 -10"><span class='ocrx_word' id='word_1_561' title='bbox 142 2546 236 2573; x_wconf 89' lang='lat' dir='ltr'>cernit</span> <span class='ocrx_word' id='word_1_562' title='bbox 253 2544 402 2581; x_wconf 85' lang='lat' dir='ltr'>regionem</span> <span class='ocrx_word' id='word_1_563' title='bbox 419 2546 534 2573; x_wconf 88' lang='lat' dir='ltr'>studuit</span> <span class='ocrx_word' id='word_1_564' title='bbox 548 2545 603 2573; x_wconf 86' lang='lat' dir='ltr'>sibi</span> <span class='ocrx_word' id='word_1_565' title='bbox 620 2546 770 2574; x_wconf 87' lang='lat' dir='ltr'>vindicare</span> <span class='ocrx_word' id='word_1_566' title='bbox 789 2549 818 2574; x_wconf 90' lang='lat' dir='ltr'>et</span> <span class='ocrx_word' id='word_1_567' title='bbox 841 2547 970 2582; x_wconf 88' lang='lat' dir='ltr'>copiosis</span> 
     </span>
    </p>
   </div>
   <div class='ocr_carea' id='block_1_83' title="bbox 142 2589 970 2626">
    <p class='ocr_par' dir='ltr' id='par_1_83' title="bbox 142 2589 970 2626">
     <span class='ocr_line' id='line_1_83' title="bbox 142 2589 970 2626; baseline 0.005 -11"><span class='ocrx_word' id='word_1_568' title='bbox 142 2589 332 2625; x_wconf 88' lang='lat' dir='ltr'>proventibus</span> <span class='ocrx_word' id='word_1_569' title='bbox 359 2589 492 2622; x_wconf 85' lang='lat' dir='ltr'>dilatare,</span> <span class='ocrx_word' id='word_1_570' title='bbox 521 2590 653 2624; x_wconf 81' lang='lat' dir='ltr'>cogitans</span> <span class='ocrx_word' id='word_1_571' title='bbox 687 2591 875 2626; x_wconf 87' lang='lat' dir='ltr'>improbitate</span> <span class='ocrx_word' id='word_1_572' title='bbox 912 2591 970 2619; x_wconf 87' lang='lat' dir='ltr'>sibi</span> 
     </span>
    </p>
   </div>
   <div class='ocr_carea' id='block_1_84' title="bbox 143 2633 969 2670">
    <p class='ocr_par' dir='ltr' id='par_1_84' title="bbox 143 2633 969 2670">
     <span class='ocr_line' id='line_1_84' title="bbox 143 2633 969 2670; baseline 0.001 -8"><span class='ocrx_word' id='word_1_573' title='bbox 143 2633 270 2662; x_wconf 77' lang='lat' dir='ltr'>amicum</span> <span class='ocrx_word' id='word_1_574' title='bbox 287 2633 494 2670; x_wconf 87' lang='lat' dir='ltr'>imperatorem</span> <span class='ocrx_word' id='word_1_575' title='bbox 513 2634 614 2668; x_wconf 84' lang='lat' dir='ltr'>facere,</span> <span class='ocrx_word' id='word_1_576' title='bbox 623 2637 652 2662; x_wconf 89' lang='lat' dir='ltr'>et</span> <span class='ocrx_word' id='word_1_577' title='bbox 666 2635 795 2663; x_wconf 82' lang='lat' dir='ltr'>maxima</span> <span class='ocrx_word' id='word_1_578' title='bbox 810 2635 917 2663; x_wconf 87' lang='lat' dir='ltr'>lucrari</span> <span class='ocrx_word' id='word_1_579' title='bbox 932 2637 969 2664; x_wconf 91' lang='lat' dir='ltr'>ob</span> 
     </span>
    </p>
   </div>
   <div class='ocr_carea' id='block_1_85' title="bbox 143 2678 971 2716">
    <p class='ocr_par' dir='ltr' id='par_1_85' title="bbox 143 2678 971 2716">
     <span class='ocr_line' id='line_1_85' title="bbox 143 2678 971 2716; baseline 0.004 -11"><span class='ocrx_word' id='word_1_580' title='bbox 143 2678 207 2713; x_wconf 79' lang='lat' dir='ltr'>ejus</span> <span class='ocrx_word' id='word_1_581' title='bbox 223 2678 498 2714; x_wconf 84' lang='lat' dir='ltr'>simplicitatem,ac</span> <span class='ocrx_word' id='word_1_582' title='bbox 513 2679 631 2708; x_wconf 91' lang='lat' dir='ltr'>nomine</span> <span class='ocrx_word' id='word_1_583' title='bbox 647 2680 819 2708; x_wconf 86' lang='lat' dir='ltr'>monasterii</span> <span class='ocrx_word' id='word_1_584' title='bbox 834 2680 971 2716; x_wconf 85' lang='lat' dir='ltr'>ingentes</span> 
     </span>
    </p>
   </div>
   <div class='ocr_carea' id='block_1_86' title="bbox 143 2722 969 2760">
    <p class='ocr_par' dir='ltr' id='par_1_86' title="bbox 143 2722 969 2760">
     <span class='ocr_line' id='line_1_86' title="bbox 143 2722 969 2760; baseline 0.005 -11"><span class='ocrx_word' id='word_1_585' title='bbox 143 2722 259 2750; x_wconf 87' lang='lat' dir='ltr'>divitias</span> <span class='ocrx_word' id='word_1_586' title='bbox 273 2723 408 2760; x_wconf 86' lang='lat' dir='ltr'>adipisci.</span> <span class='ocrx_word' id='word_1_587' title='bbox 425 2724 459 2751; x_wconf 87' lang='lat' dir='ltr'>Et</span> <span class='ocrx_word' id='word_1_588' title='bbox 475 2732 540 2752; x_wconf 89' lang='lat' dir='ltr'>cum</span> <span class='ocrx_word' id='word_1_589' title='bbox 557 2726 634 2752; x_wconf 87' lang='lat' dir='ltr'>esset</span> <span class='ocrx_word' id='word_1_590' title='bbox 651 2727 777 2752; x_wconf 84' lang='lat' dir='ltr'>maxime</span> <span class='ocrx_word' id='word_1_591' title='bbox 792 2725 916 2753; x_wconf 88' lang='lat' dir='ltr'>idoneus</span> <span class='ocrx_word' id='word_1_592' title='bbox 933 2725 969 2753; x_wconf 94' lang='lat' dir='ltr'>ob</span> 
     </span>
    </p>
   </div>
   <div class='ocr_carea' id='block_1_87' title="bbox 142 2766 970 2806">
    <p class='ocr_par' dir='ltr' id='par_1_87' title="bbox 142 2766 970 2806">
     <span class='ocr_line' id='line_1_87' title="bbox 142 2766 970 2806; baseline 0.005 -11"><span class='ocrx_word' id='word_1_593' title='bbox 142 2766 346 2804; x_wconf 83' lang='lat' dir='ltr'>versutiam,si</span> <span class='ocrx_word' id='word_1_594' title='bbox 361 2768 429 2804; x_wconf 89' lang='lat' dir='ltr'>quis</span> <span class='ocrx_word' id='word_1_595' title='bbox 445 2768 532 2803; x_wconf 81' lang='lat' dir='ltr'>alius,</span> <span class='ocrx_word' id='word_1_596' title='bbox 544 2769 579 2796; x_wconf 89' lang='lat' dir='ltr'>ad</span> <span class='ocrx_word' id='word_1_597' title='bbox 597 2769 785 2803; x_wconf 85' lang='lat' dir='ltr'>lucrandum,</span> <span class='ocrx_word' id='word_1_598' title='bbox 797 2772 825 2798; x_wconf 84' lang='lat' dir='ltr'>et</span> <span class='ocrx_word' id='word_1_599' title='bbox 841 2772 970 2806; x_wconf 63' lang='lat' dir='ltr'>quaestus</span> 
     </span>
    </p>
   </div>
   <div class='ocr_carea' id='block_1_88' title="bbox 1019 1557 1846 1596">
    <p class='ocr_par' dir='ltr' id='par_1_88' title="bbox 1019 1557 1846 1596">
     <span class='ocr_line' id='line_1_88' title="bbox 1019 1557 1846 1596; baseline 0.005 -14"><span class='ocrx_word' id='word_1_600' title='bbox 1019 1557 1169 1593; x_wconf 79' lang='grc' dir='ltr'>χωρεῖσθαι</span> <span class='ocrx_word' id='word_1_601' title='bbox 1193 1557 1219 1584; x_wconf 83' lang='grc' dir='ltr'>ὲν</span> <span class='ocrx_word' id='word_1_602' title='bbox 1241 1557 1318 1594; x_wconf 81' lang='grc' dir='ltr'>τόπῳ</span> <span class='ocrx_word' id='word_1_603' title='bbox 1341 1557 1390 1591; x_wconf 71' lang='grc' dir='ltr'>ἑνὶ,</span> <span class='ocrx_word' id='word_1_604' title='bbox 1411 1558 1485 1595; x_wconf 81' lang='grc' dir='ltr'>παρᾶ</span> <span class='ocrx_word' id='word_1_605' title='bbox 1507 1560 1556 1585; x_wconf 75' lang='grc' dir='ltr'>τοῦ</span> <span class='ocrx_word' id='word_1_606' title='bbox 1589 1558 1747 1596; x_wconf 79' lang='grc' dir='ltr'>Νικηφόρου</span> <span class='ocrx_word' id='word_1_607' title='bbox 1775 1559 1846 1596; x_wconf 81' lang='grc' dir='ltr'>πρὸς</span> 
     </span>
    </p>
   </div>
   <div class='ocr_carea' id='block_1_89' title="bbox 1018 1601 1843 1640">
    <p class='ocr_par' dir='ltr' id='par_1_89' title="bbox 1018 1601 1843 1640">
     <span class='ocr_line' id='line_1_89' title="bbox 1018 1601 1843 1640; baseline 0.004 -13"><span class='ocrx_word' id='word_1_608' title='bbox 1018 1603 1098 1627; x_wconf 72' lang='grc' dir='ltr'>τοῦτο</span> <span class='ocrx_word' id='word_1_609' title='bbox 1119 1601 1282 1637; x_wconf 75' lang='grc' dir='ltr'>νυττόμονος</span> <span class='ocrx_word' id='word_1_610' title='bbox 1303 1602 1347 1629; x_wconf 72' lang='grc' dir='ltr'>καὶ</span> <span class='ocrx_word' id='word_1_611' title='bbox 1373 1601 1584 1640; x_wconf 75' lang='grc' dir='ltr'>διιγειρόμενος.</span> <span class='ocrx_word' id='word_1_612' title='bbox 1604 1604 1646 1639; x_wconf 83' lang='grc' dir='ltr'>[Ρ.</span> <span class='ocrx_word' id='word_1_613' title='bbox 1670 1604 1733 1639; x_wconf 70' lang='lat' dir='ltr'>R50]</span> <span class='ocrx_word' id='word_1_614' title='bbox 1757 1602 1843 1630; x_wconf 77' lang='grc' dir='ltr'>Στέλ-</span> 
     </span>
    </p>
   </div>
   <div class='ocr_carea' id='block_1_90' title="bbox 1020 1644 1842 1684">
    <p class='ocr_par' dir='ltr' id='par_1_90' title="bbox 1020 1644 1842 1684">
     <span class='ocr_line' id='line_1_90' title="bbox 1020 1644 1842 1684; baseline 0.004 -13"><span class='ocrx_word' id='word_1_615' title='bbox 1020 1644 1061 1672; x_wconf 83' lang='grc' dir='ltr'>λει</span> <span class='ocrx_word' id='word_1_616' title='bbox 1089 1645 1178 1672; x_wconf 77' lang='grc' dir='ltr'>τοίνυν</span> <span class='ocrx_word' id='word_1_617' title='bbox 1201 1646 1262 1673; x_wconf 76' lang='grc' dir='ltr'>τινὰ</span> <span class='ocrx_word' id='word_1_618' title='bbox 1285 1649 1337 1673; x_wconf 82' lang='grc' dir='ltr'>τῶν</span> <span class='ocrx_word' id='word_1_619' title='bbox 1369 1646 1548 1683; x_wconf 81' lang='grc' dir='ltr'>εὐπατριδῶν,</span> <span class='ocrx_word' id='word_1_620' title='bbox 1572 1648 1622 1682; x_wconf 77' lang='grc' dir='ltr'>τήν</span> <span class='ocrx_word' id='word_1_621' title='bbox 1655 1647 1702 1684; x_wconf 77' lang='grc' dir='ltr'>μὶν</span> <span class='ocrx_word' id='word_1_622' title='bbox 1729 1646 1842 1682; x_wconf 81' lang='grc' dir='ltr'>ἡλικίαν</span> 
     </span>
    </p>
   </div>
   <div class='ocr_carea' id='block_1_91' title="bbox 1018 1689 1842 1730">
    <p class='ocr_par' dir='ltr' id='par_1_91' title="bbox 1018 1689 1842 1730">
     <span class='ocr_line' id='line_1_91' title="bbox 1018 1689 1842 1730; baseline 0.004 -14"><span class='ocrx_word' id='word_1_623' title='bbox 1018 1690 1086 1725; x_wconf 69' lang='grc' dir='ltr'>νέον,</span> <span class='ocrx_word' id='word_1_624' title='bbox 1110 1689 1272 1727; x_wconf 74' lang='grc' dir='ltr'>δραστήριον</span> <span class='ocrx_word' id='word_1_625' title='bbox 1297 1689 1326 1718; x_wconf 63' lang='grc' dir='ltr'>δὲ</span> <span class='ocrx_word' id='word_1_626' title='bbox 1353 1690 1446 1722; x_wconf 68' lang='grc' dir='ltr'>ἄλλως</span> <span class='ocrx_word' id='word_1_627' title='bbox 1468 1692 1513 1718; x_wconf 82' lang='grc' dir='ltr'>καὶ</span> <span class='ocrx_word' id='word_1_628' title='bbox 1534 1691 1678 1730; x_wconf 67' lang='grc' dir='ltr'>ἐχέφρονα,</span> <span class='ocrx_word' id='word_1_629' title='bbox 1702 1692 1746 1719; x_wconf 83' lang='grc' dir='ltr'>τὸν</span> <span class='ocrx_word' id='word_1_630' title='bbox 1773 1692 1842 1729; x_wconf 84' lang='grc' dir='ltr'>πρό-</span> 
     </span>
    </p>
   </div>
   <div class='ocr_carea' id='block_1_92' title="bbox 1019 1732 1843 1771">
    <p class='ocr_par' dir='ltr' id='par_1_92' title="bbox 1019 1732 1843 1771">
     <span class='ocr_line' id='line_1_92' title="bbox 1019 1732 1843 1771; baseline 0.005 -12"><span class='ocrx_word' id='word_1_631' title='bbox 1019 1732 1233 1770; x_wconf 71' lang='grc' dir='ltr'>ιδρονἋλέξιον</span> <span class='ocrx_word' id='word_1_632' title='bbox 1259 1735 1304 1761; x_wconf 84' lang='grc' dir='ltr'>τὸν</span> <span class='ocrx_word' id='word_1_633' title='bbox 1331 1736 1483 1770; x_wconf 82' lang='grc' dir='ltr'>Κομνηνὸν,</span> <span class='ocrx_word' id='word_1_634' title='bbox 1508 1736 1537 1766; x_wconf 76' lang='grc' dir='ltr'>’ὸς</span> <span class='ocrx_word' id='word_1_635' title='bbox 1566 1735 1591 1763; x_wconf 74' lang='grc' dir='ltr'>ἐν</span> <span class='ocrx_word' id='word_1_636' title='bbox 1621 1738 1661 1771; x_wconf 84' lang='grc' dir='ltr'>τῷ</span> <span class='ocrx_word' id='word_1_637' title='bbox 1690 1735 1762 1763; x_wconf 75' lang='grc' dir='ltr'>ἄστει</span> <span class='ocrx_word' id='word_1_638' title='bbox 1790 1740 1843 1770; x_wconf 78' lang='grc' dir='ltr'>τῆς</span> 
     </span>
    </p>
   </div>
   <div class='ocr_carea' id='block_1_93' title="bbox 1019 1778 1850 1817">
    <p class='ocr_par' dir='ltr' id='par_1_93' title="bbox 1019 1778 1850 1817">
     <span class='ocr_line' id='line_1_93' title="bbox 1019 1778 1850 1817; baseline 0.004 -12"><span class='ocrx_word' id='word_1_639' title='bbox 1019 1778 1166 1814; x_wconf 72' lang='grc' dir='ltr'>Ἀμασεῖας</span> <span class='ocrx_word' id='word_1_640' title='bbox 1195 1779 1343 1816; x_wconf 76' lang='grc' dir='ltr'>γενόμενος</span> <span class='ocrx_word' id='word_1_641' title='bbox 1370 1778 1526 1817; x_wconf 81' lang='grc' dir='ltr'>ἐκαραδόκει</span> <span class='ocrx_word' id='word_1_642' title='bbox 1555 1781 1586 1807; x_wconf 87' lang='grc' dir='ltr'>τὸ</span> <span class='ocrx_word' id='word_1_643' title='bbox 1617 1780 1731 1816; x_wconf 71' lang='grc' dir='ltr'>μέλλον.</span> <span class='ocrx_word' id='word_1_644' title='bbox 1759 1781 1789 1808; x_wconf 86' lang='grc' dir='ltr'>Ὁ</span> <span class='ocrx_word' id='word_1_645' title='bbox 1819 1779 1850 1808; x_wconf 74' lang='grc' dir='ltr'>δὶ</span> 
     </span>
    </p>
   </div>
   <div class='ocr_carea' id='block_1_94' title="bbox 1019 1822 1849 1862">
    <p class='ocr_par' dir='ltr' id='par_1_94' title="bbox 1019 1822 1849 1862">
     <span class='ocr_line' id='line_1_94' title="bbox 1019 1822 1849 1862; baseline 0.004 -13"><span class='ocrx_word' id='word_1_646' title='bbox 1019 1822 1319 1859; x_wconf 48' lang='lat' dir='ltr'>vemimus-’91:“;</span> <span class='ocrx_word' id='word_1_647' title='bbox 1335 1824 1379 1851; x_wconf 79' lang='grc' dir='ltr'>καὶ</span> <span class='ocrx_word' id='word_1_648' title='bbox 1396 1824 1490 1861; x_wconf 74' lang='grc' dir='ltr'>φιλίας</span> <span class='ocrx_word' id='word_1_649' title='bbox 1517 1825 1584 1860; x_wconf 81' lang='grc' dir='ltr'>μετὰ</span> <span class='ocrx_word' id='word_1_650' title='bbox 1613 1827 1661 1852; x_wconf 81' lang='grc' dir='ltr'>τοῦ</span> <span class='ocrx_word' id='word_1_651' title='bbox 1683 1827 1737 1852; x_wconf 88' lang='grc' dir='ltr'>τῶν</span> <span class='ocrx_word' id='word_1_652' title='bbox 1763 1825 1849 1862; x_wconf 68' lang='grc' dir='ltr'>Τούρ-</span> 
     </span>
    </p>
   </div>
   <div class='ocr_carea' id='block_1_95' title="bbox 1020 1866 1850 1905">
    <p class='ocr_par' dir='ltr' id='par_1_95' title="bbox 1020 1866 1850 1905">
     <span class='ocr_line' id='line_1_95' title="bbox 1020 1866 1850 1905; baseline 0.002 -11"><span class='ocrx_word' id='word_1_653' title='bbox 1020 1877 1074 1894; x_wconf 85' lang='grc' dir='ltr'>κων</span> <span class='ocrx_word' id='word_1_654' title='bbox 1091 1866 1252 1905; x_wconf 74' lang='grc' dir='ltr'>ἐξάρχοντος</span> <span class='ocrx_word' id='word_1_655' title='bbox 1277 1868 1389 1904; x_wconf 79' lang='grc' dir='ltr'>θέμενος</span> <span class='ocrx_word' id='word_1_656' title='bbox 1414 1867 1531 1903; x_wconf 75' lang='grc' dir='ltr'>συνῆλθε</span> <span class='ocrx_word' id='word_1_657' title='bbox 1560 1868 1648 1904; x_wconf 69' lang='grc' dir='ltr'>τούτῳ</span> <span class='ocrx_word' id='word_1_658' title='bbox 1677 1868 1850 1905; x_wconf 71' lang='grc' dir='ltr'>ἐψιλωμένος</span> 
     </span>
    </p>
   </div>
   <div class='ocr_carea' id='block_1_96' title="bbox 1022 1911 1851 1950">
    <p class='ocr_par' dir='ltr' id='par_1_96' title="bbox 1022 1911 1851 1950">
     <span class='ocr_line' id='line_1_96' title="bbox 1022 1911 1851 1950; baseline 0.004 -12"><span class='ocrx_word' id='word_1_659' title='bbox 1022 1915 1193 1948; x_wconf 77' lang='grc' dir='ltr'>στρατιωτῶν</span> <span class='ocrx_word' id='word_1_660' title='bbox 1217 1913 1255 1943; x_wconf 86' lang='grc' dir='ltr'>ὡς</span> <span class='ocrx_word' id='word_1_661' title='bbox 1280 1911 1334 1947; x_wconf 72' lang='grc' dir='ltr'>ἤδη</span> <span class='ocrx_word' id='word_1_662' title='bbox 1359 1914 1478 1948; x_wconf 68' lang='grc' dir='ltr'>συντίθης</span> <span class='ocrx_word' id='word_1_663' title='bbox 1507 1913 1550 1940; x_wconf 75' lang='grc' dir='ltr'>καὶ</span> <span class='ocrx_word' id='word_1_664' title='bbox 1582 1913 1653 1943; x_wconf 81' lang='grc' dir='ltr'>ὲθάς.</span> <span class='ocrx_word' id='word_1_665' title='bbox 1670 1914 1713 1942; x_wconf 82' lang='grc' dir='ltr'>Ἐν</span> <span class='ocrx_word' id='word_1_666' title='bbox 1746 1916 1795 1950; x_wconf 80' lang='grc' dir='ltr'>μιᾷ</span> <span class='ocrx_word' id='word_1_667' title='bbox 1821 1913 1851 1941; x_wconf 75' lang='grc' dir='ltr'>δὶ</span> 
     </span>
    </p>
   </div>
   <div class='ocr_carea' id='block_1_97' title="bbox 1022 1955 1850 1994">
    <p class='ocr_par' dir='ltr' id='par_1_97' title="bbox 1022 1955 1850 1994">
     <span class='ocr_line' id='line_1_97' title="bbox 1022 1955 1850 1994; baseline 0.004 -11"><span class='ocrx_word' id='word_1_668' title='bbox 1022 1955 1185 1984; x_wconf 70' lang='grc' dir='ltr'>συνδειπνῶν</span> <span class='ocrx_word' id='word_1_669' title='bbox 1207 1957 1299 1988; x_wconf 83' lang='grc' dir='ltr'>αὐτοῖς</span> <span class='ocrx_word' id='word_1_670' title='bbox 1325 1957 1463 1985; x_wconf 75' lang='grc' dir='ltr'>ἁλίσκεται</span> <span class='ocrx_word' id='word_1_671' title='bbox 1493 1958 1537 1985; x_wconf 77' lang='grc' dir='ltr'>καὶ</span> <span class='ocrx_word' id='word_1_672' title='bbox 1567 1957 1710 1994; x_wconf 80' lang='grc' dir='ltr'>δεσμώτης</span> <span class='ocrx_word' id='word_1_673' title='bbox 1738 1957 1850 1986; x_wconf 79' lang='grc' dir='ltr'>ἀποδεί‹</span> 
     </span>
    </p>
   </div>
   <div class='ocr_carea' id='block_1_98' title="bbox 1021 2001 1852 2041">
    <p class='ocr_par' dir='ltr' id='par_1_98' title="bbox 1021 2001 1852 2041">
     <span class='ocr_line' id='line_1_98' title="bbox 1021 2001 1852 2041; baseline 0.004 -14"><span class='ocrx_word' id='word_1_674' title='bbox 1021 2011 1138 2028; x_wconf 77' lang='grc' dir='ltr'>χνυται·</span> <span class='ocrx_word' id='word_1_675' title='bbox 1170 2001 1273 2036; x_wconf 82' lang='grc' dir='ltr'>ἀπατᾷν</span> <span class='ocrx_word' id='word_1_676' title='bbox 1309 2002 1361 2040; x_wconf 73' lang='grc' dir='ltr'>γὰρ</span> <span class='ocrx_word' id='word_1_677' title='bbox 1399 2003 1552 2038; x_wconf 81' lang='grc' dir='ltr'>Ῥωμαίους</span> <span class='ocrx_word' id='word_1_678' title='bbox 1591 2001 1737 2039; x_wconf 80' lang='grc' dir='ltr'>ἐνωμότως</span> <span class='ocrx_word' id='word_1_679' title='bbox 1776 2003 1852 2041; x_wconf 73' lang='grc' dir='ltr'>παρὰ</span> 
     </span>
    </p>
   </div>
   <div class='ocr_carea' id='block_1_99' title="bbox 1021 2045 1852 2085">
    <p class='ocr_par' dir='ltr' id='par_1_99' title="bbox 1021 2045 1852 2085">
     <span class='ocr_line' id='line_1_99' title="bbox 1021 2045 1852 2085; baseline 0.004 -13"><span class='ocrx_word' id='word_1_680' title='bbox 1021 2048 1078 2076; x_wconf 86' lang='grc' dir='ltr'>τοῖς</span> <span class='ocrx_word' id='word_1_681' title='bbox 1094 2045 1226 2083; x_wconf 72' lang='grc' dir='ltr'>Τούρκοις</span> <span class='ocrx_word' id='word_1_682' title='bbox 1242 2046 1305 2084; x_wconf 79' lang='grc' dir='ltr'>ὅρος</span> <span class='ocrx_word' id='word_1_683' title='bbox 1333 2046 1377 2074; x_wconf 76' lang='grc' dir='ltr'>καὶ</span> <span class='ocrx_word' id='word_1_684' title='bbox 1407 2046 1488 2085; x_wconf 85' lang='grc' dir='ltr'>λόγος</span> <span class='ocrx_word' id='word_1_685' title='bbox 1516 2046 1658 2084; x_wconf 73' lang='grc' dir='ltr'>ἔνδόσιμος</span> <span class='ocrx_word' id='word_1_686' title='bbox 1673 2048 1717 2075; x_wconf 82' lang='grc' dir='ltr'>καὶ</span> <span class='ocrx_word' id='word_1_687' title='bbox 1747 2047 1852 2085; x_wconf 76' lang='grc' dir='ltr'>ἄλογο-</span> 
     </span>
    </p>
   </div>
   <div class='ocr_carea' id='block_1_100' title="bbox 1022 2089 1851 2130">
    <p class='ocr_par' dir='ltr' id='par_1_100' title="bbox 1022 2089 1851 2130">
     <span class='ocr_line' id='line_1_100' title="bbox 1022 2089 1851 2130; baseline 0.002 -13"><span class='ocrx_word' id='word_1_688' title='bbox 1022 2090 1144 2125; x_wconf 79' lang='grc' dir='ltr'>θὲτητος.</span> <span class='ocrx_word' id='word_1_689' title='bbox 1160 2091 1262 2118; x_wconf 81' lang='grc' dir='ltr'>Τοῦτον</span> <span class='ocrx_word' id='word_1_690' title='bbox 1292 2089 1373 2118; x_wconf 76' lang='grc' dir='ltr'>ὤνιον</span> <span class='ocrx_word' id='word_1_691' title='bbox 1393 2091 1507 2120; x_wconf 81' lang='grc' dir='ltr'>πολλῶν</span> <span class='ocrx_word' id='word_1_692' title='bbox 1533 2093 1547 2120; x_wconf 82' lang='grc' dir='ltr'>ὁ</span> <span class='ocrx_word' id='word_1_693' title='bbox 1576 2091 1712 2130; x_wconf 85' lang='grc' dir='ltr'>πρόεδρος</span> <span class='ocrx_word' id='word_1_694' title='bbox 1728 2092 1851 2127; x_wconf 74' lang='grc' dir='ltr'>’Δλίξιος</span> 
     </span>
    </p>
   </div>
   <div class='ocr_carea' id='block_1_101' title="bbox 1023 2133 1851 2174">
    <p class='ocr_par' dir='ltr' id='par_1_101' title="bbox 1023 2133 1851 2174">
     <span class='ocr_line' id='line_1_101' title="bbox 1023 2133 1851 2174; baseline 0.005 -14"><span class='ocrx_word' id='word_1_695' title='bbox 1023 2133 1198 2171; x_wconf 76' lang='grc' dir='ltr'>ὠνησάμενος</span> <span class='ocrx_word' id='word_1_696' title='bbox 1228 2134 1254 2166; x_wconf 77' lang='grc' dir='ltr'>ἐς</span> <span class='ocrx_word' id='word_1_697' title='bbox 1285 2135 1397 2173; x_wconf 81' lang='grc' dir='ltr'>βασιλέα</span> <span class='ocrx_word' id='word_1_698' title='bbox 1430 2136 1525 2169; x_wconf 76' lang='grc' dir='ltr'>ἀπάγει</span> <span class='ocrx_word' id='word_1_699' title='bbox 1551 2135 1673 2173; x_wconf 78' lang='grc' dir='ltr'>δέσμιον.</span> <span class='ocrx_word' id='word_1_700' title='bbox 1705 2136 1851 2174; x_wconf 76' lang='grc' dir='ltr'>Παραδοὺς</span> 
     </span>
    </p>
   </div>
   <div class='ocr_carea' id='block_1_102' title="bbox 1024 2177 1852 2217">
    <p class='ocr_par' dir='ltr' id='par_1_102' title="bbox 1024 2177 1852 2217">
     <span class='ocr_line' id='line_1_102' title="bbox 1024 2177 1852 2217; baseline 0.004 -12"><span class='ocrx_word' id='word_1_701' title='bbox 1024 2178 1069 2206; x_wconf 80' lang='grc' dir='ltr'>οὖν</span> <span class='ocrx_word' id='word_1_702' title='bbox 1086 2179 1100 2206; x_wconf 81' lang='grc' dir='ltr'>ὁ</span> <span class='ocrx_word' id='word_1_703' title='bbox 1119 2177 1247 2216; x_wconf 68' lang='grc' dir='ltr'>βασιλεὺς</span> <span class='ocrx_word' id='word_1_704' title='bbox 1277 2182 1337 2210; x_wconf 87' lang='grc' dir='ltr'>τοῖς</span> <span class='ocrx_word' id='word_1_705' title='bbox 1362 2181 1534 2216; x_wconf 79' lang='grc' dir='ltr'>βασανισταῖς</span> <span class='ocrx_word' id='word_1_706' title='bbox 1556 2180 1666 2217; x_wconf 81' lang='grc' dir='ltr'>ξισμοῖς</span> <span class='ocrx_word' id='word_1_707' title='bbox 1694 2181 1852 2216; x_wconf 77' lang='grc' dir='ltr'>ἀνηκέστοις</span> 
     </span>
    </p>
   </div>
   <div class='ocr_carea' id='block_1_103' title="bbox 1025 2223 1851 2262">
    <p class='ocr_par' dir='ltr' id='par_1_103' title="bbox 1025 2223 1851 2262">
     <span class='ocr_line' id='line_1_103' title="bbox 1025 2223 1851 2262; baseline 0.002 -12"><span class='ocrx_word' id='word_1_708' title='bbox 1025 2223 1069 2251; x_wconf 69' lang='grc' dir='ltr'>διὰ</span> <span class='ocrx_word' id='word_1_709' title='bbox 1094 2223 1247 2261; x_wconf 72' lang='grc' dir='ltr'>βουνεύρων</span> <span class='ocrx_word' id='word_1_710' title='bbox 1278 2225 1315 2254; x_wconf 83' lang='grc' dir='ltr'>ὥς</span> <span class='ocrx_word' id='word_1_711' title='bbox 1343 2235 1410 2251; x_wconf 85' lang='grc' dir='ltr'>τινα.</span> <span class='ocrx_word' id='word_1_712' title='bbox 1432 2224 1530 2252; x_wconf 81' lang='grc' dir='ltr'>δοῦλον</span> <span class='ocrx_word' id='word_1_713' title='bbox 1565 2224 1698 2262; x_wconf 73' lang='grc' dir='ltr'>δραπέτην</span> <span class='ocrx_word' id='word_1_714' title='bbox 1725 2225 1851 2262; x_wconf 72' lang='grc' dir='ltr'>ᾐκίσατο,</span> 
     </span>
    </p>
   </div>
   <div class='ocr_carea' id='block_1_104' title="bbox 1022 2267 1851 2307">
    <p class='ocr_par' dir='ltr' id='par_1_104' title="bbox 1022 2267 1851 2307">
     <span class='ocr_line' id='line_1_104' title="bbox 1022 2267 1851 2307; baseline 0.001 -11"><span class='ocrx_word' id='word_1_715' title='bbox 1022 2269 1067 2296; x_wconf 76' lang='grc' dir='ltr'>καὶ</span> <span class='ocrx_word' id='word_1_716' title='bbox 1096 2268 1135 2300; x_wconf 70' lang='grc' dir='ltr'>εἰς</span> <span class='ocrx_word' id='word_1_717' title='bbox 1157 2267 1203 2295; x_wconf 75' lang='grc' dir='ltr'>ἕνα</span> <span class='ocrx_word' id='word_1_718' title='bbox 1237 2270 1290 2295; x_wconf 85' lang='grc' dir='ltr'>τῶν</span> <span class='ocrx_word' id='word_1_719' title='bbox 1327 2267 1536 2307; x_wconf 71' lang='grc' dir='ltr'>ζοφωδςστάτων</span> <span class='ocrx_word' id='word_1_720' title='bbox 1572 2268 1712 2307; x_wconf 73' lang='grc' dir='ltr'>ἆγκλείσας</span> <span class='ocrx_word' id='word_1_721' title='bbox 1739 2269 1851 2307; x_wconf 69' lang='grc' dir='ltr'>πύργων</span> 
     </span>
    </p>
   </div>
   <div class='ocr_carea' id='block_1_105' title="bbox 1023 2311 1548 2351">
    <p class='ocr_par' dir='ltr' id='par_1_105' title="bbox 1023 2311 1548 2351">
     <span class='ocr_line' id='line_1_105' title="bbox 1023 2311 1548 2351; baseline 0.002 -11"><span class='ocrx_word' id='word_1_722' title='bbox 1023 2312 1196 2349; x_wconf 71' lang='grc' dir='ltr'>ἀτημέλητον</span> <span class='ocrx_word' id='word_1_723' title='bbox 1213 2313 1284 2351; x_wconf 74' lang='grc' dir='ltr'>εἶχεν</span> <span class='ocrx_word' id='word_1_724' title='bbox 1301 2312 1411 2340; x_wconf 80' lang='grc' dir='ltr'>ἀλύσισι</span> <span class='ocrx_word' id='word_1_725' title='bbox 1428 2311 1548 2350; x_wconf 77' lang='grc' dir='ltr'>δέσμιον.</span> 
     </span>
    </p>
   </div>
   <div class='ocr_carea' id='block_1_106' title="bbox 1059 2365 1852 2405">
    <p class='ocr_par' dir='ltr' id='par_1_106' title="bbox 1059 2365 1852 2405">
     <span class='ocr_line' id='line_1_106' title="bbox 1059 2365 1852 2405; baseline 0.001 -11"><span class='ocrx_word' id='word_1_726' title='bbox 1059 2367 1089 2395; x_wconf 91' lang='grc' dir='ltr'>Ὁ</span> <span class='ocrx_word' id='word_1_727' title='bbox 1119 2365 1146 2393; x_wconf 74' lang='grc' dir='ltr'>δὶ</span> <span class='ocrx_word' id='word_1_728' title='bbox 1177 2366 1330 2404; x_wconf 82' lang='grc' dir='ltr'>Λογοοέτης</span> <span class='ocrx_word' id='word_1_729' title='bbox 1369 2366 1437 2403; x_wconf 74' lang='grc' dir='ltr'>μέγα</span> <span class='ocrx_word' id='word_1_730' title='bbox 1475 2365 1633 2403; x_wconf 83' lang='grc' dir='ltr'>δυνάμινος,</span> <span class='ocrx_word' id='word_1_731' title='bbox 1660 2368 1697 2398; x_wconf 85' lang='grc' dir='ltr'>ὡς</span> <span class='ocrx_word' id='word_1_732' title='bbox 1733 2366 1852 2405; x_wconf 63' lang='grc' dir='ltr'>αἶ’ρηται,</span> 
     </span>
    </p>
   </div>
   <div class='ocr_carea' id='block_1_107' title="bbox 1023 2409 1852 2451">
    <p class='ocr_par' dir='ltr' id='par_1_107' title="bbox 1023 2409 1852 2451">
     <span class='ocr_line' id='line_1_107' title="bbox 1023 2409 1852 2451; baseline 0.002 -14"><span class='ocrx_word' id='word_1_733' title='bbox 1023 2411 1096 2447; x_wconf 65' lang='grc' dir='ltr'>παρὰ</span> <span class='ocrx_word' id='word_1_734' title='bbox 1131 2410 1247 2447; x_wconf 76' lang='grc' dir='ltr'>βασιλεῖ,</span> <span class='ocrx_word' id='word_1_735' title='bbox 1279 2409 1348 2448; x_wconf 73' lang='grc' dir='ltr'>ἄγων</span> <span class='ocrx_word' id='word_1_736' title='bbox 1387 2422 1416 2438; x_wconf 86' lang='grc' dir='ltr'>τι</span> <span class='ocrx_word' id='word_1_737' title='bbox 1453 2411 1497 2438; x_wconf 83' lang='grc' dir='ltr'>καὶ</span> <span class='ocrx_word' id='word_1_738' title='bbox 1533 2411 1622 2450; x_wconf 83' lang='grc' dir='ltr'>φέρων</span> <span class='ocrx_word' id='word_1_739' title='bbox 1660 2413 1747 2439; x_wconf 82' lang='grc' dir='ltr'>πάντα</span> <span class='ocrx_word' id='word_1_740' title='bbox 1779 2413 1852 2451; x_wconf 74' lang='grc' dir='ltr'>ἥπερ</span> 
     </span>
    </p>
   </div>
   <div class='ocr_carea' id='block_1_108' title="bbox 1024 2453 1852 2494">
    <p class='ocr_par' dir='ltr' id='par_1_108' title="bbox 1024 2453 1852 2494">
     <span class='ocr_line' id='line_1_108' title="bbox 1024 2453 1852 2494; baseline 0.002 -12"><span class='ocrx_word' id='word_1_741' title='bbox 1024 2453 1164 2489; x_wconf 64' lang='grc' dir='ltr'>ἐϐούλετο,</span> <span class='ocrx_word' id='word_1_742' title='bbox 1180 2456 1229 2489; x_wconf 76' lang='grc' dir='ltr'>τήν</span> <span class='ocrx_word' id='word_1_743' title='bbox 1255 2457 1304 2483; x_wconf 79' lang='grc' dir='ltr'>τοῦ</span> <span class='ocrx_word' id='word_1_744' title='bbox 1319 2453 1455 2491; x_wconf 80' lang='grc' dir='ltr'>Ἑϐδόμου</span> <span class='ocrx_word' id='word_1_745' title='bbox 1478 2457 1562 2492; x_wconf 81' lang='grc' dir='ltr'>μονὴν</span> <span class='ocrx_word' id='word_1_746' title='bbox 1585 2455 1630 2483; x_wconf 75' lang='grc' dir='ltr'>διὰ</span> <span class='ocrx_word' id='word_1_747' title='bbox 1651 2455 1753 2494; x_wconf 75' lang='grc' dir='ltr'>δωρεᾶς</span> <span class='ocrx_word' id='word_1_748' title='bbox 1778 2455 1852 2492; x_wconf 67' lang='grc' dir='ltr'>ἆξαι-</span> 
     </span>
    </p>
   </div>
   <div class='ocr_carea' id='block_1_109' title="bbox 1024 2499 1852 2538">
    <p class='ocr_par' dir='ltr' id='par_1_109' title="bbox 1024 2499 1852 2538">
     <span class='ocr_line' id='line_1_109' title="bbox 1024 2499 1852 2538; baseline 0.004 -12"><span class='ocrx_word' id='word_1_749' title='bbox 1024 2500 1189 2536; x_wconf 74' lang='grc' dir='ltr'>τησάμινος,</span> <span class='ocrx_word' id='word_1_750' title='bbox 1215 2500 1301 2527; x_wconf 79' lang='grc' dir='ltr'>πάντα</span> <span class='ocrx_word' id='word_1_751' title='bbox 1325 2501 1451 2536; x_wconf 80' lang='grc' dir='ltr'>κτήματα</span> <span class='ocrx_word' id='word_1_752' title='bbox 1474 2500 1518 2527; x_wconf 80' lang='grc' dir='ltr'>καὶ</span> <span class='ocrx_word' id='word_1_753' title='bbox 1544 2504 1630 2528; x_wconf 76' lang='grc' dir='ltr'>πᾶσαν</span> <span class='ocrx_word' id='word_1_754' title='bbox 1661 2499 1760 2538; x_wconf 81' lang='grc' dir='ltr'>σχεδὸν</span> <span class='ocrx_word' id='word_1_755' title='bbox 1784 2501 1852 2536; x_wconf 71' lang='grc' dir='ltr'>ὅσην</span> 
     </span>
    </p>
   </div>
   <div class='ocr_carea' id='block_1_110' title="bbox 1024 2542 1848 2582">
    <p class='ocr_par' dir='ltr' id='par_1_110' title="bbox 1024 2542 1848 2582">
     <span class='ocr_line' id='line_1_110' title="bbox 1024 2542 1848 2582; baseline 0.002 -12"><span class='ocrx_word' id='word_1_756' title='bbox 1024 2543 1104 2578; x_wconf 83' lang='grc' dir='ltr'>ἥλιος</span> <span class='ocrx_word' id='word_1_757' title='bbox 1131 2543 1214 2582; x_wconf 73' lang='grc' dir='ltr'>ἐφορᾷ</span> <span class='ocrx_word' id='word_1_758' title='bbox 1243 2542 1353 2570; x_wconf 75' lang='grc' dir='ltr'>ἔσπευδε</span> <span class='ocrx_word' id='word_1_759' title='bbox 1380 2545 1570 2581; x_wconf 80' lang='grc' dir='ltr'>προσκυρῶσαι</span> <span class='ocrx_word' id='word_1_760' title='bbox 1594 2544 1662 2581; x_wconf 78' lang='grc' dir='ltr'>αὐτῇ</span> <span class='ocrx_word' id='word_1_761' title='bbox 1694 2544 1737 2571; x_wconf 77' lang='grc' dir='ltr'>καὶ</span> <span class='ocrx_word' id='word_1_762' title='bbox 1761 2555 1848 2582; x_wconf 87' lang='grc' dir='ltr'>προσ-</span> 
     </span>
    </p>
   </div>
   <div class='ocr_carea' id='block_1_111' title="bbox 1025 2587 1852 2626">
    <p class='ocr_par' dir='ltr' id='par_1_111' title="bbox 1025 2587 1852 2626">
     <span class='ocr_line' id='line_1_111' title="bbox 1025 2587 1852 2626; baseline -0.001 -10"><span class='ocrx_word' id='word_1_763' title='bbox 1025 2588 1098 2619; x_wconf 77' lang='grc' dir='ltr'>όδοις</span> <span class='ocrx_word' id='word_1_764' title='bbox 1121 2588 1248 2626; x_wconf 75' lang='grc' dir='ltr'>ἀφθόνοις</span> <span class='ocrx_word' id='word_1_765' title='bbox 1273 2587 1453 2623; x_wconf 79' lang='grc' dir='ltr'>ἐμπλατῦναι,</span> <span class='ocrx_word' id='word_1_766' title='bbox 1479 2587 1659 2625; x_wconf 80' lang='grc' dir='ltr'>σκιπτόμενος</span> <span class='ocrx_word' id='word_1_767' title='bbox 1683 2588 1712 2615; x_wconf 76' lang='grc' dir='ltr'>ἐκ</span> <span class='ocrx_word' id='word_1_768' title='bbox 1740 2595 1852 2626; x_wconf 79' lang='grc' dir='ltr'>μοχθη-</span> 
     </span>
    </p>
   </div>
   <div class='ocr_carea' id='block_1_112' title="bbox 1025 2631 1852 2671">
    <p class='ocr_par' dir='ltr' id='par_1_112' title="bbox 1025 2631 1852 2671">
     <span class='ocr_line' id='line_1_112' title="bbox 1025 2631 1852 2671; baseline 0.001 -11"><span class='ocrx_word' id='word_1_769' title='bbox 1025 2633 1083 2671; x_wconf 87' lang='grc' dir='ltr'>ρίας</span> <span class='ocrx_word' id='word_1_770' title='bbox 1101 2631 1265 2663; x_wconf 72' lang='grc' dir='ltr'>οἱκειοῦσθαί</span> <span class='ocrx_word' id='word_1_771' title='bbox 1289 2642 1318 2659; x_wconf 77' lang='grc' dir='ltr'>τε</span> <span class='ocrx_word' id='word_1_772' title='bbox 1343 2633 1389 2659; x_wconf 74' lang='grc' dir='ltr'>τὸν</span> <span class='ocrx_word' id='word_1_773' title='bbox 1419 2632 1531 2669; x_wconf 87' lang='grc' dir='ltr'>βασιλέα</span> <span class='ocrx_word' id='word_1_774' title='bbox 1555 2633 1599 2660; x_wconf 89' lang='grc' dir='ltr'>καὶ</span> <span class='ocrx_word' id='word_1_775' title='bbox 1629 2632 1852 2671; x_wconf 74' lang='grc' dir='ltr'>παρακερδαίνιιν</span> 
     </span>
    </p>
   </div>
   <div class='ocr_carea' id='block_1_113' title="bbox 1023 2674 1850 2715">
    <p class='ocr_par' dir='ltr' id='par_1_113' title="bbox 1023 2674 1850 2715">
     <span class='ocr_line' id='line_1_113' title="bbox 1023 2674 1850 2715; baseline 0.002 -11"><span class='ocrx_word' id='word_1_776' title='bbox 1023 2678 1056 2705; x_wconf 75' lang='grc' dir='ltr'>τὰ</span> <span class='ocrx_word' id='word_1_777' title='bbox 1087 2677 1199 2715; x_wconf 82' lang='grc' dir='ltr'>μέγιστα</span> <span class='ocrx_word' id='word_1_778' title='bbox 1219 2680 1269 2711; x_wconf 85' lang='grc' dir='ltr'>τῆς</span> <span class='ocrx_word' id='word_1_779' title='bbox 1294 2674 1457 2714; x_wconf 74' lang='grc' dir='ltr'>ἀϐελτηρίας</span> <span class='ocrx_word' id='word_1_780' title='bbox 1482 2677 1564 2705; x_wconf 73' lang='grc' dir='ltr'>αὐτοῦ</span> <span class='ocrx_word' id='word_1_781' title='bbox 1597 2677 1641 2704; x_wconf 83' lang='grc' dir='ltr'>καὶ</span> <span class='ocrx_word' id='word_1_782' title='bbox 1669 2680 1709 2714; x_wconf 82' lang='grc' dir='ltr'>τῷ</span> <span class='ocrx_word' id='word_1_783' title='bbox 1735 2677 1850 2715; x_wconf 71' lang='grc' dir='ltr'>ὀνόματι</span> 
     </span>
    </p>
   </div>
   <div class='ocr_carea' id='block_1_114' title="bbox 1023 2721 1850 2761">
    <p class='ocr_par' dir='ltr' id='par_1_114' title="bbox 1023 2721 1850 2761">
     <span class='ocr_line' id='line_1_114' title="bbox 1023 2721 1850 2761; baseline 0.002 -13"><span class='ocrx_word' id='word_1_784' title='bbox 1023 2726 1072 2757; x_wconf 80' lang='grc' dir='ltr'>τῆς</span> <span class='ocrx_word' id='word_1_785' title='bbox 1104 2725 1192 2758; x_wconf 80' lang='grc' dir='ltr'>μονῆς</span> <span class='ocrx_word' id='word_1_786' title='bbox 1213 2724 1331 2749; x_wconf 84' lang='grc' dir='ltr'>πΛοῦτον</span> <span class='ocrx_word' id='word_1_787' title='bbox 1365 2721 1523 2754; x_wconf 69' lang='grc' dir='ltr'>ἐπικτᾶσθαι</span> <span class='ocrx_word' id='word_1_788' title='bbox 1555 2723 1689 2761; x_wconf 68' lang='grc' dir='ltr'>ὑπερφυῆ.</span> <span class='ocrx_word' id='word_1_789' title='bbox 1716 2723 1850 2759; x_wconf 79' lang='grc' dir='ltr'>Ποριμώ-</span> 
     </span>
    </p>
   </div>
   <div class='ocr_carea' id='block_1_115' title="bbox 1025 2765 1852 2805">
    <p class='ocr_par' dir='ltr' id='par_1_115' title="bbox 1025 2765 1852 2805">
     <span class='ocr_line' id='line_1_115' title="bbox 1025 2765 1852 2805; baseline 0.001 -10"><span class='ocrx_word' id='word_1_790' title='bbox 1025 2777 1104 2798; x_wconf 75' lang='grc' dir='ltr'>τατος</span> <span class='ocrx_word' id='word_1_791' title='bbox 1130 2765 1158 2794; x_wconf 73' lang='grc' dir='ltr'>δὲ</span> <span class='ocrx_word' id='word_1_792' title='bbox 1186 2765 1222 2794; x_wconf 80' lang='grc' dir='ltr'>ὢν</span> <span class='ocrx_word' id='word_1_793' title='bbox 1245 2767 1282 2797; x_wconf 76' lang='grc' dir='ltr'>είς</span> <span class='ocrx_word' id='word_1_794' title='bbox 1311 2766 1417 2803; x_wconf 84' lang='grc' dir='ltr'>κακίαν,</span> <span class='ocrx_word' id='word_1_795' title='bbox 1438 2766 1512 2805; x_wconf 81' lang='grc' dir='ltr'>εἷ’πιρ</span> <span class='ocrx_word' id='word_1_796' title='bbox 1538 2778 1578 2798; x_wconf 85' lang='grc' dir='ltr'>τις</span> <span class='ocrx_word' id='word_1_797' title='bbox 1600 2765 1704 2805; x_wconf 69' lang='grc' dir='ltr'>ἕτερος,</span> <span class='ocrx_word' id='word_1_798' title='bbox 1728 2767 1773 2795; x_wconf 77' lang='grc' dir='ltr'>καὶ</span> <span class='ocrx_word' id='word_1_799' title='bbox 1801 2771 1852 2797; x_wconf 69' lang='grc' dir='ltr'>τοῦ</span> 
     </span>
    </p>
   </div>
  </div>
