1937 3050
83 114 145 144 1ὰῦ

845 108 1028 141 HISTORIA
1036 130 1043 137 .

1735 94 1794 126 446

84 177 235 217 κιρδαλέου
262 177 343 217 χάριν
364 175 479 215 μηδενὸς
495 176 641 215 δυσφήμου
658 175 792 214 ὀνόματος
807 176 909 214 ἀπεχό-

1013 174 1059 202 ιῐὶο
1083 172 1156 201 nulli
1187 179 1308 208 parcens
1338 168 1477 202 infamiae,
1495 165 1642 195 ofﬁcinam
1659 163 1689 191 in
1705 161 1794 190 Rhas-

89 234 182 260 μενος,
212 221 351 262 φούνδακα
378 224 435 260 (35)
464 224 489 250 έν
504 222 540 260 τῇ
566 221 711 258 Ῥαιδιστῷ
725 221 770 249 καὶ
788 230 915 258 μονοπω-

87 268 164 296 λιῖον
210 269 390 303 συνεστήσατο
408 291 415 304 ,
451 266 577 299 κωλύσας
615 267 661 295 καὶ
694 266 820 304 ἀπείρξας
851 265 915 296 τοὺς

87 312 253 343 πωλοῦντας
283 313 411 346 ἅπαντας,
441 312 472 339 τὸ
500 311 639 350 βασιλικὸν
669 311 698 339 δὲ
715 311 796 347 μόνον
811 311 917 348 πρατή-

89 368 149 396 ριον
176 357 382 395 ἐμηχανήσατο·
410 357 481 394 παρὸ
505 357 550 384 καὶ
573 356 654 392 λιμὸν
678 354 917 393 ἐπραγματεύσατο

91 403 223 440 μέγιστον
255 402 300 429 καὶ
333 404 386 429 τῶν
417 402 529 429 πώποτε
559 399 806 438 μνημονευομένων
834 399 918 427 ἀπαν-

89 447 268 485 θρωπότατον
288 468 295 481 ,
326 446 362 478 ὡς
391 446 437 473 καὶ
474 448 514 483 τῷ
544 445 651 484 βασιλεῖ
679 445 735 473 ἀντ’
764 443 919 480 ἰπωνυμίας

89 492 217 529 γενέσθαι
237 491 329 526 αὐτὸν,
343 491 388 518 καὶ
415 491 467 518 ἀπὸ
496 490 593 518 τούτου
620 489 726 527 μᾶλλον
743 490 760 524 ἢ
779 490 828 516 τοῦ
851 498 919 526 προ-

90 538 207 573 γονικοῦ
235 536 413 574 γινώσκεσθαι
441 538 499 566 τοῖς
531 535 691 572 μετέπειτα·
722 533 840 571 Μιχαὴλ
867 532 919 570 γάρ

88 591 133 611 τις
160 580 257 615 εἰπὼν,
286 580 311 607 si
339 581 377 617 μὴ
404 579 535 618 προσθείη
564 579 609 607 καὶ
635 579 680 607 τὸν
707 577 919 616 Παραπινάκιον,

91 625 145 675 οὐκ
161 625 191 652 ἂν
205 625 311 675 γένοιτο
327 624 468 661 συντόμως
484 624 707 662 γνωριμώτερος,
725 621 769 650 διὰ
787 622 818 649 τὸ
844 632 920 656 τηνι-

91 669 180 697 καῦτα
195 669 242 697 τόν
260 668 356 706 μόδιον
372 669 444 707 παρὰ
458 670 582 697 πινάκιον
598 670 637 704 τῷ
645 668 792 704 νομίσματι
803 666 921 704 πιπράσ-

94 715 201 742 κεσθαι.

132 761 178 795 Τῷ
206 757 235 786 δὲ
258 758 359 796 πρώτῳ
383 756 436 785 ἔτει
452 761 503 793 τῆς
521 756 659 796 βασιλείας
674 757 769 790 αὐτοῦ,
786 754 922 783 ῗνδικτιῶ-

95 815 141 835 νος
160 807 203 838 ια’,
221 804 252 831 τὸ
280 806 333 831 τῶν
365 801 473 840 Σέρϐιον
495 801 580 836 ἔθνος,
597 802 644 834 οὕς
672 800 705 836 δή
721 801 765 828 καὶ
781 797 922 837 Χροϐάτας

96 847 226 895 καλοῦσι,
319 847 486 895 Βομλγαρίαν
514 846 611 895 ἐξῆλθε
634 844 922 881 καταδουλωσόμενον.
942 863 965 895 Β

101 893 157 922 Τὸν
184 892 213 919 δὲ
234 892 335 930 τρόπον
353 891 452 924 ἄνωθεν
473 889 616 920 ἀναλαϐὼν
642 889 822 928 διηγήσομαι.
848 892 926 916 Βασι-

100 937 177 965 λείου
201 937 253 975 γὰρ
281 939 330 965 τοῦ
361 936 505 975 βασιλέως,
535 935 652 970 ὁπηνίκα
675 935 724 969 τὴν
755 932 925 971 Βουλγαρίαν

103 983 272 1020 ὑπηγάγετο,
304 982 341 1018 μὴ
373 981 538 1017 θελήσαντάς
565 992 592 1008 τι
615 983 768 1018 νεοχμῆσαι
795 980 848 1005 τῶν
873 976 927 1004 ἐθί-

103 1038 163 1063 μων
188 1026 280 1062 αὐτοῦ,
305 1026 369 1054 ἀλλ’
395 1027 445 1054 ὑπὸ
469 1029 527 1057 τοῖς
544 1026 682 1065 σφετέροις
699 1024 814 1062 ἄρχουσί
829 1033 858 1050 τε
882 1022 926 1049 καὶ

101 1070 182 1105 ἤθεσι
205 1072 240 1099 τὰ
271 1073 331 1103 καθ’
355 1070 466 1103 ἑαυτοὺς
492 1070 631 1109 ὁρίσαντος
655 1068 833 1106 διεξάγισῦαι,
860 1073 927 1098 καθ-

103 1116 141 1147 ώς
172 1126 225 1143 που
251 1116 295 1143 καὶ
322 1115 366 1143 ἐπὶ
394 1118 442 1143 τοῦ
467 1115 613 1152 Σαμουὴλ,
643 1113 672 1146 ὅς
698 1113 787 1140 αὐτῶν
804 1111 930 1149 ἀρχηγὸς

102 1160 208 1198 ἰγένετο
234 1159 288 1195 ἤδη
316 1160 364 1197 μὶν
393 1161 438 1187 οὖν
463 1160 507 1188 καὶ
530 1159 660 1197 πρότερον
687 1157 732 1185 τὸν
749 1155 825 1189 ἔθνος
853 1155 928 1184 τετά-

107 1216 209 1244 ρακτο,
249 1206 290 1242 [Ρ.
324 1206 387 1242 851]
425 1206 475 1239 τήν
514 1203 664 1239 ἀπληστίαν
703 1203 741 1239 μὴ
772 1201 852 1240 φέρον
881 1200 929 1228 τοῦ

107 1250 325 1289 ὁρφανοτρόφου,
357 1249 401 1277 ὅτι
432 1249 480 1277 τὸν
516 1248 647 1277 Δολεάνον
681 1247 782 1275 ἑαυτῶν
819 1245 931 1283 βασιλέα

107 1295 325 1334 ἐπευφήμησαν,
360 1295 421 1332 περὶ
465 1295 501 1321 ὧν
542 1293 611 1321 κατὰ
654 1292 735 1330 μέρος
777 1289 931 1326 δεδήλωται

106 1339 221 1374 ἄνωθεν,
258 1338 394 1376 ἀπέϐλεψε
432 1338 460 1366 8‘:
494 1339 538 1366 καὶ
579 1340 624 1366 νῦν
661 1337 729 1376 πρὸς
755 1333 930 1364 ἀποστασίαν.

105 1385 172 1438 Τὴν.
188 1385 239 1422 γὰρ
268 1385 316 1412 τοῦ
332 1385 491 1423 Νικηφόρου
523 1383 561 1421 μὴ
577 1383 658 1421 φέρον
677 1381 829 1417 ἀπληστίαν
856 1380 899 1408 καὶ
917 1379 933 1406 ἃ

230 1430 234 1438 1
355 1429 361 1438 Ἰ
386 1431 398 1437 ι-
536 1429 540 1437 Ι
661 1426 687 1438 ’δ
722 1427 729 1438 ὶ
743 1437 748 1438 γ
776 1426 916 1438 1-.----..-

106 1429 177 1457 κατά
200 1430 307 1457 πάντων
333 1429 405 1464 αὐτῷ
428 1429 622 1466 μεμηχάνητο,
640 1426 749 1457 οὐδενὸς
775 1426 933 1462 ἐπιστρεφο-

110 1475 194 1511 μένου
214 1476 263 1501 τοῦ
290 1473 435 1511 βασιλέως,
456 1476 516 1505 ταῖς
541 1471 736 1509 παιδαριώδεσι
761 1469 789 1498 δὶ
813 1467 933 1498 παιδιαῖς

109 1519 193 1555 μόνον
237 1519 473 1556 προσανέχοντος,
517 1518 544 1545 οἱ
581 1517 648 1544 κατὰ
681 1517 730 1551 τήν
763 1512 932 1552 Βουλγαρίαν

107 1563 274 1601 προέχοντες
312 1547 415 1599 ἀξιζῦσι
451 1547 497 1590 τον
531 1561 681 1600 Μιχαηλᾶν
710 1547 850 1598 ’ἀρχηγὸνΙ
869 1547 969 1586 ἕνταο

108 1607 241 1646 ἐπαρῆξαι
266 1609 358 1639 αὐτοῖς
382 1608 427 1635 καὶ
457 1611 637 1645 συνεργῆσαι,
666 1605 758 1634 δοῦναί
786 1615 815 1632 τε
843 1604 934 1634 αὐτοῖς

108 1654 156 1681 τὸν
186 1653 244 1680 υἱὸν
275 1653 367 1687 αὐτοῦ,
398 1653 435 1684 ὡς
465 1654 495 1680 ἂν
524 1652 604 1679 αὐτὸν
637 1650 749 1689 βασιλέα
765 1648 935 1686 Βουλγαρίας

110 1698 300 1735 ὰνακηρύξωσι
325 1698 370 1725 καὶ
394 1701 444 1732 τῆς
472 1697 501 1724 ἐκ
528 1699 582 1724 τῶν
610 1695 755 1732 Ῥωμαίων
785 1694 933 1730 ἐλευθερω-

109 1746 180 1776 θεῖεν
206 1741 429 1773 καταδυναστείας
453 1741 497 1769 καὶ
522 1741 684 1779 βαρύτητος.
707 1740 737 1768 Ὁ
763 1737 792 1766 δὲ
811 1737 934 1775 ἀσμένως

109 1787 240 1815 ὑπακούιι
267 1788 367 1821 αὐτῶν,
395 1786 567 1824 τριακοσίους
588 1796 617 1813 τε
639 1787 692 1812 τῶν
708 1784 804 1811 ἑαυτοῦ
833 1782 934 1810 ἀπολε‹

109 1833 225 1869 ξάμενος
254 1831 298 1860 καὶ
325 1833 364 1868 τῷ
391 1831 484 1867 οἰκείῳ
514 1831 564 1866 υἱῷ
595 1828 790 1865 Κωνσταντίνῳ
822 1830 861 1864 τῷ
890 1826 935 1854 καὶ

110 1876 220 1913 Βοδίνῳ
245 1876 441 1914 ὀνομαζομένῳ
469 1873 607 1913 παραδοὺς
623 1874 662 1905 εἷς
691 1873 862 1911 Βουλγαρίαν
893 1871 936 1907 ἰξ-

110 1920 295 1950 αποστέλλει.
324 1921 440 1956 Ἓξεισιν
471 1920 516 1947 οὗν
547 1919 584 1950 εἷς
612 1920 646 1947 τὰ
675 1916 844 1956 Πρισδίανα,
875 1915 937 1948 ἔνθα

110 1966 345 2003 συναθροισθέντες
361 1967 387 1993 οἱ
403 1965 430 1994 ἐν
445 1968 502 1996 τοῖς
526 1964 656 1995 Σχοπίοις
685 1963 862 2001 προέχοντες,
895 1963 936 1992 οἷς

112 2010 230 2048 ἔξαρχος
243 2011 276 2045 ἧν
292 2011 426 2048 Γεώργιος
441 2011 455 2037 ὁ
475 2009 622 2049 Βοϊτάχος,
641 2010 689 2036 τοῦ
704 2010 758 2035 τῶν
783 2007 936 2045 Κομχάνων

110 2057 207 2094 γένους
247 2055 456 2094 καταγόμενος,
498 2053 611 2092 βασιλέα
653 2052 816 2091 Βουλγάρων
857 2051 936 2079 αὐτὸν

111 2100 285 2138 ἆνεκήρυξαν,
323 2100 421 2137 Ηέτρον
458 2098 515 2126 ἀντὶ
543 2098 749 2126 Κωνσταντίνου
784 2097 938 2133 μετονομά-

113 2155 229 2176 σανεες.
257 2145 342 2182 Ὅπερ
369 2144 487 2174 ἀκούσας
511 2144 525 2171 ὸ
554 2143 579 2171 ἐν
603 2142 734 2173 Σκοπίοις
764 2140 862 2169 διέπων
888 2142 936 2176 τὴν

113 2190 205 2227 ἀρχὴν
234 2192 283 2216 τοῦ
307 2188 404 2220 δουκὸς
432 2187 588 2227 Νικηφόρος
616 2188 630 2215 ὁ
660 2188 847 2224 Καραντηνὸς,
875 2186 938 2218 τοὺς

971 209 1054 248 desto
1069 221 1097 247 et
1113 216 1315 253 monopolium
1330 213 1472 245 instituit,
1489 209 1648 247 prohibens
1663 209 1691 235 et
1715 214 1796 234 coer-

972 273 1041 293 cens
1070 270 1173 291 omnes
1202 260 1376 292 vendentes;
1416 257 1573 290 solumque
1610 250 1796 288 imperatoris

972 310 1067 337 forum
1096 306 1198 334 venale
1227 304 1412 333 machinatus
1438 303 1492 329 est.
1515 299 1557 327 Ex
1581 305 1639 333 quo
1664 294 1797 322 maxime

973 354 1058 381 famis
1080 353 1181 380 auctor
1206 350 1270 383 fuit,
1296 350 1325 375 et
1349 353 1475 382 quarum
1502 349 1631 378 unquam
1660 338 1798 367 memine-

973 398 1032 425 rint
1047 396 1181 425 homines
1197 392 1416 424 crudelissimae,
1433 390 1476 417 ita
1491 391 1523 416 ut
1547 387 1616 414 inde
1640 384 1800 419 imperator

974 443 1201 478 cognomentum
1231 437 1383 469 invenerit,
1410 443 1427 462 a
1454 441 1512 469 quo
1542 429 1638 466 magis
1667 434 1758 463 quam
1784 434 1800 453 a

975 487 1120 522 majorum
1137 492 1257 513 suorum
1278 481 1396 510 nomine
1422 477 1546 515 posteris
1570 477 1614 503 est
1638 471 1798 509 cognitus:

975 516 1041 559 nam
1058 531 1082 559 si
1097 531 1165 566 quis
1182 530 1260 557 dicat
1275 525 1411 559 Michael,
1428 531 1523 559 neque
1538 521 1627 548 addat
1643 516 1800 552 Parapina-

974 577 1047 609 cius,
1066 565 1143 603 haud
1160 574 1260 602 statim
1276 570 1475 607 cognoscitur,
1491 576 1524 595 eo
1542 565 1620 602 quod
1636 567 1707 591 tunc
1732 569 1797 588 mo-

975 621 1043 649 dius
1060 620 1237 648 numismate
1256 606 1442 648 venderetur,
1468 612 1518 641 sed
1545 608 1659 646 piuacio
1686 606 1798 640 minus,

976 666 1025 702 qui
1042 663 1182 693 medimni
1197 662 1347 698 quadrans
1361 661 1415 688 est.

1013 756 1111 783 Primo
1140 755 1238 782 autem
1263 749 1378 786 imperii
1404 746 1499 784 ipsius
1529 751 1617 776 anno,
1641 739 1802 769 indictione

979 800 1144 828 undecima.
1161 784 1315 826 Servorum
1333 801 1416 831 gens,
1432 799 1506 828 quos
1526 789 1614 817 etiam
1639 784 1800 814 Chrobatas

980 847 1096 879 vocant,
1112 844 1183 872 exiit
1197 844 1229 870 ut
1243 830 1410 876 Bulgariam
1427 837 1455 864 in
1472 834 1643 864 servitutem
1661 830 1734 858 115
1758 837 1803 856 re-

981 891 1102 918 dactura
1133 898 1139 916 :
1169 886 1314 923 quomodo
1338 891 1418 916 vero,
1451 880 1540 908 altius
1573 878 1636 913 ipse
1668 876 1804 911 repetens

981 934 1134 962 euarrabo.
1150 935 1223 959 Nam
1240 938 1307 958 cum
1324 927 1455 956 Basilius
1477 924 1645 959 imperator,
1670 928 1704 947 eo
1728 921 1803 946 tem-

982 988 1051 1015 pore
1065 987 1121 1014 quo
1137 975 1303 1012 Bulgariam
1320 971 1446 1006 subegit,
1474 967 1562 996 nollet
1585 964 1696 1000 aliquid
1719 963 1803 990 inno-

982 1033 1048 1052 vare
1072 1030 1172 1051 eorum
1198 1028 1262 1056 quae
1285 1017 1342 1054 ipsi
1359 1015 1466 1044 usitata
1481 1013 1575 1046 erant,
1591 1017 1690 1038 verum
1707 1006 1803 1043 prati-

983 1069 1075 1097 nisset
1101 1070 1133 1095 ut
1162 1075 1177 1094 ιλ
1202 1064 1265 1093 suis
1294 1052 1477 1099 principibus
1505 1058 1655 1092 regeretur
1682 1052 1804 1086 suisque

983 1115 1114 1143 moribus
1130 1113 1258 1148 degeret,
1275 1105 1523 1144 quemadmodum
1548 1102 1617 1129 item
1642 1099 1805 1134 imperante

981 1158 1126 1191 Samuele,
1143 1143 1192 1192 qui
1208 1156 1268 1182 dux
1282 1143 1414 1189 ipsorum
1439 1149 1552 1177 fuit.....
1573 1146 1636 1181 jam
1662 1143 1751 1179 igitur
1775 1143 1804 1168 et

985 1203 1066 1241 prius
1081 1188 1160 1230 natio
1175 1188 1345 1236 perturbata
1360 1196 1464 1227 fuerat,
1480 1191 1558 1228 quod
1575 1198 1631 1217 non
1647 1188 1736 1216 ferret
1759 1193 1806 1212 or-

985 1236 1181 1286 phanotrophi
1203 1243 1365 1275 avaritiam,
1392 1239 1510 1276 quando
1534 1236 1693 1265 Doleanum
1718 1237 1806 1259 suum

1112 1275 1310 1320 declararunt,
1337 1275 1407 1321 quae?
1425 1281 1577 1319 sigillatim
1602 1277 1738 1313 superius
1762 1275 1808 1302 de-

988 1321 1150 1366 mbnstrata
1162 1336 1241 1362 sunt.
1258 1333 1293 1360 Et
1315 1338 1394 1358 nunc
1418 1335 1534 1364 quoque
1557 1325 1592 1353 ad
1619 1321 1806 1350 rebellionem

988 1382 1131 1419 spectavit
1143 1389 1150 1409 :
1160 1387 1253 1414 neque
1264 1377 1342 1405 enim
1354 1375 1465 1403 ferebat
1476 1368 1630 1406 Nicephori
1643 1365 1807 1396 avaritiam,

1480 1417 1508 1419 --
1554 1417 1558 1419 -
1624 1413 1635 1419 η
1688 1412 1704 1419 -.
1755 1407 1806 1419 tu.

988 1407 1087 1419 "r--'w
1096 1407 1100 1408 ν
1110 1407 1116 1408 ί
1124 1407 1129 1409 ~
1144 1407 1149 1409 ν
1206 1407 1214 1414 ι

987 1431 1016 1456 et
1026 1435 1087 1462 quae
1098 1427 1198 1453 contra
1209 1430 1311 1451 omnes
1332 1421 1395 1456 ipse
1415 1417 1600 1445 machinatus
1622 1412 1719 1443 fuerit,
1735 1407 1807 1437 nihil

988 1475 1110 1500 curante
1125 1455 1364 1505 imperatore,sed
1381 1463 1452 1492 solis
1469 1459 1630 1497 puerilibus
1641 1455 1719 1484 ludis
1729 1461 1810 1482 occu-

1084 1498 1222 1550 Bulga‘rim
1239 1498 1385 1548 principes
1400 1505 1572 1536 Michaelem
1598 1509 1684 1530 suum
1711 1498 1810 1535 praste-

990 1545 1069 1590 ctum
1087 1545 1190 1594 petunt
1204 1545 1260 1586 sibi
1277 1545 1361 1593 opem
1376 1555 1450 1582 ferre
1469 1554 1497 1579 et
1520 1546 1670 1586 opitulari,
1696 1545 1812 1579 sibique

988 1589 1103 1634 tradere
1118 1605 1260 1638 tilium,ut
1274 1589 1372 1637 ipsum
1384 1596 1528 1633 Bulgaria
1543 1601 1637 1628 regem
1654 1589 1813 1621 declarent,

989 1654 1017 1680 et
1032 1660 1048 1679 a
1065 1651 1262 1678 Romanorum
1278 1645 1401 1681 imperio
1417 1632 1630 1670 eticrudelitate
1643 1643 1709 1664 eum
1721 1632 1814 1661 vindi-

991 1677 1135 1724 ὲὲιῖιξιιιο
1150 1696 1247 1721 autem
1261 1677 1388 1718 libenter
1402 1686 1476 1724 ipsis
1490 1680 1721 1718 obtemperabat,
1736 1677 1814 1705 dele-

972 1737 975 1739 ’
991 1743 1106 1776 ctisque
1121 1747 1136 1766 ο
1152 1738 1214 1766 suis
1230 1734 1377 1767 trecentis,
1399 1735 1428 1760 et
1452 1739 1505 1759 suo
1528 1728 1587 1756 {ilio
1612 1723 1813 1756 Constantino,

991 1785 1038 1813 cui
1055 1767 1164 1811 Bodino
1179 1788 1342 1817 cognomen
1357 1780 1429 1810 erat,
1445 1774 1572 1806 traditis,
1593 1772 1623 1799 in
1645 1767 1811 1804 Bulgariam

992 1838 1058 1857 sum
1076 1810 1176 1855 mittit.
1202 1810 1265 1854 Eiidt
1288 1824 1378 1859 igitur
1401 1821 1437 1849 ad
1462 1817 1626 1848 Prisdiana,
1647 1814 1695 1842 ubi
1721 1810 1812 1840 coacti

993 1881 1125 1910 proceres
1136 1871 1185 1907 qui
1198 1871 1228 1898 in
1238 1867 1350 1904 Scopiis
1365 1867 1587 1900 erant,qucrum
1604 1859 1739 1896 princeps
1755 1856 1817 1883 erat

993 1918 1134 1954 Georgius
1145 1915 1313 1947 Boitachus,
1326 1921 1343 1940 a
1354 1908 1529 1939 Comchanis
1539 1905 1681 1941 originem
1693 1903 1816 1933 ducens,

994 1949 1184 1997 Bulgarorum
1199 1967 1296 1996 regem
1309 1959 1406 1993 ipsum
1419 1952 1615 1983 declararunt,
1630 1949 1747 1976 Petrum
1763 1953 1815 1981 pro

993 2006 1185 2036 Constantino
1198 1990 1309 2032 mutato
1321 2000 1440 2029 nomine
1449 1992 1680 2026 vocantes.Quod
1697 1990 1815 2026 quidem

993 2053 1115 2080 audiens
1130 2052 1156 2078 is
1172 2049 1222 2086 qui
1238 2048 1348 2083 Scopiis
1362 2044 1445 2073 ducis
1460 2039 1616 2077 imperium
1632 2034 1819 2064 administra-

992 2099 1052 2132 bat,
1080 2079 1263 2132 Nicephorus
1292 2079 1484 2121 tiarantenus,
1509 2094 1577 2114 cum
1602 2083 1664 2111 suis
1691 2079 1817 2108 ducibus

993 2127 1066 2179 quos
1082 2127 1217 2173 habe-bal,
1232 2139 1267 2167 ad
1285 2136 1436 2165 Prisdiana
1459 2132 1534 2160 1’I6
1559 2138 1590 2158 se
1613 2127 1726 2156 confert
1749 2132 1817 2152 cum

995 2169 1157 2223 Bulgaricis
1172 2169 1275 2220 copiis.
1293 2184 1405 2209 Interea
1419 2186 1485 2206 vero
1502 2177 1572 2204 dum
1589 2173 1636 2201 hic
1652 2172 1687 2199 ad
1707 2169 1818 2198 bellum

116 2215 189 2227 ’ΤΛ-⁷1
242 2215 278 2216 ⁷η
397 2215 403 2220 '
496 2215 547 2227 ιιι
581 2215 587 2220 ν
699 2215 704 2224 ι
775 2215 780 2222 ι
821 2215 847 2221 ν-

116 2236 162 2273 ὖφ¹
191 2234 271 2261 αὐτὸν
311 2233 477 2271 στρατηγοὺς
513 2229 680 2268 παραλαϐὼν
710 2230 814 2258 ἄπεισιν
842 2231 880 2262 εἰς
907 2242 922 2258 τ

1013 2241 1026 2260 e
1050 2230 1250 2267 comparabat,
1276 2224 1443 2263 supervenit
1465 2227 1617 2250 successor
1642 2216 1737 2253 ipsius
1765 2215 1818 2242 Da-

1378 2270 1384 2273 “
1609 2264 1615 2273 ⁵
1629 2264 1725 2273 κΑ-ι--μ
1751 2267 1817 2273 nunc.

117 2277 266 2316 Πρισδίανα
301 2279 368 2315 μετὰ
401 2280 455 2305 τῶν
492 2276 684 2315 Βουλγαρικῶν
716 2275 865 2313 δυνάμεων.
897 2277 939 2304 Ἐν

116 2324 174 2360 ὅσῳ
204 2323 232 2351 δὲ
258 2323 336 2354 οὗτος
361 2323 394 2350 τὰ
417 2323 485 2359 πρὸς
509 2322 553 2349 τὸν
576 2320 698 2357 πόλεμον
720 2320 856 2358 έξήρτυιν,
886 2321 943 2347 έπι-

115 2365 249 2396 κατέλαϐε
277 2366 407 2405 διάδοχος
436 2367 519 2394 αὐτοῦ
549 2366 684 2403 Δαμιανὸς
710 2367 724 2393 ὁ
758 2365 941 2400 Δαλασσηνός.

116 2413 244 2446 Ἑνωθεὶς
270 2413 358 2440 τοίνυν
389 2413 456 2449 μετὰ
487 2413 536 2439 τοῦ
575 2413 744 2450 Καραντηνοῦ
762 2433 769 2444 ,
798 2409 890 2438 πολλά
915 2421 941 2438 τι

115 2459 289 2496 κιρτομήσας
319 2457 408 2491 αὑτὸν,
433 2457 477 2484 καὶ
500 2455 527 2488 ἐς
549 2454 660 2484 ἓκαστον
688 2454 717 2483 δὲ
739 2458 793 2483 τῶν
808 2455 853 2482 σὺν
869 2454 943 2492 αὖτῷ

119 2504 276 2540 στρατηγῶν
307 2501 511 2539 ἐμπαροινήσας
542 2501 592 2528 οὐκ
621 2500 702 2537 ὀλίγα
730 2500 774 2527 καὶ
801 2500 837 2530 ὡς
864 2499 942 2527 ἀνάν-

121 2546 202 2586 δρους
229 2547 396 2584 μυκτηρίσας
427 2546 523 2576 αὐτοὺς
539 2566 546 2580 ,
573 2545 766 2581 συνταξάμινος
789 2541 943 2580 συμϐάλλει

118 2596 178 2623 τοῖς
203 2589 315 2629 Σέρϐοις
344 2591 452 2626 εὐθέως,
483 2590 532 2617 Καὶ
560 2589 660 2627 γίνεται
679 2589 755 2627 μάχη
772 2589 870 2628 φρικτή
899 2589 943 2616 καὶ

117 2637 211 2676 τροΚή
238 2639 291 2664 τῶν
321 2635 464 2672 Ῥωμαίων
494 2633 704 2674 φρικωδεστέρα·
734 2633 863 2661 πίπτουσι
892 2634 944 2672 γὰρ

996 2277 1112 2305 mianus
1128 2275 1321 2306 Daiassenus;
1337 2270 1386 2306 qui
1402 2277 1468 2297 cum
1493 2274 1527 2294 eo
1552 2264 1726 2299 conjunctus
1750 2267 1818 2287 cum

997 2321 1098 2349 mullis
1109 2327 1176 2348 eum
1189 2317 1328 2346 conviciis
1343 2304 1490 2342 atl‘eclsset
1499 2313 1527 2338 et
1538 2309 1617 2337 haud
1632 2304 1819 2334 mediocriter

996 2368 1024 2395 in
1042 2368 1106 2402 ejus
1120 2365 1229 2393 milites
1245 2360 1442 2390 debacchatus
1459 2357 1571 2388 fuissel,
1592 2356 1733 2388 tanquam
1762 2349 1820 2377 im-

998 2411 1087 2439 belles
1098 2419 1148 2438 eos
1158 2406 1441 2439 irridens,instructa
1452 2402 1512 2430 acie
1522 2408 1589 2428 cum
1605 2397 1703 2426 Servis
1718 2394 1819 2423 statim

999 2455 1132 2492 praelium
1148 2451 1317 2482 committit.
1336 2450 1437 2485 Fitque
1451 2444 1611 2482 :horribilis
1636 2449 1744 2478 pugna,
1770 2439 1819 2467 sed

998 2483 1092 2529 inulto
1105 2497 1272 2527 horribilior
1283 2483 1482 2523 Romanorum
1493 2490 1606 2518 clades:
1618 2487 1727 2515 cadunt
1742 2483 1820 2512 enim

999 2543 1083 2572 multi
1099 2552 1134 2571 ex
1146 2541 1285 2570 Romanis
1299 2542 1328 2567 et
1343 2537 1488 2573 Bulgaria,
1505 2537 1533 2562 et
1551 2533 1608 2560 vivi
1626 2529 1747 2568 plurimi
1770 2536 1821 2556 ca-

999 2588 1164 2625 piuntur,in
1180 2586 1289 2622 quibus
1304 2584 1366 2619 ipse
1381 2588 1498 2618 quoque
1512 2579 1571 2606 dux
1585 2576 1746 2605 Damianus
1767 2577 1821 2601 Da-

999 2620 1146 2665 lassenus,
1163 2620 1197 2659 et
1206 2630 1255 2667 qui
1270 2628 1423 2657 dicebatur
1436 2624 1588 2656 Probatas,
1609 2624 1637 2649 et
1661 2620 1820 2656 Lengibar-

781 2693 902 2722 JACOBI
921 2693 1029 2722 GOARI
1048 2691 1162 2720 NOTzE.

118 2749 134 2780 ξς
155 2747 211 2783 (35)
228 2746 346 2787 Mensam
362 2745 605 2787 sive‘negot‘taleln
629 2744 828 2787 argentariam,
854 2743 941 2779 ofﬁci-

117 2778 183 2811 παθη
206 2782 378 2818 αδανανίιιηι,
402 2781 438 2810 ab
467 2778 547 2810 Italis
568 2779 688 2816 Iundaco
712 2778 765 2806 ἀπὸ
788 2780 836 2806 τοῦ
860 2778 942 2816 φυόν-

996 2740 1054 2776 δου,
1070 2751 1086 2769 a
1100 2740 1197 2778 fundo,
1214 2739 1242 2766 id
1258 2740 1311 2778 est,
1320 2745 1433 2778 summa
1445 2734 1617 2771 pecuniaria,
1633 2739 1702 2759 voce
1713 2728 1820 2758 Grecis

997 2773 1212 2808 Jureccnsultis
1229 2776 1297 2803 nota
1311 2773 1430 2802 dictam.
