1937 3050
70 98 124 127 449

820 93 1015 124 HISTORIA.

1708 103 1767 134 450

71 161 97 190 δὲ
122 161 165 188 καὶ
195 161 208 188 ὁ
239 158 361 191 Βοδίνος.
391 161 421 189 Ὁ
450 159 479 188 δὲ
515 158 819 199 Λογγιὸαρδόπουλος,
850 159 886 189 ὡς

985 160 1041 186 tem
1059 159 1202 187 Bodinum
1228 160 1309 189 misit
1331 161 1498 198 imperatori
1524 164 1664 195 vinctum.
1683 168 1767 197 Rele-

71 207 181 245 ιῖρηται,
196 205 286 244 ἀρθεὶς
309 205 378 243 πρὸς
400 205 445 233 τὸν
468 205 615 243 Μιχαηλᾶν
638 205 683 233 καὶ
709 205 794 243 λόγον
824 203 885 234 δοὺς

71 251 110 279 γαὶ
133 248 235 286 λαϐὼν,
266 250 405 287 ζεύγνυται
430 251 464 287 τῇ
488 249 587 278 τούτου
615 250 725 288 θυγατρὶ
749 250 794 277 καὶ
821 249 886 277 λαὸν

71 296 108 324 ὅτι
148 294 274 322 πλεῖστον
316 294 469 322 πιστεύεται
511 294 564 322 ἀπὸ
607 292 803 332 Λογγιϐἀρδων
842 293 888 321 καὶ

73 338 175 379 Σὲρὸων
191 338 378 376 συγκείμενον,
408 340 466 375 μεθ’
491 339 523 366 οὗ
538 339 581 367 καὶ
601 340 669 377 πρὸς
686 340 812 377 βοήθειαν
840 339 888 365 τοῦ

72 383 179 414 Βοδίνου
213 383 376 415 ἀποσταλεὶς
403 382 478 415 αὖθις
506 386 564 414 τοῖς
593 384 740 420 Ῥωμαίοις
768 383 888 410 ἀποκαθ-

73 430 180 457 ίσταται.
208 428 242 457 Ὅ
273 427 301 455 δὲ
330 428 488 465 Σαρωνίτης
513 429 560 456 τὸν
585 426 699 457 Βοδίνον
720 425 889 463 ἐξαπέστειλε

70 474 132 512 πρὸς
161 473 205 500 τὸν
236 472 350 508 βασιλέα
379 471 501 509 δὲσμιον.
532 473 717 510 ΙΙεριορισθεῖς
746 471 775 499 δὲ
804 471 829 498 ἐν
854 472 888 508 τῇ

74 520 116 546 τοῦ
143 516 238 554 Ἀγίου
266 517 381 554 Σεργίου
409 519 491 554 μονῇ,
521 517 589 554 μετὰ
613 516 703 555 βραχὺ
727 515 889 554 παραδοθεὶς

71 565 107 598 τῷ
133 564 270 598 Κομνηνῷ
296 561 421 598 Ἰσοιακίῳ
454 560 509 597 ἤδη
535 559 754 599 προϐεϐλημὲνῳ
780 563 890 589 -Αντιο-

71 607 129 645 χεία
156 605 232 633 δουκῖ
260 605 373 643 ἀπήχθη
401 605 439 636 εἷς
457 606 636 644 Ἀντιόχειαν.
661 607 747 643 "One?
775 605 891 637 ἀκούσας

72 652 85 678 ὁ
99 650 193 678 τούτου
208 651 298 686 πατὴρ
319 651 333 678 ὁ
358 649 520 688 Μιχαηλᾶς.
544 651 586 688 [Ρ.
602 651 665 687 853]
683 650 889 687 μισθωσάμενος

73 695 223 727 Βινετίκους
237 695 312 726 τινὰς
341 694 486 733 βαλαντίου
502 694 598 733 ἀδροῦ,
624 696 666 726 οἷς
688 694 768 732 ἔργον
791 694 889 726 θαλατ-

71 742 203 777 τοπορεῖν,
228 738 364 777 ἀπέκλιψε
387 742 483 767 τοῦτον
506 739 605 767 ἐκεῖθεν
630 740 674 767 καὶ
693 741 727 776 τῇ
748 738 803 775 ἰδίᾳ
816 739 890 776 ἀρχῇ

71 783 302 819 ἀποκατέστησεν·
332 784 361 815 ὃς
389 784 435 812 καὶ
466 785 533 820 μετὰ
566 784 676 816 θάνατον
715 786 763 812 τιιῦ
790 784 892 821 πατρὸς

69 829 218 867 τὴνάρχὴν
243 829 291 856 κάν
316 831 374 861 τοῖς
399 828 544 867 ἠμετίροις
568 828 679 866 χρόνοις
706 828 841 864 διήνυσε-ν.
861 827 890 856 ¹Ο

72 872 98 901 δὲ
112 874 246 912 Βοϊτάχος
274 873 393 905 ἐτασθεὶς
421 873 545 913 σφοδρῶς
575 873 600 900 ἐν
630 875 670 909 τῷ
693 873 798 900 ἀπιέναι
824 873 891 909 πρὸς

72 919 114 946 τὸν
145 917 258 956 βασιλέα
285 918 419 953 τελευτᾷ,
452 918 490 954 μή
518 918 659 954 ἐξαρκέσας
691 920 752 948 ταῖς
781 917 811 945 tu
838 919 891 944 τῶν

74 962 184 1000 πληγῶν
201 961 320 994 ὀδύναις.
336 961 370 991 σί
396 973 426 1000 γε
453 963 506 999 μὴν
533 962 684 1000 Ἀλαμάνοι
706 962 751 989 καὶ
768 961 891 999 Φράγγοι

71 1007 144 1044 (γένη
173 1006 202 1035 δὲ
225 1007 300 1035 οὗτοι
329 1006 435 1044 δυτικὰ)
463 1007 532 1034 κατὰ
558 1011 609 1042 τῆς
629 1008 724 1045 χώρας
753 1007 893 1045 ἀφεθέντες

69 1055 222 1090 καθαιροῦσι
256 1053 302 1089 μὶν
325 1049 359 1079 τὰ
387 1052 413 1079 ἰν
442 1054 475 1089 τῇ
506 1053 616 1090 Ιὶρέσπᾳ
643 1054 696 1079 τῶν
725 1050 891 1088 Βουλγάρων

74 1096 293 1134 ὑπολελειμμίνα
331 1096 479 1135 βασίλεια,
518 1096 679 1124 σκυλεύουσι
713 1095 742 1124 δὲ
774 1096 818 1123 καὶ
846 1096 892 1123 τὸν

73 1141 152 1169 ἰκεῖσε
177 1141 241 1169 ναὸν
257 1163 264 1175 ,
299 1141 328 1173 ὃς
357 1140 399 1169 ἐπ’
428 1141 540 1178 ὀνόματι
566 1143 614 1169 τοῦ
638 1141 715 1178 ἁγίου
744 1139 892 1178 Ἀχιλλίου

71 1185 183 1223 Ιἵδρυται,
209 1184 327 1222 μηδενὸς
354 1188 408 1213 τῶν
437 1185 463 1213 ἐν
494 1186 588 1222 ἐκείνῳ
616 1185 772 1224 φεισάμενοι
802 1185 892 1222 ἱερῶν,

74 1231 107 1257 ὢν
142 1231 201 1258 τινὰ
238 1231 284 1266 μὶν
314 1229 390 1262 αὖθις
425 1231 619 1265 ἀνεσώθησαν,
648 1231 681 1257 τὰ
709 1229 738 1257 δὲ
767 1229 851 1258 λοιπά
879 1231 892 1257 ὁ

75 1277 181 1312 στρατὸς
210 1273 420 1311 διανειμάμενος
445 1274 484 1306 εἷς
511 1276 610 1313 χρῆσιν
638 1274 706 1302 ἰδίαν
733 1274 892 1310 μετεσκεύα-

75 1331 127 1348 σαν.
165 1320 210 1350 Ti:
251 1320 296 1346 οὖν
334 1322 387 1347 τῶν
427 1322 599 1357 στρατιωτῶν
628 1323 678 1354 τῆς
709 1318 894 1354 Μακεδονικῆς

77 1365 213 1404 φάλαγγος
246 1363 295 1398 ὤν,
325 1363 485 1400 ἀξιούμενος
513 1362 661 1392 ἀποδοῦναι
691 1363 756 1402 ὅπερ
786 1363 893 1403 εἰλήφει

76 1410 154 1447 ἱερὸν,
179 1409 239 1437 ἐπεὶ
270 1409 308 1445 μὴ
336 1408 459 1443 ἐπείσθη,
490 1409 668 1447 ἀνθρακιάσας
697 1411 760 1440 τοὺς
790 1406 894 1445 ὤμους,

75 1453 191 1489 τελευτᾷ,
213 1454 264 1487 τῆς
289 1452 367 1487 δίκης
394 1454 432 1490 μή
456 1453 648 1491 ἀνασχομένης
673 1453 710 1484 ὡς
733 1450 803 1488 ἔθος,
823 1452 895 1480 ἀλλὰ

78 1497 258 1534 μετελθούσης
285 1496 363 1524 αὐτὸν
394 1497 432 1528 εἰς
467 1495 619 1535 ὑπόδειγμα
647 1500 704 1529 τοῖς
745 1497 892 1534 ὀψιγόνοις.

77 1529 117 1571 lEv
144 1529 172 1570 δέ
199 1529 261 1574 ταις
298 1540 506 1579 παρακειμᾶναις
543 1529 586 1578 τῆξ,
613 1539 685 1579 ὅχθῃ
714 1529 772 1569 τοῦ¹
788 1529 893 1577 ’Ῐστρου
910 1529 931 1562 c

75 1586 167 1614 πόλεσι
190 1589 247 1614 τῶν
273 1588 444 1623 στρατιωτῶν
468 1585 653 1622 ἠμελημένων
681 1587 726 1614 οἶα
752 1585 785 1621 δὴ
812 1585 896 1622 μηδὲν

77 1631 112 1664 εἰς
131 1630 266 1666 διοίκησιν
297 1628 503 1667 λαμϐανόντων,
527 1630 668 1658 στέλλεται
699 1631 713 1658 ὁ
745 1631 896 1668 βεστάρχου

77 1675 190 1714 Νέστωρ,
216 1674 317 1706 δοῦλος
341 1675 460 1713 γεγονὼς
483 1676 533 1702 τοῦ
557 1675 657 1712 πατρὸς
677 1677 726 1702 τοῦ
751 1674 895 1712 βασιλῆως,

76 1720 133 1758 δοῦξ
160 1722 214 1748 τῶν
245 1720 414 1757 Παριστρίων
445 1720 618 1756 ὁνομασθεὶς,
643 1720 687 1747 καὶ
714 1721 896 1759 συμφωνήσας

76 1769 113 1803 τῷ
139 1767 243 1796 Τάτους
272 1765 310 1796 ὡς
340 1765 514 1802 ὁμογνώμονι
532 1787 539 1800 ,
568 1766 744 1799 Πατζινάκοις
773 1765 895 1793 πλείοσιν

78 1811 248 1841 ὁπλισθέντες
291 1810 330 1841 εἲς
368 1810 418 1844 τήν
463 1809 657 1847 βασιλεύουσαν
695 1811 872 1848 παρεγίνοντο
889 1833 895 1840 .

78 1857 232 1884 Καταθεῖναι
264 1853 293 1881 δὲ
319 1854 354 1881 τὰ
377 1854 450 1881 ὅπλα
475 1852 684 1891 ὶγκςλιυόμενος
701 1855 739 1890 μή
757 1855 786 1881 ἂν
803 1853 897 1887 ἄλλως

77 1902 186 1933 ποιῆσαι
199 1901 285 1926 τοῦτο
300 1897 404 1935 ἔλεγεν,
428 1898 449 1925 εἰ
476 1899 514 1934 μὴ
538 1898 584 1925 τὸν
610 1897 760 1936 λογοθὲτην
775 1900 896 1938 Νικηφό-

76 1955 119 1982 ρον
147 1944 177 1972 ἐκ
219 1944 303 1980 μέσου
345 1943 482 1977 ποιήσειεν
526 1942 563 1973 ὡς
596 1943 684 1970 κοινὸν
723 1942 820 1980 ἐχθρὸν
852 1945 895 1971 καὶ

75 1989 206 2025 πολέμιον
229 1987 375 2023 κοσμικὸν,
390 1987 434 2014 καὶ
460 1986 540 2014 αὐτὸν
565 1986 615 2014 οὐκ
639 1986 717 2025 ὀλίγα
740 1986 898 2023 λυπήσαντα

74 2034 177 2067 καὶτὴν
203 2032 288 2060 αὐτοῦ
311 2031 465 2069 περιουσίαν
491 2030 663 2066 δημεύσαντα
697 2030 773 2060 Ἀλλ’
793 2033 806 2059 ὁ
825 2033 899 2069 βασι-

76 2077 133 2109 λεὺς
162 2077 213 2105 οὐκ
241 2076 374 2111 ἐπείθετο,
405 2075 473 2111 ἅπαξ
503 2075 596 2103 ἑαυτὸν
632 2078 691 2107 ταῖς
719 2075 801 2103 αὐτοῦ
832 2087 899 2114 γοη-

73 2122 153 2154 τείαις
179 2122 225 2150 καὶ
252 2119 366 2151 ἀπάταις
395 2118 564 2151 ἐκδεδωκώς.
587 2121 617 2149 Ὁ
647 2119 675 2148 δὶ
700 2120 812 2159 Νέστωρ
839 2120 897 2149 ὶπι-

74 2165 229 2198 ϐουλευθεές
258 2165 310 2193 ὑπὸ
334 2166 388 2192 τῶν
417 2163 525 2192 οἷ’κείων
549 2164 727 2192 ἀπανίσταται
757 2165 804 2201 μὶν
828 2165 898 2193 ἐκεῖ·

941 206 1028 240 gatus
1039 206 1156 231 Sautem
1174 204 1203 232 in
1219 205 1313 233 sancti
1327 206 1420 243 Sergii
1445 211 1655 239 monasterium
1681 214 1768 248 paulo

943 250 1009 284 post
1023 248 1133 276 Isaacio
1149 251 1295 278 Comneno
1310 251 1436 279 traditur
1447 252 1511 288 jam
1526 254 1685 284 Antiochia
1700 258 1766 286 duci

943 293 1100 321 declarato.
1119 294 1154 322 Et
1168 294 1326 330 perductus
1350 298 1395 324 est
1421 297 1450 324 in
1474 298 1766 335 Antiochiam.Qucd

943 346 1010 366 cum
1027 338 1159 366 audisset
1184 339 1278 374 ipsius
1294 339 1379 368 Pater
1393 340 1526 377 Michael,
1543 344 1634 379 pretio
1657 345 1769 382 ingenti

943 383 1096 411 conductis
1120 383 1238 411 Venelis
1262 385 1452 420 quibusdam,
1468 395 1593 422 quorum
1610 398 1685 426 opus
1707 395 1771 419 erat

944 436 996 463 per
1012 435 1090 455 mare
1106 428 1252 464 navigare,
1270 436 1336 456 eum
1363 430 1430 457 inde
1446 431 1559 460 furatus
1575 434 1603 461 in
1620 435 1769 471 propriam

945 472 1068 507 palriam
1095 472 1218 505 reduxit,
1235 474 1321 509 eique
1344 475 1475 503 restituit
1493 476 1660 513 imperium.
1676 481 1770 516 Atque

944 516 992 544 hic
1013 519 1078 552 post
1103 518 1193 552 patris
1216 518 1329 546 obitum
1355 523 1513 556 nostraque
1537 525 1711 558 tempestate
1727 533 1770 553 re-

944 561 1054 597 gnavit.
1076 561 1232 590 Boitachus
1257 565 1354 590 autem
1370 564 1556 594 vehementer
1575 570 1682 603 tortus,
1699 571 1770 598 dum

945 605 1053 633 rediret
1077 606 1111 633 ad
1137 605 1352 642 imperatorem,
1369 616 1425 636 non
1450 610 1601 639 sustinens
1616 613 1769 642 verberum

945 650 1094 678 cruciatus
1128 650 1263 678 moritur.
1293 651 1447 680 Alamanni
1481 656 1580 683 tamen
1608 659 1636 684 et
1668 658 1772 686 Franci

945 696 1027 729 (sunt
1051 694 1094 722 has
1121 695 1254 723 nationes
1275 695 1450 733 Occidentis)
1467 706 1518 733 per
1543 701 1690 736 regionem
1715 702 1772 730 im-

947 738 1030 766 missi
1053 738 1183 766 relictam
1209 739 1403 775 Bulgarorum
1428 742 1538 778 regiam
1555 744 1584 771 in
1603 745 1709 781 Prespa
1723 747 1773 774 de-

946 784 1076 816 struunt,
1101 782 1306 819 templumque
1334 783 1395 812 illic
1421 789 1523 814 sancto
1546 788 1671 817 Achillio
1687 798 1773 819 cons-

947 829 1075 854 tructum
1094 827 1168 854 719
1185 835 1218 855 ac
1239 827 1406 856 dedicatum
1422 831 1598 868 exspoliant,
1615 841 1631 860 υ
1648 833 1728 862 nulla
1743 843 1774 863 re

950 879 1033 898 sacra
1048 870 1230 899 abstinentes
1253 880 1354 899 earum
1382 881 1446 908 quas
1472 875 1510 903 ibi
1535 879 1631 911 erant;
1650 886 1684 906 ex
1708 879 1774 914 qui-

947 916 1003 943 bus
1024 917 1157 951 quaedam
1182 924 1286 945 rursus
1310 921 1424 946 servata
1447 922 1526 953 sunt,
1544 921 1655 958 reliqua
1680 923 1775 953 divisa

948 961 1092 988 exercitus
1111 960 1142 987 in
1158 961 1292 996 proprios
1310 970 1382 990 usus
1407 965 1557 993 convertit.
1571 967 1694 998 Quidum
1719 968 1775 1005 igi-

948 1007 995 1032 tur
1010 1013 1045 1032 ex
1061 1005 1206 1033 militibus
1220 1006 1411 1034 Macedonicis
1427 1007 1593 1046 phalangis,
1606 1019 1673 1039 cum
1689 1012 1726 1040 ab
1741 1021 1774 1041 eo

948 1051 1128 1084 repeteretur
1149 1057 1234 1076 sacra
1257 1058 1315 1082 res,
1331 1058 1426 1086 neque
1449 1052 1557 1081 adduci
1583 1059 1683 1090 posset
1698 1060 1731 1084 ut
1746 1057 1774 1085 id

948 1093 1065 1127 faceret,
1083 1093 1215 1120 humeris
1244 1094 1383 1122 anthrace
1412 1096 1542 1131 depastis
1572 1099 1775 1136 obit,justitia

948 1137 1025 1164 haud
1052 1137 1213 1169 dili'erente,
1231 1140 1262 1165 ut
1285 1146 1349 1166 mos
1373 1141 1427 1174 est,
1454 1141 1645 1177 supplicium,
1661 1145 1712 1172 sed
1738 1145 1773 1173 ad

947 1181 1113 1217 exemplum
1131 1185 1315 1217 posterorum
1332 1182 1428 1218 ipsum
1442 1186 1592 1220 puniente.
1606 1187 1636 1215 ln
1651 1189 1774 1217 urbibus

948 1229 1047 1254 autem
1069 1226 1237 1259 maritimis,
1264 1226 1403 1262 neglectis
1433 1229 1578 1258 militibus
1606 1234 1706 1267 utpote
1721 1234 1772 1269 qui

949 1271 1022 1298 nihil
1055 1270 1220 1306 acciperent
1247 1279 1282 1298 ex
1311 1272 1418 1307 prada,
1447 1274 1574 1303 mittitur
1601 1276 1774 1306 bestarches

948 1316 1061 1350 Nestor,
1079 1316 1129 1351 qui
1154 1316 1249 1343 fuerat
1272 1324 1374 1344 servus
1388 1318 1479 1353 palris
1502 1319 1699 1356 imperatoris,
1715 1324 1774 1351 dux

949 1368 1048 1388 eorum
1066 1360 1242 1396 populorum
1267 1361 1316 1396 qui
1343 1363 1507 1391 secundum
1533 1365 1641 1394 Istrum
1665 1368 1777 1403 degunt

949 1408 1079 1433 vocatus.
1107 1405 1180 1433 Inita
1208 1413 1273 1432 cum
1300 1405 1371 1434 Tato
1400 1409 1550 1442 societate,
1568 1412 1599 1438 ut
1622 1419 1689 1439 cum
1709 1413 1773 1440 viro

949 1450 1081 1485 ejusdem
1098 1448 1260 1485 sententias,
1281 1457 1348 1478 cum
1374 1451 1509 1486 pluribus
1532 1453 1692 1484 Patzinacis
1713 1456 1776 1484 ins-

949 1493 1038 1522 tructi
1049 1494 1085 1521 ad
1101 1494 1210 1528 regiam
1222 1495 1323 1522 urbem
1336 1496 1458 1530 profecti
1469 1498 1665 1528 sunt.Jussus
1677 1503 1774 1528 autem

951 1547 1034 1567 arma
1048 1538 1193 1574 deponere
1208 1547 1266 1566 non
1280 1539 1365 1567 aliter
1379 1548 1410 1567 se
1425 1541 1571 1570 facturum
1584 1543 1638 1572 hoc
1650 1545 1775 1580 dicebat,

953 1583 1010 1611 nisi
1037 1582 1216 1619 logothetam
1245 1582 1440 1618 Nicephorum
1470 1594 1486 1612 θ
1514 1587 1610 1615 medio
1640 1588 1778 1618 tollerent

953 1631 985 1656 ut
1010 1635 1198 1656 communem
1226 1627 1379 1656 inimicum
1408 1631 1437 1656 et
1467 1630 1580 1660 hostem
1609 1633 1775 1670 capitalem,

952 1673 1061 1709 quique
1076 1672 1105 1699 in
1117 1680 1148 1700 se
1164 1671 1242 1699 haud
1259 1681 1352 1707 pauca
1366 1675 1565 1704 commisisset
1575 1685 1686 1713 susque
1701 1678 1777 1706 bona

952 1718 1140 1754 publicasset.
1156 1717 1264 1745 Verum
1290 1717 1449 1754 imperator
1472 1720 1550 1748 haud
1575 1723 1683 1758 paruit,
1707 1732 1775 1752 cum

952 1763 1042 1790 senlel
1058 1771 1089 1790 se
1103 1762 1202 1797 ipsum
1224 1762 1288 1797 ejus
1315 1763 1468 1799 praistigiis
1493 1768 1521 1792 et
1544 1766 1620 1794 dolis
1635 1767 1775 1796 dedisset.

952 1808 1056 1835 Nestor
1078 1809 1184 1839 autem,
1202 1805 1281 1833 cuia
1296 1807 1359 1834 suis
1383 1812 1488 1842 paratis
1512 1809 1624 1838 insidiis
1649 1811 1775 1847 fuerant,

951 1852 1020 1880 inde
1054 1850 1264 1887 proﬁciscitur,
1293 1851 1508 1888 Tliraciamque
1535 1854 1720 1890 depraedatur
1747 1859 1777 1884 et

952 1895 1152 1924 Macedoniam
1176 1897 1205 1922 et
1231 1894 1371 1931 Bulgaria;
1386 1896 1523 1931 ﬁnitima,
1539 1901 1568 1926 et
1582 1899 1617 1926 ad
1643 1900 1776 1928 Patzina-

953 1950 1052 1969 corum
1069 1940 1215 1975 regionem
1240 1941 1359 1968 secedit.
1377 1941 1447 1969 Pars
1468 1945 1566 1971 autem
1585 1945 1776 1973 Macedonum

954 1986 1080 2014 militum
1102 1985 1274 2012 defraudata
1301 1986 1426 2014 accessit
1448 1988 1483 2014 ad
1513 1988 1731 2024 imperatorem,
1747 1990 1776 2018 id

953 2032 1063 2059 factum
1090 2030 1206 2057 deﬂens.
1225 2029 1314 2057 Jussu
1346 2031 1434 2066 igitur
1462 2031 1647 2068 imperatoris
1670 2035 1778 2071 pulsati

952 2078 980 2104 et
995 2073 1172 2102 contumelia
1187 2073 1280 2101 affecti
1306 2074 1416 2110 repulsi
1443 2079 1522 2110 sunt,
1539 2077 1621 2106 nulla
1645 2079 1777 2114 ipsorum

953 2120 1054 2148 habita
1069 2119 1191 2147 ratione.
1208 2119 1284 2146 720
1299 2118 1406 2147 Verum
1423 2120 1464 2148 illi
1476 2121 1504 2149 in
1521 2123 1646 2158 patriam
1657 2123 1777 2157 reversi,

953 2165 1030 2193 haud
1043 2164 1181 2193 mediocri
1193 2163 1292 2192 dolore
1303 2164 1408 2197 all‘ecti,
1421 2174 1477 2193 non
1489 2167 1616 2203 amplius
1631 2168 1660 2195 in
1676 2169 1778 2196 eadem

74 2212 124 2246 θεν,
139 2210 268 2247 ληῗζεται
296 2208 325 2237 δὲ
348 2210 398 2242 τήν
422 2220 452 2237 τε
468 2208 638 2238 Μακεδονίαν
665 2210 710 2237 καὶ
735 2209 842 2247 Θρᾴκην
856 2211 899 2238 καὶ

979 2209 1099 2238 intentis
1119 2217 1237 2236 manere
1263 2209 1428 2244 voluerunt,
1446 2212 1495 2239 sed
1520 2213 1659 2240 omnibus
1683 2213 1779 2241 modis

73 2256 104 2284 τὰ
131 2254 319 2293 παρακείμενα
346 2257 396 2289 τῆς
426 2253 605 2292 Βουλγαρίας,
633 2254 678 2282 καὶ
703 2253 741 2285 εἰς
768 2254 817 2288 τὴν
842 2257 896 2283 τῶν

953 2255 1120 2292 cogitabant
1136 2254 1236 2281 hostes
1258 2253 1369 2282 ulcisci.

75 2300 244 2335 Πατζινάκων
276 2299 428 2337 ὑποχωρεῖ.
458 2301 547 2336 Μοῖρα
575 2298 603 2326 δὲ
633 2301 803 2334 στρατιωτῶν
835 2299 1029 2329 Μακεδονικῶν
1060 2297 1225 2336 στερουμένη
1255 2298 1396 2334 προσῆλθε
1422 2302 1461 2336 τῷ
1492 2301 1620 2339 βασιλεῖ,
1644 2304 1693 2338 τὴν
1720 2304 1779 2331 στί-

74 2355 149 2380 ρησιν
194 2342 404 2379 ἀποκλαιομὲνη
419 2365 426 2372 .

74 2389 239 2428 ἰπιστροφῆς

470 2343 615 2380 Προστάξει
658 2344 703 2370 οὖν
747 2343 876 2381 βασιλικῇ
918 2345 1061 2382 τυφθέντες
1101 2342 1146 2370 καὶ
1191 2340 1359 2379 ὑϐρισθέντες
1398 2342 1569 2382 ἰδιώχθησαν
1590 2368 1598 2381 ,

282 2387 370 2415 αὐτῶν
399 2387 558 2425 γενομένης.
589 2386 668 2415 Ἀλλ’
697 2386 723 2415 οἳ
751 2398 783 2426 γε
810 2388 876 2426 πρὸς
903 2389 936 2416 τὰ
964 2388 1053 2416 οῗκεῖα
1080 2386 1171 2422 λύπης
1200 2386 1232 2413 οὐ
1264 2389 1363 2423 μικρᾶς
1401 2387 1606 2428 ἐπιστραφέντες
1635 2391 1779 2428 ἂνάμιστοι

1642 2346 1780 2384 μηδεμιᾶς

74 2435 123 2462 οὐχ
158 2431 260 2468 ἤθελον
301 2431 390 2469 μένειν
429 2430 467 2460 ἔτι
497 2431 541 2460 ἐπὶ
575 2434 623 2459 τοῦ
662 2432 744 2459 αὐτοῦ
780 2434 978 2472 φρονήματος,
1009 2432 1082 2461 ἀλλὰ
1107 2432 1169 2462 τοὺς
1198 2430 1351 2468 πολεμίους
1389 2434 1453 2460 ’πᾶσι
1487 2432 1601 2473 τρόποις
1630 2436 1780 2473 ἀμύνασθαι

75 2477 264 2506 διεσκέπτοντο
269 2497 275 2504 .

108 2523 288 2556 ’Δποστείλας
316 2522 346 2550 δὶ
371 2523 439 2560 πρὸς
464 2523 509 2550 τὸν
535 2523 585 2557 τὴν
612 2520 810 2561 Δογγιϐαρδίαν
835 2534 898 2551 κατ-

72 2571 169 2608 ἑχοντα
199 2567 327 2607 Φράγγον
356 2566 539 2604 Ῥουμπὲρτον
569 2568 627 2604 (36)
655 2566 825 2604 καλούμενον
846 2569 896 2603 τήν

979 2525 1059 2562 _C.um
1076 2525 1174 2550 autem
1191 2521 1322 2550 misisset
1337 2522 1373 2550 ad
1395 2530 1461 2551 eum
1478 2525 1529 2561 qui
1547 2526 1781 2563 Longobardiam

952 2569 1103 2597 obtinebat
1119 2568 1274 2602 Francum,
1291 2567 1451 2597 Robertum
1467 2571 1599 2604 nomine,
1611 2572 1674 2608 ejus
1689 2571 1781 2600 ﬁliam

735 2630 857 2658 JACOBI
877 2630 987 2659 GOARI
1007 2630 1122 2659 NOTIE.

106 2686 161 2722 (36)
179 2685 341 2722 Bobertum
365 2683 560 2722 Guiscardum
582 2683 743 2722 intelligitt
756 2683 900 2722 celebrem

73 2719 310 2750 Hermannorum
326 2720 442 2753 ducem,
453 2720 504 2756 qui
515 2719 901 2756 Campaniam,Calabriam,

76 2758 209 2795 Apuliam
225 2759 255 2786 et
275 2756 406 2786 Siciliam
423 2764 439 2784 a
453 2755 675 2792 Saracenorum,
692 2755 858 2784 Grecorum
874 2758 902 2785 et

957 2683 1097 2724 italorym
1107 2682 1319 2724 tyrannidem
1335 2682 1500 2724 libertatem
1525 2688 1663 2724 asseruit,
1675 2688 1710 2716 de
1725 2696 1783 2724 quo

955 2721 1020 2759 fuse
1037 2718 1227 2759 Pandulphus
1242 2718 1434 2759 Collenutius,
1446 2722 1503 2752 Leo
1518 2718 1673 2759 Ostiensis,
1688 2718 1784 2753 Fasci-

955 2756 1003 2786 lus
1018 2758 1046 2785 ct
1060 2755 1295 2787 Normennorum
1309 2755 1446 2787 Annales.
