1937 3055
145 99 201 128 451

804 93 968 124 JOANNIS
991 93 1192 125 SC-YLITZ/E

1790 98 1851 128 452

145 173 198 193 suo
213 163 273 191 ﬁlio
288 161 479 191 Constantino
495 168 613 189 uxorem
635 160 767 195 adduxit,
785 168 885 195 quam,
904 168 910 187 ι

1083 161 1108 187 ὤ
1137 159 1266 197 θυγατέρα
1291 162 1330 195 τῷ
1355 160 1406 195 υἱῷ
1428 161 1621 197 Κωνσταντίνῳ
1645 172 1760 198 γυναικι
1781 163 1848 199 ἠγά-

144 211 205 237 tato
221 208 349 240 nomine,
365 206 506 234 Helenam
517 205 638 234 vocavit.
647 207 795 241 Occupata
804 207 902 232 autem
915 204 970 232 fuit

146 251 349 289 Longobardia
363 260 380 279 a
394 251 519 278 Roberto
534 249 564 277 in
584 250 664 277 hunc
679 249 810 277 modum.
828 248 969 284 Georgius

145 297 293 325 Maniacss
315 295 350 323 ab
368 297 501 330 Augusta
523 295 578 322 Zoe
592 294 628 321 ad
645 293 862 329 componendas
879 301 924 320 res
938 293 969 320 in

144 341 227 369 Italia
242 340 363 373 missus,
379 339 513 375 magistri
529 339 640 366 honore
654 339 819 371 decoratus,
830 336 969 365 concilia-

142 388 224 414 verat
247 385 304 413 sibi
328 384 456 412 Francos
480 383 602 418 multos,
617 386 646 410 et
670 383 698 410 in
722 382 785 410 dies
808 390 858 409 eos
882 381 932 417 qui
953 390 970 409 a

143 431 271 459 Doeiano
286 429 380 458 vexati
396 430 478 456 erant
492 428 586 456 eﬂ‘ecit
602 428 631 455 in
649 427 735 455 Italiae
751 427 860 454 finibus
871 426 968 462 quies-

143 483 207 503 cere
223 483 230 503 :
248 475 424 502 verebantur
447 473 524 500 enim
549 472 659 508 ipsum,
684 471 852 507 quodiejus
875 471 968 498 virtu-

143 520 183 547 tis
207 519 237 546 in
262 518 371 554 praeliis
400 516 562 553 periculum
590 517 730 544 fecerant.
747 516 819 543 Cum
848 524 916 543 vero
938 523 968 543 se

143 563 329 600 opposuisset
350 561 542 590 Mouomacho
555 563 584 588 et
598 560 763 589 debellatus
787 560 900 595 fuisset,
918 560 967 595 qui

142 617 210 637 cum
227 609 292 644 ipso
308 609 393 636 erant
407 607 520 642 trajecli
543 610 571 634 et
596 607 625 633 in
648 606 816 633 servitutem
843 605 968 641 impera-

141 654 214 681 toris
236 652 356 686 redacti,
373 651 540 680 Maniacatse
564 650 700 686 appellati
724 653 793 678 sunt
808 651 836 677 et
851 650 880 677 in
898 650 969 678 urbe

141 700 341 726 Romanorum
367 704 565 733 permansere,
581 695 686 730 reliqui
711 695 739 722 in
766 694 850 723 Italia
876 694 968 722 relicti

142 745 222 770 sunt.
238 743 306 770 Erat
331 743 429 769 autem
451 741 571 777 quidam
597 739 627 767 in
651 739 725 775 ipsis
748 739 892 767 Robertus
916 747 967 767 ΠΟ-

142 787 222 815 mine
248 787 347 815 fratris
371 785 450 813 illius
474 784 604 817 Ardoini,
621 785 671 820 qui
688 784 842 812 aDociano
868 783 967 820 ﬂagris

142 841 235 860 caesus
262 832 365 865 fuerat,
389 830 486 866 gravis
514 833 541 858 et
570 829 730 857 iracundus
758 831 788 856 et
815 829 1006 872 tyrannicaB

142 879 237 904 mente
265 876 416 911 praeditus.
436 874 490 906 Qui
519 876 618 909 aperte
649 873 795 900 Romanos
825 872 967 908 expellere

141 921 348 955 meditabatur,
365 922 494 947 attamen
519 918 695 954 provinciam
712 918 830 954 aggredi
855 920 966 945 metue-

140 965 191 993 bat
212 965 433 1000 diﬂ‘erebatque,
450 971 482 991 se
504 963 604 999 ipsum
629 962 804 990 imbecillem
832 970 965 997 cernens,

140 1010 350 1045 verebaturque
366 1011 467 1037 contra
482 1007 669 1044 imperatoris
689 1007 849 1043 potentiam
867 1015 897 1035 se
913 1015 966 1042 op-

140 1062 257 1090 ponere.
273 1055 346 1082 Cum
363 1061 428 1081 vero
445 1061 517 1080 uxor
531 1052 622 1085 illius,
638 1060 726 1087 quam
743 1060 760 1079 a
776 1051 895 1079 Francia
911 1052 965 1078 du-

139 1099 324 1133 xerat,Gaita
347 1097 476 1130 nomine,
490 1097 550 1124 ﬁlia
570 1096 712 1132 principis
736 1097 783 1124 cui
809 1097 887 1123 haud
904 1104 965 1123 me-

140 1143 248 1171 diocris
263 1143 341 1179 regio
360 1143 492 1178 subjecta
517 1142 588 1169 121
618 1143 690 1175 erat,
708 1149 805 1169 secum
822 1142 911 1173 esset,
928 1141 964 1168 ad

139 1197 189 1216 eas
204 1189 292 1216 urbes
308 1188 456 1224 migravit,
471 1195 534 1222 quis
553 1186 632 1214 uxori
646 1194 704 1214 sua:
716 1186 965 1221 serviebant,qua-

139 1242 203 1261 rum
228 1233 322 1269 prima
337 1235 365 1260 et
385 1232 514 1259 maxima
527 1231 666 1259 Salernus
689 1231 867 1258 nominatur.
882 1230 964 1257 Illinc

129 1277 227 1313 igitur
242 1277 331 1304 veluti
356 1277 403 1304 iur
420 1284 579 1311 erumpens
603 1275 666 1302 loca
689 1275 888 1302 Romanorum
906 1274 962 1301 im-

137 1321 218 1357 perio
234 1321 367 1356 subjecta
381 1320 576 1356 praedabatur,
588 1319 694 1355 partim
706 1319 867 1347 Calabriam
882 1327 963 1346 man-

137 1365 253 1400 cipans,
279 1365 386 1401 partim
413 1364 527 1392 Italiam
557 1363 693 1399 redigens
723 1363 751 1390 in
781 1363 962 1390 servitutem.

136 1410 242 1438 Eorum
258 1419 324 1438 vero
339 1409 522 1444 captivorum
539 1417 614 1444 quos
636 1410 751 1444 ceperat
766 1408 832 1435 aliis
859 1415 963 1435 manus

135 1457 299 1491 amputare,
315 1454 380 1482 aliis
400 1456 545 1482 extremas
567 1457 665 1489 partes
691 1453 798 1488 pedum
822 1452 961 1485 incidere,

136 1500 202 1528 aliis
217 1503 367 1535 utrasque,
379 1499 523 1535 quosdam
535 1499 620 1526 etiam
636 1498 746 1533 ingenti
759 1499 882 1534 pecunia
893 1505 960 1524 ven-

136 1546 214 1581 dere,
231 1548 376 1579 metuens,
393 1544 417 1572 si
434 1552 490 1571 non
507 1544 664 1580 proderent
680 1544 767 1570 urbes
781 1545 810 1571 et
824 1551 888 1570 sese
904 1542 960 1578 ipsi

135 1590 284 1623 dederent,
303 1598 337 1617 ne
353 1598 410 1617 nou
426 1589 522 1617 solum
548 1589 617 1622 haec,
634 1589 685 1616 sed
712 1588 801 1616 etiam
818 1588 863 1615 his
879 1588 960 1615 dete-

134 1635 212 1663 riora
233 1636 414 1671 paterentur.
431 1635 502 1661 Cum
519 1642 584 1661 vero
609 1642 656 1661 res
672 1633 784 1668 privata
798 1632 913 1668 imperii
930 1632 960 1659 in

132 1680 213 1716 regia
239 1679 395 1713 laboraret,
412 1677 494 1706 nulla
523 1678 687 1706 habebatur
714 1686 814 1705 eorum
841 1685 905 1712 qua:
930 1677 960 1704 in

132 1724 216 1753 Italia
238 1724 340 1752 ﬁerent
369 1723 451 1750 ratio.
470 1723 541 1750 Nam
558 1722 617 1749 vita
648 1722 735 1758 paulo
767 1724 833 1757 post
861 1722 960 1749 functo

131 1768 333 1801 Monomacho,
344 1775 410 1795 cum
432 1766 585 1794 Theodora
605 1765 720 1793 circiter
740 1773 850 1792 annum
867 1773 959 1792 unum

131 1813 309 1840 obtinuisset
323 1812 491 1848 imperium,
504 1812 533 1838 et
550 1809 670 1838 Michael
688 1809 855 1837 declaratus
871 1811 959 1842 esset,

130 1860 218 1893 atque
247 1858 386 1886 adversus
420 1856 518 1891 ipsum
546 1855 717 1883 Comnenus
746 1854 903 1889 incitatus,
932 1855 962 1881 et

128 1902 272 1930 exercitus
288 1903 387 1929 essent
401 1900 551 1928 intestinis
568 1899 652 1927 bellis
666 1898 810 1935 occupati,
827 1907 859 1926 ac
875 1907 960 1926 nemo

128 1947 242 1974 Roberti
272 1948 396 1973 conatus
425 1944 606 1980 prohiberet,
631 1951 757 1980 magnus
786 1951 819 1971 ex
849 1943 903 1970 hoc
933 1945 962 1970 et

127 1991 252 2019 illustris
267 1991 376 2024 evasit;
404 1990 542 2017 idoneum
568 1988 645 2016 enim
670 1989 764 2024 coegit
788 1988 949 2015 exercitum

128 2039 157 2064 et
172 2043 315 2071 equorum
330 2037 418 2069 atque
432 2033 561 2069 pecuniae
573 2037 600 2061 et
612 2041 760 2060 armorum
775 2033 886 2068 potitus
901 2031 961 2071 est:

129 2067 232 2106 cum-ii
248 2080 298 2114 qui
314 2079 350 2106 ab
370 2067 551 2113 imperatore
566 2077 656 2104 duces
683 2067 806 2104 urbibus
832 2067 962 2112 praefecti

128 2126 221 2158 erant,
237 2131 294 2150 non
311 2124 432 2158 possent
444 2123 546 2149 contra
559 2129 713 2156 erumpere
729 2120 766 2148 ob
782 2120 958 2156 paucitatem

127 2176 250 2196 suorum
279 2169 308 2195 et
338 2166 483 2195 modicam
513 2165 834 2193 virtutem.Comneno
864 2167 961 2192 autem

1024 215 1096 242 γετο,
1120 204 1230 240 Ἑλένην
1257 204 1444 241 μετονομάσας
1467 205 1561 241 αὐτήν.
1591 208 1751 245 Κατισχὲθη
1778 205 1807 235 δὲ
1833 209 1850 242 ἡ

1024 247 1211 287 Αογγιϐαρδία
1236 251 1291 286 (37)
1322 249 1390 288 πρὸς
1412 252 1460 277 τοῦ
1480 250 1668 288 Ῥουμπέρτου
1690 253 1786 279 τοῦτον
1803 252 1850 280 τὸν

1023 294 1135 330 τρόπον’
1167 294 1303 332 Γεώργιος
1333 295 1347 321 ὁ
1378 294 1519 329 Μανιάκης
1544 295 1589 322 ἐπὶ
1613 296 1772 324 καταστάσει
1793 299 1849 324 τῶν

1024 337 1050 364 ἐν
1080 336 1182 374 Ἰταλίᾳ
1216 339 1382 376 πραγμάτων
1418 339 1582 371 ἀποσταλεὶς
1616 341 1850 379 προσηταιρίσατο

1026 382 1073 418 μὶν
1105 383 1247 421 Φράγγους
1270 382 1404 419 πολλοὺς,
1434 384 1493 416 καθ’
1522 385 1627 422 ἡμέραν
1655 383 1684 412 δὲ
1711 385 1756 413 καὶ
1784 386 1851 418 τοὺς

1024 427 1096 465 παρὰ
1124 429 1173 454 τοῦ
1199 430 1342 455 Δοκειανοΰ
1370 428 1538 460 κακωθέντας
1566 429 1612 456 καὶ
1637 430 1754 468 ἡσυχίαν
1775 430 1850 469 ἄγειν

1024 468 1050 498 ἕν
1103 482 1157 498 τισι
1207 471 1321 509 τέρμασι
1363 474 1412 507 τῆς
1455 472 1572 504 Ἰταλίας
1612 468 1808 511 παρεσκεύασεν
1840 485 1846 492 ·

1024 516 1064 552 [Ρ.
1094 517 1157 553 854]
1187 515 1318 544 έδιδίεσαν
1355 517 1405 555 γὰρ
1443 517 1534 551 αὐτὸν,
1564 521 1658 556 πεῖραν
1685 521 1735 551 τῆς
1766 519 1849 547 αὐτοῦ

1024 559 1049 587 έν
1079 560 1213 597 πολέμοις
1240 561 1430 598 γενναιότητος
1462 559 1582 599 ἔχοντες.
1613 563 1789 601 ’Δντάραντος
1820 563 1851 592 δὲ

1022 607 1062 641 τῷ
1077 606 1237 643 Μονομάχῳ
1257 606 1301 633 καὶ
1322 607 1570 644 κατηγωνισμένου,
1588 607 1614 634 οἱ
1640 608 1688 644 μὶν
1709 609 1754 636 σὺν
1771 609 1849 646 αὐτῷ

1023 651 1217 687 περαιωθέντες
1233 653 1272 686 τῷ
1298 649 1406 688 βασιλεῖ
1431 650 1613 683 δουλωθέντες
1639 653 1850 682 Μανιακάτοιτι

1023 693 1254 730 ἐπωνομάσθησαν
1284 695 1329 722 καὶ
1356 697 1390 732 τῇ
1420 696 1562 732 Ῥωμαίων
1590 695 1669 724 πόλει
1705 697 1849 735 έναπέμει-

1023 749 1080 775 ναν,
1109 739 1135 766 οἱ
1158 738 1186 766 δὲ
1211 739 1303 767 λοιποὶ
1325 739 1350 767 ἐν
1382 740 1484 776 Ἰταλίᾳ
1508 741 1717 781 ὑπελείφθησαν.
1740 744 1790 771 Ἦν
1819 743 1849 771 δέ

1021 794 1063 814 τις
1087 783 1113 810 ἐν
1137 783 1229 815 αὐτοῖς
1255 785 1440 823 Ῥουμπὲρτος
1464 785 1596 823 τοῦνομα,
1612 787 1720 824 ἀνεψιὸς
1736 786 1848 825 ’Λρδοΐ-

1022 838 1069 854 νου
1094 830 1142 856 τοῦ
1182 829 1233 856 ὑπὸ
1272 832 1416 857 Δοκιιανοῦ
1444 832 1652 868 μαστιχθέντος,
1684 831 1770 863 δεινὸς
1800 833 1848 860 καὶ

1023 872 1192 909 θυμοειδὴς,
1231 875 1389 911 τυραννικὸν
1419 873 1492 912 ἔχων
1521 875 1552 903 τὸ
1589 877 1741 915 (φρόνημα¹
1772 877 1848 908 ὅστις

1022 920 1142 954 φανερῶς
1171 919 1217 954 μὲν
1242 917 1364 953 ἐξελάσαι
1385 922 1436 954 τῆς
1465 919 1581 951 Ἰταλίας
1600 920 1664 952 τοὺς
1691 921 1848 958 Ῥωμαίους

1021 960 1147 996 ἐμελέτα,
1164 961 1241 989 ὤκνει
1258 961 1286 990 δὶ
1311 963 1388 999 ὅμως
1409 964 1457 997 τήν
1481 963 1639 1002 ἐγχείρησιν
1663 966 1706 992 καὶ
1728 963 1847 994 ἀνεϐάλ-

1022 1005 1095 1042 λετο,
1121 1007 1217 1041 ἀσθενῆ
1244 1007 1337 1034 ἑαυτὸν
1362 1008 1444 1042 ὁρῶν,
1474 1009 1519 1035 καὶ
1542 1010 1611 1047 πρὸς
1632 1011 1682 1044 τήν
1703 1013 1751 1037 τοῦ
1769 1011 1848 1047 βασι-

1022 1049 1092 1081 λέως
1122 1051 1199 1088 ἰσχὺν
1230 1051 1353 1089 ὠρρώδει
1379 1053 1472 1080 ἑαυτὸν
1502 1053 1703 1091 ἀντιξαγαγεῖν,
1733 1057 1786 1088 Τῆς
1818 1055 1849 1083 δὶ

1020 1096 1146 1131 γυναικὸς
1172 1095 1273 1130 αὑτοῦ,
1301 1097 1334 1131 ἢν
1357 1097 1409 1124 ἀπὸ
1433 1098 1572 1135 Φραγγίας
1596 1098 1735 1136 ἠγάγετο,
1750 1105 1846 1127 τελευ-

1082 1140 1087 1147 1
1177 1141 1183 1150 1
1208 1141 1212 1150 t
1304 1140 1317 1149 *ί
1483 1141 1492 1152 J

1019 1150 1140 1174 τησασης
1177 1151 1266 1178 ετεραν
1302 1151 1416 1178 αγεται,
1444 1144 1540 1169 Γαιταν
1570 1143 1616 1178 μὶν
1647 1143 1844 1180 καλουμένην⁹

1021 1185 1151 1222 θυγατέρα
1167 1183 1195 1212 δὲ
1219 1184 1299 1212 οὖσαν
1321 1186 1469 1223 πρίγκιπυς
1496 1187 1589 1224 ’χώραν
1618 1187 1667 1215 οὐκ
1687 1188 1782 1226 ὀλίγην
1801 1189 1844 1228 ὑφ’

1019 1228 1112 1255 ἑαυτὸν
1140 1228 1260 1266 ἔχοντος.
1287 1231 1470 1267 Ἀγαγόμενος
1501 1231 1545 1258 οὖν
1571 1232 1670 1267 ταύτην
1686 1233 1842 1269 κατῴκησεν

1019 1272 1045 1299 ἐν
1058 1276 1116 1304 ταῖς
1143 1273 1240 1301 πόλεσι
1261 1277 1321 1306 ταῖς
1348 1273 1538 1314 διαφερούσαις
1561 1279 1595 1313 τῇ
1620 1276 1702 1304 αὐτοῦ
1722 1279 1842 1315 γυναικὶ.

1019 1318 1088 1353 ὧνὴ
1113 1319 1209 1356 πρώτη
1242 1320 1288 1356 μὲν
1311 1319 1356 1346 καὶ
1388 1320 1500 1357 μεγίστη
1533 1321 1654 1357 Σαλερὸς
1668 1322 1842 1358 ὀνομάζεται.

1019 1363 1136 1390 Ἐκεῖθεν
1167 1363 1212 1390 οὖν
1242 1365 1286 1391 οἷα
1314 1363 1434 1399 κλέπτης
1457 1365 1502 1392 καὶ
1528 1365 1632 1402 λῃστὴς
1654 1366 1730 1401 ἐξιὼν
1755 1367 1789 1394 τὰ
1807 1369 1841 1404 τῇ

1016 1407 1154 1443 Ῥωμανίᾳ
1191 1407 1353 1445 ὑποκείμενα
1381 1407 1522 1445 ἐληῖζετο,
1550 1412 1631 1437 τοῦτο
1663 1411 1710 1446 μὶν
1740 1411 1814 1439 Καλα
1832 1427 1843 1433 -

1018 1449 1095 1489 ϐρίαν
1117 1452 1341 1490 αἷχμαλωτίζων,
1367 1455 1449 1480 τοῦτο
1475 1451 1503 1480 δὲ
1525 1454 1574 1488 τὴν
1591 1453 1708 1482 Ἰταλίαν
1724 1453 1840 1482 δουλού-

1019 1507 1110 1532 μενος.
1141 1497 1200 1525 Τῶν
1238 1495 1261 1523 δ’
1288 1495 1476 1533 ἁλισκομένων
1504 1497 1691 1535 αἶ’χμαλώτων
1727 1499 1763 1527 ὧν
1794 1500 1842 1535 μὲν

1018 1544 1113 1578 χεῖρας
1130 1541 1239 1578 ἀφῃρει,
1262 1541 1298 1568 ὧν
1324 1539 1353 1568 δὲ
1373 1541 1457 1572 πόδας
1473 1542 1689 1579 ἠκρωτηρίαζεν,
1704 1543 1797 1571 ἄλλων
1815 1543 1844 1572 δὶ

1016 1585 1150 1612 ἀπέκοπτε
1178 1586 1223 1613 καὶ
1252 1585 1392 1625 ἀμφότερα
1409 1608 1415 1620 ,
1443 1587 1518 1617 τινὰς
1548 1585 1577 1614 δὲ
1602 1587 1646 1614 καὶ
1677 1588 1840 1624 ἇπημπόλει

1015 1631 1167 1667 χρημάτων
1193 1629 1320 1665 πολλῶν,
1346 1629 1535 1667 δεδιττόμενος
1564 1632 1601 1662 ὠς
1619 1631 1644 1659 εἲ
1658 1633 1696 1668 μὴ
1711 1632 1841 1670 προδοῖεν

1014 1675 1061 1705 τὰς
1086 1674 1180 1706 πόλεις
1211 1675 1255 1702 xci
1282 1674 1452 1703 ὖποκλιθιῖεν
1482 1675 1565 1712 αὐτῷ,
1596 1676 1626 1704 οὐ
1654 1679 1738 1705 ταῦτα
1760 1678 1844 1714 μόνα,

1015 1718 1088 1746 ἀλλὰ
1109 1720 1154 1746 καὶ
1178 1720 1291 1757 χείρονα
1314 1720 1462 1748 πείσονται.
1490 1720 1652 1748 Νοσοῦντων
1679 1720 1708 1748 δὲ
1734 1721 1759 1749 ἐν
1780 1726 1845 1754 τοῖς

1017 1763 1165 1802 βοσιλιίοις
1193 1767 1247 1791 τῶν
1278 1764 1396 1799 οἰκείων,
1421 1763 1534 1801 οὐδεμία
1560 1767 1614 1792 τῶν
1638 1767 1791 1804 γινομένων
1813 1767 1842 1794 ἐν

1015 1808 1115 1844 Ἰταλίᾳ
1150 1808 1251 1846 ἐγίνετο
1288 1808 1461 1848 έπιστροφή.
1492 1812 1543 1837 Τοῦ
1581 1810 1634 1848 γὰρ
1667 1811 1844 1849 Μονομάχου

1017 1854 1084 1890 μετὰ
1115 1853 1203 1891 βραχὺ
1231 1852 1456 1889 τελευτήσαντος,
1485 1853 1625 1892 Θεοδώρας
1654 1853 1682 1882 Si
1710 1859 1760 1890 τῆς
1785 1856 1845 1883 At?»

1014 1898 1131 1936 γούστης
1152 1898 1193 1936 έιρ⁷
1215 1896 1261 1925 ’ένα
1282 1897 1381 1936 χρόνον
1404 1899 1452 1933 τὴν
1475 1898 1611 1935 βασιλείαν
1635 1891 1845 1937 κατασχούσης,

1015 1945 1063 1970 τοῦ
1089 1953 1119 1970 τε
1147 1942 1263 1980 Μιχαὴλ
1292 1943 1476 1980 ἀναιρεθέντος
1501 1943 1546 1970 καὶ
1570 1946 1618 1971 τοῦ
1635 1946 1779 1980 Κομνηνοῦ
1797 1944 1848 1973 έπ-

1015 1987 1177 2017 αναστάντος
1194 1986 1277 2023 αὐτῷ,
1293 1987 1337 2014 καὶ
1360 1989 1414 2014 τῶν
1439 1987 1646 2025 στρατευμάτων
1665 1988 1845 2026 ἀσχολουμέ-

1015 2043 1067 2059 νων
1092 2034 1149 2062 τοῖς
1172 2030 1317 2070 ἰμφυλίοις
1343 2030 1487 2068 πολέμοις,
1515 2031 1629 2068 μηδενός
1654 2043 1684 2060 τε
1699 2030 1777 2064 ὄντος
1793 2036 1845 2061 τοῦ

1015 2076 1065 2110 τήν
1094 2076 1182 2113 ὁρμὴν
1212 2077 1260 2102 τοῦ
1290 2076 1476 2112 Ῥουμπέρτου
1499 2076 1682 2110 κωλύσοντος,
1712 2076 1794 2115 μέγας
1811 2078 1844 2106 in

1015 2120 1115 2148 τούτου
1135 2120 1179 2147 καὶ
1204 2119 1367 2158 περιϐόητος
1392 2122 1496 2158 γέγονε·
1525 2122 1636 2157 στρατὸν
1659 2122 1711 2159 γὰρ
1730 2121 1845 2157 ἀξιόλο-

1016 2175 1062 2202 γον
1078 2165 1255 2200 συνεστήσατο
1277 2164 1323 2192 καὶ
1343 2164 1436 2192 ’ίππων
1459 2165 1504 2192 καὶ
1520 2166 1673 2203 χρημάτων
1690 2165 1734 2193 καὶ
1750 2166 1845 2204 ἁρμά-

127 2213 232 2250 adepto
255 2210 426 2248 imperium,
441 2212 603 2238 Turcorum
630 2209 709 2237 natio
724 2209 874 2237 Orientem

1091 2209 1192 2248 έγένετο
1221 2209 1325 2246 κύριος,
1349 2212 1403 2237 τῶν
1426 2209 1451 2237 έν
1479 2213 1539 2241 ταῖς
1563 2209 1659 2238 πόλεσι
1676 2214 1841 2249 στρατηγιῑν

129 2266 216 2291 mere,
249 2256 394 2285 Patzinaci
428 2263 495 2283 vero
525 2253 723 2282 Occidentem.
753 2253 835 2282 Cedit
868 2254 958 2290 igitur

125 2302 294 2337 Thrymbus
309 2300 454 2334 Calabria,
472 2299 522 2335 qui
548 2298 607 2326 illic
632 2299 692 2326 dux
717 2301 778 2326 erat
801 2298 956 2331 exercitus.

127 2350 226 2383 aperte
241 2348 343 2374 contra
357 2344 514 2372 Scribonas
535 2343 650 2371 facinus
665 2351 756 2371 ausus
773 2351 780 2370 2
797 2351 862 2371 cum
882 2344 957 2372 I22

128 2391 206 2419 enim
227 2389 374 2426 indigenis
391 2388 512 2416 minime
538 2388 651 2424 placere
675 2390 807 2415 cerneret
821 2388 898 2423 quod
915 2389 956 2416 fa-

127 2439 209 2463 ctum
234 2437 322 2469 esset,
338 2434 420 2461 exsul
447 2433 483 2460 ad
510 2433 718 2467 imperatorem
749 2432 955 2468 proficiscitur.

128 2481 252 2508 Mittitur
271 2479 362 2515 igitur
377 2479 436 2506 dux
459 2477 548 2505 Italiae
568 2477 727 2505 Abulchar.
745 2477 889 2506 Robertus
905 2487 956 2506 au-

126 2528 184 2553 tem
209 2532 275 2551 cum
304 2525 423 2558 propter
447 2521 658 2549 Scribonarum
684 2522 792 2549 caedem
818 2521 957 2550 Calabros

123 2571 311 2605 exasperatos
324 2567 444 2600 videret,
461 2565 516 2594 hac
538 2574 655 2601 quoque
670 2566 706 2594 de
721 2574 811 2594 causa
826 2567 957 2596 rebellio‘

125 2623 185 2642 rem
202 2612 374 2647 meditatus,
391 2619 449 2639 non
467 2612 499 2638 ut
523 2610 652 2646 amplius
675 2619 848 2639 reversurus
873 2620 955 2647 egre-

1010 2255 1181 2292 τεταγμένων
1208 2255 1276 2291 πρὸς
1308 2254 1421 2292 βασιλέα
1451 2255 1489 2290 μὴ
1515 2253 1672 2291 δυναμένων
1694 2255 1842 2291 ἀντεξιέναι

1012 2297 1172 2337 ὀλιγανδρίᾳ
1199 2299 1243 2326 καὶ
1271 2298 1400 2334 κακότητι
1429 2302 1482 2326 τῶν
1512 2299 1558 2326 σὺν
1586 2300 1681 2332 αὐτοῖς
1698 2321 1704 2328 .
1729 2301 1781 2327 Τοῦ
1809 2299 1840 2328 8t

1011 2346 1154 2380 Κομνηνοῦ
1182 2347 1233 2379 τῆς
1271 2342 1410 2382 βασιλείας
1447 2343 1592 2382 έγκρατοῦς
1622 2346 1771 2383 γενομένου
1805 2347 1842 2374 τὰ

1013 2388 1060 2425 μὲν
1077 2391 1130 2415 τῶν
1154 2389 1280 2426 Τούρκων
1305 2389 1354 2423 τὴν
1378 2387 1531 2423 Ἀνατολήν
1558 2387 1675 2426 ἔθλιὸεν,
1693 2390 1719 2417 ol
1736 2393 1840 2426 Πατζι-

1011 2434 1087 2460 νάκοι
1116 2432 1144 2460 δὶ
1171 2434 1220 2468 τήν
1249 2432 1327 2460 Λύσιν
1355 2432 1482 2467 έπίεζον.
1512 2436 1668 2472 Ὑποχωρεῖ
1694 2436 1760 2472 γοῦν
1787 2439 1841 2470 τῆς

1011 2475 1168 2515 Καλαϐρίας
1193 2478 1206 2505 ὁ
1232 2474 1378 2515 Θρυμϐὸς,
1406 2477 1435 2508 ὃς
1460 2477 1546 2505 ἐκεῖσε
1573 2481 1731 2517 στρατηγῶν
1760 2479 1841 2516 ἐτύγ-

1011 2533 1089 2560 χανε,
1118 2523 1149 2550 τὸ
1172 2522 1240 2550 κατά
1260 2521 1324 2554 τοὺς
1348 2519 1506 2560 Σκρίϐωνας
1530 2521 1595 2560 ἄγος
1619 2522 1716 2558 ἀνέδην
1745 2523 1843 2552 τετολ-

1012 2569 1118 2604 μηκώς*
1159 2567 1196 2603 μὴ
1226 2567 1336 2603 ἀρέσκον
1364 2566 1414 2604 γὰρ
1440 2569 1499 2598 τοῖς
1529 2566 1676 2605 ἐγχωρίοις
1705 2568 1775 2606 ὁρῶν
1805 2569 1838 2596 τὸ

1010 2611 1210 2650 πεπραγμένον,
1240 2611 1324 2650 φυγὰς
1348 2611 1385 2643 ὡς
1411 2611 1524 2649 βασιλέα
1546 2612 1659 2649 γίνεται.
1687 2611 1844 2641 Στέλλεται

791 2673 915 2702 JACOBI
935 2676 1042 2704 GOARI
1062 2675 1178 2704 NOT.‘E.

159 2729 216 2765 (37)
232 2729 263 2758 Id
285 2730 329 2758 est
355 2726 461 2764 Apulia
485 2727 515 2754 et
540 2725 706 2763 adjacentes
732 2727 899 2764 provincia,
916 2728 1025 2765 quibus
1050 2728 1153 2757 ultimo
1175 2728 1266 2757 Graeci
1290 2727 1519 2765 imperaverunt.
1537 2728 1702 2757 Recolenda
1719 2731 1789 2757 nota
1805 2729 1836 2758 in

124 2775 154 2805 p.
171 2765 236 2795 577.
