1937 3050
61 108 114 136 457

812 100 1012 130 HISTORIA.

1701 102 1761 132 458

61 174 110 199 τῶν
127 171 205 202 θείων
222 171 311 204 σηκῶν
333 168 509 202 ἰπεκταθῆναι
524 168 573 202 τήν
603 166 756 201 πλεονεξίαν
787 165 869 193 αὐτοῦ

972 167 1080 201 lmenta
1095 166 1158 200 ejus
1183 166 1304 194 avaritia
1320 167 1487 202 pertineret,
1500 170 1528 195 et
1538 169 1613 196 sacri
1628 169 1760 205 ipsorum

61 216 102 244 καὶ
116 216 149 243 τὰ
161 215 220 252 ἱερὰ
232 213 336 242 τούτων
352 211 486 249 κειμήλια
503 212 549 239 καὶ
565 209 668 240 ἔπιπλα
684 210 840 250 ἀφελέσθαι.

93 260 169 289 Οὕτω
191 258 219 286 δὲ
241 259 296 286 τῶν
320 258 488 296 πραγμάτων
512 255 722 293 διοικουμένων,
737 255 781 282 καὶ
810 254 881 282 οὕτω

61 307 112 333 τῶν
125 314 154 332 τε
169 303 244 334 ἐκτὸς
260 302 305 330 καὶ
329 304 383 330 τῶν
409 302 481 333 ἐντὸς
511 300 739 337 λεηλατουμένων
765 299 809 327 καὶ
837 309 881 326 κε-

63 348 224 387 ραϊζομάνων
255 345 405 382 δυσϐουλίᾳ
433 347 477 374 καὶ
506 345 637 381 κακότητι
662 347 716 372 τῶν
754 344 882 382 κρατούν-

61 405 122 428 των,
139 394 164 421 οἱ
193 392 219 420 ἐν
248 394 283 429 τῇ
299 391 432 429 Ἀνατολῇ
454 392 629 429 προέχοντες,
646 388 822 427 Ἀλέξανδρός
851 399 881 416 τε

61 439 101 466 καὶ
117 439 131 466 ὁ
147 435 302 468 Καϐασιλᾶς
317 436 343 464 οἱ
359 435 520 471 Συναδηνοὶ,
538 436 552 463 ὁ
575 434 731 470 Γουδὲλιος,
758 435 772 462 ὁ
792 437 880 472 Στρα-

61 481 219 520 ϐορωμανὸς
230 481 275 509 καὶ
291 482 317 508 at
334 480 429 508 λοιποὶ
444 483 496 508 τῶν
521 479 711 518 συγκλητικῶν
738 479 878 516 ἀρχόντων

61 527 150 565 λογὰς,
165 527 196 562 ἣν
214 526 244 553 ἐκ
258 524 367 554 πολλοῦ
386 525 551 553 ἀποστασίαν
576 523 722 558 ὠδίνησαν,
739 523 777 554 εἷς
803 522 878 560 ἔργον

61 573 175 610 ἐξάγουσι
192 573 251 607 νῦν,
267 571 312 598 καὶ
332 571 379 598 τὸν
407 568 618 608 κουροπαλάτην
649 568 803 607 Νικηφόρον
833 567 878 594 τὸν

61 615 238 652 Βοτανειάτην
279 615 451 647 συνελθόντες
497 613 609 652 βασιλέα
650 612 880 651 ἀναγορεύουσιν,

61 658 222 698 Ὀκτωϐρίου
254 661 340 697 μηνὸς
374 659 530 696 ἱσταμένου,
560 662 611 693 τῆς
646 658 758 695 πρώτης
793 656 880 684 ἐπινε-

62 707 174 743 μήσεως.
189 706 277 742 ’Ὀπερ
298 704 336 736 εἷς
352 703 409 731 ὦτα
422 706 461 740 τῷ
478 702 585 741 βασιλεῖ
599 704 681 730 mch
697 702 727 730 οὐ
763 701 879 739 μετρίως

60 750 134 778 αὐτὸν
161 749 324 787 διετάραξεν·
343 749 376 784 ἦν
405 749 455 785 γὰρ
483 748 527 776 καὶ
559 748 610 775 ὑπὸ
638 746 752 775 πολλῶν
777 745 880 784 προλε-

60 797 169 833 γόμενον
185 795 222 825 ὡς
236 792 309 822 ἔσται
325 794 391 822 ποτὶ
406 793 450 820 ὅτε
466 793 639 831 ὕπερτερήσει
663 792 694 819 τὸ
725 795 745 819 Ν
773 793 821 818 τοῦ
843 794 878 819 Μ.

62 840 107 869 Καὶ
131 839 228 867 αὐτίκα
243 842 301 870 τοῖς
325 838 458 876 Τούρκοις
483 838 519 869 ὡς
541 837 652 868 οἰκείοις
681 837 726 864 καὶ
754 835 881 874 γνησίοις

62 884 183 922 ἔγραψεν,
199 883 419 921 ὑπισχνούμενος
447 881 492 910 καὶ
518 880 594 919 δῶρα
622 881 724 917 δοῦναι,
751 881 773 908 εἰ
798 881 881 917 μόνον

61 925 240 959 συλλαϐόντες
266 927 346 955 αὐτόν
373 937 403 954 τε
431 926 476 954 καὶ
504 925 567 957 τοὺς
595 926 656 963 περὶ
696 925 775 953 αὐτὸν
814 925 882 963 πρὸς

62 972 137 1000 αὐτὸν
167 971 490 1007 ἔξαποστὲλλουσιν.ἿΙν
524 969 552 998 δὲ
581 971 594 997 ὁ
625 969 802 1005 Βοτανειάτης
829 972 882 996 τῶν

62 1015 237 1054 εὐπατριδῶν,
253 1016 283 1044 ἐκ
309 1018 358 1044 τοῦ
387 1018 472 1043 Φωκᾶ
494 1016 525 1042 τὸ
539 1015 615 1052 γένος
631 1014 816 1045 πολυπλόκως
834 1014 880 1051 μὶν

63 1061 120 1090 ἀλλ’
146 1061 222 1097 ὅμως
252 1060 387 1099 κατάγων,
403 1060 448 1087 καὶ
476 1062 531 1087 τῶν
551 1058 732 1096 περιωνύμων
758 1056 880 1093 Φαϐίων,

62 1107 85 1134 οἳ
107 1107 136 1133 τὸ
156 1107 234 1144 γένος
260 1105 290 1133 ἐκ
312 1108 362 1140 τῆς
386 1103 529 1142 περιδόξου
553 1104 596 1131 καὶ
622 1101 804 1141 πρεσϐυτέρας
818 1104 883 1131 Ῥώ-

63 1162 113 1187 μης
150 1154 282 1189 κατῆγον,
308 1149 377 1181 καθᾶ
399 1150 417 1184 ἡ
442 1149 566 1180 ἀνέκαθεν
605 1147 753 1186 παράδοσις
790 1151 883 1186 κρατεῖ

61 1195 118 1232 περὶ
132 1195 231 1224 αὐτῶν,
252 1194 349 1232 Τρίτην
372 1192 401 1221 δὲ
425 1194 538 1231 ἄγοντος
562 1195 611 1220 τοῦ
634 1191 799 1231 Ὀκτωῧρίου
827 1203 881 1229 μη-

61 1241 110 1274 νὸς,
126 1239 278 1276 μέλλοντος
293 1238 347 1274 ἤδη
363 1239 412 1273 τήν
440 1237 585 1275 βασιλικὴν
605 1238 739 1274 πήξασθαι
767 1238 880 1272 σκηνὴν,

64 1287 115 1324 φῶς
142 1284 240 1321 ἀθρόον
270 1284 330 1321 περὶ
360 1283 405 1311 τὸν
431 1283 496 1319 ἀέρα
525 1281 635 1321 διεφάνη
672 1282 734 1319 περὶ
771 1282 880 1320 πρώτας

62 1330 151 1360 νυκτὸς
167 1327 292 1365 φυλακὰς
309 1328 391 1365 μέχρι
405 1326 582 1362 Χαλκηδόνος
595 1327 640 1354 καὶ
665 1326 882 1365 Χρυσουπόλεως

63 1374 103 1400 καὶ
130 1376 181 1401 τῶν
210 1372 236 1400 ἐν
267 1372 436 1410 Βλαχέρναις
464 1372 635 1409 ἀνακτόρων
665 1372 679 1399 ὅ
706 1372 751 1398 καὶ
787 1371 882 1402 οἰωνὸς

895 859 919 891 Β

64 1421 139 1445 πᾶσιν
152 1417 253 1454 ἀγαθὸς
266 1415 366 1453 ἔδοξεν,
383 1417 420 1448 ὡς
449 1416 494 1444 καὶ
517 1414 702 1455 ἐπιφοιόάζειν
726 1417 800 1447 τινὰς
830 1416 883 1443 ἀπὸ

63 1461 167 1498 λάμπης
182 1461 333 1500 λαμπτῆρα
353 1461 496 1500 φωσφόρον
523 1459 692 1497 ἐπιδημῆσαι
717 1463 776 1492 τοῖς
804 1461 883 1498 βασι-

63 1505 151 1538 λείοις.
179 1505 348 1544 Ωρμημὲνου
375 1504 403 1533 δὲ
426 1504 481 1540 ἤδη
504 1505 571 1542 πρὸς
592 1505 623 1532 τὸ
648 1506 801 1540 Βυζάντιον,
815 1505 883 1532 ἀπο-

64 1551 165 1585 στατικὴ
203 1543 284 1588 ἕτερα
319 1549 449 1577 κακόνοια
481 1550 530 1584 τὴν
571 1548 644 1577 δύσιν
677 1543 919 1588 περιεκλόνησε.α

64 1595 214 1632 Νικηφόρος
229 1595 283 1633 γὰρ
299 1593 431 1633 πρόεδρος
454 1594 468 1621 ὁ
490 1594 632 1631 Βρυὲννιος
660 1595 710 1629 τὴν
737 1597 785 1621 τοῦ
814 1593 880 1632 Δυῤ-

65 1638 155 1677 ῥαχίου
172 1638 302 1674 δουκικήν
329 1637 429 1666 διέπων
454 1639 543 1677 ἀρχὴν
561 1640 601 1675 [Ρ.
617 1639 681 1676 858]
707 1639 752 1666 καὶ
781 1639 882 1674 ταύτης

65 1683 219 1721 παραλυθςὶς
249 1683 385 1721 βασιλέως
410 1683 496 1719 ὲαυτῷ
523 1684 682 1720 περιέθηκεν
715 1681 811 1720 ὄνομα,
837 1683 881 1710 καὶ

64 1731 115 1759 τοῖς
126 1728 209 1757 ἐκεῖσε
224 1729 406 1767 στρατιώταις
431 1726 543 1759 ὀπαδοῖς
568 1728 613 1755 καὶ
642 1731 782 1766 συνεργοῖς
809 1738 881 1766 χρη-

65 1773 171 1810 σάμενος
207 1772 288 1808 ἔξεισι
333 1773 380 1810 μὲν
421 1771 532 1807 ἐκεῖθεν,
574 1772 707 1810 ἐπείγεται
751 1771 780 1800 δὶ
812 1773 881 1810 πρὸς

65 1816 298 1856 Ἀδριανούπολιν.
315 1818 345 1846 Ὁ
360 1818 411 1855 γὰρ
427 1815 597 1856 αὐτάδελφος
621 1816 702 1844 αὐτοῦ
731 1817 805 1849 τινας
829 1819 882 1844 τῶν

66 1863 204 1900 Ἑσπερίων
235 1861 375 1898 δυνάμεων
402 1861 440 1893 εἲς
465 1861 514 1896 τήν
550 1860 782 1899 προσδοκωμάνην
822 1861 883 1889 ἐπι-

66 1904 161 1942 ϐουλὴν
187 1906 369 1945 καταρτύσας,
401 1907 468 1942 μετὰ
501 1906 650 1944 Βαράγγων
678 1906 723 1934 καὶ
748 1907 882 1944 Φράγγων

65 1950 181 1987 πλήθους
198 1951 309 1980 πολλοῦ
337 1953 375 1988 τῷ
390 1949 501 1988 ἀδελφῷ
525 1951 662 1982 συνθέσθαι
692 1950 882 1988 παρεσκεύασε.

66 1997 113 2023 Σὺν
141 1996 213 2033 αὖτῷ
241 1996 271 2024 δὲ
301 1996 345 2023 καὶ
369 1996 415 2023 τὸν
444 1995 587 2023 κατεπάνω
602 1997 650 2028 τῆς
670 1995 754 2030 αὐτῆς
777 1995 885 2028 πόλεως

66 2042 185 2079 συγγενέα
210 2040 310 2068 τούτου
338 2039 517 2078 τυγχάνοντα,
537 2039 582 2067 καὶ
609 2040 662 2077 πρὸ
690 2042 738 2067 τοῦ
766 2040 885 2068 καταλα-

66 2082 116 2112 ϐεῖν
133 2084 161 2113 δὲ
176 2086 214 2117 εἷς
229 2084 462 2124 Ἀδριανούπολιν
490 2085 540 2118 τήν
568 2083 705 2123 εὐφημίαν
730 2084 812 2112 αὐτοῦ
840 2086 885 2112 καὶ

64 2131 110 2164 τήν
138 2130 287 2168 ἆναρῥησιν
319 2133 367 2164 τῆς
398 2127 539 2167 βασιλείας
562 2127 795 2166 προδιεγράψατο.
811 2130 842 2158 Ὁ
858 2128 887 2157 δὲ

68 2174 189 2212 βασιλεὺς
216 2175 411 2212 μαλακώτερον
441 2173 510 2210 πρὸς
524 2172 557 2200 τὰ
576 2172 721 2210 πράγματα
749 2173 886 2210 διακείμε-

936 210 1068 238 thesauri
1084 212 1112 237 et
1123 210 1339 246 suppellectilia
1354 211 1550 240 auferrentur.

972 257 1044 282 Cum
1073 263 1138 283 vero
1167 256 1207 282 ita
1236 264 1282 283 res
1308 256 1599 291 administrarentur,
1620 258 1719 294 itaque
1733 261 1761 287 et

936 301 1053 328 interna
1079 303 1107 328 et
1136 303 1254 328 externa
1282 301 1394 336 rapinis
1419 309 1452 328 ac
1469 304 1566 338 praeda
1593 303 1762 332 laborarent

936 346 1065 382 pessimo
1078 345 1201 374 consilio
1218 349 1246 373 et
1257 346 1372 381 ignavia
1383 346 1604 382 imperantium,
1613 348 1759 385 principes

935 391 965 418 in
981 391 1096 418 Oriente
1106 390 1270 418 Alexander
1280 394 1308 419 et
1324 391 1475 420 Cabasilas
1494 393 1651 429 Synadeni,
1664 393 1760 422 Gude-

935 435 1005 468 lius,
1034 436 1243 465 Straboramus
1271 439 1300 464 et
1334 437 1438 473 reliqui
1474 438 1613 466 senatorii
1648 439 1760 467 ordinis

935 481 1083 516 principes
1098 481 1213 516 delecti,
1230 489 1318 517 quam
1343 482 1456 517 pridem
1479 483 1665 511 rebellionem
1691 492 1759 511 con-

935 528 1072 560 ceperant
1088 525 1123 552 ad
1140 534 1214 561 opus
1238 526 1420 561 perducunt;
1441 529 1468 554 et
1491 527 1691 564 curopalatem
1711 528 1760 556 Ni-

934 570 1093 605 cephorum
1116 570 1298 598 Botaniatem
1323 571 1530 600 convenientes
1554 572 1760 608 imperatorem

934 614 1092 648 declarant,
1109 615 1224 643 Octobri
1242 624 1352 650 mense,
1369 617 1530 645 indictione
1548 618 1652 653 prima.
1678 618 1760 650 Quod

935 669 1001 688 cum
1016 661 1051 688 ad
1068 660 1254 695 imperatoris
1268 670 1353 689 aures
1369 662 1537 695 accidisset,
1551 663 1629 690 haud
1647 664 1758 691 medio-

935 706 1021 733 criter
1044 706 1141 742 ipsum
1154 706 1349 742 perturbavit;
1366 709 1428 734 erat
1442 708 1520 735 enim
1536 716 1553 735 a
1568 708 1669 735 multis
1685 716 1759 743 quo-

935 759 991 788 que
1015 751 1186 787 prmdictum
1212 752 1284 780 forte
1308 754 1339 779 ut
1354 751 1423 780 olim
1451 753 1474 780 N
1500 755 1653 789 superaret
1670 754 1708 781 M.
1724 756 1760 782 Et

935 797 1036 824 statim
1052 797 1155 824 Turcis
1170 799 1311 831 tanquam
1321 797 1453 832 cognatis
1465 800 1493 824 et
1507 797 1680 833 propinquis
1691 799 1760 826 scri-

936 842 1003 878 psit,
1027 841 1167 877 pollicens
1189 841 1266 869 dona
1288 850 1319 869 se
1345 842 1496 877 daturum,
1513 842 1537 870 si
1553 842 1636 870 illum
1663 843 1758 871 solum

936 887 1188 923 comprehensum,
1205 889 1234 915 et
1248 888 1299 923 qui
1315 896 1381 915 cum
1398 888 1461 923 ipso
1478 891 1575 916 essent
1591 889 1626 916 ad
1643 897 1674 917 se
1689 890 1759 917 mit-

936 934 1008 960 tant.
1026 932 1096 960 Erat
1111 934 1208 960 autem
1225 932 1393 962 Botaniutes
1415 941 1449 960 ex
1465 933 1614 961 nobilibus
1631 943 1647 961 a
1662 934 1759 962 Phoca

936 977 1091 1010 oriundus,
1109 977 1197 1004 variis
1212 977 1329 1011 quidem
1357 977 1452 1004 modis
1468 980 1565 1005 tamen
1583 977 1619 1005 ab
1636 978 1758 1006 illustri-

937 1022 993 1049 bus
1010 1021 1106 1049 Fabiis
1121 1028 1213 1056 genus
1227 1021 1347 1055 ducens,
1365 1021 1414 1056 qui
1430 1029 1464 1048 ex
1479 1021 1587 1049 illustri
1598 1024 1627 1049 et
1638 1023 1760 1058 antiqua

937 1067 1028 1094 Roma
1043 1066 1185 1102 originem
1202 1066 1360 1100 ducebant,
1374 1067 1623 1101 quemadmodum
1640 1068 1762 1104 antiqua

937 1113 973 1139 de
993 1111 1065 1147 ipsis
1082 1112 1207 1139 traditur
1223 1111 1311 1139 fama.
1327 1111 1425 1139 Tertia
1441 1120 1506 1139 vero
1522 1112 1653 1140 Octobris
1678 1122 1761 1142 men-

938 1157 979 1185 sis
994 1158 1051 1190 die,
1064 1165 1131 1184 cum
1145 1157 1204 1191 jam
1220 1156 1367 1192 figendum
1380 1159 1455 1184 esset
1467 1157 1654 1192 imperatoris
1664 1159 1760 1186 taber-

937 1203 1086 1236 naculum,
1102 1202 1225 1230 densum
1239 1201 1338 1229 lumen
1353 1201 1382 1229 in
1399 1210 1465 1229 aere
1488 1203 1624 1238 apparuit
1646 1203 1761 1231 circiter

937 1248 1062 1283 primum
1087 1246 1181 1274 noctis
1205 1246 1347 1282 vigiliam,
1365 1255 1457 1282 usque
1487 1248 1522 1274 ad
1546 1247 1759 1276 Chalcedonem

942 1293 1013 1320 7‘27
1032 1294 1060 1319 et
1068 1291 1271 1327 Chrysopolim
1283 1294 1310 1318 et
1322 1292 1400 1326 regia
1411 1291 1520 1327 palatia
1530 1291 1560 1319 in
1570 1292 1756 1321 Blachernis:

936 1337 1012 1373 quod
1029 1336 1173 1372 optimum
1190 1336 1427 1364 omnibusvisum
1440 1340 1484 1364 est
1500 1338 1717 1372 augurium,ita
1728 1341 1761 1366 ut

937 1382 1167 1410 vaticinarentur
1178 1381 1296 1417 quidam
1314 1389 1331 1408 a
1345 1381 1501 1417 splendore
1518 1382 1641 1410 Luciferi
1667 1383 1758 1411 facem

939 1428 973 1455 ad
985 1426 1093 1462 regiam
1105 1425 1349 1454 accessisse.Cum
1356 1428 1451 1454 autem
1464 1426 1635 1463 Byzantium
1645 1428 1760 1464 profici-

939 1474 1079 1504 sceretur,
1108 1470 1200 1498 altera
1215 1471 1348 1506 quaedam
1380 1470 1456 1498 male
1485 1471 1612 1507 cogitata
1642 1473 1761 1501 rebellio

939 1516 1125 1544 Occidentem
1151 1514 1317 1551 exagitavit.
1341 1515 1523 1551 Nicephorus
1547 1516 1627 1544 enim
1651 1517 1760 1553 Bryen‘

939 1561 1005 1588 nius
1021 1567 1127 1595 praeses
1143 1559 1355 1586 administrans
1369 1559 1518 1594 Dyrrachii
1535 1560 1761 1597 ducatum,ipso

937 1604 1101 1637 abdicatus,
1118 1603 1175 1631 sibi
1191 1603 1376 1638 imperatoris
1400 1611 1506 1631 nomen
1528 1604 1696 1633 vindicavit.
1726 1606 1761 1634 Et

938 1648 1081 1676 militibus
1099 1647 1198 1683 quiibi
1215 1649 1308 1681 erant,
1339 1647 1482 1675 ministris
1506 1651 1591 1684 atque
1616 1650 1761 1685 adjutori-

937 1693 992 1720 bus
1008 1700 1080 1720 usus
1101 1692 1168 1719 inde
1191 1691 1349 1728 egreditur,
1365 1694 1394 1719 et
1407 1692 1442 1719 ad
1469 1693 1688 1730 Adrianopolim
1718 1695 1759 1723 fe-

936 1737 1065 1764 stinabat
1086 1746 1092 1770 ;
1110 1744 1178 1764 nam
1204 1744 1362 1771 germanus
1392 1737 1456 1771 ejus
1486 1738 1574 1765 frater
1600 1739 1760 1768 instructas

937 1782 1081 1818 quaedam
1088 1780 1252 1808 Occidentis
1265 1780 1362 1816 copias
1370 1781 1403 1808 ad
1412 1783 1544 1816 speratae
1555 1781 1680 1811 insidias
1690 1792 1758 1812 cum

937 1827 1136 1862 Barangorum
1153 1827 1181 1852 et
1202 1825 1378 1852 Francorum
1391 1825 1469 1853 haud
1486 1826 1607 1854 mediori
1622 1827 1758 1856 multitu-

937 1870 1005 1898 dine
1019 1869 1150 1902 adduxit,
1163 1871 1195 1896 ut
1206 1877 1274 1896 cum
1287 1869 1375 1896 fratre
1390 1869 1602 1905 conspirarent,
1619 1873 1648 1898 et
1658 1879 1759 1899 secum

938 1914 1070 1950 eiusdem
1097 1921 1214 1948 quoque
1252 1913 1334 1940 urbis
1364 1914 1551 1948 praefectum,
1589 1916 1762 1951 cognatione

939 1957 1145 1992 conjunctum;
1161 1958 1190 1983 ct
1216 1958 1374 1991 antequam
1399 1956 1433 1984 ad
1461 1957 1680 1994 Adrianopolim
1696 1967 1762 1995 per-

937 2001 1060 2035 veniret,
1075 2000 1255 2028 celebratum
1271 2003 1300 2027 et
1315 1999 1496 2028 declaratum
1516 2002 1615 2037 ipsum
1639 2003 1765 2039 impera-

939 2048 1031 2074 torem
1048 2045 1130 2081 prius
1146 2044 1277 2080 scripsit.
1308 2047 1471 2080 Imperator
1496 2054 1562 2073 vero
1588 2046 1707 2076 mollius
1731 2057 1764 2076 ao

941 2090 1061 2126 segnius
1090 2089 1177 2116 rebus
1202 2089 1337 2124 gerendis
1367 2090 1499 2117 intentus
1524 2091 1592 2124 (nisi
1616 2092 1694 2119 enim
1710 2093 1765 2121 hoc

941 2135 1058 2168 fuisset,
1077 2134 1159 2162 facile
1189 2134 1287 2169 ipsum
1313 2133 1490 2170 Bryennium
1522 2136 1710 2173 debellasset)
1737 2141 1766 2166 et

941 2179 1093 2216 proprium
1110 2179 1269 2206 exercitum
1285 2178 1397 2206 habens
1409 2187 1510 2206 eorum
1527 2189 1600 2215 quos
1611 2182 1766 2210 nominant

67 2228 115 2249 νος·
131 2218 153 2245 εἰ
171 2219 209 2255 μή
231 2218 282 2256 γὰρ
305 2217 338 2252 ἦν
357 2219 449 2250 τοῦτο,
466 2215 586 2248 εὐκόλως
614 2215 643 2244 ἂν
669 2217 714 2244 τὸν
744 2217 869 2254 Βρυὲννιο

972 2223 1135 2256 mmortales,
1151 2225 1179 2250 et
1193 2222 1319 2250 alterum
1336 2223 1414 2250 haud
1432 2223 1591 2259 ignobilem
1607 2233 1622 2252 e
1638 2225 1766 2253 collecti-

65 2262 277 2300 κατηγωνίσατο,
293 2261 406 2299 στρατόν
432 2271 461 2288 τε
486 2259 634 2288 ἱδιαίτατον
650 2260 734 2298 ἔχων,
759 2261 805 2292 οὓς
829 2261 886 2289 ὀνο-

70 2307 191 2343 μάζουσιν
227 2305 376 2338 ἀθανάτους
410 2306 478 2342 (40),
503 2305 548 2332 καὶ
581 2304 671 2342 ἓτερον
712 2305 760 2333 οὐκ
792 2306 884 2344 ἀγεννῆ

69 2351 116 2378 ἀπὸ
142 2349 302 2389 συγκλύδων
331 2348 436 2387 ἀνδρῶν
463 2349 645 2387 συγκείμενον.
675 2350 724 2376 Καὶ
752 2349 795 2378 διὰ
820 2350 886 2378 πάν-

68 2405 115 2422 των
129 2395 250 2433 εὐχερῶς
266 2395 337 2432 εἶχεν
361 2393 497 2421 ἐπιθέσθαι
521 2396 581 2424 τοῖς
606 2394 631 2420 ἒν
660 2393 886 2431 ’Λδριανουπόλει

70 2440 112 2475 μὶν
128 2440 273 2478 πρότερον,
290 2439 345 2466 εἶτα
360 2437 388 2465 δὲ
403 2438 447 2466 καιί
471 2441 511 2474 τῷ
537 2437 668 2475 Βρυεννίῳ
696 2439 780 2475 αὐτῷ.
797 2439 887 2476 Ἀλλ’,

69 2485 103 2516 ὡς
118 2483 232 2522 εἴρηται,
250 2483 440 2522 ῥᾳθυμοτέρως
456 2482 528 2522 ἔχων
554 2484 654 2511 ἐκεῖνόν
680 2495 709 2512 τε
733 2484 823 2522 ὕψωσε
843 2487 887 2513 καὶ

69 2528 95 2556 ἐκ
110 2529 205 2568 μικροῦ
231 2529 313 2567 μέγαν
344 2528 465 2565 ἐποίησε,
481 2529 526 2556 καὶ
556 2529 644 2565 ἑαυτῷ
669 2528 790 2567 παρέσχε
818 2532 887 2569 πρά-

942 2268 995 2296 ciis
1011 2267 1080 2294 viris
1096 2270 1240 2300 coactum,
1257 2266 1341 2294 facile
1369 2269 1515 2303 potuisset
1541 2276 1606 2296 cum
1628 2270 1767 2298 omnibus

942 2313 1005 2341 suis
1034 2312 1115 2348 prius
1142 2319 1190 2339 eos
1221 2311 1356 2338 invadere
1385 2311 1435 2346 qui
1463 2314 1547 2339 erant
1565 2313 1767 2350 Adrianopoli,

942 2357 1048 2384 deinde
1066 2355 1154 2383 etiam
1172 2355 1347 2391 Bryennium
1363 2354 1471 2390 ipsum.
1482 2356 1600 2392 Verum,
1615 2359 1766 2387 utdictum

943 2403 997 2435 est,
1013 2400 1176 2436 segniorem
1203 2408 1233 2427 se
1253 2399 1384 2434 praebens
1407 2403 1435 2427 et
1457 2400 1539 2427 illum
1555 2401 1659 2429 extulit
1683 2405 1713 2430 et
1732 2412 1768 2432 ex

943 2454 1031 2481 parvo
1048 2452 1188 2480 magnum
1205 2443 1282 2478 fecit,
1298 2446 1327 2470 et
1342 2444 1399 2471 sibi
1415 2445 1531 2480 negotia
1550 2446 1697 2474 conﬂavit.
1715 2449 1767 2475 Ni-

943 2489 1088 2525 cephorus
1103 2489 1179 2516 enim
1195 2496 1302 2524 praeses
1319 2491 1417 2524 regius
1430 2492 1459 2516 et
1483 2497 1637 2518 successor
1657 2492 1768 2520 missus

942 2533 1156 2561 Thessalonicae
1185 2541 1252 2560 cum
1278 2533 1341 2568 ipso
1369 2541 1553 2568 congressus,
1584 2535 1608 2562 si
1634 2536 1770 2565 decenter

719 2611 844 2640 JACOBI
863 2613 972 2642 GOARI
991 2613 1110 2642 NOTJE.

103 2673 208 2709 (40)7Ut
222 2681 258 2701 ex
285 2673 417 2709 antiquis
443 2672 610 2709 legionibus
626 2673 686 2701 haec
697 2673 819 2706 Victrix,
836 2675 888 2703 illa

71 2707 200 2747 Pia,_alia
210 2707 416 2747 Fulminatrin,
436 2707 494 2737 ali'a
518 2709 588 2747 item
608 2709 696 2745 Felix,
710 2709 753 2737 vel
767 2712 821 2747 τῷν
841 2721 888 2747 με-

71 2743 208 2782 γαθύμων,
223 2753 259 2774 ex
274 2745 371 2781 aliquo
388 2745 451 2781 jam
474 2745 621 2781 praeterito
642 2743 758 2781 eventu,
780 2746 816 2775 de
831 2743 889 2784 quo

228 2809 359 2841 Pan-son.
386 2809 441 2840 Gs.
465 2808 584 2840 CXXII.

944 2676 1061 2710 Imperii
1076 2675 1197 2710 Notitis,
1220 2675 1383 2709 dicebatur,
1404 2675 1466 2704 bene
1490 2681 1660 2707 senescente
1684 2681 1713 2707 et
1728 2680 1764 2708 ad

944 2711 1056 2752 letbum
1064 2711 1392 2752 ferev‘ergenteimperio
1401 2711 1653 2743 immortalitatem
1663 2715 1691 2742 in
1700 2723 1769 2751 pra-

943 2748 991 2777 liis
1005 2756 1079 2777 vane
1093 2748 1213 2776 sibimet
1228 2749 1390 2776 ominatur.

1572 2811 1612 2842 l5
