1937 3050
179 97 240 126 459

841 96 1004 126 JOANNlS
1027 95 1227 125 SQYLl'l'Z/E

1828 99 1885 129 460

181 162 269 190 rebus
286 162 361 190 728
377 170 450 190 usus
473 164 561 197 esset,
578 162 662 190 facile
687 162 783 197 ipsum
809 162 839 189 in
863 162 945 197 princ

1113 171 1162 188 ιτα,
1194 161 1242 187 Καὶ
1272 159 1431 198 Νικηφόρος
1458 159 1509 197 γὰρ
1547 158 1678 197 πρόεδρος
1705 161 1719 188 ὁ
1747 161 1878 198 βασιλικὸς

182 207 356 235 defectionis
380 207 538 235 debellaset
556 216 562 235 :
580 215 647 235 cum
673 215 739 235 vero
767 206 802 235 ad
827 207 1008 243 Trajanopo-

181 252 235 280 lim
251 253 441 289 pervenisset,
466 253 505 280 ibi
521 262 587 281 cum
604 253 693 280 fratre
707 252 819 280 Joanne
835 255 863 280 el.
877 252 1009 286 Francis,

182 299 232 334 qui
247 298 438 334 Adrianopoli
457 301 552 333 erant,
569 301 597 326 et
613 298 822 326 Macedonibus
843 300 871 325 et
897 297 1008 332 reliquo

180 343 315 371 exercitu
340 352 439 372 secum
464 344 653 380 conspirante
677 351 854 379 congressus
875 345 931 370 est,
957 341 1009 369 Ubi

180 389 270 417 etiam
287 389 368 425 regia
382 388 516 416 induitur
531 388 669 424 insignia,
681 388 879 423 omnibusque
897 387 1009 422 jureju-

182 433 275 461 rando
290 435 319 461 et
334 433 467 461 horribili
493 434 599 461 {cedere
625 433 808 461 conﬁrmatis
825 433 866 461 ita
881 432 1008 460 celebra-

183 481 231 505 tur
251 478 390 506 laudibus
414 478 528 511 multis,
547 478 699 514 multoque
725 478 862 506 satellitio
882 478 1010 514 stipatus

181 522 367 558 imperatoris
384 523 469 550 modo
487 531 518 550 se
533 523 618 559 gerit,
636 526 664 550 et
680 523 898 559 Adrianopolim
917 522 1010 550 multo

183 575 249 595 cum
266 567 376 595 honore
391 576 422 595 se
438 567 547 603 recepit
570 571 598 595 et
612 568 809 601 observantia,
825 568 941 596 obviam
968 567 1010 595 illi

183 613 398 648 prodeuntibus
412 613 475 641 suis
492 613 627 641 tribubus
643 621 675 641 eo
692 614 770 649 quod
787 613 882 648 ipsum
898 622 933 641 ex
948 613 1010 641 ani-

185 665 232 685 mo
247 656 376 685 colerent
391 661 418 685 et
433 657 779 693 observarent.Egressus
795 659 892 685 autem
909 661 1012 684 contra

185 702 330 737 quosdam
341 701 477 738 Bryennii
493 710 600 737 praeses
617 701 827 729 Constantinus
842 701 1010 729 Theodoro-

186 754 278 774 canus
292 746 408 782 capitur
431 747 459 774 et
484 746 520 773 ad
543 746 641 782 ipsum
673 747 805 782 captivus
823 746 952 779 ducitur,
969 746 1012 773 vir

187 790 283 819 clarus
298 792 328 818 et
342 798 448 827 genere
468 790 684 825 nobilissimus,
708 791 833 826 vitisque
857 790 1012 826 splendore

188 835 323 863 illustris.
340 835 394 863 Sed
421 835 570 870 neglectus
592 835 647 862 fuit
669 838 700 863 ut
730 835 851 870 quidam
873 835 1011 871 ignobilis

187 881 215 907 et
230 880 355 907 obscuro
371 879 432 907 loco
449 873 547 912 natus,
566 888 659 915 neque
684 879 778 907 ullum
803 888 923 915 corpore
938 888 1011 915 snp-

187 923 307 960 plicium
324 923 444 960 subivit,
470 924 606 960 quamvis
626 924 845 952 existimaretur
860 924 888 952 id
906 933 1013 960 passu-

189 977 239 997 rus
257 970 374 1005 propter
389 969 556 1004 superiores
573 969 743 997 inimicitias
758 972 786 997 et
801 977 916 1005 pugnas
933 968 1012 1004 capi-

188 1013 271 1041 tales.
287 1015 392 1041 Verum
409 1013 520 1041 missus
535 1013 565 1041 in
580 1013 715 1042 exsilium
733 1014 763 1041 in
778 1014 937 1049 quamdam
954 1014 1014 1041 Μα-

189 1058 358 1086 cedonicam
373 1058 477 1086 urbem
487 1057 564 1085 baud
577 1058 670 1086 multo
684 1061 750 1093 post
763 1061 871 1086 naturae
882 1058 1014 1086 debitum

195 1102 343 1138 persolvit.
358 1103 438 1135 Quod
455 1111 521 1130 vero
542 1103 619 1138 regia
635 1103 762 1138 insignia
784 1103 814 1130 in
830 1102 1016 1138 Trajanopoli

195 1147 318 1175 indutus
325 1146 688 1183 fueritBryennius,ibique
695 1147 836 1176 declarari
844 1147 1018 1176 etcelebrari

196 1199 227 1219 se
239 1191 415 1227 permiserit,
426 1191 504 1218 baud
518 1192 626 1219 bonum
639 1192 796 1228 augurium
813 1192 1017 1228 prudentiores

194 1236 412 1264 existimabant.
429 1235 495 1263 Haec
510 1236 588 1264 enim
600 1236 804 1272 Trajanopolis
819 1245 877 1265 non
899 1237 1017 1272 Trajani

194 1280 380 1317 imperatoris
396 1280 514 1308 nomine
524 1280 642 1309 condita
653 1281 716 1314 fuit,
728 1281 779 1308 sed
791 1281 908 1309 nomine
918 1282 1017 1316 cujus-

193 1330 261 1357 dam
268 1338 302 1358 ex
313 1329 490 1365 primatibus
502 1330 616 1365 Trajani
629 1331 733 1363 vocati,
746 1331 879 1366 generosi
896 1339 928 1358 eo
943 1333 1017 1358 tem-

199 1383 267 1410 pore
284 1375 358 1402 729
372 1374 425 1401 viri
441 1377 504 1402 tum
521 1383 610 1402 manu
628 1377 690 1402 tum
703 1375 811 1409 animo,
825 1383 911 1410 quem
923 1376 1018 1403 Caesar

193 1419 339 1454 Trajanus
357 1419 393 1446 ob
411 1419 509 1447 nescio
525 1427 612 1454 quam
638 1419 829 1447 offensionem
853 1420 1017 1448 luminibus

194 1464 327 1500 privavit.
341 1463 374 1491 Et
385 1463 413 1491 in
431 1463 534 1491 Persas
551 1463 740 1499 proficiscens
755 1464 802 1492 hic
820 1473 886 1492 eum
904 1466 1017 1501 primus

193 1508 354 1544 conspexit,
372 1517 430 1544 quo
441 1507 609 1544 spectaculo
620 1509 779 1536 admodum
791 1509 904 1542 dolens,
922 1517 1016 1537 recor-

193 1553 281 1580 datus
300 1553 517 1588 expeditionum
548 1555 576 1580 et
601 1552 719 1581 virtutis
747 1553 838 1588 illius,
853 1554 956 1581 eodem
986 1554 1016 1581 in

192 1597 256 1626 loco
272 1598 373 1626 urbem
389 1598 520 1626 construi
531 1598 625 1633 jussit
638 1599 674 1626 ad
688 1598 874 1627 indelebilem
890 1600 942 1626 viri
954 1607 1016 1628 me-

194 1642 389 1670 moriam.Hac
399 1642 490 1679 igitur
505 1643 539 1670 de
555 1651 644 1671 causa
660 1644 820 1679 prudentes
837 1644 888 1671 viri
905 1644 1016 1672 factum

191 1687 271 1716 haud
282 1687 393 1716 bonum
404 1687 562 1723 augurium
573 1688 741 1716 censebant.
759 1689 891 1716 Attamen
907 1691 1015 1725 Bryen-

192 1732 260 1760 nius
272 1731 411 1768 ignorans
421 1731 570 1759 decretum
582 1732 690 1767 (caecus
706 1735 750 1760 est
761 1733 839 1760 enim
848 1733 1015 1760 tuturorum

190 1777 320 1811 eventus)
337 1784 383 1803 res
395 1783 533 1811 egressus
548 1778 601 1804 est.
614 1776 766 1805 Radestus
781 1785 899 1813 quoque
914 1778 1014 1806 eadem

190 1820 336 1857 cogitavit,
351 1820 515 1856 opitulante
532 1820 589 1848 sibi
605 1823 731 1856 cognata
746 1822 819 1849 urbe
834 1823 1014 1850 Batatzzene:

191 1878 260 1897 nam
285 1869 442 1897 Haedestini
466 1870 607 1897 adversus
633 1870 755 1897 Panium
779 1870 898 1905 profecti
915 1879 1014 1906 coege-

191 1917 261 1941 runt
276 1913 373 1950 ipsum
389 1921 507 1949 quoque
518 1913 939 1949 Bryenniumcelebrare.Cum
947 1922 1014 1942 vero

191 1967 278 1986 suum
299 1959 417 1986 fratrem
437 1966 470 1985 eo
483 1958 590 1985 honore
607 1958 752 1986 affecisset
777 1962 808 1986 ut
830 1961 908 1986 esset
929 1967 1014 1987 curo-

193 2003 314 2038 palates,
343 2004 372 2030 et
398 2002 471 2030 alios
501 2010 603 2030 omnes
633 2002 735 2030 habita
761 2002 874 2030 ratione
890 2004 1015 2039 propria)

192 2048 323 2083 ipsorum
339 2047 500 2083 dignitatis,
512 2047 691 2075 existimavit
702 2054 733 2074 se
746 2047 961 2075 formidabilem
977 2049 1014 2076 ad

192 2092 296 2120 urbem
312 2091 421 2127 regiam
445 2093 564 2127 propter
578 2091 705 2119 missum
727 2091 845 2119 fratrem
872 2092 1013 2120 adventu-

192 2145 269 2165 rum.
291 2137 340 2164 Cui
368 2144 435 2164 eum
462 2135 632 2163 tradidisset
648 2135 726 2163 haud
744 2135 920 2164 mediocrem
936 2145 1014 2165 exer-

191 2182 293 2217 citum,
304 2181 440 2216 sperabat
456 2180 516 2207 fore
532 2182 564 2207 ut
580 2180 697 2216 quando
711 2179 787 2207 cives
806 2180 1011 2216 imperatorem

1063 203 1194 243 διέδοχος
1223 205 1297 241 αὐτῷ
1325 203 1432 235 σταλεὶς
1462 203 1488 231 ἐν
1518 202 1698 242 Θεσσαλονίκῃ
1724 209 1882 243 συναντήσας

1064 250 1148 286 αὐτῷ,
1165 249 1222 287 εἶ’γε
1247 248 1341 284 δεξιῶς
1369 248 1507 286 ἐχρήσατο
1533 251 1590 280 τοῖς
1616 249 1784 287 πράγμασιν,
1809 252 1880 280 εὖχό.

1064 294 1120 326 λως
1145 294 1175 322 ἃν
1203 294 1282 321 αὐτὸν
1313 293 1338 321 ἐν
1369 293 1443 331 ἀρχῇ
1471 297 1522 328 τῆς
1551 294 1713 325 ὰποστασίας
1740 298 1882 334 κατηγωνί.

1065 350 1142 367 σατο.
1165 336 1330 366 Καταλαὸὼν
1361 337 1390 365 δὲ
1416 339 1455 370 εἷς
1483 338 1711 376 Τρα¹ίανοῦπελιν,
1740 339 1824 368 ἐκεῖσε
1849 345 1884 378 τῷ

1064 395 1092 411 τε
1108 382 1219 422 ἀδελφῷ
1236 384 1349 416 Ἰωάννη
1363 382 1407 410 καὶ
1435 386 1494 415 τοῖς
1524 382 1550 410 ἐν
1577 382 1799 420 Ἀδριανουπόλει
1828 397 1883 414 συνι

1065 430 1167 464 ἤντησε.
1182 428 1319 466 ψράγγοις
1335 438 1363 455 τε
1381 428 1425 455 καὶ
1442 426 1579 456 Μακεδόσι
1605 428 1649 455 καὶ
1677 431 1718 464 τῷ
1747 429 1835 466 λοιπῷ
1855 432 1884 458 τὰ

1065 474 1148 500 αὐτοῦ
1165 475 1307 511 φρονοῦντι
1330 472 1521 509 στρατεύματι,
1537 471 1600 500 ἔνθα
1627 473 1672 500 καὶ
1699 475 1733 500 τὰ
1763 474 1883 510 βασιλικὰ

1065 518 1215 555 παράσημα
1271 515 1488 554 περιϐάλλεται.
1528 516 1802 556 Κατασφαλισάμενός
1858 531 1884 547 τε

1064 563 1151 590 πάντα
1180 562 1272 600 ὅρκοις
1303 561 1347 589 καὶ
1387 562 1532 596 συνθήκαις
1570 565 1705 600 φρικταῖς,
1733 562 1803 590 οὕτω
1839 565 1883 599 τὴν

1065 607 1200 646 εὐφημίαν
1229 606 1374 645 ἀπειλήφει
1410 607 1468 643 μετ’
1491 606 1628 645 εὐφημίας
1653 607 1699 634 καὶ
1729 605 1884 646 δορυφορίας

1065 656 1246 692 πολλῆς,καῖ
1263 655 1312 683 ὅσα
1338 655 1464 694 βασιλεὺς
1493 656 1546 683 τῶν
1575 655 1743 694 πραγμάτων
1770 657 1883 695 ἀπάρχεη

1064 713 1118 736 ται,
1135 702 1180 730 καὶ
1209 705 1258 736 τῆς
1285 700 1540 738 ’Λδριανουπόλεως
1565 698 1708 737 ἐπιϐαίνει,
1727 701 1772 729 σὺν
1797 702 1883 740 πολλῇ

1064 749 1133 783 τιμῇ
1149 747 1194 774 καὶ
1213 743 1361 782 σεϐάσματι
1391 745 1500 781 ἐξαισίῳ
1520 745 1668 781 ὑπάντησιν
1698 747 1882 783 ποιησαμένων

1065 791 1139 827 αὐτῴ
1159 794 1213 818 τῶν
1237 790 1359 829 φυλετῶν
1387 789 1432 817 διὰ
1452 792 1483 818 τὸ
1509 790 1616 821 οἰκείως
1639 788 1714 828 ἔχειν
1730 792 1797 828 πρὸς
1812 791 1882 820 αὐτὸν

1065 836 1109 863 καὶ
1139 837 1347 873 θεραπιυτικῶς.
1377 834 1593 871 Ἀντεπεξελθὼν
1623 833 1651 862 δέ
1688 845 1757 862 τισιν
1785 835 1798 862 ὂ
1824 835 1884 874 πρό-

1066 878 1142 917 εδρος
1165 881 1366 910 Κωνσταντῖνος
1393 879 1407 905 ὁ
1424 878 1629 915 Θεοδωροκάνος
1648 881 1704 906 τῶν
1725 882 1773 907 τοῦ
1798 884 1884 918 Βρυεν-

1066 925 1126 952 νίου
1143 923 1280 951 ἁλίσκεται
1296 923 1341 951 καὶ
1363 923 1432 961 πρὸς
1461 923 1540 951 αὐτὸν
1570 923 1754 960 αἰχμάλωτος
1780 925 1885 962 γίνεται,

1068 969 1134 1005 ἀνὴρ
1151 967 1258 1003 ἔνδοξος
1274 968 1317 995 καὶ
1334 968 1429 1005 γένους
1445 967 1629 1003 έπισημότητι
1661 969 1704 995 καὶ
1737 969 1797 1006 βίου
1822 969 1884 1006 λαμε

1068 1013 1184 1051 πρότητι
1228 1012 1381 1051 καταφανὴς
1425 1011 1637 1049 γινωσκόμενος.
1673 1013 1823 1050 Παρωράθη
1861 1013 1884 1041 δὲ

1070 1058 1106 1089 ὡς
1134 1057 1171 1088 είς
1200 1059 1253 1084 τῶν
1271 1056 1375 1092 ἀτίμων
1404 1056 1449 1083 καὶ
1479 1057 1603 1094 ἀγεννῶν.
1621 1057 1660 1084 Οὐ
1690 1058 1743 1093 μὴν
1758 1056 1786 1085 δί
1801 1069 1883 1095 σωμα-

1072 1102 1148 1136 τιχήν
1169 1101 1302 1138 τιμωρίαν
1329 1101 1440 1136 ὑπέστη,
1457 1101 1546 1128 καίτοι
1570 1111 1600 1138 γε
1625 1099 1748 1137 ἐπίδοξος
1771 1103 1803 1136 ἧν
1829 1103 1886 1130 ταύι

1071 1157 1120 1181 την
1144 1148 1239 1177 παθεῖν
1269 1144 1314 1172 διὰ
1341 1145 1574 1182 προηγησαμένας
1602 1142 1705 1183 ἔχθρας
1732 1147 1775 1173 καὶ
1804 1148 1885 1185 μάχας

1072 1190 1230 1228 κεφαΛικάς.
1246 1189 1424 1228 Φυγαδευθείς
1456 1189 1484 1217 δὶ
1509 1190 1577 1228 πρός
1605 1200 1667 1217 τινα
1689 1193 1743 1218 τῶν
1773 1190 1885 1220 Μακεδοε

1071 1237 1152 1262 νικῶν
1166 1234 1274 1262 πόλεων
1293 1235 1349 1271 μετ’
1367 1233 1398 1261 οὐ
1413 1233 1485 1261 πολὺ
1508 1234 1548 1270 τῷ
1576 1234 1667 1272 χρεὼν
1697 1235 1884 1273 ἐλειτούργησι.

1072 1284 1106 1311 Τὸ
1123 1282 1151 1311 δὲ
1165 1284 1198 1310 τὰ
1215 1282 1343 1320 βασιλικὰ
1368 1283 1519 1319 παράσημα
1547 1282 1573 1310 ἐν
1604 1283 1817 1320 ΤραϊανοοπόΛει
1844 1294 1884 1311 πε-

1073 1327 1231 1366 ριϐαλέσθαι
1260 1328 1306 1355 τὸν
1343 1326 1486 1365 Βρυέννιον
1522 1327 1567 1354 καὶ
1605 1328 1657 1362 τὴν
1689 1327 1821 1366 εὐφημίαν
1847 1329 1884 1355 καὶ

1071 1374 1120 1407 τὴν
1133 1372 1279 1411 ἀνάρρησιν
1300 1371 1422 1408 δέξασθαι
1453 1371 1502 1398 οὐκ
1530 1371 1627 1409 ἀγαθὸν
1659 1372 1755 1400 οἰωνὸν
1782 1373 1806 1400 οἱ
1831 1383 1883 1400 συν-

1073 1419 1199 1455 ετώτεροι
1223 1419 1268 1444 καὶ
1290 1417 1434 1455 ἐχέφρονες
1460 1415 1629 1454 ἐλογίζοντο.
1647 1418 1689 1453 [Ρ.
1705 1418 1767 1454 859]
1781 1418 1812 1445 Ἡ
1837 1417 1880 1455 γαρ

1073 1462 1288 1500 Τρα”ιανοῦπολις
1305 1462 1371 1496 αὕτη
1389 1461 1437 1488 οὐκ
1454 1460 1497 1488 ἐπὶ
1525 1463 1565 1497 τῷ
1593 1461 1709 1498 ὀνόματι
1737 1464 1784 1488 τοῦ
1814 1463 1882 1499 βασι-

1073 1507 1143 1538 λέως
1158 1509 1206 1534 τοῦ
1220 1509 1304 1543 Τραῖα
1321 1508 1363 1533 ὀὔ
1378 1504 1566 1542 ᾠκοδόμηται,
1580 1505 1621 1532 ἐπ’
1645 1505 1758 1542 ὀνόματι
1787 1505 1814 1533 δὲ
1837 1508 1883 1533 τῶν

1031 1539 1052 1573 C
1074 1553 1238 1589 μεγιστάνων
1279 1551 1354 1581 τινὸς
1391 1552 1528 1587 Τραϊανοῦ
1569 1549 1752 1586 καλουμένου,
1775 1550 1884 1588 γενναίου

1071 1597 1101 1624 τὸ
1116 1598 1263 1631 τηνικαῦτα
1291 1595 1359 1622 κατά
1378 1605 1406 1622 τε
1421 1597 1501 1632 χεῖρα
1525 1594 1570 1622 χαί
1599 1595 1669 1622 κατὰ
1698 1595 1799 1632 ψυγήν,
1825 1595 1851 1622 ὂν
1873 1595 1884 1622 ό

1071 1642 1173 1678 Καῖσαρ
1200 1640 1331 1678 Τραϊανὸς
1360 1638 1405 1667 διά
1438 1650 1464 1666 τι
1493 1641 1616 1676 πταῖσμα
1660 1642 1712 1667 τῶν
1747 1639 1883 1679 ὀφθαλμῶν

1071 1685 1222 1723 ἐστέρησεν.
1253 1684 1315 1713 Ἐπὶ
1346 1685 1449 1722 Πέρσας
1474 1682 1503 1711 δὲ
1532 1682 1608 1710 διιὼν
1649 1683 1760 1715 ἐνταῦθα
1797 1685 1883 1711 τοῦτον

1071 1730 1196 1762 ἐθεάσατο
1222 1727 1534 1767 πρώτως.[1εριώδυνος
1558 1726 1587 1755 δὲ
1604 1729 1641 1764 τῇ
1667 1728 1713 1764 Θὲᾳ
1739 1727 1883 1766 γενόμενος,

1069 1777 1123 1802 τῶν
1149 1773 1380 1812 στρατηγημάτων
1409 1773 1454 1800 χαὶ
1481 1775 1531 1807 τῆς
1559 1771 1670 1811 ἀνδρίας
1703 1772 1881 1809 ἀναμνησθεὶς,

1070 1824 1096 1852 ὲν
1110 1824 1182 1860 αὐτῷ
1196 1826 1236 1860 τῷ
1249 1823 1324 1859 τόπῳ
1340 1822 1420 1850 πόλιν
1438 1821 1561 1850 ἐκέλευσε
1573 1822 1686 1850 πολίσαι
1715 1822 1751 1853 είς
1780 1823 1880 1858 μνήμην

1070 1868 1188 1905 ἄληστον
1217 1871 1265 1896 τοῦ
1294 1867 1402 1905 ἀνδρός.
1432 1866 1481 1894 Διᾶ
1513 1868 1595 1894 ταῦτα
1622 1866 1689 1904 γοῦν
1718 1867 1766 1894 οὐχ
1792 1866 1880 1903 ἀγαθὸν

1070 1914 1166 1941 οἰωνὸν
1183 1914 1209 1941 οἱ
1225 1912 1368 1951 ἐχέφρονες
1383 1911 1414 1938 τὸ
1429 1911 1539 1949 γιγονὸς
1570 1910 1739 1948 ἐλογίζοντο.
1756 1911 1846 1947 Ὅμως
1861 1908 1880 1936 δ’

1069 1958 1115 1988 οὖν
1131 1959 1161 1986 τὸ
1177 1958 1351 1994 ἀποτέλεσμα
1366 1957 1379 1984 ὁ
1400 1955 1541 1993 Βρυὲννιος
1570 1956 1674 1993 ἀγνοῶν
1702 1955 1809 1994 (τυφλὸν
1835 1955 1879 1992 γὰρ

1069 2005 1100 2032 τὸ
1118 2003 1230 2041 μέλλον)
1254 2005 1307 2030 τῶν
1335 2001 1502 2039 πραγμάτων
1532 1999 1680 2038 ἀντείχετο,
1706 2000 1830 2038 Ἐφόνησε
1857 1997 1879 2025 δι

1068 2049 1101 2076 τὰ
1127 2048 1194 2075 αὐτὰ
1216 2046 1365 2077 Ῥαιὸεσ-ιός
1391 2043 1515 2082 συνεργίᾳ
1542 2048 1592 2079 τῆς
1626 2047 1768 2082 συγγενοῦς
1804 2043 1878 2070 αὐτοῦ

1067 2097 1117 2128 τῆς
1132 2091 1325 2126 Βατατζαίνης-
1351 2090 1376 2117 οἳ
1401 2089 1452 2126 γὰρ
1468 2087 1651 2124 Ῥαιδεστηνοῖ
1676 2088 1720 2116 καὶ
1747 2087 1812 2116 κατὰ
1835 2088 1877 2114 τοῦ

1068 2138 1168 2166 Πανίου
1207 2134 1395 2172 ἐξωρμηκότες
1435 2130 1575 2161 ἐϐιάσαντο
1614 2133 1679 2160 αὐτὸ
1715 2133 1875 2170 ἀναγορεῦσαι

1066 2184 1111 2210 τὸν
1129 2183 1278 2219 Βρυέννιον,
1296 2180 1420 2216 Τιμήσας
1441 2177 1469 2205 δέ
1490 2178 1536 2205 τὸν
1562 2178 1657 2205 ἑαυτοῦ
1680 2176 1792 2216 ἀδελφὸν
1819 2187 1876 2203 κου-

189 2229 217 2254 et
234 2227 409 2262 logotnetam
427 2225 466 2251 ita
477 2224 599 2252 oderant
612 2226 643 2251 ut
655 2225 794 2252 adversus
805 2225 884 2260 ipsos
895 2227 953 2253 stre

1109 2225 1224 2261 ταλάτην
1241 2225 1286 2252 καὶ
1309 2223 1374 2254 τοὺς
1398 2222 1501 2253 ἄλλους
1531 2223 1649 2253 ἅπαντας
1673 2221 1811 2258 ἀναλόγως
1836 2219 1874 2246 καὶ

189 2279 220 2299 se
235 2272 378 2307 gererent,
392 2269 448 2297 sibi
473 2268 530 2304 ipsi
555 2269 764 2302 consentirent,
781 2271 808 2297 et
820 2270 897 2297 intra
909 2271 1011 2298 urbem

190 2324 220 2344 se
236 2324 303 2343 cum
320 2314 418 2350 aliqua
442 2313 610 2341 conditione
635 2313 807 2349 reciperent,
830 2317 858 2342 et
883 2315 924 2342 ita
948 2316 1011 2343 sine

190 2362 269 2388 metu
294 2360 329 2387 ad
359 2359 440 2394 ipsos
465 2365 532 2385 eum
562 2360 704 2393 apparatu
730 2358 808 2394 regio
832 2359 1009 2387 adventaret.

187 2410 297 2437 Verum
314 2408 441 2436 multum
454 2416 470 2434 a
479 2407 627 2442 proposito
639 2407 761 2435 consilio
771 2408 932 2436 aberravit:
943 2417 1010 2436 nam

189 2453 307 2482 tametsi
329 2451 495 2480 Heracleam
514 2451 694 2487 incenderat,
707 2455 735 2480 et
749 2452 848 2488 plures
860 2461 893 2480 cx
908 2453 944 2481 iis
959 2454 1010 2489 qui

189 2499 230 2527 ibi
249 2499 332 2525 erant
347 2496 533 2524 interfecerat
555 2496 642 2531 (quod
663 2496 748 2532 paulo
768 2499 836 2524 ante
851 2500 1011 2526 secesserat

189 2550 297 2580 praeses
313 2541 429 2569 Alexius
444 2541 622 2576 Comnenus,
638 2541 688 2577 qui
705 2541 734 2569 in
751 2541 914 2578 Selymbria
928 2551 1009 2570 com-

190 2586 381 2622 morabatur),
396 2587 598 2613 verumtamen
628 2589 737 2622 regiam
764 2587 865 2614 urbem
884 2586 1010 2615 incolen-

187 2636 231 2662 tes
256 2638 443 2667 nequaquam
467 2630 603 2666 Brysnnii
625 2631 749 2658 adventu
771 2631 901 2659 deterriti
914 2634 1006 2660 sunt:

184 2681 358 2711 accedentes
387 2679 464 2707 enim
494 2679 529 2706 ad
551 2687 669 2707 murum
686 2679 911 2708 Blachernarum
929 2681 1008 2709 180

183 2726 257 2755 levia
270 2724 369 2762 praelia
392 2724 526 2760 quaedam
543 2723 646 2759 fecere,
673 2727 702 2753 et
726 2724 836 2761 repulsi
865 2726 1008 2754 transiere

184 2770 278 2801 sancti
301 2768 534 2798 Panteleemonis
563 2773 692 2806 pontem,
721 2771 750 2798 et
773 2777 836 2806 qua:
861 2769 902 2798 ibi
923 2773 1007 2800 erant

1067 2264 1148 2308 ἆξίως
1172 2274 1221 2305 τῆς
1251 2269 1352 2299 οἷκείας
1379 2269 1577 2301 καταστάσεως,
1599 2264 1713 2305 φοϐερὸν
1741 2266 1805 2303 πρὸς
1832 2264 1874 2298 τήν

1068 2315 1195 2355 βασιλίδα
1221 2313 1254 2342 δι’
1271 2312 1425 2341 ἀποστόλου
1448 2314 1496 2339 τοῦ
1527 2310 1596 2338 ἰδίου
1623 2309 1875 2355 ἀδιλφοῦαοινῆναι

1066 2352 1185 2398 ένόμισε.
1203 2357 1342 2397 Παραδοὺς
1357 2357 1407 2396 γὰρ
1430 2356 1502 2392 αὐτῷ
1531 2355 1642 2394 στρατὸν
1668 2355 1716 2382 οὐκ
1739 2353 1827 2391 ὀλίγον
1848 2352 1876 2398 ⁸ἓν

1066 2395 1171 2434 ἐλττίσιν
1188 2405 1222 2439 ἧν
1238 2395 1286 2437 ὧς,
1302 2402 1410 2438 ἐπείπερ
1427 2402 1452 2428 οἱ
1479 2400 1590 2428 πολῖται
1615 2400 1660 2427 τὸν
1691 2399 1830 2436 λογοθέτην
1845 2395 1876 2424 δι’

1066 2451 1148 2489 ὀργῆς
1176 2449 1219 2477 καὶ
1252 2448 1346 2484 μίσους
1375 2446 1425 2474 οὐκ
1444 2445 1562 2482 ἀγεννῶς
1590 2443 1696 2482 ἔχουσι,
1717 2439 1875 2489 προσεξίουσί

1064 2483 1093 2523 τὲ
1105 2483 1178 2530 αυτῷ
1200 2483 1461 2530 καίγπροσδέξονται
1485 2489 1532 2517 σὺν
1558 2488 1717 2526 ὁμολογίαις
1740 2486 1821 2520 ἐντὸς,
1836 2483 1875 2530 καὶ

1065 2529 1266 2572 οὕτωςνάδεῶς
1293 2529 1464 2575 ἐπιφοιτησει
1499 2535 1542 2562 καὶ
1583 2533 1664 2565 αὐτὸς
1691 2532 1715 2559 έν
1744 2529 1875 2566 ἑτοιμασίᾳ

1066 2586 1207 2624 βασιλικῇ.
1221 2582 1310 2611 Ἀλλὰ
1338 2574 1409 2609 τιολὺ
1440 2579 1574 2618 διήμαρτε
1596 2580 1644 2624 τοῦ
1659 2575 1810 2624 exon-ODLEI
1829 2574 1874 2624 γαρ

1063 2618 1108 2658 irai
1122 2631 1172 2664 τὴν
1184 2618 1352 2666 ’Ἡράκλειαν
1370 2624 1474 2662 ἐδῄωσε
1492 2624 1537 2651 καὶ
1565 2621 1687 2654 πολλοὺς
1715 2618 1801 2648 ἀνεῖλε
1825 2620 1874 2645 τῶν

1064 2680 1090 2708 έν
1120 2679 1199 2716 αὐτῇ,
1228 2665 1476 2714 νὺποχωρήσαντος
1513 2672 1716 2716 ἔναγχοςᾼτοῦ-
1749 2665 1872 2716 Ἦοοέδρου

1063 2711 1196 2760 Ἀλεξίου
1213 2724 1261 2750 τοῦ
1291 2711 1446 2758 Ιξομνηνοῦ,
1461 2719 1491 2750 ’ὸς
1505 2717 1532 2746 ἐν
1555 2711 1871 2760 Σηλυϐρίᾳῗὲφήδριυσεν,

1063 2755 1218 2806 ἀλλ”δμως
1234 2767 1260 2795 at
1273 2755 1472 2805 rﬂv'ﬁaciHSa
1497 2762 1633 2794 οἰκοῦντες
1659 2759 1783 2796 οὐδαμῶς
1809 2755 1871 2795 πρὸξ
