1937 3055
41 120 96 148 461
113 96 118 97 7

797 117 993 147 HISTORIA.

1686 119 1745 148 462

40 185 88 217 τὴν
116 183 288 222 ἰπιφοίτησιν
317 185 368 216 τῆς
396 183 445 208 τοῦ
475 181 618 218 Βρυεννίου
647 184 772 218 στρατιᾶς
802 191 864 209 κατ-

958 184 1021 210 Jnia
1037 183 1096 219 igni
1121 184 1317 210 combussere.
1333 184 1464 219 Cumque
1486 183 1559 211 nihil
1585 187 1745 212 memoratu

41 227 212 266 επλάγησαν·
239 226 455 264 παραγενόμενοι
478 226 528 264 γὰρ
549 223 768 264 ἠκροϐολίσαντο
796 225 865 254 κατὰ

40 272 71 300 τὸ
85 274 179 310 τεῖχος
208 273 262 299 τῶν
292 270 464 309 βλαχερνῶν,
488 270 533 297 καὶ
549 270 778 308 ἀποκρουσθέντις
804 271 864 299 ἶπε-

41 316 196 354 ραιώθησαν
222 316 272 350 τὴν
298 317 347 343 τοῦ
376 315 453 353 ἁγίου
476 314 705 351 Παντιλεήμονος
734 315 864 354 γέφυραν,

40 361 86 388 καὶ
99 361 133 388 τὰ
147 360 232 388 ἐκεῖσε
255 361 341 388 πάντα
365 360 429 397 πυρὶ
454 360 688 396 κατιλυμήναντο,
713 361 757 387 καὶ
787 359 864 388 οὐδὲν

39 405 113 441 ἄξιον
138 405 225 443 λόγου
253 405 426 443 πεπραχότες
443 405 610 442 ὑπέστρεψαν
636 404 751 437 ἐκεῖθεν.
779 406 866 438 Αὐτὸς

41 451 88 486 μὶν
105 449 153 478 δύο
168 451 295 488 τάγματα
323 447 415 477 λαϐὼν
443 451 482 486 τῷ
502 449 603 485 Ἀθύρᾳ
617 449 754 485 ἐπιφοιτᾷ,
769 451 819 484 τήν
837 449 866 478 Si

39 494 141 530 λοιπήν
172 495 298 532 στρατιὰν
322 494 360 526 εἷς
384 493 605 532 παραχειμασίαν
621 493 785 522 ἀπέστιιλεν.
820 495 863 523 Ἐν

35 539 159 576 τοσούτῳ
189 538 218 566 δὲ
244 541 335 567 κακῶν
360 538 506 577 γενόμενος
537 539 550 566 ὁ
580 537 707 576 βασιλεὺς
728 538 810 575 μόλις
826 538 864 570 εἰς

38 585 150 620 μνήμην
165 584 216 619 ἧκε
237 586 286 611 τοῦ
313 582 467 611 Ῥουσελίου
491 581 600 622 φυλακῇ
625 582 669 610 καὶ
687 581 798 620 δεσμοῖς
825 582 863 611 ἔτι

37 628 220 666 συνεχομένου
245 628 288 656 καὶ
305 631 344 664 τῷ
360 627 524 664 Βοτανειάτῃ
552 626 741 664 αὐτομολῆσαι
758 627 864 665 έπιχει-

38 674 190 711 ρήσαντος.
221 672 374 711 Ἐξαγαγὼν
404 672 451 699 οὗν
479 671 560 700 αὐτὸν
587 676 636 708 τῆς
664 671 789 709 φυλακῆς
818 672 863 699 καὶ

37 718 125 752 πάσης
157 718 272 754 ἀξιώσας
300 718 386 754 τιμῆς
412 716 457 744 καὶ
485 716 600 748 ἀνέσεως
618 739 625 753 ,
664 716 709 744 καὶ
744 715 863 748 πολλοῖς

37 761 191 800 ἐπαγωγοῖς
221 762 266 789 καὶ
282 760 455 799 Θελκτηρίοις
486 761 662 798 χρησάμενος
680 761 810 799 ῥήμασιν,
827 761 864 792 είς

36 807 85 841 τήν
114 806 183 834 κατά
208 809 256 834 τοῦ
290 806 435 844 Βρυεννίου
463 805 609 842 παράταξιν
638 805 789 843 ἐξηρέθισεν
818 806 862 833 καὶ

37 851 89 878 ἀπὸ
113 852 168 878 τῶν
205 852 305 888 τιιχῶν
332 853 391 881 τοῖς
421 849 467 877 σὺν
500 852 540 886 τῷ
569 849 699 888 Βρυεννίῳ
725 849 863 888 Φράγγοις

36 895 216 933 διαλεχθῆναι
240 895 414 932 παρέπιισεν.
431 895 477 926 Ὠς
493 893 516 921 δ’
534 894 583 922 οὐκ
606 892 720 930 ἔπαισεν,
737 893 862 933 ἐπιστρα-

33 939 104 967 τεύει
120 942 159 974 τῷ
172 938 283 978 ἀδελφῷ
298 941 347 966 τοῦ
362 939 505 977 Βρυιννίου
521 938 546 966 έν
571 938 611 975 τῷ
635 939 736 976 Ἀθύρᾳ
757 937 861 977 διατρί‹

35 982 122 1018 ϐοντι,
148 985 189 1021 [Ρ.
206 984 270 1016 860]
285 985 500 1021 στρατηγοῦντος
516 985 564 1010 τοῦ
587 982 723 1021 προέδρου
739 981 861 1018 Ἀλεξίου

33 1031 83 1056 τοῦ
98 1030 248 1065 Κομνηνοῦ
265 1029 332 1065 μιτά
345 1029 401 1055 τῶν
417 1027 443 1055 ἐν
458 1030 493 1064 τῇ
525 1026 646 1065 βασιλίδι
676 1030 861 1064 στρατιωτῶν,

36 1073 128 1111 ὅρκοις
143 1073 273 1112 ἀσφαλέσι
302 1072 434 1111 πρότερον
463 1073 496 1100 τὰ
521 1072 602 1100 πιστά
631 1071 768 1106 δεδωκὼς,
797 1083 859 1100 συν-

36 1117 243 1145 αποσταλέντων
273 1116 318 1144 διὰ
346 1116 484 1152 θαλάσσης
516 1117 561 1144 καὶ
587 1117 723 1145 Ῥωσικῶν
752 1116 857 1144 πλοίων

37 1163 93 1190 κατ’
124 1161 222 1195 αὐτῶν,
251 1161 338 1189 αὐτῶν
363 1160 393 1188 δὶ
424 1163 493 1198 πεζῇ
521 1162 733 1197 κατεπειξάντων
749 1161 786 1192 εἷς
813 1161 859 1189 τὸν

41 1206 171 1243 Ἀθύραν.
220 1205 301 1234 Ἀλλ’
344 1202 458 1245 ἔφθασαν
503 1204 664 1244 προγνόντες
708 1204 857 1245 διαφυγεῖν.

38 1250 195 1286 Ἐπιὸιῶξαι
226 1249 254 1278 δὲ
280 1251 306 1277 οἱ
328 1251 389 1287 περὶ
418 1251 463 1278 τὸν
494 1250 649 1278 Ῥουσέλιον
678 1251 723 1277 καὶ
741 1251 786 1278 τὸν
805 1254 858 1277 Κο-

40 1296 140 1333 μνηνὸν
159 1295 324 1333 βουλόμενοι
341 1295 385 1322 καὶ
399 1297 452 1322 τῶν
465 1295 590 1322 ἐναντίων
605 1294 708 1334 σφῆλαι
723 1294 858 1329 πολλοὺς,

37 1341 86 1368 οὐκ
110 1338 192 1377 ἔσχον
217 1340 397 1375 πειθομένους
411 1338 474 1370 τοὺς
498 1340 676 1376 στρατιώτας,
692 1337 812 1370 δεδιότας
828 1339 860 1366 τὸ

36 1382 240 1420 ἐκϐησόμινον.
269 1385 384 1412 "Emam
415 1382 444 1411 δὶ
471 1386 525 1411 τῶν
555 1382 718 1411 Μακεδόνων
744 1382 858 1417 πολλοὶ,

36 1429 79 1456 καὶ
110 1431 208 1463 ζῶντες
238 1428 287 1455 οὐκ
318 1427 409 1466 ὀλίγοι
436 1427 571 1463 ἑάλωσαν,
586 1428 632 1456 καὶ
662 1427 861 1467 λαφυραγωγία

37 1473 144 1512 ἐλήφθη
174 1472 269 1507 πολλή
301 1473 346 1500 καὶ
374 1472 408 1499 τὰ
435 1471 549 1510 πράσινα
574 1475 622 1500 τοῦ
650 1471 859 1510 κουροπαλάτου

38 1517 176 1555 ὀχήματα.
193 1519 239 1548 ’ος
258 1517 302 1544 καὶ
327 1516 431 1556 φεύγων
458 1517 606 1554 ἀφικνεῖται
636 1516 674 1548 εἷς
696 1515 858 1544 Ῥαιδεστόν.

919 227 1039 262 dignum
1063 227 1234 263 gessissent,
1255 227 1322 254 inde
1348 228 1456 255 reversi
1481 230 1551 255 sunt
1588 227 1652 264 Ipse
1677 237 1745 256 cum

919 271 1034 300 duabus
1049 271 1211 307 legionibus
1228 271 1262 298 ad
1275 271 1413 307 Athyram
1427 280 1458 299 se
1471 271 1745 308 confert,reliquum

918 317 1078 345 exercitum
1096 317 1125 343 in
1151 316 1274 343 hiberna
1298 316 1459 343 distribuit.
1479 317 1508 343 in
1533 316 1625 344 tantis
1649 320 1746 345 autem

921 361 1007 390 malis
1017 369 1139 388 versans
1150 360 1308 396 imperator
1317 359 1363 387 vix
1385 361 1556 388 recordatus
1567 364 1613 388 est
1623 361 1745 395 Ruselii,

920 406 970 442 qui
994 406 1091 433 adhuc
1111 405 1140 432 in
1165 413 1279 432 carcere
1303 405 1418 433 vinctus
1443 405 1632 433 detinebatur
1655 409 1684 433 et
1709 407 1744 434 ad

919 450 1101 478 Botaniatem
1118 450 1299 485 transfugere
1314 452 1440 477 conatus
1453 452 1525 478 erat.
1544 449 1636 486 igitur
1656 451 1746 478 educ-

919 501 981 526 tum
999 495 1096 531 ipsum
1112 503 1128 522 θ
1144 494 1277 522 custodia
1300 495 1439 530 omnique
1463 494 1573 522 honore
1597 495 1744 529 aﬂ‘ectum,

919 540 1014 567 multa
1029 539 1202 566 remissione
1218 547 1251 566 ac
1266 537 1383 566 blandis
1397 547 1467 574 erga
1482 538 1565 566 illum
1591 548 1664 567 usus
1683 547 1746 567 ver-

919 584 974 619 bis,
1000 584 1036 611 ad
1063 582 1194 619 praelium
1219 586 1321 610 contra
1349 583 1526 618 Bryennium
1551 583 1694 618 incitavit,
1719 586 1747 612 et

918 630 1066 666 persuasit
1091 632 1123 657 ut
1146 638 1163 657 a
1187 629 1282 656 muris
1305 637 1370 656 cum
1397 629 1433 657 iis
1459 629 1577 658 Francis
1603 630 1656 666 qui
1678 638 1746 658 cum

918 675 1061 711 Bryennio
1088 676 1186 702 essent
1210 673 1434 709 colloqueretur.
1452 674 1506 702 Sed
1536 674 1584 702 ubi
1602 683 1658 702 non
1673 676 1744 710 jper-

918 719 1022 751 suasit,
1039 719 1073 746 ad
1092 718 1226 754 Bryennii
1243 718 1362 746 fratrem
1380 719 1409 745 in
1425 719 1536 754 Athyra
1559 727 1744 747 commoran-

917 766 977 792 tem
1007 772 1074 791 cum
1103 763 1230 791 exercitu
1260 763 1468 799 proﬁciscitur,
1499 764 1572 792 duce
1602 763 1746 792 exercitus

918 808 1042 844 praeside
1056 807 1155 835 Alexio
1171 807 1339 840 Commeno,
1358 815 1424 834 cum
1441 807 1477 835 iis
1494 808 1639 835 militibus
1654 809 1704 844 qui
1716 807 1745 835 in

919 852 999 888 regis
1024 852 1096 879 urbe
1119 853 1212 886 erunt,
1233 851 1430 886 jurejurando
1453 854 1639 881 sacrosancto
1665 853 1746 888 prius

918 897 974 924 ﬁde
986 897 1063 929 data,
1080 898 1109 923 et
1119 895 1208 923 simul
1221 903 1271 931 per
1292 904 1372 923 mare
1388 895 1488 923 missis
1510 897 1650 924 adversus
1665 896 1745 932 ipsos

919 941 1133 969 Roxolanorum
1152 940 1287 976 navigiis,
1303 940 1434 976 ipsisque
1444 940 1593 976 peditibus
1604 941 1641 968 ad
1657 941 1745 976 Athy-

917 994 979 1014 ram
996 985 1216 1013 festinantibus.
1233 984 1338 1012 Verum
1357 987 1500 1021 occupant
1524 984 1565 1012 illi
1583 993 1612 1012 re
1627 985 1746 1021 cognita

917 1031 1026 1064 fugere,
1042 1037 1170 1065 cumque
1179 1028 1431 1065 vellentpersequi
1443 1029 1462 1056 ii
1474 1029 1525 1065 qui
1541 1037 1606 1057 cum
1625 1029 1744 1057 Rusclio

915 1077 999 1103 erant
1008 1077 1037 1102 et
1048 1074 1206 1107 Comneno,
1222 1076 1250 1101 et
1259 1074 1388 1102 hostium
1408 1074 1507 1110 plures
1525 1074 1668 1109 occidere,
1685 1083 1742 1102 non

917 1119 1083 1146 habuerunt
1107 1118 1216 1145 milites
1231 1118 1286 1145 sibi
1309 1118 1386 1146 dicto
1410 1119 1589 1152 obedientes,
1606 1122 1742 1146 eventum

917 1164 956 1191 rei
984 1163 1233 1199 pertimescentes.
1250 1163 1384 1190 Cecidere
1408 1166 1506 1190 autem
1523 1171 1557 1191 ex
1575 1163 1741 1191 Macedoni-

918 1209 973 1236 bus
1003 1207 1110 1244 plures,
1136 1210 1162 1234 ct
1191 1207 1247 1235 vivi
1276 1207 1354 1235 haud
1381 1208 1467 1243 pauci
1496 1207 1574 1244 capti
1603 1210 1683 1242 sunt,
1713 1210 1743 1236 et

917 1251 1015 1287 prmda
1040 1250 1134 1278 multa
1146 1253 1242 1285 capta,
1258 1253 1286 1277 et
1300 1250 1468 1278 vehiculum
1493 1252 1604 1287 prasini
1632 1251 1739 1280 coloris

918 1295 994 1331 quod
1010 1294 1185 1330 curopulatae
1205 1296 1284 1328 erat;
1302 1295 1352 1330 qui
1369 1295 1457 1322 etiam
1474 1295 1589 1331 fugiens
1606 1296 1743 1324 Rhades-

917 1342 982 1367 tum
1012 1339 1154 1376 pervenit.
1171 1339 1316 1366 Patzinaci
1346 1341 1444 1367 autem
1467 1340 1538 1368 78]
1570 1348 1637 1368 cum
1664 1340 1741 1368 haud

915 1385 1020 1421 exigua
1031 1392 1119 1412 manu
1129 1383 1338 1420 Adrianopolin
1353 1384 1497 1420 invasere,
1509 1393 1597 1420 quam
1614 1385 1739 1413 circum-

917 1429 1048 1457 sidentes
1062 1429 1205 1464 quosdam
1223 1437 1274 1463 per
1289 1429 1438 1464 regionem
1450 1429 1620 1465 misere,qui
1633 1430 1745 1466 optima

917 1481 1042 1509 quaeque
1070 1473 1164 1508 ipsius
1192 1473 1255 1500 loca
1282 1475 1447 1508 vastarunt,
1478 1474 1606 1502 virorum
1636 1474 1744 1502 caedem

908 1518 1057 1546 facientes
1080 1519 1110 1545 et
1136 1517 1331 1545 animantium
1359 1517 1509 1554 abigentes
1531 1517 1662 1546 inﬁnitos
1678 1527 1744 1554 gre-

37 1563 70 1591 υἱ
85 1561 114 1589 δὲ
141 1562 301 1596 unctum;
329 1562 397 1597 μετὰ
419 1560 544 1596 πλήθους
572 1562 623 1589 οὐκ
652 1561 801 1599 έλαχίστου
829 1563 862 1598 τῇ

958 1571 980 1596 s,
997 1570 1091 1597 neque
1102 1561 1182 1589 illius
1192 1561 1309 1597 generis
1326 1563 1507 1590 vexationem
1520 1562 1611 1590 ullam
1628 1565 1746 1598 prater-

39 1605 265 1644 ’Λδριανουπόλιι
290 1605 458 1644 ἐπεφάνησαν
473 1627 482 1642 ,
516 1605 561 1633 καὶ
598 1606 698 1641 ταύτην
733 1612 862 1643 πιρικαθ-

41 1651 142 1682 ίσαντις
169 1650 245 1681 τινας
269 1651 337 1678 κατὰ
367 1653 418 1685 τῆς
441 1650 535 1688 χώρας
570 1650 732 1678 ἀπέστειλαν
761 1650 805 1678 καὶ
829 1651 863 1677 τὰ

37 1695 158 1731 ταύτης,
187 1694 323 1722 κάλλιστα
351 1692 536 1731 έλωϐήσαντο,
566 1695 646 1733 φόνον
678 1695 726 1731 μὶν
757 1693 862 1732 ἀνδρῶν

37 1740 229 1776 πιιησάμενοι,
258 1739 334 1774 ζώων
365 1737 394 1766 δὲ
425 1739 524 1776 ἀγέλας
554 1739 682 1777 ἀπείρους
710 1739 863 1774 έλάσαντες,

38 1785 80 1811 ,ιαέ
110 1783 174 1811 οὐδὲ
202 1782 230 1811 ’ἐν
258 1783 328 1814 εἶδος
363 1783 564 1820 παραλιπόντες
593 1784 748 1814 κακώσεως.
777 1785 806 1813 Ὀ
836 1783 865 1811 δὶ

39 1828 181 1866 Βρυέννιος
208 1828 252 1856 ἰπὶ
282 1829 425 1863 συνθήκαις
453 1828 498 1856 καὶ
523 1830 628 1866 χρυσοῖ)
654 1827 725 1855 δόσει
754 1829 798 1856 καὶ
816 1826 863 1867 ὑφ-

38 1874 164 1910 ασμάτων
197 1873 376 1910 ὑποχωρῆσαι
402 1873 605 1909 παρασκευάσας
629 1872 727 1904 αὐτοὺς
743 1874 864 1911 rip-vspe—

39 1918 116 1955 λόγει
130 1917 196 1948 τοὺς
225 1915 320 1950 ἰδίους,
348 1916 428 1944 παντὶ
454 1918 549 1954 τρόπῳ
563 1919 611 1944 τοῦ
625 1918 693 1945 κατά
708 1918 808 1945 σκοπὸν
825 1918 863 1954 μὴ

918 1606 1078 1635 mittentes.
1095 1606 1258 1642 Bryennius
1273 1609 1370 1634 autem
1387 1607 1547 1635 fcederibus
1563 1609 1591 1635 et
1606 1608 1669 1635 auri
1685 1607 1744 1635 lar-

917 1650 1027 1687 gitione
1046 1653 1075 1678 et
1103 1650 1303 1686 stragulorum
1332 1650 1446 1679 efﬁcere
1475 1651 1599 1679 studens
1628 1653 1658 1678 ut
1688 1651 1744 1686 ipsi

918 1695 1099 1728 accederent,
1127 1703 1143 1721 a
1171 1694 1234 1722 suis
1258 1697 1412 1730 argentum
1450 1695 1593 1730 exigebat,
1625 1695 1744 1722 omnino

919 1739 1039 1775 cupiens
1055 1747 1071 1766 a
1086 1738 1236 1774 proposito
1247 1738 1369 1766 consilio
1388 1747 1445 1766 non
1461 1739 1604 1767 aberrare.
1622 1739 1745 1767 Missus-

919 1793 975 1821 que
991 1785 1079 1812 frater
1104 1784 1196 1820 ipsius
1211 1784 1339 1812 Joannes
1355 1785 1390 1812 ad
1414 1785 1506 1821 Cyzici
1529 1785 1744 1812 Cherronesum

920 1829 1082 1856 conabatur
1099 1828 1253 1864 indigenas
1269 1828 1304 1855 ad
1322 1836 1353 1855 se
1368 1829 1511 1856 adducere
1525 1837 1531 1855 :
1545 1829 1595 1856 sed
1612 1829 1747 1856 incidens

921 1875 951 1902 in
967 1874 1064 1909 ipsum
1083 1873 1220 1901 Ruselius
1245 1881 1296 1908 per
1310 1873 1370 1901 vim
1386 1881 1435 1901 eos
1459 1874 1580 1910 fugavit,
1604 1874 1748 1910 principio

923 1918 1019 1946 Martii
1037 1918 1157 1950 mensis,
1174 1917 1334 1945 indictione
1350 1918 1454 1953 prima.

46 1962 205 2000 διαμαρτεῖν
217 1961 454 1999 προθυμούμενος.
472 1961 648 1993 Ἀποσταλιὶς
670 1961 698 1990 δέ
713 1963 727 1990 ὁ
740 1961 857 2000 ἀδελφὸς
869 1963 952 1990 αὐτοῦ
968 1962 1095 1997 Ἰωάννης
1112 1961 1149 1992 εἷς
1162 1963 1211 1996 τήν
1225 1965 1275 1996 τῆς
1291 1961 1410 1996 Κυζίκου
1425 1961 1594 1999 χερρόνησον
1620 1961 1748 1999 ἐπειρᾶτο

41 2007 103 2038 τοὺς
121 2006 274 2045 ἰγχωρίους
291 2006 483 2044 ὑπαγαγέσθαι.
498 2006 636 2044 Ἐντυχὼν
653 2006 681 2034 δὲ
697 2007 769 2044 αὐτῷ
784 2008 797 2034 ὁ
813 2007 965 2038 Ῥουσέλιος
980 2007 1048 2035 κατὰ
1061 2006 1159 2045 κράτος
1175 2006 1272 2038 αὐτοὺς
1287 2005 1658 2044 ἐτραπώσατο,ἐνισταμένου
1676 2007 1749 2044 Map-

41 2052 109 2087 τίου,
127 2051 225 2088 μηνὸς,
240 2054 291 2086 τῆς
305 2054 328 2078 α’
338 2049 517 2082 ΐνδικτιῶνος.

73 2107 128 2133 Τοῦ
145 2103 174 2132 δὲ
202 2104 374 2142 πατριάρχου
401 2103 527 2131 Ἰωάννου
555 2106 604 2131 τοῦ
632 2103 778 2142 Ξιφιλίνου
806 2115 864 2132 κοι-

41 2149 175 2185 μηθέντος
199 2148 244 2176 καὶ
274 2148 344 2186 πρὸς
368 2149 418 2183 τὴν
442 2148 537 2186 ἀγήρω
561 2148 639 2184 λῆξιν
671 2150 865 2186 μιταθεμένου,

956 2105 1075 2141 Sepulto
1101 2108 1198 2133 autem
1224 2105 1390 2141 patriarcha
1413 2105 1525 2133 Joanne
1550 2104 1698 2141 Xipbilino
1719 2107 1747 2133 et

921 2151 956 2178 ad
973 2150 1077 2178 domos
1099 2153 1220 2178 aeternas
1245 2149 1387 2177 translato
1403 2150 1562 2185 imperator
1577 2149 1669 2177 alium
1693 2149 1747 2176 de-

40 2196 52 2222 ὁ
77 2193 206 2232 βασιλεὺς
231 2193 321 2231 ἕτερον
337 2193 562 2231 προυχιιρίσατο,
593 2193 622 2220 οὺ
640 2195 693 2221 τῶν
722 2197 773 2228 τῆς
800 2204 865 2230 συγ-

56 2238 92 2249 ‘I
189 2237 213 2249 γ’
246 2239 276 2249 7‘
327 2239 357 2249 ,—
403 2236 492 2249 'r‘,..,‘,
512 2237 563 2249 ,I,,
610 2237 653 2249 εῖν
675 2236 719 2249 V“
776 2237 830 2249 ,’5(
856 2248 867 2249 η

958 2196 1003 2231 git,
1020 2203 1077 2222 non
1102 2203 1136 2222 ex
1161 2194 1308 2221 senatorio
1331 2194 1433 2222 ordine
1450 2202 1544 2230 neque
1560 2202 1593 2221 ex
1608 2194 1748 2228 Ecclesia,

966 2248 971 2249 γ
992 2248 1012 2249 να
1059 2239 1127 2249 II,,,
1152 2239 1234 2249 ,I!,,,,
1267 2239 1427 2249 n,.,,,l£,,,
1452 2247 1457 2249 _
1499 2239 1518 2249 _:
1533 2247 1552 2249 γε
1584 2238 1745 2249 λὶΑ-νΑ--ιξ-

40 2238 157 2273 κλήτου,
185 2237 217 2265 οὐ
244 2239 298 2265 τῶν
324 2239 375 2270 τῆς
403 2236 576 2272 Ἐκκλησίας,
607 2237 656 2264 οὐκ
670 2236 756 2265 ἄλλον
773 2237 868 2265 οὐδένα

40 2286 92 2311 τῶν
121 2282 276 2317 Βυζαντίων
300 2285 355 2310 τῶν
382 2281 414 2310 ἓκ
427 2293 456 2310 τε
478 2281 562 2319 λόγου
585 2282 629 2309 καὶ
652 2282 773 2320 πράξεως
804 2282 867 2310 ὀνο-

42 2327 152 2364 μαστῶν
167 2328 212 2355 καὶ
238 2326 429 2364 περιωνύμων,
454 2329 564 2363 Κοσμᾶν
594 2325 622 2354 δέ
653 2337 715 2354 τινα
746 2328 867 2364 μοναχὸν

40 2374 90 2405 τῆς
119 2372 200 2409 ἁγίας
237 2371 284 2408 μὲν
319 2370 428 2402 πόλεως
466 2371 629 2408 ἀφικόμενον
645 2394 652 2406 ,
694 2371 808 2408 μεγίστῃ
840 2369 868 2398 Si

39 2418 110 2453 τιμῇ
141 2416 214 2452 παρᾶ
244 2415 377 2453 βασιλέως
391 2415 548 2452 τιμώμενον
563 2414 608 2442 διὰ
621 2416 671 2450 τήν
701 2415 868 2453 ἐπιπρέπου-

41 2471 87 2488 σαν
104 2461 182 2496 αὐτῷ
196 2460 305 2498 ἀρετήν·
323 2460 345 2487 εἰ
357 2459 408 2497 γὰρ
423 2460 468 2487 καὶ
483 2460 533 2494 τῆς
549 2459 643 2496 ἔξωθεν
665 2459 759 2498 σοφίας
774 2458 869 2497 ἄγευσ-

40 2516 86 2536 τος
100 2506 136 2540 ἧν
152 2505 196 2532 καὶ
222 2504 355 2541 ἀμύητος,
378 2503 442 2531 ἀλλ’
466 2504 573 2541 ἀρεταῖς
593 2504 733 2535 ποικίΛαις
756 2503 869 2541 ένωραΐ-

43 2553 114 2584 ζετο.
131 2550 179 2577 Διὸ
194 2549 238 2576 καὶ
254 2548 361 2576 πάντων
381 2547 514 2586 ὑπιριδὼν
528 2549 607 2576 αὐτὸν
627 2548 729 2583 καθίζει
747 2547 790 2575 ἐπὶ
815 2550 868 2575 τῶν

40 2594 145 2622 οῗάκων
161 2597 211 2629 τῆς
229 2592 404 2628 Ἐκκλητίας.

73 2648 104 2676 Ὀ
135 2645 164 2674 δὶ
193 2645 372 2681 Βοτανειάτης
400 2645 433 2672 τὰ
456 2646 517 2672 καθ’
545 2646 638 2673 ἑαυτὸν
669 2646 697 2673 εὖ
719 2644 871 2682 διατιθέμε-

42 2703 98 2728 νος,
130 2692 177 2720 καὶ
204 2691 274 2728 πρὸς
292 2691 324 2718 τὸ
349 2689 526 2728 προκείμενον
557 2688 635 2728 ἔργον
666 2689 681 2717 ὅ
709 2689 871 2728 ἀνιῤῥίψατο

44 2736 262 2774 ἱτοιμαζόμενος
278 2756 285 2770 ,
318 2733 420 2767 πάντας
457 2734 516 2762 ὅσοι
544 2735 611 2763 ποτὶ
639 2734 776 2772 στρατείας
808 2745 872 2771 μετ-

44 2782 210 2819 ιποιήσαντο
248 2778 528 2819 προσκαλεσάμενος,
559 2781 686 2818 τάγματα
712 2779 743 2808 έκ
767 2779 872 2809 τούτων

923 2248 1018 2275 neque
1038 2239 1131 2267 ullum
1148 2239 1237 2267 alium
1266 2239 1470 2275 Byzantiorum
1497 2239 1555 2267 sive
1580 2238 1749 2274 eloquentia

922 2284 983 2312 sive
998 2284 1086 2312 rebus
1112 2284 1202 2319 gestis
1217 2283 1364 2312 clarorum
1386 2287 1415 2311 et
1430 2283 1600 2317 celsbrium,
1617 2284 1666 2311 sed
1683 2283 1753 2310 Cos-

923 2337 1002 2356 mam
1018 2328 1178 2363 quemdam
1205 2328 1394 2362 monachum,
1411 2328 1461 2363 qui
1477 2336 1493 2355 a
1509 2329 1612 2355 sancta
1635 2327 1751 2355 civitate

923 2375 1053 2405 venerat,
1068 2375 1096 2400 et
1120 2373 1149 2400 in
1167 2372 1294 2400 maxime
1319 2373 1428 2400 honore
1452 2373 1526 2408 apud
1543 2372 1750 2408 imperatorem

924 2419 1087 2446 habebatur
1110 2420 1227 2454 propter
1255 2418 1392 2446 virtutem
1423 2427 1480 2454 qua
1508 2418 1649 2454 praeditus
1677 2419 1750 2445 erat.

924 2465 998 2490 Nam
1010 2462 1124 2490 tametsi
1136 2465 1262 2489 externae
1276 2461 1424 2497 sapientia:
1438 2470 1540 2497 expers
1551 2463 1614 2489 erat
1629 2463 1658 2488 et
1671 2460 1751 2488 illius

927 2505 1063 2540 mysteria
1079 2506 1202 2533 minime
1217 2507 1359 2541 gustarat,
1376 2509 1504 2533 attamen
1520 2505 1609 2532 variis
1633 2504 1751 2531 virtuti-

925 2551 981 2578 bus
1005 2550 1226 2584 efﬂorescebat;
1244 2552 1422 2586 quapropter
1446 2550 1586 2578 omnibus
1611 2548 1677 2577 aliis
1702 2557 1751 2576 ue-

925 2595 1025 2631 glectis
1051 2595 1150 2630 ipsum
1172 2595 1208 2622 ad
1234 2594 1368 2622 Ecclesia:
1393 2594 1594 2631 gubernacula
1615 2593 1750 2622 collocat.

961 2648 1127 2676 Botaniates
1143 2656 1210 2675 vero
1219 2648 1292 2675 bene
1307 2647 1480 2683 compositis
1492 2647 1552 2674 suis
1564 2647 1663 2680 rebus,
1673 2648 1701 2674 et
1716 2646 1751 2673 ad

926 2693 1109 2729 propositum
1125 2700 1209 2728 opus,
1227 2692 1305 2728 quod
1322 2691 1487 2726 distulerat,
1503 2693 1635 2728 paratus,
1662 2690 1755 2718 omni-

927 2739 983 2766 bus
1010 2737 1176 2773 quicunque
1206 2745 1336 2772 unquam
1366 2737 1500 2764 militiam
1531 2735 1655 2773 profcssi
1677 2735 1753 2762 732

928 2782 1045 2811 fuerant
1066 2782 1103 2811 ad
1131 2790 1164 2811 se
1192 2781 1352 2818 accersitis,
1368 2781 1498 2818 legiones
1526 2789 1561 2809 ex
1589 2780 1626 2808 iis
1649 2779 1753 2815 coegit.
