1937 3050
196 111 254 142 463

855 108 922 139 JOA
929 107 1019 139 NNIS
1041 107 1241 138 SCYLITZIE

1841 109 1904 139 464

197 177 309 211 Quibus
323 178 352 204 et
378 177 518 212 pecunias
544 177 573 203 et
596 174 774 211 dignitatum
796 174 925 210 insignia
950 175 1009 202 elar

1099 174 1269 208 δνεοτήσατο,
1298 175 1339 204 οἷς
1367 174 1411 200 καὶ
1441 173 1592 211 χρημάτων
1621 173 1740 211 διανομῇ
1760 174 1902 209 καὶάξιω-

195 222 284 258 gitus,
314 220 402 249 etiam
440 220 621 256 negligentes
660 219 695 246 ad
734 219 915 255 propositum
945 228 1019 255 opus

195 268 346 302 promptos
370 264 499 293 reddidit
523 266 611 300 atque
635 263 757 292 alacres.
774 264 886 296 Quibus
910 263 1018 291 auditis

195 310 238 338 illi
254 311 342 338 etiam
368 310 419 346 qui
443 310 478 337 ab
502 309 677 344 imperatore
693 308 776 335 missi
793 308 907 335 fuerant
921 310 953 335 ut
970 307 1017 336 Ni-

196 363 284 383 caeam
307 352 500 386 custodirent,
518 361 584 381 cum
601 353 737 380 omnibus
753 352 845 388 copiis
860 353 895 379 ad
918 352 1015 387 ipsum

195 398 379 434 transfugere
395 401 424 426 et
438 398 540 425 urbem
557 397 619 425 sine
634 405 731 433 pugna
746 396 929 424 dediderunt.
946 396 1016 424 Coe—

196 444 238 479 git
252 443 322 471 item
339 442 494 470 Turcicum
519 441 676 469 exercitum
691 441 841 475 idoneum,
863 442 946 476 cujus
961 441 1020 468 dux

196 490 258 516 erat
272 487 428 515 Cutlumus
444 487 492 514 ille
505 486 628 514 celebris
641 494 708 514 cum
721 485 788 513 ﬁliis
805 486 945 522 quinque.
962 485 1019 513 Hos

197 533 252 561 sibi
276 531 441 559 conciliavit
463 531 514 566 qui
543 531 660 558 sultano
684 531 857 566 cognatione
871 530 1019 566 conjuncti

195 579 279 605 erant
294 578 323 604 et
347 575 504 604 studebant
521 575 576 603 sibi
601 575 750 603 vindicare
769 583 855 602 omne
870 574 1019 602 Persicum

195 621 365 658 imperium.
382 621 438 648 Sed
454 620 532 648 haud
559 622 693 656 poterant
715 621 854 647 adversus
870 620 953 647 illum
969 628 1021 655 pu-

196 675 297 703 gnare,
312 669 339 694 et
350 665 458 694 idcirco
470 665 504 692 ad
518 665 716 693 Romanorum
736 665 883 700 regionem
898 665 1020 692 advene-

196 713 273 745 rant,
287 713 318 738 ut
333 718 431 747 parem
448 710 483 738 ad
500 709 541 737 illi
558 710 754 737 resistendum
771 709 929 745 potentiam
945 717 1021 737 nan-

199 756 387 783 ciscerentur.
418 755 509 790 Magis
547 762 624 789 vero,
655 754 679 781 si
708 762 775 781 vera
812 754 908 781 dicere
934 761 1021 789 opor-

198 802 250 833 tet,
284 808 382 836 pugna
417 799 557 827 adversus
597 797 749 826 sultanum
788 797 947 826 commissa
986 798 1022 825 de

197 847 259 873 toto
281 844 404 880 imperio
433 843 671 872 contendentium
701 843 730 870 in
755 842 817 871 loco
846 843 896 879 qui
926 842 1022 870 Rheae

198 891 320 918 vocatur
337 889 460 924 jamque
474 888 654 916 conﬂicturis
679 887 864 921 exercitibus,
881 888 916 915 ad
937 895 1023 915 aures

199 934 305 962 accidit
333 933 455 969 caliphae
483 933 603 966 factum,
625 933 676 968 qui
704 933 781 969 apud
810 933 891 968 ipsos
920 933 1021 960 eodem

200 978 304 1015 aequali
320 978 430 1006 honore
445 986 503 1014 quo
519 977 596 1006 Deus
612 977 775 1005 celebratur
792 986 798 1005 :
814 979 842 1005 et
857 977 906 1005 ille
922 977 1021 1005 statim

200 1026 298 1059 spreto
309 1023 389 1051 omni
405 1023 480 1050 fastu
492 1024 521 1050 et
532 1030 612 1050 more
631 1022 700 1057 (non
721 1022 798 1049 enim
811 1022 1024 1050 concedebatur

200 1068 258 1104 ipsi
269 1070 349 1095 extra
356 1068 506 1103 proprium
515 1066 674 1103 hospitium
682 1066 1024 1102 egredi)celeriterRheas

201 1113 372 1149 perveniens
379 1112 505 1147 divertit,
517 1112 627 1140 etacies
636 1112 698 1147 jam
705 1120 915 1147 congressuras
925 1112 953 1138 in
967 1119 1024 1139 me-

202 1158 249 1185 dio
261 1159 343 1185 stans
356 1158 391 1184 ad
399 1165 500 1193 pacem
511 1157 644 1184 hortatus
656 1158 699 1184 est
711 1165 762 1192 pro
773 1156 899 1184 utilitate
906 1157 1023 1192 quidem

201 1203 356 1230 Persarum
372 1203 400 1229 et
414 1202 545 1238 ipsorum
558 1201 769 1237 imperii,malo
784 1209 851 1229 vero
865 1200 981 1237 imperii
996 1203 1025 1229 et

201 1247 337 1283 potentiae
367 1249 589 1274 Romanorum:
614 1246 703 1273 variis
733 1246 810 1273 enim
839 1246 1024 1273 sermonibus

199 1291 277 1320 ultro
294 1292 427 1327 citroque
440 1290 560 1325 habitis,
577 1291 612 1318 ad
639 1292 801 1318 extremum
818 1290 887 1318 vicit
902 1290 930 1317 id
946 1290 1024 1326 quod

198 1336 224 1364 ei
245 1337 368 1364 comiter
392 1335 462 1363 utile
490 1336 587 1363 visum
618 1338 672 1370 est,
689 1337 721 1362 ut
745 1335 879 1362 sultanus
905 1335 1023 1362 Perside

197 1382 352 1417 potiretur,
368 1381 453 1416 cujus
484 1379 571 1408 etiam
601 1382 684 1416 pater
712 1379 849 1407 dominus
878 1379 982 1413 fuerat,
1004 1379 1023 1406 ii

197 1426 272 1453 733
288 1434 355 1453 vero
371 1425 420 1461 qui
446 1433 512 1452 cum
529 1424 666 1452 Cutlumo
682 1426 774 1459 erant,
787 1425 916 1460 acceptts
931 1424 1023 1459 copiis

195 1473 224 1498 et
239 1470 356 1498 auxiliis
371 1478 388 1497 a
403 1469 520 1497 sultano
535 1469 564 1496 in
582 1477 665 1496 suam
687 1471 860 1505 potestatem
878 1468 1022 1496 Romano-

195 1523 262 1543 rum
278 1514 425 1550 regionem
442 1514 616 1549 redigerent,
633 1516 662 1541 et
674 1513 814 1541 haberent
827 1513 856 1540 in
873 1513 1021 1549 propriam

196 1559 345 1595 regionem
371 1560 542 1594 potestatem
559 1561 587 1585 et
601 1558 770 1594 imperium,
786 1558 826 1585 ita
841 1559 873 1585 ut
894 1557 975 1584 nullo
991 1565 1021 1585 se

197 1606 300 1632 mutuo
311 1603 440 1631 convicio
452 1603 659 1630 afﬁciant.Tali
676 1603 874 1630 admonitione
886 1611 918 1630 ac
929 1611 1019 1630 suasu

197 1648 317 1684 caliphaa
353 1647 503 1675 dirimitur
539 1655 648 1683 pugna,
686 1650 714 1675 et
753 1647 830 1674 cedit
865 1647 1019 1682 exercitus,

197 1692 354 1728 omnisque
378 1693 526 1720 contentio
551 1691 748 1728 propulsetur,
768 1694 797 1720 et
821 1691 1019 1720 Romanorum

195 1737 259 1765 loca
283 1737 338 1765 sibi
363 1737 392 1764 in
415 1737 585 1765 servitutem
610 1737 761 1772 subjacere
786 1739 945 1772 cmperunt.
964 1737 1019 1764 Hos

195 1781 286 1818 igitur
309 1790 375 1809 cum
398 1781 453 1809 sibi
485 1781 646 1814 ascivisset,
673 1789 739 1808 cum
762 1781 866 1809 idoneo
891 1781 1018 1809 exercitu

193 1834 245 1862 pro
261 1827 334 1854 inito
351 1834 450 1854 secum
466 1825 573 1854 ﬁndere
589 1825 756 1859 festinabat,
773 1827 802 1853 et
821 1826 893 1853 inito
915 1826 1019 1854 itinere

192 1871 229 1899 ad
246 1871 372 1898 Nicaeam
397 1870 601 1898 contendebat.
624 1871 729 1906 Ingens
752 1872 849 1898 autem
877 1878 1018 1898 numerus

190 1923 225 1943 ex
257 1915 429 1951 Megalopoli
462 1915 497 1942 ad
544 1914 642 1950 ipsum
689 1914 817 1950 quotidie
861 1915 1018 1942 conﬂuere.

190 1961 226 1988 Et
255 1960 331 1995 quod
361 1960 441 1987 dictu
470 1962 515 1986 est
543 1959 725 1994 incredibile,
756 1968 792 1987 ne
829 1959 915 1986 Turci
950 1960 1017 1994 qui—

191 2004 258 2031 dem
288 2004 344 2039 ipsi
373 2003 584 2039 impedimento
611 2004 701 2036 fuere,
734 2004 792 2031 imo
822 2005 921 2039 potius
950 2012 1016 2031 cum

192 2048 354 2076 reverentia
393 2049 521 2084 quadam
550 2050 578 2075 et
614 2048 800 2076 observantia
837 2048 1016 2076 comitaban-

190 2095 251 2127 tur,
269 2095 297 2120 et
312 2092 413 2128 regina
428 2092 556 2126 urbium,
573 2094 601 2119 et
624 2100 724 2119 omnes
740 2092 834 2128 ipsius
858 2092 1015 2128 principes,

192 2137 301 2173 quique
330 2137 523 2173 magistratus
551 2139 695 2172 gererent,
712 2137 822 2172 quique
850 2137 879 2164 in
907 2138 1015 2167 subur-

190 2181 276 2209 banis
291 2183 320 2209 et
332 2181 406 2208 vicis
423 2183 516 2208 erant.
530 2180 604 2212 Ouin
621 2181 708 2208 etiam
733 2180 864 2209 Ecclesia
881 2190 1015 2217 proceres

188 2226 219 2254 in
257 2234 349 2254 unum
388 2225 593 2253 convenientes
631 2225 666 2252 ad
702 2225 924 2253 celeberrimum
963 2226 1052 2267 DeiD

187 2271 270 2299 Verbi
288 2270 401 2306 Sophia:
425 2269 581 2305 templum,
598 2277 692 2305 nuper
716 2269 940 2298 imminentibus
955 2271 1013 2306 epi-

186 2315 307 2342 bateriis
318 2314 558 2342 Annuntiationis
573 2313 662 2340 beata:
679 2314 783 2349 Mariae,
800 2314 948 2342 declarant
960 2315 1014 2342 im-

185 2360 349 2394 peratorem
375 2357 570 2390 Botaniatem,
600 2360 746 2393 praeeunte
771 2359 816 2386 bis
847 2359 1014 2395 patriarcha

187 2403 290 2430 divime
303 2403 385 2430 urbis
398 2410 510 2438 magnai
521 2402 693 2436 Antiochiae,
711 2403 828 2430 nomine
845 2403 1012 2437 lEmiliano,

1076 218 1166 254 μάτων
1197 219 1322 255 περιωπῆ
1351 218 1382 245 τὸ
1396 217 1547 256 ἀμέριμνον
1571 218 1616 246 καὶ
1642 219 1710 257 πρὸς
1738 219 1769 246 τὸ
1784 219 1903 255 προκεί-

1075 274 1153 300 μενον
1181 263 1318 302 ἐπέῤῥωσε
1342 265 1498 302 πρόθυμον.
1526 266 1574 292 Ὧν
1607 265 1767 296 ἀκούσαντες
1795 264 1842 292 καὶ
1876 265 1901 291 οἳ

1071 309 1121 342 τὴν
1146 309 1257 336 Νίκαιαν
1278 311 1371 347 τηρεῖν
1396 310 1464 347 πρὸς
1489 309 1624 347 βασιλέως
1639 309 1801 346 ισταλμὲνοι
1826 320 1902 345 παμ-

1071 352 1171 387 πληθεῖ
1215 353 1444 390 [Ρ.861]αὖτῷ
1483 355 1699 393 προσεφοίτησαν
1743 353 1901 390 αὐτόμολοι

1070 398 1115 424 καὶ
1143 398 1193 431 τήν
1217 397 1298 425 πόλιν
1327 398 1451 436 ἀμαχητὶ
1479 397 1678 437 προδεδώκασι.
1710 400 1901 434 Συνεστήσατο

1075 440 1102 469 δὲ
1126 441 1170 469 καὶ
1198 443 1348 478 Τουρκικὸν
1381 444 1494 481 στρατὸν
1517 443 1668 482 ἀξιόλογον,
1694 444 1727 471 οὗ
1751 446 1902 481 καθηγεῖτο

1073 486 1271 523 Κουτλουμοῦς
1295 487 1397 519 ἐκεῖνος
1424 489 1438 516 ὁ
1462 486 1628 526 περιϐόητος
1651 488 1696 515 σὺν
1713 489 1781 516 υἱέσι
1809 488 1902 520 πέντε,

1073 531 1187 562 τοῦτους
1209 532 1486 570 προσεταιρισάμενος
1512 536 1669 570 προσγενεῖς
1697 533 1744 570 μὲν
1762 535 1801 568 τῷ
1816 531 1903 560 σουλ-

1074 575 1145 612 τάτῳ
1172 576 1355 614 τυγχάνοντας
1376 577 1421 605 καὶ
1438 577 1678 615 ἀντιποιουμένους
1700 578 1746 614 μὲν
1762 581 1814 612 τῆς
1831 580 1904 613 Περ-

1075 624 1153 656 σικῆς
1183 621 1288 656 ἀπᾶσης
1318 621 1502 659 ἐπικρατείας,
1533 621 1750 657 ἆδυνατήσαντας
1780 621 1808 650 δὲ
1833 621 1905 659 πρὸς

1076 663 1175 692 ἐκεῖνον
1206 666 1352 702 μάχεσθαι,
1381 667 1425 693 καὶ
1457 665 1501 693 διὰ
1527 668 1609 694 τοῦτο
1638 668 1672 703 τῇ
1688 666 1827 702 Ῥωμανίᾳ
1843 665 1903 693 ἄπι-

1076 707 1252 745 δημήσαντας
1278 709 1348 737 ὥστε
1383 710 1482 748 κράτος
1511 710 1604 747 ἐκείνῳ
1633 711 1770 743 ἀντίθετον
1798 712 1904 746 κτήσα-

1076 754 1146 789 σθαι,
1175 753 1281 790 μᾶλλον
1311 753 1349 789 δὲ,
1380 755 1401 782 εἶ
1431 754 1472 782 δεῖ
1498 755 1614 790 τάληθὲς
1631 755 1727 789 εἰπεῖν,
1745 755 1841 793 μάχην
1860 765 1904 782 συ-

1076 798 1262 834 στησαμένους
1289 799 1357 837 πρὸς
1385 800 1432 826 τὸν
1449 799 1595 828 σουλτάνον
1625 799 1670 828 λαὶ
1687 799 1748 838 περὶ
1762 804 1813 834 τῆς
1831 799 1904 834 ὅλης

1077 844 1299 880 ζυγομαχοῦντας
1329 844 1418 881 ἀρχῆς
1447 845 1514 872 κατὰ
1542 844 1588 871 τὸν
1618 844 1701 872 τόπον
1731 844 1760 875 ὃς
1775 843 1906 872 καλεῖται

1076 888 1173 919 Ῥέας.
1212 888 1260 916 Καὶ
1308 887 1361 923 ἤδη
1405 888 1603 927 συρρήγνυσθαι
1648 888 1807 925 μελλόντων
1848 891 1905 916 τῶν

1078 933 1296 969 στρατευμάτων,
1327 932 1365 964 είς
1393 933 1449 960 ὦτα
1478 933 1570 961 πίπτει
1597 933 1629 961 τὸ
1654 936 1766 972 πρᾶγμα
1792 936 1834 970 τῷ
1856 943 1906 971 χα-

1077 975 1154 1014 λιφᾷ,
1183 975 1212 1007 ὃς
1241 977 1305 1014 παρ’
1328 976 1419 1008 αὐτοῖς
1447 977 1472 1005 ἐν
1501 978 1600 1014 ἰσοθέῳ
1628 981 1739 1014 τιμᾶται
1754 979 1837 1015 τιμῇ.
1857 977 1907 1004 Κά-

1077 1023 1165 1052 κεῖνος
1203 1021 1298 1048 αὐτίκα
1349 1024 1556 1060 καταφρονήσας
1591 1023 1690 1053 παντὸς
1733 1021 1817 1060 ὄγκου
1861 1023 1906 1049 καὶ

1077 1065 1154 1097 ἔθους
1190 1065 1232 1101 (οὐ
1261 1066 1313 1103 γὰρ
1348 1066 1436 1104 ἐφεῖτο
1466 1066 1539 1103 αὖτῷ
1567 1064 1725 1104 προϐαίνειν
1753 1070 1804 1101 τῆς
1833 1066 1906 1098 ἰδίας

1077 1114 1238 1148 καταγωγῆς
1253 1110 1339 1145 ἐκτὸς)
1353 1111 1438 1148 ταχὺς
1463 1110 1561 1143 ἐλάσας
1588 1111 1626 1142 είς
1655 1111 1686 1138 τὸ
1711 1111 1755 1139 Ῥὶ
1782 1111 1907 1149 παραγί-

1078 1165 1161 1190 νετοιι⁷
1186 1155 1230 1182 καὶ
1268 1155 1336 1192 πρὸς
1374 1156 1533 1193 παρατάξεις
1568 1154 1622 1191 ἤδη
1654 1155 1809 1192 μελλούσας
1840 1156 1907 1195 συῤ-

1080 1199 1227 1237 ῥήγνυσθαι
1257 1201 1337 1236 μέσος
1367 1201 1430 1231 στὰς
1445 1200 1477 1227 τὰ
1505 1201 1572 1238 πρὸς
1601 1200 1712 1237 εἰρήνην
1739 1200 1835 1231 αὐταῖς
1868 1199 1909 1228 δι-

1079 1244 1189 1281 ﬁrm-sv,
1217 1244 1261 1271 ἐπὶ
1291 1245 1453 1283 συμφέροντι
1485 1245 1531 1281 μὲν
1561 1247 1614 1272 τῶν
1645 1247 1754 1282 Περσῶν
1784 1245 1907 1279 καὶτῆς

1079 1288 1166 1316 αὐτῶν
1207 1288 1307 1327 ἀρχῆς,
1344 1289 1387 1316 ἐπὶ
1428 1291 1502 1325 κακῷ
1532 1288 1560 1316 δὲ
1595 1289 1645 1323 τῆς
1672 1291 1725 1316 τῶν
1757 1289 1905 1325 Ῥωμαίων

1078 1331 1250 1370 ἓπικρατείας
1288 1333 1332 1360 καὶ
1375 1334 1504 1369 ἐξουσίας.
1544 1333 1630 1372 Λόγον
1674 1334 1722 1371 γὰρ
1763 1332 1905 1372 διαφόρων

1077 1378 1240 1413 κινηθέντων
1277 1378 1322 1405 καὶ
1358 1378 1509 1416 λεχθέντων
1548 1377 1702 1406 τελευταῖον
1750 1382 1847 1416 κρατεῖ
1876 1380 1907 1406 τὸ

1079 1422 1154 1458 δόξαν
1182 1422 1254 1458 αὐτῴ
1268 1425 1345 1459 κοινῇ
1365 1422 1516 1458 λυσιτελὲς,
1540 1423 1609 1450 ὥστε
1627 1424 1674 1450 τὸν
1691 1423 1737 1459 μὲν
1754 1423 1906 1450 σουλτάνον

1078 1467 1171 1505 ἄρχειν
1183 1471 1233 1501 τῆς
1257 1466 1387 1505 Περσίδος
1410 1467 1479 1505 ᾗπερ
1503 1467 1549 1494 καὶ
1575 1468 1588 1495 ὁ
1610 1468 1700 1505 πατὴρ
1716 1467 1808 1501 αὐτοῦ,
1838 1468 1906 1499 τοὺς

1077 1510 1105 1538 δὲ
1120 1511 1180 1548 περὶ
1195 1512 1240 1538 τὸν
1269 1511 1463 1548 Κουτλουμοῦς
1489 1509 1620 1539 λαϐόντας
1638 1510 1751 1548 δύναμιν
1765 1512 1840 1549 παρὰ
1855 1515 1906 1540 τοῦ

1038 1548 1058 1582 C
1078 1555 1226 1583 σουλτάνου
1250 1556 1294 1583 καὶ
1321 1556 1480 1593 ωγχὲρειαν
1496 1557 1546 1590 τὴν
1560 1559 1614 1584 τῶν
1631 1556 1772 1592 Ῥωμαίων
1803 1557 1906 1594 χώραν

1075 1600 1179 1631 ἑαυτοῖς
1208 1602 1434 1638 περιποιήσασθαι
1463 1601 1506 1628 καὶ
1536 1599 1609 1639 ἔχειν
1639 1601 1676 1632 εἷς
1704 1600 1771 1628 ἰδίαν
1802 1602 1903 1639 χώραν

1073 1645 1118 1672 καὶ
1147 1645 1266 1680 ἐξουσίαν
1292 1645 1335 1672 καὶ
1367 1645 1516 1683 βασιλείαν,
1544 1645 1613 1673 ὣστε
1638 1644 1721 1682 μηδὶν
1738 1645 1903 1683 ἐπηρεάζειν

1075 1689 1220 1724 ἀλλήλοις.
1251 1689 1302 1717 Καὶ
1317 1689 1361 1716 ἐπὶ
1376 1691 1409 1726 τῇ
1422 1689 1534 1727 τοιαύτῃ
1562 1690 1687 1725 ὑποθήκη
1701 1690 1744 1717 καὶ
1762 1688 1902 1726 διαιτήσει

1073 1736 1121 1762 τοῦ
1136 1733 1243 1772 χαλιφᾶ
1257 1734 1312 1770 (41)
1341 1732 1478 1762 διαλύεται
1508 1734 1554 1770 μὲν
1580 1736 1597 1769 ἡ
1625 1734 1702 1772 μάχη
1718 1734 1763 1761 καὶ
1784 1735 1798 1761 ὁ
1815 1745 1902 1772 στρα-

1072 1779 1118 1810 τὸς
1151 1779 1293 1817 ὑποχωρεῖ
1329 1778 1374 1805 καὶ
1401 1781 1472 1806 πᾶσα
1499 1780 1517 1813 ἡ
1552 1777 1608 1816 ἔρις
1631 1777 1903 1815 ἀποδιοπομπεῖται,

1072 1823 1117 1850 καὶ
1145 1823 1178 1850 τὰ
1204 1825 1258 1850 τῶν
1287 1823 1428 1859 Ῥωμαίων
1457 1821 1641 1850 καταδουλοῦν
1673 1823 1779 1854 ἑαυτοῖς
1810 1823 1903 1862 ἀπήρ-

1073 1868 1160 1903 ξαντο.
1190 1869 1307 1899 Τούτους
1337 1867 1382 1894 οὖν
1410 1868 1686 1906 προσεταιρισάμενος
1716 1869 1783 1904 μετᾶ
1814 1879 1902 1906 στρα-

1070 1915 1130 1943 τιᾶς
1155 1912 1298 1950 ἀξιολόγου
1322 1912 1367 1939 καὶ
1391 1912 1434 1939 ἐπὶ
1460 1913 1605 1947 συνθήκαις
1626 1912 1721 1950 ῥηταῖς
1747 1913 1806 1948 μεθ’
1836 1913 1903 1940 εαυ-

1070 1959 1120 1984 τοῦ
1137 1957 1313 1993 συνεπήγετο,
1338 1957 1383 1983 καὶ
1406 1960 1456 1990 τῆς
1477 1954 1541 1983 ὁδοῦ
1565 1956 1714 1993 ἀρξάμενος
1726 1956 1828 1994 ἐχώρει
1855 1957 1902 1984 ἰπὶ

1070 2001 1119 2035 τὴν
1149 2001 1274 2028 Νίκαιαν.
1307 2000 1380 2028 Πολὺ
1410 1999 1439 2028 δὶ
1466 2000 1574 2034 πλῆθος
1599 2004 1650 2035 τῆς
1680 2000 1901 2038 μεγαλοπόλεως

1071 2044 1196 2073 ἑκάστοτε
1226 2044 1365 2083 συνέρῥέον
1392 2045 1460 2082 πρὸς
1474 2045 1565 2073 αὐτόν.
1595 2045 1647 2074 Καὶ
1664 2046 1696 2073 τὸ
1713 2044 1746 2080 δὴ
1776 2045 1901 2083 παράδο-

1070 2092 1125 2127 ξον⁷
1143 2090 1184 2118 δτι
1200 2089 1262 2118 οὐδὲ
1277 2091 1303 2117 οἱ
1324 2093 1439 2128 Τοῦρκοι
1465 2089 1592 2127 ἐμποδὼν
1623 2091 1697 2128 αὐτῷ
1721 2092 1899 2127 καθίσταντο,

1068 2136 1245 2173 προέπεμπον
1282 2134 1311 2162 δὲ
1341 2134 1450 2171 μᾶλλον
1480 2135 1525 2162 σὺν
1555 2134 1628 2162 αἰδοῖ
1656 2135 1702 2163 καὶ
1732 2133 1898 2172 σεϐάσματι,

1069 2180 1118 2207 Καὶ
1142 2181 1159 2214 ὴ
1187 2179 1294 2217 βασιλὶς
1318 2179 1347 2207 δὲ
1374 2182 1428 2207 τῶν
1458 2179 1565 2208 πόλεων
1596 2179 1640 2207 καὶ
1670 2183 1721 2207 πᾶν
1735 2181 1766 2207 τὸ
1782 2181 1809 2208 ἐν
1826 2181 1897 2218 αὐτῇ

1069 2224 1213 2261 ἐξαίρετον,
1243 2225 1304 2251 ὅσον
1331 2235 1360 2252 τι
1388 2224 1414 2251 ιν
1444 2223 1559 2262 ἄρχουσι
1586 2224 1631 2252 καὶ
1643 2224 1705 2252 ὅσον
1717 2225 1742 2252 ἐν
1774 2226 1897 2257 ἀστικοῖς

1067 2269 1112 2296 γαὶ
1137 2267 1298 2305 δημοτικοῖς
1313 2270 1380 2305 (42),
1397 2267 1470 2295 ἀλλὰ
1488 2269 1542 2305 μὴν
1558 2268 1604 2296 καὶ
1621 2269 1652 2296 τὸ
1664 2273 1713 2304 τῆς
1728 2269 1899 2305 Ἐκκλησίας

1067 2311 1202 2351 Ηκκριτον,
1231 2315 1310 2349 κοινῇ
1340 2311 1514 2345 συνελθόντες
1537 2313 1575 2344 είς
1598 2313 1644 2340 τὸν
1661 2314 1828 2351 περίπυστον
1845 2319 1898 2349 τῆς

1067 2360 1114 2384 τοῦ
1130 2359 1197 2384 Θεοῦ
1212 2357 1303 2395 Λόγου
1332 2356 1433 2394 Σοφίας
1461 2357 1537 2390 νεὼν,
1565 2355 1624 2394 ἄρτι
1653 2359 1707 2384 τῶν
1735 2360 1786 2385 τοῦ
1812 2358 1898 2396 Εὐαγ-

1068 2401 1201 2439 γελισμοῦ
1215 2403 1264 2436 τῆς
1284 2403 1455 2440 Θεομήτερος
1479 2399 1664 2439 ἐπιϐατηρίων
1693 2403 1749 2439 (43)
1781 2402 1897 2441 ἐφιστα-

843 2469 965 2497 JACOBI
990 2469 1097 2497 GOARI
1120 2468 1232 2496 ΝΟΤΧΕ.

225 2516 282 2552 (lii)
301 2516 447 2554 Cedrenus
472 2517 500 2544 in
528 2517 699 2554 Μοῃοιηαεὶιο
726 2525 753 2553 p.
772 2518 837 2554 H775
858 2517 1010 2554 seriphum

188 2554 272 2579 vocat
301 2553 461 2579 secundum
487 2561 504 2579 υ.
528 2552 652 2587 calipha,
681 2552 731 2589 ceu
762 2552 927 2589 dignitatis
947 2554 1011 2589 ejus

189 2562 272 2579 νοοδιι
301 2562 461 2579 Βϐῦυῐιαυῐῐ]
487 2562 504 2579 ἃ
528 2562 652 2587 caupua,
681 2562 731 2580 ceu
762 2562 917 2589 αιεηιῐυιιε
947 2562 1011 2580 eus

189 2595 413 2615 successorem:
436 2589 533 2622 ipsum
562 2596 630 2615 vero
659 2588 804 2623 calipham
835 2589 906 2623 sive,
922 2562 1011 2617 δοίίῶ

187 2623 379 2660 Leunclavius
389 2623 418 2650 in
432 2623 617 2660 Onomastico
640 2625 777 2651 vicarium
789 2625 1009 2660 interpretatur,

188 2659 278 2696 {acum
311 2660 457 2696 tenentem,
487 2659 621 2688 hwredcm
648 2664 674 2687 et
700 2659 889 2689 successorem.
918 2661 1010 2696 Ilalife

186 2693 310 2730 Lullahe,
326 2694 431 2730 inquit,
447 2693 565 2723 picarias
581 2695 639 2729 Dei,
656 2696 724 2722 vices
733 2696 780 2723 Dei
794 2704 891 2730 gerens
907 2697 936 2723 in
951 2693 1009 2724 ter-

185 2729 240 2765 gis.»
253 2729 351 2764 Hali/e
366 2729 575 2763 Muhamcdum,
589 2731 674 2758 haras
685 2729 855 2765 Muhamelis,
871 2739 1010 2759 successor

185 2763 360 2794 Muhametis.
376 2768 419 2795 Ita
431 2768 518 2803 prisci
537 2767 725 2802 Agarenorum
735 2775 811 2802 reges
822 2763 852 2796 se
866 2767 1007 2796 vocabant.

1066 2519 1106 2555 Ita
1128 2517 1252 2555 Sede/tus
1275 2518 1370 2546 Ismail
1393 2516 1536 2555 affectabat
1565 2517 1630 2544 dici.
1649 2517 1749 2545 Eadem
1775 2517 1900 2555 denique

1066 2553 1149 2581 titulo
1164 2561 1192 2580 se
1207 2554 1356 2581 Turcorum
1369 2554 1507 2589 principes
1523 2556 1633 2580 ornant.

1100 2589 1157 2624 (42)
1174 2590 1291 2625 Expono
1308 2598 1314 2616 :
1332 2590 1438 2625 Quique
1459 2597 1494 2616 ea:
1513 2589 1675 2623 promiscua
1699 2589 1778 2625 plebe
1799 2590 1844 2618 vel
1862 2599 1899 2618 ea;

1064 2625 1219 2658 regionum,
1234 2625 1414 2665 cotlegt‘qrum
1421 2625 1603 2665 partiumque
1615 2626 1764 2665 ριιξςιριιίε
1785 2627 1897 2665 conﬂu-

1063 2665 1177 2694 xerunt,
1193 2669 1242 2688 eos
1257 2659 1404 2696 siquidem
1419 2659 1586 2696 ὅημοτικοῦς
1598 2659 1765 2696 signiﬁcare
1780 2659 1897 2690 dictum

1063 2698 1109 2724 est
1124 2696 1153 2723 in
1168 2697 1341 2724 Cedrenum.

1099 2732 1166 2769 (43)_
1184 2733 1280 2760 Prima
1307 2737 1403 2769 cwpta,
1433 2733 1524 2768 operi:
1552 2733 1743 2767 inauguratio,
1772 2734 1897 2762 actioni:

1062 2767 1296 2804 encaenia,mitia,
1308 2767 1414 2799 necnon
1425 2767 1520 2806 felicia
1533 2768 1659 2805 ampicia
1673 2769 1817 2805 dicuntur
1833 2768 1896 2797 ἐπι-
