1937 3050
151 107 156 111 ⁷
180 95 238 126 867

841 93 1004 124 JOANNIS
1027 93 1228 124 SGYLITZAE

1833 95 1891 124 εδδ

183 160 328 197 dignitate
342 160 537 196 cupiditatem
555 159 772 196 comprimeret,
788 161 816 187 et
831 168 931 188 eorum
958 159 1007 195 qui
1022 171 1030 193 Α

1084 158 1214 195 Ξπεκύρου
1230 156 1258 185 δὲ
1273 157 1318 186 καὶ
1332 156 1379 188 τάς
1399 158 1481 194 τιμὰς
1502 159 1560 188 τοῖς
1575 156 1621 184 σὺν
1645 158 1722 194 αὗτῷ
1735 157 1891 195 ἀποπατή-

189 214 255 234 cum
274 205 338 242 ipso
355 205 520 233 defecerant
535 204 662 232 honores
686 207 766 233 ratos
790 213 854 232 esse
879 212 1011 238 compro-

184 251 279 279 baret.
295 251 348 278 Sed
365 249 415 278 ubi
432 249 536 277 adduci
556 258 613 277 non
630 250 737 285 potuit,
758 251 786 277 et
809 249 838 276 in
863 249 1012 285 proposito

183 294 385 331 permanebat,
398 297 486 330 atque
497 293 643 329 superbus
654 294 780 329 imperio
791 294 914 321 minime
929 293 1012 321 cede-

182 341 243 373 bat,
258 347 352 375 neque
365 338 544 374 principatu,
561 338 647 373 cujus
664 337 787 365 minime
801 346 922 373 compos
939 339 1011 372 erat,

184 384 312 413 mittitur
325 383 394 411 item
411 382 503 410 altera
518 382 635 418 legatio,
654 390 718 418 quae
734 382 835 410 itidem
853 390 883 410 re
903 381 1013 409 infecta

187 428 447 463 rediit.Postquam
464 427 553 455 etiam
568 427 653 454 tertia
670 427 788 455 advenit
803 426 1014 463 legatio,misso

189 473 322 500 Romano
355 471 450 507 primo
481 470 605 506 praeside
632 473 661 498 et
689 479 795 507 magno
823 470 1014 499 hetaeriarcha

185 516 423 549 Straboromano,
444 523 540 550 neque
564 514 645 542 illam
671 515 812 549 admittit,
839 515 890 543 sed
916 515 1014 551 potius

189 561 340 589 hominem
363 559 559 596 ignominiose
585 559 700 596 accipit,
728 568 785 588 non
811 562 953 595 tanquam
978 560 1013 587 ab

186 606 365 642 imperatore
377 605 427 632 sed
444 604 528 640 quasi
545 613 562 632 a
577 604 661 633 ducis
676 604 802 640 alicujus
822 605 917 641 legato
942 604 1013 632 mis-

186 658 266 685 sum,
283 648 417 685 quamvis
434 651 653 676 sacrosanctum
669 657 773 684 corpus
788 649 875 685 legati
891 648 1016 676 habetur

186 694 231 723 vel
247 694 325 729 apud
341 693 475 721 inﬁdeles
491 693 570 729 ipsos
595 693 679 729 quasi
703 694 784 729 pacis
809 696 966 729 proxeneta
986 695 1015 720 et

194 738 390 776 pugnantium
407 737 577 765 conciliator
592 737 823 773 bellicarumque
837 737 1014 765 seditionum

193 783 343 819 depulsor.
361 783 442 810 Tunc
458 782 546 810 etiam
563 782 683 810 fortuito
697 782 802 810 cecidit
816 782 952 818 Bryennii
972 783 1015 809 ta-

193 827 399 860 bernaculum,
416 829 491 854 tecto
515 826 610 862 ipsius
636 835 652 854 a
677 827 812 854 manibus
837 835 901 862 quis
925 825 1015 854 videri
1031 847 1055 880 Β

276 871 292 880 ι.
348 871 448 880 .--η
587 870 687 880 μέν.
755 879 769 880 η
790 870 807 880 ι
888 870 1000 880 ,τμη

193 871 358 907 nequibant
374 871 450 898 186
465 870 690 898 eversa.Accidit
706 871 775 898 item
790 870 866 898 lunas
882 870 1014 904 defectio,

194 924 259 952 qua:
273 916 308 943 ad
322 915 421 951 ipsum
437 915 574 950 respexit,
589 914 734 950 siquidem
758 915 820 942 haec
843 923 1018 943 consuevere

196 960 283 997 utplu
289 960 397 987 rimum
405 961 596 995 tyrannorum
603 959 768 987 eversiones
781 959 1018 996 praesigniﬁcare,

197 1004 445 1042 quemadmodum
462 1003 481 1031 ii
495 1003 545 1039 qui
560 1003 590 1030 in
604 1005 751 1031 astrorum
767 1004 873 1040 nugaci
892 1004 1019 1032 vanitate

197 1051 352 1077 versantur
363 1048 514 1075 declarant
524 1050 552 1074 et
564 1047 915 1084 vsticinantur.{Reverso
930 1048 1021 1083 igitur

195 1093 422 1121 Straboromano
447 1101 477 1119 re
499 1092 617 1127 infecta,
635 1092 738 1119 bellica
752 1092 852 1120 munia
865 1100 1021 1128 aggressus

195 1141 242 1167 est
258 1139 428 1174 imperator,
445 1140 474 1166 et
490 1138 630 1166 adversus
654 1138 750 1174 ipsum
777 1138 915 1166 instruxit
939 1146 1020 1166 exer-

195 1184 300 1216 citum,
312 1192 344 1211 ac
362 1183 475 1210 ﬁducita
492 1182 598 1218 plenus
614 1182 694 1210 illius
710 1183 930 1211 demolitionem
948 1192 1021 1219 prae-

198 1227 318 1256 dicavit.
335 1227 520 1255 Celebratum
545 1227 623 1254 enim
647 1227 824 1256 elementum
849 1228 872 1255 N
899 1227 1023 1263 simplex

200 1274 316 1301 tantum
330 1275 358 1300 et
369 1280 425 1300 non
438 1271 545 1307 duplex
556 1280 573 1298 a
587 1272 702 1299 vatibus
715 1273 914 1308 spectabatur.
931 1274 1024 1308 Atque

199 1317 290 1345 etiam
302 1317 405 1345 ducem
418 1316 580 1352 praeﬁciens
593 1325 683 1344 unum
695 1325 729 1344 ex
745 1316 923 1352 illustribus,
940 1316 1022 1344 nobi-

198 1362 349 1390 lissimum
361 1361 493 1389 Alexium
509 1361 845 1397 Comnenum,magnum
863 1362 958 1396 ipsum
973 1361 1024 1389 do-

204 1406 360 1433 mesticum
375 1406 539 1438 declarans,
550 1405 599 1440 qui
616 1404 766 1433 Ruselium
778 1405 928 1441 ingeniose
943 1406 1025 1441 prius

203 1450 370 1486 subegerat,
387 1450 527 1477 adversus
542 1449 718 1485 Bryennium
746 1450 844 1483 mittit,
871 1450 1027 1485 prudentia

201 1497 230 1523 et
246 1495 353 1522 mentis
374 1493 535 1521 stabilitate
558 1494 758 1521 venerandum
783 1496 812 1521 et
825 1494 870 1530 '_ad
897 1494 1026 1530 pericula

198 1539 305 1567 bellica
322 1539 440 1566 ﬁrmum
455 1541 483 1566 et
498 1538 690 1574 intrepidum;
707 1538 756 1574 qui
773 1547 838 1566 cum
855 1539 918 1567 suis
933 1539 1024 1575 copiis
1040 1533 1061 1566 Ο

199 1584 340 1612 adversus
361 1583 538 1618 Bryennium
554 1583 713 1618 profectus,
728 1586 756 1610 et
771 1583 801 1610 in
817 1583 880 1611 loco
895 1584 1021 1619 quodam

199 1627 339 1662 Calabrya
356 1627 474 1654 nomine
490 1627 641 1662 quiescere
653 1628 739 1662 jusso
755 1628 894 1662 exercitu,
922 1628 1026 1655 didicit

202 1672 239 1700 ab
257 1671 490 1707 exploratoribus
507 1671 684 1707 Bryennium
700 1680 716 1699 a
732 1672 847 1700 Mesene
863 1672 1024 1708 profectum

204 1725 271 1744 cum
289 1716 370 1743 omni
386 1715 513 1744 exercitu
528 1717 775 1752 appropinquare.
793 1717 956 1753 Statimque
971 1725 1024 1745 no-

202 1760 366 1789 bilissimus
382 1761 492 1788 Turcos
516 1769 533 1787 a
557 1768 588 1787 se
612 1760 739 1788 delectos
757 1761 850 1795 jussit
873 1770 966 1797 usque
990 1762 1024 1789 ad

202 1805 379 1841 Bryennium
396 1804 557 1840 pervenire,
574 1813 606 1832 ac
622 1806 736 1832 tantum
752 1806 801 1832 ubi
826 1813 857 1833 se
879 1806 1026 1833 ostendis-

202 1852 280 1882 sent,
296 1850 331 1877 ad
352 1857 383 1876 se
397 1849 511 1876 reverti.
530 1850 593 1884 Ipse
609 1851 706 1876 autem
723 1849 895 1886 opportunis
911 1850 940 1877 in
957 1849 1026 1878 locis

202 1893 353 1922 collocatis
383 1893 511 1925 insidiis,
538 1894 742 1929 instructaque
773 1896 804 1921 ut
832 1894 887 1921 sibi
916 1894 1027 1930 optime

203 1938 362 1966 videbatur
377 1937 516 1970 exercitu,
533 1937 656 1973 Bryenni
673 1938 843 1966 morabatur
858 1938 1025 1966 adventum.

204 1982 276 2010 Cum
292 1990 358 2010 vero
375 1982 460 2018 signa
474 1982 683 2017 apparuissent
697 1983 848 2018 utriusque
873 1983 1025 2017 exercitus,

204 2029 232 2055 et
247 2026 403 2054 classicum
420 2026 548 2054 clamore
563 2026 680 2054 sublato
705 2027 818 2062 utrique
840 2027 1026 2062 cecinissent,

204 2071 311 2099 initum
327 2073 371 2099 est
389 2072 462 2099 737
486 2078 551 2098 acre
575 2070 717 2106 praelium.
743 2071 875 2106 Cumque
898 2075 1030 2100 cerneret

204 2116 366 2152 Bryennius
377 2123 498 2143 suarum
512 2115 660 2150 legionum
673 2114 785 2142 cladem
798 2119 825 2142 et
837 2117 1029 2150 perturbatio-

205 2169 271 2188 nem
288 2162 377 2196 atque
393 2158 571 2196 periculum,
597 2159 760 2194 assumptis
785 2167 883 2187 secum
908 2160 1028 2196 optimis

205 2204 296 2240 copiis
308 2204 369 2240 ipse
381 2211 432 2240 per
443 2211 474 2231 se
485 2205 631 2230 certamen
644 2203 678 2230 de
692 2211 808 2230 summa
826 2212 922 2231 rerum
939 2205 1028 2232 susti-

204 2250 303 2282 nebat,
320 2251 349 2276 et
365 2251 484 2276 strenue
507 2255 615 2274 munus
641 2247 755 2281 obibat;
781 2248 866 2284 cujus
890 2252 1027 2277 conatum

204 2293 394 2329 imperatoris
424 2291 534 2319 milites
559 2291 779 2326 propulsarunt.
805 2293 876 2320 Cum
904 2302 970 2322 vero
992 2294 1028 2322 de

203 2337 325 2365 victoris.
339 2337 455 2372 utrique
471 2335 624 2363 ambitiose
645 2337 864 2371 contenderent,
877 2337 1027 2367 horribilis

1065 214 1152 231 σασιν.
1170 204 1212 240 [Ρ.
1228 204 1292 239 863]
1304 203 1334 231 ⁸0
1350 201 1379 229 δὲ
1403 202 1533 240 ἄτεγκτος
1557 202 1602 236 ἦν,
1617 202 1661 230 καὶ
1674 203 1831 240 ἀτεράμων,
1846 206 1888 232 καὶ

1065 248 1247 286 ὑπερήφανος,
1263 247 1309 275 καὶ
1332 250 1382 282 τῆς
1409 245 1547 284 βασιλείας
1571 247 1609 283 μὴ
1631 246 1806 284 ἐξιστάμενος
1825 247 1891 284 μηδε

1065 295 1118 320 τῶν
1140 291 1281 329 πρωτείων
1305 293 1480 330 παραχωρῶν
1509 289 1547 318 ὧν
1568 290 1618 319 οὐκ
1632 292 1664 326 ἦν
1679 291 1786 329 κύριος,
1809 293 1890 321 Στέλυ

1067 337 1141 365 λεται
1157 337 1200 364 καὶ
1229 335 1339 373 δευτέρα
1368 333 1497 373 πρεσϐεία
1520 336 1588 373 πρὸς
1607 335 1698 370 αὐτὸν,
1726 336 1773 364 καὶ
1787 337 1893 374 γέγονεν

1066 382 1212 419 ἄπρακτος,
1229 381 1291 410 Ἔπί
1315 380 1400 418 ταύτῃ
1426 379 1455 408 δὲ
1482 380 1527 408 καὶ
1554 381 1634 417 τρίτη
1657 378 1789 418 πρεσϐεία
1803 385 1890 420 φοιτᾷ.

1068 425 1212 458 σταλέντος
1240 426 1383 462 Ῥωμανοῦ
1426 423 1656 463 πρωτοπροέὸρου
1695 425 1742 453 καὶ
1773 426 1891 463 μεγάλου

1069 470 1258 508 έταιρειάρχου
1306 467 1556 508 Στραϐορωμανοῦ.
1597 468 1660 497 οὐδ’
1705 469 1809 505 ἰκείνην
1849 471 1889 499 οὖν

1070 514 1190 552 δέχεται,
1217 514 1322 551 μᾶλλον
1356 515 1403 550 μὶν
1432 513 1477 541 οὖν
1502 514 1546 541 καὶ
1569 514 1616 541 τὸν
1631 513 1715 551 ἄνδρα
1729 514 1834 551 ἀτίμως
1849 514 1890 543 δέ-

1069 569 1160 597 χεται,
1188 559 1233 586 καὶ
1260 557 1317 586 οὐδ’
1342 559 1380 590 ὡς
1399 558 1428 586 ἐκ
1453 557 1589 596 βασιλέως
1604 557 1668 586 ἀλλ’
1686 559 1890 596 ὑποστρατήγου

1068 604 1142 635 τινὸς
1153 603 1340 631 ἀποσταλέντα
1356 612 1363 619 ⁸
1388 613 1477 630 καιτοι
1501 602 1572 640 ἱερὸν
1602 603 1670 630 εἶναι
1698 605 1779 639 σῶμα
1803 603 1890 642 ὁπρέ-

1069 645 1134 679 σϐυς
1155 647 1310 686 λελόγισται
1337 647 1383 675 καὶ
1409 647 1482 683 παρὰ
1503 649 1564 678 τοῖς
1591 646 1718 677 ἀπίστοις
1748 647 1842 678 αὐτοῖς
1856 648 1889 679 ὡς

1070 692 1182 731 εἰρήνης
1211 692 1322 729 μεσίτης
1354 691 1400 719 καὶ
1440 690 1610 725 διαλλάκτης
1646 693 1702 718 τῶν
1730 692 1888 728 μαχομένων

1069 737 1113 764 καὶ
1143 737 1297 771 πολεμικὰς
1337 737 1507 773 περιστάσεις
1544 732 1702 763 ἀποσοϐῶν.
1742 736 1839 764 Ἔπεσε
1864 735 1890 764 δὲ

1069 783 1216 817 τηνικαῦτα
1243 781 1296 808 ἀπὸ
1333 781 1506 817 ταυτομάτου
1544 780 1588 807 καὶ
1621 781 1638 815 ἡ
1673 781 1723 807 τοῦ
1751 780 1888 818 Βρυεννίου

1069 827 1167 862 σκηνὴ,
1193 828 1242 854 τοῦ
1263 825 1364 864 ὀρόφου
1401 825 1501 860 ταύτης
1536 824 1739 862 παραλυθέντος
1768 825 1888 862 ἀοράτοις

1071 870 1160 909 χερσί.
1177 871 1272 908 Γέγονε
1292 869 1320 897 δὲ
1343 869 1388 897 καὶ
1408 868 1528 906 ἔκλειψις
1555 872 1605 904 τῆς
1629 868 1762 904 σελήνης,
1782 867 1840 904 ἥτις
1853 869 1886 900 εἷς

1071 915 1150 944 αὐτὸν
1167 914 1328 951 ἐπέσκηψεν,
1354 914 1411 942 ἐπεὶ
1432 913 1477 942 καὶ
1506 913 1655 952 πεφύκασιν
1685 913 1724 945 ὡς
1751 913 1846 941 ἐπίπαν
1859 914 1888 941 τὰ

1071 962 1184 988 τοιαῦτα
1203 958 1406 996 τυραννούντων
1431 959 1599 996 καθαιρέσεις
1622 957 1740 994 δηλοῦν,
1763 958 1850 990 καθὼς
1868 959 1891 986 οἱ

1073 1004 1136 1043 περὶ
1156 1004 1205 1038 τήν
1229 1005 1283 1031 τῶν
1313 1002 1431 1041 ἀστέρων
1457 1002 1608 1041 ἀδόλεσχον
1633 1003 1804 1039 ματαιότητα
1817 1013 1889 1030 κατα-

1073 1049 1212 1087 γινόμενοι
1262 1048 1460 1085 τερατεύονται.
1511 1047 1726 1079 Ἐπανελθόντος
1769 1047 1812 1074 οὗν
1848 1050 1890 1075 τοῦ

1077 1091 1316 1132 Στραϐορωμανυῦ
1342 1093 1388 1120 καὶ
1411 1095 1461 1127 τῆς
1481 1089 1624 1130 πρεσϐείας
1647 1091 1788 1130 ἀπράκτου
1808 1093 1890 1128 μεινάη

1076 1149 1137 1174 σης,
1154 1136 1238 1176 ἔργων
1253 1137 1413 1174 πολεμικῶν
1437 1137 1451 1164 ὁ
1480 1136 1608 1174 βασιλεὺς
1629 1136 1723 1174 εἴχετο
1744 1137 1788 1164 καὶ
1801 1136 1890 1164 ἐπάὖ-

1075 1184 1121 1210 τὸν
1140 1183 1279 1210 συνέταττε
1302 1182 1333 1209 τὸ
1357 1182 1520 1219 στράτευμα,
1543 1181 1588 1209 καὶ
1617 1181 1726 1219 θαρρῶν
1750 1182 1798 1216 τὴν
1818 1181 1890 1208 αὐτοῦ

1076 1227 1222 1255 κατάλυσιν
1258 1224 1470 1264 προηγόρευσε·
1506 1226 1537 1253 τὸ
1576 1225 1629 1264 γὰρ
1671 1224 1800 1262 ᾀδόμενον
1826 1236 1889 1253 στοι-

1078 1275 1155 1310 χεῖον
1172 1273 1228 1308 (47)
1243 1273 1291 1299 τοῦ
1316 1275 1336 1298 Ν
1361 1270 1464 1298 ἁπλοῦν
1495 1270 1576 1306 μόνον
1596 1269 1643 1297 καὶ
1668 1270 1698 1298 οὐ
1719 1269 1827 1298 διπλοῦν
1840 1273 1890 1302 τοῖς

1077 1319 1161 1344 ταῦτα
1180 1313 1356 1355 φοιϐάζουσιν
1381 1314 1533 1343 ἐσκοπεῖτο.
1560 1314 1610 1342 Καὶ
1639 1313 1669 1342 δὲ
1687 1314 1732 1342 καὶ
1752 1314 1888 1352 στρατηγὸν

1079 1360 1225 1395 ἐπιστήσας
1250 1358 1295 1387 ἕνα
1327 1362 1379 1387 τῶν
1413 1357 1581 1397 εὐπατριδῶν
1620 1359 1667 1386 τὸν
1702 1355 1888 1395 νωϐελίσσιμον

1079 1405 1201 1440 Ἀλεξιον
1227 1405 1275 1432 τὸν
1321 1405 1476 1440 Κομνηνὸν,
1515 1403 1596 1441 μέγαν
1632 1403 1712 1431 αὐτὸν
1742 1401 1887 1440 δομέστικον

1079 1447 1298 1486 προϐαλόμενος,
1315 1449 1344 1480 ὃς
1357 1449 1402 1476 τὸν
1427 1447 1581 1476 Ῥουσέλιον
1611 1447 1777 1486 εὐμηχάνως
1790 1448 1819 1475 τὸ
1833 1447 1886 1485 πρὶν

1081 1495 1257 1533 ἐχειρώσατο,
1286 1494 1355 1521 κατὰ
1377 1495 1426 1521 τοῦ
1459 1492 1601 1531 Βρυεννίου
1641 1491 1747 1531 ἀφίησι,
1773 1493 1889 1530 φρονήσει

1080 1540 1124 1567 καὶ
1141 1537 1262 1570 διανοίας
1291 1537 1473 1575 οταθηρότητι
1501 1537 1612 1576 γερανὸν
1642 1536 1687 1565 καὶ
1715 1537 1781 1574 πρὸς
1806 1534 1887 1564 κινδύ-

1079 1594 1141 1614 νους
1157 1582 1329 1618 πολεμικοὺς
1342 1581 1449 1620 ἐδραῖόν
1464 1592 1493 1609 τε
1507 1581 1553 1609 καὶ
1569 1581 1785 1618 ἀπερικτύπητον
1802 1590 1808 1596 ·
1824 1581 1850 1611 ὃς
1859 1579 1888 1613 δὴ

1078 1628 1126 1659 τὰς
1144 1626 1271 1664 δυνάμεις
1284 1626 1439 1664 ἀνειληφὼς
1463 1626 1531 1653 κατὰ
1554 1627 1602 1653 τοῦ
1624 1626 1768 1663 Βρυεννίου
1782 1622 1888 1658 ἐϐάδιζε,

1079 1673 1124 1700 καὶ
1144 1673 1212 1710 πρὸς
1237 1672 1322 1699 τόπον
1352 1668 1514 1707 Καλαϐρύην
1546 1669 1782 1707 ἐπονομαζόμενον
1814 1667 1889 1696 διανα-

1081 1717 1174 1745 παύων
1196 1716 1241 1743 τὸν
1273 1715 1385 1753 στρατὸν
1415 1715 1497 1752 ἔμαθε
1519 1715 1592 1752 παρᾶ
1620 1717 1675 1742 τῶν
1705 1715 1809 1742 σκοπῶν
1829 1712 1888 1743 ὡςὸ

1080 1760 1225 1798 Βρυέννιος
1250 1759 1351 1797 ἐγγίζει
1388 1762 1554 1797 πανστρατιᾷ
1576 1761 1627 1794 τῆς
1650 1759 1771 1794 Μεσύνης
1798 1757 1888 1785 ἀπανα-

1081 1805 1155 1836 στάς.
1184 1805 1234 1833 Καὶ
1261 1804 1355 1831 αὐτίκα
1386 1805 1400 1831 ὁ
1438 1801 1641 1839 νωϐελῐσσιμος
1671 1802 1803 1840 Τούρκους
1834 1800 1889 1830 τοὺς

1081 1850 1177 1877 ἑαυτοῦ
1192 1848 1392 1885 ἀπολεξάμενος
1415 1848 1554 1885 ἀφικέσθαι
1581 1848 1630 1884 μὶν
1655 1846 1721 1885 ἄχρι
1740 1848 1786 1874 τοῦ
1802 1846 1888 1882 Βρυεν-

1081 1893 1142 1921 νίου
1173 1893 1322 1928 ἐκέλευσεν,
1357 1891 1482 1927 ἐπίδειξιν
1518 1890 1546 1919 ’ὀὶ
1580 1891 1780 1928 ποιησαμένους
1812 1889 1887 1926 μόνην

1081 1938 1164 1966 πάλιν
1192 1937 1389 1975 ἐπαναστρέψαι
1411 1938 1478 1974 πρὸς
1509 1937 1589 1964 αὐτόν
1607 1945 1615 1953 ·
1636 1936 1716 1966 αὐτὸς
1745 1933 1772 1962 δὶ
1799 1934 1889 1970 λόχους

1081 1983 1108 2010 ἐν
1131 1982 1283 2019 ἐπικαίροις
1304 1981 1426 2018 θέμενος,
1449 1981 1494 2008 καὶ
1518 1981 1552 2008 τὰ
1574 1982 1643 2008 κατὰ
1664 1980 1709 2007 τὸν
1734 1978 1838 2016 στρατὸν
1856 1977 1888 2005 ὡς

1083 2026 1191 2064 ἄριστον
1214 2025 1300 2054 ἐδόκει
1322 2025 1522 2062 διαταξάμενος,
1552 2022 1630 2061 ἔμενε
1657 2025 1707 2058 τήν
1734 2025 1779 2051 τοῦ
1801 2023 1888 2059 Βρυιν-

1083 2071 1142 2099 νίου
1158 2071 1307 2099 έπέλευσιν.
1333 2071 1474 2098 Φανέντων
1500 2069 1528 2098 δὲ
1544 2072 1598 2097 τῶν
1615 2068 1735 2106 σημείων
1752 2069 1802 2094 τῶν
1817 2075 1888 2102 στρα-

1082 2117 1223 2152 τευμάτων
1255 2116 1370 2152 ἀμφοῖν,
1415 2116 1459 2142 καὶ
1499 2113 1690 2150 ἀλαλαξάντων
1715 2110 1837 2148 ἑκατέρων
1861 2108 1886 2134 τὸ

1085 2160 1220 2195 ἐνυάλιον,
1250 2159 1372 2196 πόλεμος
1397 2159 1508 2194 συνέστη
1543 2158 1684 2196 κρατερός.
1704 2157 1747 2187 Ὧς
1775 2154 1801 2182 δὶ
1827 2153 1886 2189 ἑώρο

1084 2206 1098 2233 ὁ
1112 2205 1254 2242 Βρυέννιος
1272 2206 1326 2232 τῶν
1353 2204 1450 2231 ἑαυτοῦ
1472 2203 1620 2240 ταγμάτων
1644 2202 1692 2236 τήν
1717 2202 1794 2235 ἧτταν
1808 2197 1847 2225 καὶ
1859 2196 1886 2242 τὸ

1082 2247 1300 2286 τεθορυϐημένον
1317 2249 1360 2275 καὶ
1381 2247 1524 2285 σφαλερὸν,
1553 2247 1600 2278 τὰς
1624 2245 1763 2284 κρατίστας
1784 2245 1832 2270 τῶν
1846 2240 1886 2286 ei”

1083 2293 1156 2330 αὐτῷ
1181 2292 1321 2330 δυνάμεων
1360 2292 1514 2327 συνηλικὼς
1548 2291 1627 2322 αὐτὸς
1665 2290 1700 2318 δι’
1736 2288 1823 2316 ἑαυτοῦ
1845 2284 1885 2312 τὸν

1083 2338 1150 2376 ὖπὶρ
1176 2341 1229 2365 τῶν
1266 2337 1338 2365 ὅλων
1375 2337 1465 2374 ἀγῶνα
1503 2336 1655 2374 ἐκράτησεν.
1691 2330 1885 2369 Ἀπί-κρούσαντο

857 2414 983 2443 JACOBI
1004 2414 1115 2444 GOARI
1135 2415 1252 2443 NOTIE.

243 2471 297 2505 (57)
311 2470 369 2498 Vox
382 2470 623 2505 ambigua,quam
636 2478 692 2497 non
706 2471 871 2499 elementum
887 2473 974 2500 modo
986 2473 1030 2501 vel

208 2506 338 2538 litteram,
369 2507 419 2533 sed
454 2506 551 2542 potius
584 2507 688 2540 latum,
715 2512 822 2539 sortem.
852 2510 1030 2541 vaticinium,

206 2542 329 2603 pentum,
354 2542 539 2575 portendendi
561 2543 616 2568 vim
641 2547 666 2569 et
680 2549 758 2570 omen
775 2545 881 2572 referre
897 2553 955 2572 non
973 2553 1030 2572 uno

218 2584 269 2603 oco
285 2580 417 2603 notatum
434 2580 478 2603 est
495 2578 523 2603 in
537 2577 709 2603 Gedrenum.
728 2583 850 2603 Auctore
865 2588 932 2603 vern
956 2589 1029 2603 nun-

218 2584 269 2604 oco
285 2580 417 2604 notatum
434 2580 478 2605 est
495 2578 523 2604 in
537 2577 709 2605 Gedrenum.
728 2583 850 2607 Auctore
865 2588 932 2607 vero
956 2589 1029 2608 nus-

207 2620 304 2650 quam
326 2613 472 2640 scribente
496 2612 526 2638 τὸ
541 2623 563 2650 ,ν
588 2616 736 2650 στοιχεῖον,
761 2623 861 2642 verum
892 2618 1028 2650 στοιχεῖον

205 2648 254 2673 τοῦ
269 2647 331 2687 v.in_
343 2649 473 2687 secundo
488 2649 585 2687 potius
601 2647 688 2684 quam
707 2647 733 2677 in
751 2651 844 2685 primo
862 2647 1028 2687 significatu

208 2684 384 2722 sumendum
400 2684 538 2718 conjicio;
555 2685 677 2722 ejusque
695 2684 776 2722 meris
792 2689 837 2714 est
855 2684 923 2714 haic.
939 2689 962 2714 Α
977 2696 1029 2715 su-

208 2718 374 2758 perstitiose
390 2718 710 2758 nominuin-Nicepbori
726 2725 756 2749 et
771 2722 907 2758 Bryennii
923 2723 958 2750 de
973 2723 1029 2750 im-

207 2753 287 2788 perio
303 2753 512 2783 decertantium
528 2753 642 2784 litteras
656 2753 861 2792 primordiales
876 2758 899 2785 N
911 2761 938 2786 et
950 2760 970 2785 Β
981 2759 1029 2786 ob-

1086 2474 1282 2509 servantibus,
1299 2472 1376 2509 quod
1394 2471 1539 2509 fatale_est
1552 2473 1580 2498 et
1595 2471 1756 2509 portentum
1771 2462 1889 2509 inlini:

1086 2497 1144 2537 ξέιιί
1154 2497 1335 2544 Egens;
1344 2497 1564 2544 autem;
1574 2497 1778 2544 νςῖιδαερξηίμε,
1793 2497 1887 2544 εεᾳςξει

1086 2534 1451 2579 latumririii/Walligatum,
1476 2534 1514 2570 ut.
1533 2534 1887 2579 elementivipsiua‘liqgﬁ

1085 2571 1198 2608 rectum
1215 2571 1287 2614 sit,B
1302 2571 1368 2607 vero
1384 2579 1420 2606 ob
1436 2571 1510 2606 duos
1525 2578 1627 2612 gibbos
1641 2577 1669 2604 in
1681 2571 1781 2603 rectam
1791 2571 1886 2614 “nisi!

1086 2606 1491 2644 retortosvirnl'elicisrominis.
1521 2606 1625 2641 Mirum
1650 2618 1732 2648 porro
1748 2606 1884 2648 _q0&l!l“_¥'

1084 2638 1440 2687 superstiosiswv‘atvici'niis
1464 2650 1587 2684 imperio
1608 2638 1721 2687 labreute

1085 2675 1305 2725 ῐξιῖᾱξιῑίῑιῑζξῑη·
1313 2675 1378 2714 115E
1384 2675 1583 2725 -ιιξρέῆιῑοεέέέ
1596 2675 1628 2712 ei
1637 2683 1790 2725 optimates;
1795 2675 1883 2725 33153;

1085 2713 1531 2758 sibi—duserinttemperandum
1542 2730 1554 2758 ;_
1566 2721 1600 2748 ds
1613 2713 1717 2756 quibus
1738 2713 1882 2743 CedrenUS,

1086 2759 1201 2788 Nicetes
1216 2762 1245 2787 et
1259 2756 1401 2795 Gregoras
1413 2756 1604 2793 frequentius.
