1937 3055
74 119 132 149 469

838 119 1036 150 HISTORIA.

1725 118 1786 149 470

74 183 102 212 δὲ
116 184 166 219 τήν
181 184 280 212 τούτου
299 184 389 223 ὁρμὴν
402 185 428 212 οἱ
442 187 491 212 τοῦ
504 183 904 223 βασιλέως.ψιλοτιμουμὲνων

1005 185 1096 213 edam
1114 193 1215 221 pugna
1228 187 1254 212 et
1270 187 1367 213 metus
1393 185 1480 220 plena
1504 185 1630 213 conﬂata
1652 186 1707 220 est,
1733 185 1784 213 Co-

76 228 104 256 ὂὶ
133 228 266 264 ἀλλήλων
297 229 360 267 περὶ
387 232 437 264 τῆς
463 229 541 264 νίκης
573 228 780 264 καταπληκτική
809 240 851 260 τις
879 230 897 264 ἡ

77 272 154 310 μάχη
183 273 228 300 καὶ
260 271 346 312 φόϐου
377 274 462 309 μιστή
489 274 608 312 γέγονεν.
639 275 681 310 [Ρ.
711 275 774 310 864]
807 274 837 302 Ὁ
871 272 900 300 δὲ

79 317 220 355 Κομνηνὸς
232 317 358 354 σύνθημα
380 316 442 349 δοὺς
455 321 514 348 τοῖς
541 318 566 345 ἐν
595 321 654 348 τοῖς
683 317 780 356 λόχοις
809 317 899 345 διανα-

76 365 171 396 στῆναι
186 362 231 388 καὶ
246 365 306 393 τοῖς
331 361 463 393 ἐναντίοις
490 363 548 398 μεθ’
577 362 666 399 ὁρμῆς
693 363 782 399 βιαίας
811 361 900 390 εἰσϐα-

77 405 146 439 λεῖν,
183 406 288 443 τροπὴν
330 406 378 434 τοῦ
412 407 551 443 Βρυεννίου
584 407 724 444 εἰργάσατο
762 407 900 444 καρτεράν.

74 449 166 478 Ἑάλω
207 450 254 486 μὶν
285 449 331 477 οὖν
362 451 375 477 ὁ
404 451 544 488 Βρυὲννιος
587 454 648 487 ζῶν,
675 449 769 478 ἔπεσον
802 450 830 478 δὲ
858 450 902 478 καὶ

76 494 172 532 συχνοῖ
207 496 261 521 τών
292 494 386 530 αὐτοῦ,
413 494 535 522 ἑάλωσαν
570 494 598 523 δὲ
627 496 681 533 οὐχ
705 495 827 530 ἥττονες,
858 494 903 522 καὶ

77 538 184 575 μᾶλλον
215 539 240 565 οἱ
265 541 319 566 τῶν
336 538 431 566 ἄλλων
461 539 637 577 προέχοντες.
654 540 684 568 ὐ
713 538 742 567 δὶ
765 540 905 576 Βρυὲννιος

76 583 190 621 ληφθεὶς
221 584 270 615 τῆς
294 583 429 618 τοσαύτης
457 583 588 614 ἀπονοίας
607 585 758 620 πρόστιμον
785 585 835 618 τὴν
852 586 904 611 τῶν

76 626 227 666 ὀφθαλμῶν
260 627 401 666 ὑφίσταται
429 629 566 665 πήρωσιν,
595 628 688 656 πολλὰ
720 627 905 664 μετακλαυσά-

78 681 158 707 μενος
186 674 235 706 τῆς
267 669 431 704 δυσϐουλίας
459 671 564 701 ἑαυτόν.
581 673 611 701 Ὁ
641 671 670 700 δὲ
700 672 826 710 βασιλεὺς
855 673 904 707 τήν

77 716 252 754 εὐχαριστίας
268 717 387 749 ἀνέθετο.

113 761 276 797 Ἀναιρεῖται
306 760 334 789 δὲ
361 762 407 789 καὶ
428 761 574 799 ὂᾶδελφὸς
604 762 685 790 αὐτοῦ
714 762 740 789 ἐν
768 762 907 799 Βυζαντίῳ

79 806 152 843 παρὰ
166 808 220 833 τῶν
241 805 398 844 Βαράγγων.
416 808 472 835 Τοῦ
502 807 553 844 γὰρ
583 807 724 845 Βρυεννίου
753 807 906 842 ἀποπατή-

79 860 176 881 σαντος
204 851 249 878 καὶ
275 852 328 877 τῶν
364 850 440 882 ἐκτὸς
476 851 627 889 Βαράγγων
657 851 906 890 ὁμοφρονησάντιυν

81 893 156 930 αὐτῷ
183 894 209 922 οἱ
236 894 262 922 ἐν
288 897 328 931 τῷ
357 894 485 932 παλατίῳ
512 894 711 934 Βάραγγοιὲνα
725 897 785 923 τινὰ
807 897 907 923 ἑαυτῶν

80 938 272 976 ἐπιλεξάμενοι
301 940 370 976 πρὸς
404 939 468 972 τοὺς
501 941 643 976 ὁμοεθνεῖς
680 939 909 973 ἀποστέλλουσιν,

78 983 216 1018 ἀξιοῦντες
230 983 336 1022 ἀφεῖναι
357 984 405 1020 μὲν
419 985 466 1012 τὸν
485 985 653 1020 ἀποστάτην,
670 989 803 1024 φρονῆσαι
829 984 857 1012 δὲ
878 985 912 1012 τὰ

83 1027 231 1066 βασιλέως.
264 1029 396 1060 Γνωσθεὶς
433 1028 462 1056 δὲ
494 1029 539 1057 καί
567 1030 712 1068 κρατηθεὶς
740 1029 857 1062 ἰτασθεῖς
883 1040 913 1056 τε

84 1070 211 1111 σφοδρῶς
241 1076 326 1101 πᾶσαν
371 1073 522 1110 ἀνεκάλυψε
558 1077 612 1105 τῶς
652 1075 824 1111 μηνυΘὲντων
862 1075 911 1109 τὴν

89 1115 224 1152 δήλωσιν,
241 1120 374 1155 στερεῖται
391 1117 419 1145 δὲ
447 1119 491 1146 καὶ
506 1122 556 1153 τῆς
571 1118 656 1156 ῥινὸς,
672 1119 744 1156 παρὰ
759 1121 806 1146 τοῦ
822 1119 912 1147 Ἰωάν-

88 1171 135 1188 νου
149 1161 250 1196 ταύτην
274 1159 421 1197 λωϐηθείς.
438 1163 515 1194 Ὀθεν
538 1163 583 1190 καὶ
611 1164 649 1200 μὴ
678 1163 772 1199 πράως
801 1162 913 1201 ἐνεγκὼν

89 1205 138 1239 τὴν
169 1203 246 1243 ὕϐριν
270 1207 302 1240 ἣν
325 1207 454 1234 πέπονθεν
481 1208 494 1234 ὁ
520 1205 659 1245 Βάρϐαρος
693 1208 839 1246 ἀναιρεῖται
869 1208 914 1235 τὸν

92 1250 217 1284 Ἰωάννην
248 1250 352 1286 ἐξιόντα
378 1254 427 1278 τοῦ
453 1252 597 1288 παλατίου,
619 1252 768 1290 μαχαίραις
798 1252 914 1284 ἐθνικαῖς

87 1294 242 1330 κατακόψας
277 1295 368 1323 αὐτόν.
395 1296 591 1330 Ἐπανέστησαν
617 1295 644 1323 δὲ
669 1297 714 1324 καὶ
738 1299 777 1332 τῷ
807 1297 915 1334 βασιλεῖ

86 1338 114 1365 οὶ
146 1338 295 1376 Βάραγγοι,
323 1339 368 1366 καὶ
405 1338 619 1378 διαχειρίσασθαι
657 1341 738 1368 αὑτὸν
774 1339 911 1369 ἔσπευδον.

89 1382 324 1419 ’Λντιταξαμένων
360 1382 388 1410 Si
415 1384 523 1415 τούτοις
551 1387 604 1411 τῶν
636 1387 684 1412 τοῦ
714 1385 847 1423 βασιλέως
876 1385 913 1417 τῖς

88 1426 208 1457 ἱκετείας
239 1427 398 1464 ἐτράποντο,
422 1429 465 1455 καὶ
490 1429 535 1455 τὸν
570 1427 684 1466 βασιλέα
707 1429 914 1466 ὶξιλεωσάμενοι

87 1470 192 1508 συγγνώ
197 1482 234 1508 μη
239 1482 251 1503 ς
267 1471 373 1510 ἔτυχον.

124 1515 156 1543 Ὀ
181 1514 210 1542 δὶ
235 1515 364 1553 βασιλεὺς
387 1520 436 1552 τῆς
460 1518 584 1554 γυναικὸς
608 1518 690 1545 αὐτοῦ
717 1517 916 1553 τελευτησάσης

956 237 1086 257 mnenus
1101 232 1199 257 autem
1217 230 1303 265 signo
1319 230 1389 257 dato
1406 230 1443 258 iis
1459 230 1509 266 qui
1527 231 1555 257 in
1573 229 1692 257 insidiis
1704 232 1788 257 erant

953 276 987 302 ut
997 277 1184 310 erumpentes
1194 274 1223 301 in
1238 274 1336 302 hostes
1345 273 1470 302 violento
1482 274 1593 310 impetu
1605 273 1784 307 invaderent,

955 321 1058 346 auctor
1073 319 1128 346 fuit
1145 321 1176 346 ut
1192 318 1355 354 Bryennius
1371 319 1584 354 proﬂigaretur.
1609 320 1717 353 Caplus
1740 320 1785 346 est

956 363 1049 398 igitur
1065 363 1225 399 Bryennius
1242 363 1335 396 vivus,
1352 363 1450 398 plures
1466 371 1501 390 ex
1525 363 1620 398 ipsius
1644 362 1785 390 militibus

957 409 1130 440 occubuere,
1147 410 1174 435 et
1196 408 1273 435 haud
1302 408 1452 443 pauciores
1477 408 1567 444 capti,
1592 409 1621 435 et
1645 407 1694 443 qui
1719 406 1785 434 aliis

960 453 1149 488 praestabant.
1168 452 1332 488 Bryennius
1344 454 1441 479 autem
1455 454 1558 488 captus
1570 454 1659 479 tanta
1671 451 1788 479 demen-

959 497 1005 524 tiae
1018 505 1118 532 pmnas
1130 496 1426 524 sustinuitoculorum
1440 497 1643 530 amissionem,
1659 495 1786 523 multum

960 549 1059 569 secum
1079 541 1183 576 lugens
1200 550 1232 568 ac
1252 550 1434 576 conquerens
1452 541 1487 568 de
1507 549 1560 568 suo
1576 541 1703 577 pessimo
1718 548 1787 568 con-

961 585 1037 613 silio.
1054 587 1116 618 Qua
1131 585 1166 612 de
1181 593 1211 612 ro
1226 586 1332 613 certior
1344 586 1438 612 factus
1454 585 1611 620 imperator
1626 585 1684 612 Deo
1700 587 1787 620 atque

961 629 1025 665 ejus
1042 629 1125 657 Matri
1143 629 1301 664 gratiarum
1319 629 1447 656 actiones
1464 629 1612 664 persolvit.

933 671 1058 711 ἀγγελίαν
1088 671 1231 709 δεξάμενος
1254 675 1294 708 τῷ
1322 674 1379 708 Θεῷ
1399 672 1444 699 καὶ
1469 674 1504 708 τῇ
1533 671 1614 699 αὐτοῦ
1632 671 1716 708 μητρί
1738 670 1786 702 τὰς

997 763 1145 791 Occiditur
1159 763 1246 791 etiam
1263 763 1352 791 frater
1367 764 1460 800 ipsius
1486 763 1614 800 Byzantii
1641 771 1657 789 a
1682 764 1787 789 Baran-

961 808 1008 845 gis
1025 817 1031 836 :
1050 816 1115 836 nam
1132 816 1198 835 cum
1215 808 1378 844 Bryennius
1393 809 1545 836 defecisset
1559 809 1587 835 et
1602 815 1668 835 cum
1683 814 1716 834 eo
1731 808 1785 833 Ba-

963 853 1045 889 rangi
1063 853 1112 888 qui
1138 855 1219 880 extra
1243 857 1325 880 erant
1348 853 1580 888 conspirassent,
1605 851 1729 887 Barangi
1755 851 1785 878 in

964 897 1071 932 palatio
1087 897 1231 924 delectum
1249 905 1340 924 unum
1356 906 1390 925 ea
1416 897 1478 925 suis
1504 897 1539 924 ad
1568 904 1637 924 suos
1662 894 1786 931 gentiles

966 942 1099 974 mittunt,
1117 944 1248 977 petentes
1265 944 1297 968 ut
1312 942 1412 969 relicto
1433 941 1575 977 perduelli
1600 941 1635 967 ad
1661 940 1789 975 impera-

965 988 1058 1014 torem
1075 986 1245 1014 accederent
1271 986 1323 1013 Sed
1341 986 1475 1022 cognitus
1490 988 1518 1013 et
1534 985 1670 1012 detentus
1695 983 1790 1020 gravi-

966 1033 1069 1066 terque
1082 1030 1267 1058 examinatus
1284 1030 1383 1058 omnia
1408 1039 1470 1066 quae
1494 1029 1550 1058 sibi
1575 1028 1706 1056 indicata
1732 1028 1790 1055 fue-

967 1078 1034 1103 rant
1049 1075 1173 1111 aperuit.
1189 1075 1240 1103 Cui
1263 1075 1390 1103 Joannes
1414 1075 1450 1102 ob
1475 1074 1529 1102 hoc
1550 1074 1680 1101 ott‘ensus
1704 1080 1790 1100 nares

970 1122 1113 1156 amputat.
1139 1120 1233 1152 Quare
1258 1119 1335 1147 haud
1361 1127 1443 1154 (equo
1465 1119 1563 1146 animo
1579 1117 1789 1146 contumeliam

968 1164 1044 1192 hanc
1060 1164 1155 1191 ferens
1171 1163 1316 1191 Barbarus
1342 1163 1485 1191 Joannem
1510 1171 1525 1191 θ
1552 1162 1659 1199 palatio
1683 1170 1789 1190 exeun-

969 1211 1026 1237 tem
1052 1209 1168 1241 occidit,
1201 1208 1275 1236 738
1303 1208 1405 1244 gentili
1435 1208 1531 1244 gladio
1559 1207 1658 1243 ipsum
1689 1214 1789 1242 percu-

968 1253 1053 1281 tiens.
1071 1253 1101 1280 ln
1119 1253 1324 1288 imperatorem
1343 1260 1460 1288 quoque
1486 1252 1610 1287 Barangi
1637 1251 1788 1278 insurexe-

969 1303 1049 1332 runt,
1064 1306 1191 1334 eumque
1207 1299 1338 1325 occidere
1352 1298 1518 1325 studebant.
1534 1297 1641 1324 Verum
1666 1305 1732 1324 cum
1749 1298 1790 1323 'se

968 1343 1026 1370 illis
1052 1343 1258 1379 opposuissent
1284 1341 1468 1378 imperatoris
1495 1341 1613 1375 milites,
1639 1341 1674 1368 ad
1691 1348 1791 1377 preces

969 1387 1101 1416 conversi
1131 1387 1245 1423 placato
1281 1386 1456 1422 imperatore
1490 1386 1605 1413 veniam
1639 1384 1788 1413 consecuti

969 1436 1049 1460 sunt.

1006 1521 1166 1557 Imperator
1179 1522 1288 1555 autem,
1313 1520 1373 1548 vita
1397 1520 1498 1547 functa
1519 1520 1584 1554 ejus
1609 1527 1697 1546 uxore
1726 1519 1794 1546 Ber-

90 1563 139 1594 τῆς
183 1559 320 1596 Βερδηνῆς
358 1562 413 1597 ἅμα
450 1563 484 1598 τῇ
513 1561 658 1600 ἀναῤῥήπι
689 1562 913 1600 ἀναγορευθείσης

1001 1574 1055 1598 ιηα,
1083 1573 1145 1601 qua
1174 1573 1232 1592 una
1247 1573 1313 1592 cum
1330 1564 1394 1601 ipso
1410 1564 1507 1600 regina
1525 1563 1673 1591 declarata
1689 1563 1791 1596 fuerat,

88 1603 134 1630 καὶ
160 1603 254 1638 αὺτῆς,
279 1605 370 1640 ἑτάραν
391 1605 517 1644 ἠγάγετο.
542 1606 645 1634 Πολλαὶ
683 1607 730 1643 μὶν
760 1607 811 1644 γὰρ
841 1607 913 1642 αὐτῷ

91 1648 287 1684 ἐμνηστεύοντο
306 1659 312 1665 ’
341 1651 400 1685 Ζωή
431 1660 460 1678 τε
489 1651 541 1688 γὰρ
569 1652 587 1686 ἡ
617 1654 665 1678 τοῦ
701 1651 835 1688 βασιλέως
864 1654 913 1679 τοῦ

91 1693 181 1719 Δούκα
203 1693 334 1731 θυγάτηρ,
359 1695 491 1731 παρθένος
516 1694 582 1722 οὖσα
605 1696 649 1722 καὶ
670 1698 710 1732 τῷ
725 1694 788 1723 εἴδει
819 1695 914 1733 εὐπρε-

93 1740 159 1771 πής,
175 1735 249 1764 ἀλλὰ
271 1738 316 1765 καὶ
340 1741 394 1766 τῶν
417 1739 605 1777 συγκλητικῶν
634 1740 774 1778 θυγατέρες
799 1740 914 1775 πολΛαῖ,

93 1781 166 1819 ὤραν
191 1780 303 1819 ἔχουσαι
323 1783 423 1820 γάμου·
443 1784 457 1811 ὁ
487 1782 516 1811 δὲ
537 1784 598 1820 μίαν
623 1785 717 1822 ᾑρεῖτο
740 1787 794 1812 τῶν
823 1784 914 1820 δύο,ἧ

91 1826 140 1859 τήν
169 1828 218 1853 τοῦ
247 1827 334 1854 Δούκα
363 1827 477 1864 σύζυγον
513 1828 557 1855 καὶ
591 1829 665 1860 αὖθις
699 1831 748 1856 τοῦ
777 1829 917 1866 Διογὲνους

94 1869 237 1903 Εὐδοκίαν,
253 1870 270 1905 ἢ
283 1873 330 1898 τοῦ
347 1869 463 1909 ἔναγχος
482 1872 673 1909 βασιλεύοντος
685 1873 801 1911 Μιχαὴλ
814 1874 916 1911 Μαρίαν

91 1915 141 1948 τήν
158 1913 184 1949 ἐξ
199 1914 459 1943 Ἀλανῶν.Στὲλλει
469 1919 534 1953 γοῦν
547 1915 703 1953 ληψόμενος
713 1919 762 1952 τὴν
776 1917 916 1945 Εὖδοκίαν⁹

92 1959 108 1992 ἡ
127 1957 156 1985 δὲ
172 1958 318 1993 ἠκολούθει
344 1963 512 1998 περιχαρῶς.
531 1962 617 1998 ’Ὅπερ
645 1962 725 1998 γνοὺς
742 1962 756 1989 ὁ
771 1965 919 1998 τηνικαῦτα

92 2002 133 2029 ἐπ’
162 2002 244 2040 ἀρετῄ
275 2001 490 2040 ὃιαϐεϐοημὲνος
520 2005 654 2042 μοναχὸς,
675 2006 704 2033 ὃν
726 2005 758 2041 δὴ
781 2007 826 2034 καὶ
851 2018 917 2034 παν-

92 2046 168 2085 άγιον
184 2048 239 2084 (48)
256 2048 312 2075 ἀντ’
326 2048 415 2076 ἄλλου
430 2049 529 2080 παντὸς
544 2048 657 2077 ἐκάλουν
681 2050 822 2086 ὀνόματος,
838 2053 918 2079 παντὶ

92 2092 188 2129 τρόπῳ
213 2091 376 2120 διακωλύειν
407 2092 557 2121 ἐσπούδασε
581 2095 612 2122 τὸ
640 2095 780 2132 ἆτόπημα,
805 2095 917 2124 πολλῶν

95 2136 258 2172 ὑπομνήσας
274 2136 356 2171 αὐτὴν
373 2138 425 2164 τῶν
453 2137 606 2175 δυναμένων
633 2139 755 2167 κωλῦσαι
779 2144 827 2175 τῆς
851 2151 918 2178 προ-

95 2180 206 2217 θυμίας.
243 2182 351 2219 Ἀγεται
387 2182 480 2210 τοίνυν
518 2184 568 2218 τήν
605 2183 709 2221 Μαρίαν
749 2185 920 2223 ἀπηρυθρια-

94 2225 200 2262 σμένως
225 2226 238 2253 ὁ
265 2225 404 2264 βασιλεὺς,
420 2227 464 2254 καὶ
487 2227 667 2266 ἱερολογεῖται
687 2229 765 2266 αὐτῇ,
788 2230 832 2257 καὶ
854 2241 920 2267 παρ·
935 2247 960 2278 D

95 2271 191 2299 αυτίκα
214 2272 381 2307 καθαιρεῖται
407 2272 421 2300 ὁ
443 2273 530 2310 ἱερεὺς
553 2274 589 2304 ὡς
614 2277 766 2312 προφανοῦς
796 2275 920 2313 μοιχείας

95 2314 301 2352 τετιλεσμὲνης.
318 2316 349 2344 Ὁ
377 2315 404 2344 δὲ
429 2316 547 2354 Μιχαὴλ
576 2319 626 2352 τήν
653 2318 735 2356 τρίχα
759 2321 918 2357 κειράμενος

95 2360 181 2398 ψήφῳ
196 2361 244 2387 τοῦ
269 2361 440 2398 πατριάρχου
465 2361 510 2388 καὶ
539 2365 592 2389 τῶν
619 2363 831 2400 μητροπολιτῶν
859 2375 919 2402 χει-

94 2406 246 2441 ροτονεῖται
271 2405 385 2442 Ἐφέσου
410 2405 564 2443 ἀρχιερεύς.
591 2407 678 2442 ’Ἀπαξ
716 2408 806 2444 μέντοι
836 2409 918 2445 μόνον

95 2448 121 2476 ιν
147 2448 236 2486 ἰκείνῃ
262 2448 398 2487 ὗφοίτησε,
425 2449 470 2476 καὶ
496 2450 666 2489 ὑποστρέψας
695 2450 798 2488 ἔμεινεν
832 2452 858 2480 ἐν
885 2456 919 2491 τῇ

92 2495 142 2520 τοῦ
157 2492 287 2527 Μανουὴλ
316 2495 400 2530 μονῇ,
415 2495 509 2531 χιρσὶν
536 2493 616 2526 ἰδίαις
641 2495 831 2533 ἐργαζόμενος.
851 2499 919 2525 Ἐτι-

96 2538 173 2574 μήθη
204 2537 233 2564 δὲ
261 2536 444 2577 διαφερόντως
473 2539 525 2566 ὑπὸ
539 2541 588 2566 τοῦ
605 2541 672 2576 μετὰ
686 2543 769 2569 ταῦτα
797 2541 920 2579 βασιλεύ-

93 2592 190 2613 σαντος
207 2582 331 2618 Ἀλεξίου
352 2585 402 2610 τοῦ
427 2586 582 2620 Κομνηνοῦ,
608 2586 649 2622 [Ρ.
675 2586 739 2622 865]
764 2585 804 2625 ἰφ³
826 2587 857 2614 οὗ
886 2585 919 2622 δὴ

967 1610 1055 1637 aliam
1072 1609 1171 1637 duxit:
1186 1609 1284 1637 multis
1299 1609 1377 1636 enim
1395 1609 1450 1645 ipsi
1467 1608 1792 1644 despondebantur,Zoe

967 1654 1153 1690 imperatoris
1171 1656 1254 1681 Ducw
1271 1653 1340 1687 filia,
1353 1654 1434 1690 virgo
1456 1656 1484 1680 et
1508 1654 1600 1680 forma
1625 1653 1740 1686 decora,
1765 1654 1794 1679 et

969 1703 1138 1726 senatorum
1155 1698 1219 1725 ﬁlia:
1235 1698 1333 1725 multae
1349 1700 1432 1725 astate
1443 1698 1505 1732 jam
1525 1697 1649 1724 nubiles.
1665 1697 1718 1724 Sed
1745 1695 1793 1724 ille

970 1751 1059 1770 unam
1075 1751 1090 1770 e
1107 1743 1221 1770 duabus
1237 1742 1364 1778 petebat,
1381 1741 1425 1769 vel
1442 1749 1562 1769 uxorem
1580 1741 1663 1768 ducis
1678 1749 1711 1768 ac
1728 1749 1792 1768 rur-

971 1796 1023 1815 sus
1037 1787 1173 1822 Diogenis
1190 1787 1360 1821 Eudociam,
1376 1787 1420 1814 vel
1437 1785 1600 1818 Michaelis,
1626 1785 1675 1820 qui
1699 1793 1795 1824 nuper

973 1834 1151 1868 regnaverat,
1178 1832 1299 1858 Mariam
1323 1839 1357 1858 ex
1382 1831 1490 1857 Alanis.
1517 1830 1603 1856 Mittit
1630 1829 1721 1865 igitur
1745 1829 1795 1865 qui

973 1877 1029 1904 sibi
1042 1875 1390 1906 adducereutEudociam,
1416 1883 1480 1910 quae
1506 1882 1572 1901 cum
1600 1881 1722 1900 summa
1749 1882 1796 1900 vo-

971 1921 1084 1957 luptate
1105 1920 1294 1956 sequebatur.
1321 1920 1382 1952 Quo
1406 1918 1523 1955 cognito
1548 1918 1720 1952 monachus,
1746 1918 1795 1953 qui

972 1968 1042 1993 tunc
1070 1973 1190 1992 summa
1215 1973 1280 1992 cum
1305 1964 1411 1991 virtute
1434 1963 1555 1995 vixerat,
1572 1970 1721 1998 quemque
1746 1970 1796 1997 pro

973 2011 1029 2038 alio
1046 2010 1148 2045 quovis
1164 2009 1281 2036 nomine
1298 2007 1519 2036 sanctissimum
1543 2006 1796 2038 vocabant,omni-

971 2055 1028 2083 bus
1045 2055 1140 2082 modis
1155 2054 1266 2082 studuit
1292 2053 1435 2089 impedire
1459 2052 1620 2079 absurdum
1646 2052 1699 2078 hoc
1725 2051 1796 2078 faci-

974 2109 1041 2133 nus,
1068 2099 1161 2127 multa
1186 2101 1213 2126 et
1236 2098 1265 2125 in
1283 2097 1454 2126 memoriam
1472 2097 1608 2132 redigens
1623 2104 1687 2131 quae
1702 2095 1796 2131 ipsam

974 2145 1009 2172 ab
1027 2145 1081 2172 hac
1096 2143 1257 2179 cupiditate
1273 2142 1432 2178 reprimere
1447 2143 1576 2178 possent.
1600 2140 1685 2168 Ducit
1709 2140 1799 2176 igitur

973 2189 1104 2221 Mariam,
1131 2188 1209 2215 omni
1235 2188 1346 2223 pudore
1361 2189 1484 2220 remoto,
1500 2186 1670 2221 imperator,
1686 2186 1713 2212 et
1729 2192 1796 2211 cum

975 2233 1038 2268 ipsa
1067 2232 1222 2268 sacrilegio
1248 2231 1449 2266 conjungitur,
1475 2230 1632 2265 statimque
1658 2229 1796 2256 sacerdos

975 2277 1127 2305 abdicatur
1143 2278 1175 2303 ut
1189 2281 1288 2312 aperto
1310 2275 1470 2303 commisso
1493 2274 1649 2302 adulterio.
1675 2272 1798 2300 Michael

974 2324 1070 2349 autem
1085 2321 1215 2349 detonsis
1230 2320 1343 2356 capiliis
1359 2320 1505 2347 sententia
1522 2318 1691 2355 patriarcha;
1703 2319 1731 2344 et
1742 2325 1802 2344 me-

975 2365 1178 2402 tropolitarum
1189 2365 1292 2401 Ephesi
1306 2364 1544 2399 archiepiscopus
1553 2361 1801 2399 deligitur.Semel

974 2412 1071 2438 tamen
1088 2410 1122 2437 ad
1148 2410 1243 2445 ipsam
1273 2409 1373 2437 urbem
1400 2408 1533 2441 accessit,
1560 2410 1588 2435 et
1611 2414 1746 2434 reversus
1772 2406 1801 2432 in

974 2455 1117 2482 Manuelis
1143 2454 1352 2482 monasterium
1378 2453 1418 2480 ibi
1444 2452 1564 2484 mansit,
1581 2451 1643 2479 suis
1660 2450 1799 2479 manibus

975 2499 1139 2527 elaborans.
1156 2499 1276 2535 Egregie
1293 2506 1359 2526 vero
1375 2498 1473 2525 cultus
1488 2499 1534 2525 est.
1549 2497 1585 2524 ab
1600 2495 1700 2524 Alexio
1725 2495 1800 2522 789

975 2546 1134 2576 Comneno,
1159 2543 1209 2579 qui
1236 2543 1422 2578 postmodum
1450 2541 1618 2578 imperavit,
1641 2540 1696 2568 sub
1712 2540 1799 2575 cujus

976 2588 1065 2616 etiam
1081 2588 1204 2624 imperio
1219 2587 1296 2615 diem
1312 2594 1399 2614 suum
1415 2585 1585 2620 ohiit,suam
1602 2592 1722 2613 uxorem
1739 2583 1801 2610 Ma-

750 2673 872 2702 JACOBI
891 2674 1001 2703 GOARI
1021 2674 1138 2702 NOTE.

132 2745 188 2781 (48)
204 2742 322 2781 Ἀγίους,
341 2746 375 2772 ut
389 2743 482 2781 Latini
497 2745 613 2780 fratres,
629 2752 660 2772 se
676 2746 778 2772 mutuo
793 2745 921 2773 vocitant

96 2781 188 2810 Graeci
204 2780 340 2809 monachi
359 2789 365 2808 :
382 2780 461 2808 hunc
475 2780 573 2817 itaque
588 2788 639 2809 ceu
654 2781 802 2817 praecipua
816 2781 922 2810 sancti-

975 2747 1034 2772 tate
1051 2744 1209 2780 fulgentem
1225 2741 1355 2780 πανάγιον
1377 2742 1604 2779 compellabant.
1632 2741 1698 2769 Haec
1723 2735 1801 2773 apud

976 2781 1090 2810 ϐιαιοοε
1106 2780 1225 2809 honoris
1240 2782 1380 2807 monstra.
