1937 3050
157 106 214 136 471

814 106 979 138 JOANNIS
1001 105 1200 136 SCYLITZE

1801 98 1866 128 472

153 174 240 208 riam,
271 175 339 210 post
369 174 526 202 Botaniataa
555 174 772 202 abdicationem
804 173 978 202 monacham

1075 174 1078 198 ἲ
1109 171 1257 207 ἐκοιμήθη,
1286 170 1336 204 τὴν
1363 170 1458 198 ἑαυτοῦ
1495 167 1609 205 σύζυγον
1649 165 1754 204 Μαρίαν
1796 163 1868 201 μετὰ

153 218 272 252 factam,
289 219 373 247 venia
389 227 489 248 eorum
506 228 569 256 quae
585 219 614 247 in
632 228 663 247 se
678 220 838 247 admiserat
865 219 894 246 in
915 218 980 254 ipsa

160 265 252 292 morte
268 263 416 299 dignatus.

193 417 374 453 Nicephorus
404 419 503 444 autem
533 416 696 444 Basilacius
725 416 839 451 primus
864 422 983 450 praeses,

160 469 226 489 cum
244 461 435 495 Dyrrachium
453 461 642 496 pervenisset,
658 461 815 488 exercitum
837 468 872 487 ex
887 458 984 487 omni-

158 506 214 533 bus
243 505 302 533 illis
317 505 389 533 locis
405 506 511 541 coegit.
533 504 691 533 Accersivit
704 505 790 532 etiam
809 507 934 532 Francos
951 511 985 530 ex

158 549 246 578 Italia
262 558 313 586 per
327 550 498 586 episcopum
511 549 636 577 Diabolm
647 549 841 576 Theodosium
859 547 986 576 muneri-

160 594 216 622 bus
248 603 281 622 ac
310 594 396 622 donis
425 595 565 622 adversus
595 594 774 629 Bryennium
803 593 984 621 conciliatos.

160 639 264 667 Coacto
280 641 379 667 autem
396 639 500 667 idoneo
516 639 643 667 exercitu
659 647 693 666 ex
710 638 826 666 Francis
841 640 870 666 et
881 637 986 672 Bulga-

162 685 203 711 ris
228 684 426 720 Romanisque
450 688 478 711 et
499 683 659 717 Arbanitis,
686 684 833 718 prolectus
857 682 926 709 inde
950 681 986 708 ad

163 728 404 757 Thessalonicam
420 728 631 762 contendebat;
657 735 784 763 cumque
808 726 989 762 pervenisset

163 773 317 808 Achridas,
342 773 479 809 cupiebat
508 772 548 800 ibi
578 772 731 806 declarari,
753 772 804 799 sed
835 770 989 806 diligentia

164 826 198 845 ac
223 819 321 846 studio
347 817 426 845 illius
442 817 492 852 qui
509 817 549 844 ibi
561 816 798 852 archiepiscopus
813 818 874 843 erat
890 815 989 851 prohi-

1033 216 1083 250 τὴν
1098 218 1153 243 τοῦ·
1175 215 1356 244 Βοτανειάτου
1383 213 1536 248 καθαίρεσιν
1564 211 1690 249 μοναχὴν
1714 209 1867 248 γενομένην

1036 259 1203 297 συμπαθείας
1225 261 1279 287 τῶν
1309 259 1348 290 είς
1374 258 1458 294 αὐτὴν
1483 255 1665 293 ἐπταισμένων
1693 254 1811 290 ἀξιώσας
1842 253 1869 280 ἰν

1035 306 1071 342 τῇ
1086 304 1210 342 τελευτῇ.

1075 413 1104 441 Ὸ
1128 411 1156 439 δὶ
1177 409 1407 449 πρωτοπρόεδρος
1432 409 1588 448 Νικηφόρος
1610 408 1624 435 ’ὲ
1643 406 1810 436 Βασιλάκιος
1838 404 1872 431 τὸ

1039 457 1193 495 Δυρῥάχιον
1222 454 1384 484 καταλαϐὼν
1416 454 1527 491 στρατὸν
1561 453 1687 488 ἤθροιζεν
1718 450 1749 478 ἐκ
1773 450 1872 477 πασῶν

1039 504 1092 529 τῶν
1123 501 1208 529 ἐκεῖσε
1236 503 1349 539 χωρῶν,
1372 500 1564 536 μετεπέμψατο
1594 496 1622 524 8‘s
1650 498 1694 524 καὶ
1723 495 1872 539 Φράγγους

1041 546 1065 583 ἐξ
1093 545 1208 577 Ἰταλίας
1310 547 1358 572 τοῦ
1388 543 1536 571 ἐπισκόπου
1576 539 1733 571 Διαϐολὲως
1769 537 1872 567 Θεοδο-

1041 582 1111 625 σίου,
1128 589 1287 630 φιλοτίμοις
1313 592 1371 620 ταῖς
1400 588 1524 624 ἇξιώσεσι
1551 586 1618 614 κατὰ
1645 587 1693 613 τοῦ
1720 582 1872 621 Βρυεννίου

1041 635 1281 671 συσκευαζόμενος.
1306 632 1493 671 Συναγηοχὼς
1516 631 1544 659 δὲ
1570 629 1694 668 στρατιὰν
1722 626 1871 664 ἀξιόλογον

1043 680 1072 708 ἐκ
1098 691 1128 708 τε
1155 681 1289 718 Φράγγων
1329 679 1374 706 καὶ
1410 678 1572 714 Βουλγάρων
1601 673 1742 711 Ῥωμαίων
1769 682 1800 718 τε
1823 671 1872 718 καὶ

1042 715 1305 763 Ἀρϐανιτῶνξόίρας
1334 723 1433 751 ἐκεῖθεν
1461 722 1529 759 πρὸς
1559 718 1757 752 Θεσσαλονίκην
1785 715 1872 751 ἠπεί-

1043 761 1117 807 γετο.
1134 770 1294 808 Ἀφιγμένος
1311 767 1339 795 δὲ
1350 767 1388 798 εἷς
1403 765 1534 804 Ἀχρίδας
1549 762 1685 800 ἠϐούλετο
1706 762 1754 799 μὶν
1783 761 1874 808 ἐκεῖσε

1044 805 1266 852 ἀναγορευθῆναι,
1296 811 1401 849 σπουδῇ
1431 810 1460 839 δὲ
1487 812 1535 838 τοῦ
1560 809 1645 837 ἐκεῖκε
1658 805 1873 852 ἀρχιερατεύον-

163 863 243 890 bitus
260 862 324 889 fuit.
342 850 556 889 Thessalonicae
571 850 668 888 autem
693 850 799 888 certior
823 850 916 887 factus
940 861 983 887 est

1076 850 1249 893 {autem}.
1274 859 1317 886 ’Ev
1343 856 1372 884 δὲ
1396 854 1583 891 Θεσσαλονίκῃ
1612 852 1758 890 γενόμενος
1787 850 1875 883 ἐπλη-

163 907 198 935 de
222 907 380 934 Botaniata
406 905 612 939 declaratione,
638 908 666 933 et
689 905 800 933 litteras
816 905 934 941 quidem
951 905 987 932 ad

163 952 262 988 ipsum
278 952 370 984 misit,
388 950 496 986 quibus
511 958 542 978 se
567 951 592 978 ei
618 951 782 985 subjectum
807 949 985 978 declarabat.

163 997 271 1025 Verum
288 996 363 1024 clam
381 999 481 1023 contra
496 1003 564 1023 eum
580 995 678 1023 nescio
703 995 773 1030 quid
799 994 985 1028 moliebatur,

163 1042 297 1076 adjutore
306 1040 361 1068 sibi
380 1041 415 1067 ad
428 1040 482 1067 hoc
493 1039 584 1067 ascito
602 1040 729 1076 quodam
743 1039 862 1067 nomine
877 1039 989 1075 Gymno

163 1088 191 1114 et
205 1085 343 1121 Gregorio
359 1084 518 1112 Mesemero
541 1086 569 1111 et
592 1083 916 1119 Tessaracontapechy;
942 1091 987 1110 ac-

164 1130 281 1158 cersivit
297 1129 365 1156 item
382 1128 437 1156 sibi
449 1128 619 1156 Patzinacal
634 1128 663 1155 in
679 1128 991 1162 societatem.lmpera-

165 1177 211 1202 tor
223 1183 289 1201 vero
306 1174 354 1200 ubi
371 1174 435 1209 ejus
450 1173 606 1201 consilium
623 1172 759 1209 cognovit
771 1172 989 1208 etinstitutum,

166 1220 276 1256 scripto
292 1227 381 1247 aureo
399 1219 628 1255 diplomate,quo
643 1219 741 1253 ipsum
753 1220 788 1246 ab
806 1218 859 1246 hoc
875 1218 990 1253 incepto

167 1266 321 1298 averteret,
339 1264 496 1300 quemdam
514 1272 548 1291 ex
564 1263 758 1291 familiaribus
774 1263 809 1290 ad
824 1263 923 1299 ipsum
936 1262 990 1289 mi-

168 1311 216 1344 sit,
234 1310 283 1345 qui
300 1309 380 1337 omni
393 1317 461 1337 eum
477 1311 556 1336 metu
573 1309 702 1336 liberans
718 1308 894 1336 nobilissimi
918 1316 990 1342 quo-

169 1363 226 1391 que
242 1354 414 1390 dignitatem
429 1353 625 1389 polliceretur.
651 1353 700 1381 Ille
725 1356 823 1380 autem
851 1353 991 1380 beneﬁcia

167 1409 231 1436 quae
247 1400 302 1427 sibi
320 1399 348 1426 in
366 1401 501 1435 prompto
515 1401 598 1426 erant
613 1401 800 1434 aspernatus,
817 1400 918 1434 postea
941 1400 990 1426 ds-

166 1445 245 1473 ﬂevit
260 1445 423 1472 incassum.
441 1445 473 1470 Et
489 1444 629 1471 adversus
644 1443 738 1478 ipsum
757 1443 882 1470 mittitur
907 1443 990 1470 nobi-

165 1489 300 1517 lissimus
316 1487 444 1522 Alcxius,
461 1496 493 1515 eo
509 1488 618 1515 honore
636 1488 710 1515 740
726 1487 846 1515 affectus
862 1489 894 1514 ut
914 1489 991 1515 esset

167 1536 328 1570 Augustus,
344 1541 411 1560 cum
427 1533 531 1560 idoneo
547 1532 683 1560 exercitu.
701 1534 770 1559 Cum
788 1532 878 1567 igitur
894 1532 990 1568 prasi-
1005 1547 1026 1581 Ε

166 1580 248 1608 dium
275 1578 409 1606 Basilacii
432 1587 497 1606 esse
522 1577 692 1606 Peritheorii
719 1578 918 1614 comperisset,
943 1578 990 1606 cui

168 1623 323 1661 praefectus
338 1625 400 1651 erat
413 1623 555 1657 Gymnus,
573 1622 672 1658 prelio
687 1622 716 1649 id
732 1622 788 1658 ipsi
804 1622 989 1658 eripuit,tra-

167 1668 333 1704 jiciensque
349 1667 507 1695 exercitum
523 1666 763 1695 Thessalonicam
780 1666 912 1694 omnium
931 1675 990 1695 ma-

169 1713 266 1741 lorum
282 1721 384 1748 expers
398 1711 438 1739 ibi
456 1720 486 1739 se
502 1711 622 1747 recepit,
638 1714 666 1739 et
690 1720 724 1739 ex
747 1712 874 1747 quodam
899 1712 991 1740 inter-

169 1757 246 1785 vallo
260 1759 427 1785 constructo
442 1756 518 1784 vallo
534 1758 615 1783 trans
631 1756 751 1783 fluvium
777 1756 894 1783 nomine
919 1756 990 1784 Bar-

168 1801 284 1830 darium
301 1800 340 1828 ibi
358 1800 515 1828 exercitum
534 1802 562 1827 et
576 1802 671 1827 castra
694 1799 789 1828 locare
815 1800 991 1832 decreverat,

165 1846 220 1874 Sed
257 1844 419 1873 Basilacius
445 1844 595 1871 victoriam
623 1844 777 1879 praripere
803 1844 992 1879 contendens,

164 1891 302 1927 cogitavit
318 1893 403 1917 noctu
422 1898 472 1925 per
488 1889 610 1917 insidias
627 1890 655 1916 in
682 1890 778 1924 ipsum
804 1889 940 1917 invadere
964 1892 993 1917 et

163 1936 190 1964 vi
206 1938 326 1971 captum
342 1943 409 1962 cum
426 1934 505 1961 omni
522 1934 653 1961 exercitu
675 1934 794 1968 perdere
818 1937 905 1968 atque
929 1942 992 1962 om-

165 1981 235 2009 nino
260 1979 367 2008 delere.
396 1981 504 2006 Verum
530 1987 597 2006 cum
615 1978 738 2006 insidias
752 1977 899 2006 Gemistus
915 1978 990 2014 indi-

166 2027 262 2053 casset
276 2026 471 2059 Augusto,eas
488 2023 605 2050 evitavit
620 2024 682 2049 tum
702 2023 763 2057 ipse
781 2024 841 2049 tum
859 2022 909 2057 qui
923 2031 991 2050 cum

166 2078 200 2097 eo
216 2069 463 2097 erant.Prol‘ectus
479 2067 569 2103 igitur
584 2066 745 2094 Basilacius
761 2074 811 2101 per
822 2068 912 2093 totum
926 2075 991 2094 noc-

166 2117 225 2143 tem
241 2113 419 2149 improvisus
435 2114 463 2139 et
479 2111 657 2146 incognitus,
674 2114 817 2145 quantum
834 2110 890 2138 sibi
914 2111 992 2138 vide-

168 2159 263 2194 batur,
280 2159 310 2186 in
327 2157 445 2185 difﬁcile
462 2155 594 2192 praelium
619 2155 731 2182 incidit.
754 2155 847 2191 Igitur
871 2156 990 2184 omnino

165 2204 272 2237 victus,
287 2205 316 2230 et
331 2202 465 2238 pluribus
480 2209 514 2228 ex
529 2200 592 2228 suis
616 2199 745 2233 amissis,
773 2200 934 2233 priesertim
956 2208 990 2227 ex

165 2248 295 2280 Francia,
310 2250 339 2274 et
362 2255 429 2273 cum
454 2244 615 2273 domestico
643 2243 788 2280 praeliatus
813 2247 841 2272 et
865 2245 900 2272 ab
927 2244 989 2279 ipso

163 2292 327 2320 debellatus
342 2291 370 2318 in
387 2289 601 2318 Thessalonicae
618 2297 712 2316 arcem
730 2288 871 2324 confugit,
888 2289 988 2316 existi-

165 2345 248 2364 mans
263 2335 318 2363 loci
334 2333 498 2362 munitione
513 2341 545 2360 se
562 2332 778 2368 prohibiturum
795 2333 917 2369 Augusti
933 2333 990 2361 im—

165 2383 277 2416 petum.
293 2381 440 2414 Augustus
456 2380 554 2405 autem
572 2377 644 2404 nihil
670 2385 776 2405 curans
800 2378 990 2413 expugnatio-

166 2433 232 2452 nem
248 2423 358 2459 oppidi,
376 2431 445 2450 suos
461 2422 596 2450 hortatus
620 2424 665 2449 est
690 2425 722 2449 ut
745 2430 832 2458 quam
861 2423 989 2457 primum

167 2469 312 2504 impetum
328 2468 469 2494 facerent.
486 2466 538 2499 Qui
566 2467 666 2494 crebro
691 2470 718 2493 et
743 2466 853 2494 efﬁcaci
878 2466 990 2502 impetu

169 2514 245 2541 facto
260 2511 573 2539 Tbessalonicensibus
589 2511 644 2538 sibi
661 2511 914 2538 consentientibus
931 2513 991 2538 sta-

168 2557 221 2585 tim
238 2558 338 2584 hostes
353 2557 530 2590 superarunt
547 2564 554 2589 ;
571 2558 599 2582 et
614 2556 765 2591 Augustus
790 2563 855 2583 arce
880 2555 992 2591 potitus

166 2604 221 2629 est.
238 2601 359 2636 Capitur
383 2602 480 2627 autem
507 2600 568 2635 ipse
594 2600 765 2633 Basilncius,
792 2603 821 2627 et
846 2600 874 2627 in
901 2600 993 2627 ferrea

166 2645 285 2673 vincula
297 2644 446 2679 conjectus
458 2644 493 2671 ad
506 2644 710 2680 imperatorem
723 2645 839 2672 vinctus
852 2644 991 2672 mittitur.

166 2690 260 2723 Hujus
268 2689 306 2716 rei
315 2688 460 2716 nuntioad
469 2689 674 2725 imperatorem
684 2688 993 2724 perlato.ipsiusjussu

167 2737 195 2763 et
221 2732 297 2761 oculi
319 2732 505 2768 eli'odiuntur,
531 2734 660 2769 proxime
684 2733 938 2769 Chrysopolim,et
959 2741 994 2761 ex

167 2786 200 2806 eo
217 2780 346 2813 tempore
363 2778 433 2805 741
455 2777 536 2805 locus
552 2777 599 2805 ille
615 2777 779 2813 appellatus
791 2781 834 2804 est
846 2777 994 2805 Fremitus

1043 905 1183 943 ροφορήθη
1214 904 1263 938 τὴν
1304 904 1352 929 τοῦ
1393 899 1569 928 Βοτανειάτου
1611 897 1797 934 ἀναγόρευσιν,
1826 893 1875 922 καὶ

1042 940 1157 977 δουλικὰ
1184 947 1253 985 πρὸς
1281 946 1361 974 αὐτὸν
1401 943 1544 973 ἀπέστειλε
1581 943 1739 982 γράμματα,
1768 940 1793 968 ἐν

1042 993 1171 1028 λεληθότι
1197 992 1231 1019 τὰ
1255 995 1305 1026 τῆς
1339 990 1482 1028 ἀνταρσίας
1522 987 1708 1026 διεπράττετο,
1739 984 1870 1022 συνεργὸν

1042 1037 1113 1075 ἔχων
1131 1038 1198 1075 πρὸς
1211 1039 1292 1064 τοῦτο
1307 1036 1352 1063 τόν
1367 1046 1397 1063 τε
1422 1034 1571 1072 λεγόμενον
1594 1032 1711 1068 Γυμνὸν,
1727 1030 1772 1057 καί
1797 1032 1872 1067 Γρη-

1041 1083 1132 1121 γόριον
1163 1082 1208 1109 τὸν
1237 1082 1381 1118 Μεσήμαρ,
1408 1080 1451 1107 καὶ
1486 1079 1531 1106 τὸν
1560 1074 1873 1113 Τεσσαρακοντάπηχυν,

1045 1125 1242 1164 ΙΙροσεκαλεῖτο
1273 1124 1302 1153 δὲ
1329 1125 1374 1152 καὶ
1401 1123 1464 1154 τοὺς
1484 1122 1666 1156 Πατζινάκους
1697 1119 1734 1151 εἷς
1763 1128 1875 1154 συμμα-

1045 1173 1120 1209 χίαν.
1137 1173 1165 1199 '0
1183 1169 1309 1208 βασιλεὺς
1325 1168 1347 1197 ’δ’
1365 1169 1401 1200 ὡς
1419 1166 1488 1206 ἕγνω
1507 1168 1553 1194 τὸν
1579 1166 1676 1193 τούτου
1701 1163 1801 1191 σκοπὸν
1826 1161 1874 1189 καὶ

1123 1207 1294 1255 προαίρεσιν,
1320 1211 1518 1252 ’χρυσοϐούλλῃ
1545 1211 1636 1250 γραφῇ
1662 1209 1693 1237 τὸ
1717 1207 1872 1255 ἀμέριμνον

1045 1262 1117 1298 αὖτῷ
1132 1258 1381 1299 περιποιησάμενός
1396 1268 1455 1285 τινα
1477 1259 1531 1284 τῶν
1559 1255 1666 1283 οἰκείων
1691 1254 1758 1291 πρὸς
1787 1251 1871 1279 αὐτὸν

1045 1296 1225 1342 ἐξαπέστειλε,
1254 1304 1352 1335 παντὸς
1375 1303 1421 1340 μὶν
1452 1300 1580 1329 ἀπολύων
1611 1299 1687 1330 δὲους
1715 1297 1792 1325 αὐτὸν
1823 1296 1870 1323 καὶ

1044 1341 1246 1386 νωϐελισσίμου
1263 1346 1402 1387 βραϐεύων
1433 1346 1549 1382 ἀξίωμα.
1568 1345 1598 1374 Ὀ
1629 1342 1658 1371 δὲ
1685 1342 1732 1374 τὰς
1750 1341 1782 1387 μὲν
1795 1350 1873 1387 ,χερ-

1045 1395 1085 1422 σὶν
1117 1394 1268 1432 εὐεργεσίας
1297 1392 1497 1431 περιφρονήσας
1523 1389 1640 1424 ἀνόνητα.
1671 1385 1873 1432 μενεκλαύσατο

1044 1440 1165 1477 ὕστερον.
1183 1438 1229 1466 Διὸ
1253 1437 1297 1465 καὶ
1320 1436 1460 1464 στέλλεται
1486 1434 1544 1462 κατ’
1559 1433 1640 1461 αὐτοῦ
1670 1433 1684 1459 ὁ
1708 1427 1871 1458 νωϐελίσσι-

1046 1495 1096 1521 μος
1109 1474 1233 1519 ’⁷Αλέξιος
1248 1481 1375 1518 τιμηθεὶς
1391 1478 1519 1510 σεϐαστὸς
1546 1478 1623 1515 μετὰ,
1642 1478 1766 1514 στρατιᾶς
1794 1474 1871 1521 ἀξιο-

1046 1518 1130 1566 λόγου
1158 1528 1202 1555 καὶ
1235 1528 1341 1561 ἱκανῆς.
1359 1525 1483 1564 Φρουρὰν
1513 1522 1558 1551 οὖν
1585 1522 1611 1550 ἐν
1635 1518 1871 1566 τῷν-περιθεωρίῳ

1045 1575 1094 1601 τοῦ
1119 1572 1284 1602 Βασιλακίου
1312 1567 1474 1598 καταλαϐὼν
1502 1567 1650 1606 στρατηγὸν
1678 1564 1792 1602 ἔχουσαν
1821 1563 1870 1590 τὸν

1046 1618 1162 1654 Γυμνὸν,
1192 1616 1308 1653 πολέμῳ
1335 1617 1430 1643 τοῦτον
1461 1613 1609 1651 ἀνήρπασε.
1636 1607 1825 1654 Προϐιϐσίζων,
1841 1606 1873 1635 δὶ

1133 1661 1258 1700 στρατιὰν
1293 1659 1358 1698 ἄχρι
1389 1657 1585 1692 Θεσσαλονίκης
1613 1655 1719 1689 ἀπαθὴς
1749 1652 1870 1687 διεσώθη

1046 1709 1146 1736 κακῶν.
1166 1697 1224 1734 ἺἜκ
1247 1697 1374 1736 τινοςηδὶ
1394 1703 1576 1740 διαστήματος
1606 1700 1651 1728 τὸν
1681 1700 1788 1737 χάρακα
1815 1697 1874 1729 θεὶς

1046 1753 1129 1789 πὲραν
1146 1753 1193 1778 τοῦ
1207 1751 1332 1786 ποταμοῦ
1354 1751 1402 1776 τοῦ
1418 1747 1564 1786 λεγομένου
1594 1743 1758 1783 Βαρδαρίου,
1783 1741 1873 1769 ἐκεῖσε

1046 1796 1092 1824 τὸν
1123 1795 1234 1833 στρατὸν
1277 1792 1453 1821 διαναπαύσαι
1491 1791 1649 1825 ἐσκόπτ,σεν.
1674 1789 1705 1817 Ὀ
1731 1786 1760 1814 δὲ
1785 1787 1873 1814 Βασι-

1048 1830 1160 1872 λάκιοςὶ
1183 1840 1232 1874 τὴν
1268 1838 1345 1874 νίκην
1378 1837 1477 1874 κλέψαι
1513 1834 1724 1873 ἀγωνιζόμενος,
1755 1830 1873 1867 ἐσκέψα-

1046 1895 1077 1912 το
1107 1883 1271 1921 νυκτίλοχος
1315 1883 1449 1910 ἐπιπεσεῖν
1489 1881 1563 1917 αὐτῷ
1594 1879 1637 1906 καὶ
1676 1879 1771 1904 τοῦτον
1800 1874 1873 1902 κατὰ

1045 1930 1143 1968 κράτος
1179 1919 1249 1957 ἑλεῖν
1283 1928 1327 1955 καὶ
1362 1926 1487 1961 ἀπωλείᾳ
1525 1923 1689 1962 παραδοῦναι
1729 1919 1871 1948 παντελεῖ.

1047 1976 1103 2003 Τοῦ
1120 1973 1147 2002 δὲ
1162 1975 1294 2010 Γεμιστοῦ
1313 1973 1362 2007 τὴν
1389 1968 1539 2004 ἐπιϐουλὴν
1564 1967 1803 2004 καταμηνύσαντος
1832 1966 1872 2000 τῷ

1047 2017 1185 2054 Σεϐαστῷ,
1206 2017 1354 2057 ἐφυλάξατο
1382 2016 1482 2050 ταύτην
1512 2014 1594 2044 αὐτός
1622 2023 1651 2040 τε
1679 2011 1723 2039 καὶ
1753 2010 1779 2037 οἱ
1808 2008 1872 2045 περὶ

1045 2063 1136 2091 αὐτόν.
1168 2054 1284 2093 Ἐλοίσας
1312 2061 1402 2088 τοίνυν
1426 2061 1439 2088 6
1462 2058 1627 2089 Βασιλάκιος
1663 2055 1698 2083 δι’
1726 2054 1796 2090 ὅλης
1824 2057 1875 2088 τῆς

1045 2109 1152 2141 νυκτὸς,
1183 2107 1348 2145 ἀπροόπτως
1375 2107 1416 2141 τῷ
1453 2104 1541 2132 δοκεῖν
1584 2102 1629 2130 καὶ
1670 2099 1875 2137 ἀδιαγνώστως,

1045 2152 1162 2189 πολέμῳ
1177 2151 1293 2189 χαλεπῷ
1323 2150 1475 2188 περιέπεσε.
1494 2148 1568 2177 Κατὰ
1596 2144 1764 2189 κράτοςᾉοῦν
1790 2145 1876 2178 ἡττη-

1045 2197 1100 2228 θεὶς
1138 2197 1184 2224 καὶ
1217 2199 1271 2224 τῶν
1307 2195 1413 2223 οἰκείων
1451 2193 1597 2224 πλείστους
1637 2187 1799 2224 ἀποϐαλὼν,
1828 2188 1874 2215 καὶ

1005 2237 1029 2270 Β
1046 2241 1153 2279 μᾶλλον
1182 2243 1237 2269 τῶν
1266 2241 1410 2279 Φράγγων,
1425 2239 1470 2266 καὶ
1500 2237 1579 2269 αὐτὸς
1609 2235 1638 2263 δὶ
1664 2232 1875 2279 τῷνδομεστίκῳ

1045 2278 1216 2323 ἀντιταχθεὶς
1227 2285 1271 2312 καὶ
1285 2285 1348 2322 παρ’
1364 2283 1448 2311 αὑτοῦ
1470 2280 1668 2316 καταπονηθεὶς
1689 2278 1728 2310 εἷς
1752 2279 1802 2312 τὴν
1824 2279 1876 2311 τῆς

1045 2330 1243 2365 Θεσσαλονίκης
1267 2328 1417 2366 ἀκρόπολιν
1440 2326 1649 2365 καταπέφευγιν,
1677 2323 1805 2366 οἰόμενος
1835 2323 1875 2357 τῷ

1045 2374 1207 2413 ὀχυρώματι
1223 2365 1392 2406 ἀποσοϐῆσαι
1416 2373 1465 2406 τὴν
1485 2373 1534 2399 τοῦ
1560 2367 1695 2398 Σεϐαστοῦ
1720 2365 1872 2413 ἐπὶλ-ευσιν.

1181 2420 1209 2446 Ὁ
1230 2418 1258 2446 δὲ
1275 2416 1409 2449 Σεϐαστὸς
1427 2415 1511 2453 μηδὶν
1530 2414 1672 2453 μελλήσας
1692 2413 1741 2446 τήν
1768 2410 1873 2457 ἅλωσιν

1045 2455 1093 2491 τοῦ
1118 2465 1249 2502 φρουρίου
1271 2465 1329 2494 τοῖς
1350 2462 1417 2501 ἀμφ’
1437 2461 1516 2489 αὐτὸν
1538 2460 1722 2498 προετρέψατο
1751 2457 1804 2502 διὰᾼ
1824 2455 1875 2484 τά·

1047 2500 1308 2546 χουςῃποιήσασθαι
1325 2517 1331 2524 ’
1362 2507 1387 2534 οἳ
1415 2506 1461 2533 καὶ
1491 2505 1605 2543 ἰνεργεῖς
1642 2504 1689 2535 τὰς
1717 2500 1877 2540 προσϐολὰς

1047 2554 1240 2589 ποιησάμενοι,
1268 2554 1322 2579 τῶν
1365 2550 1581 2579 Θεσσαλονικέων
1625 2548 1878 2587 συμφρονησάντων

1048 2597 1150 2631 αὐτοῖς,
1167 2596 1237 2635 ταχὺ
1252 2597 1349 2624 τούτου
1370 2595 1531 2633 περιγίνεται
1556 2593 1600 2622 καί
1621 2597 1671 2628 τῆς
1697 2591 1878 2630 ἀκροπόλεως

1048 2641 1209 2679 ὶκυρίιυσεν.
1236 2639 1389 2668 ’Δλίσκεται
1420 2638 1448 2667 δὶ
1481 2639 1525 2666 καὶ
1555 2638 1646 2672 αὐτὸς,
1672 2636 1797 2675 σιδηροῖς
1828 2636 1879 2673 ἐμ.-

1048 2684 1179 2714 ϐάλλεται
1202 2685 1323 2721 δεσμοῖς,
1340 2684 1386 2712 καί
1413 2686 1453 2720 τῷ
1480 2683 1588 2722 βασιλεῖ
1611 2681 1808 2710 ἀποστέλλεται
1832 2681 1876 2709 δι-

1049 2741 1140 2767 σμιος.
1156 2734 1211 2765 Τῆς
1236 2729 1265 2757 δὲ
1294 2729 1420 2767 ἀγγελίας
1448 2725 1746 2764 κιοταλαϐούσηςλτὸνξ
1761 2725 1879 2763 βασιλέα

1049 2775 1190 2813 προστάξει
1220 2774 1301 2802 αὐτοῦ
1336 2773 1400 2805 τοὺς
1438 2771 1598 2812 ὀφθαλμοὺς
1631 2771 1800 2809 ἑξορύττῑται
1832 2770 1876 2809 ἔγ-
