1937 3050
78 117 140 148 4⁵13

839 115 1036 147 HISTORIA.

1732 119 1791 149 4’14

80 194 162 222 γιστα
176 187 227 219 τῆς
257 184 484 222 Χρυσουπόλιως’
498 183 543 212 καὶ
564 182 655 211 ἔκτοτε
670 183 684 210 ὁ
698 181 781 213 τόπος
798 181 900 218 ὠνομα-

984 182 1099 210 ιοείιοοὶί
1112 191 1120 218 ;
1135 191 1193 219 quo
1218 183 1292 212 facto
1318 185 1476 220 perductus
1491 187 1537 213 est
1556 185 1585 213 in
1611 194 1699 214 curru
1714 194 1789 215 onus

81 239 142 257 οται
161 229 258 267 βρύοις
284 229 339 266 (49)
363 231 411 257 τοῦ
428 227 604 258 Βασιλακίου.
629 227 734 257 Τούτου
762 226 910 264 γενομένου

80 273 158 312 ἤχθη
176 273 217 314 ἐφ’
232 274 339 312 ἀμάξης
362 274 461 313 φόρτος
484 273 600 304 ἐλεεινὸς
622 273 667 301 καὶ
681 272 811 312 δυστυχὶς
827 281 911 299 κατα-

82 319 197 357 γώγιον.

117 364 162 391 Ἐν
180 363 235 400 ὅσῳ
251 363 280 391 δὶ
300 364 334 391 τὰ
355 363 542 402 στρατεύματα
566 363 604 394 εἱς
615 363 665 397 τὴν
680 363 740 400 περὶ
756 362 801 390 τὸν
827 363 911 390 Βασι-

81 407 180 436 λάκιον
206 407 381 446 ἠσχολοῦντο
411 408 594 446 ἐκστρατείαν,
623 408 784 442 ΙΙατζινάκοι
814 406 910 442 ἀναμὶξ

80 453 223 489 Κομάνοις
252 455 286 490 τῇ
313 451 539 491 Ἀδριανουπόλιι
569 451 704 487 ἐπῆλθον,
733 451 909 490 ὀργιζόμενοι

80 495 125 524 διὰ
140 497 173 524 τὸ
189 497 263 535 παρὰ
284 499 332 524 τοῦ
357 497 501 535 Βρυεννίου
525 496 696 534 ἀναιρεθῆναί
723 506 797 526 τινας
812 496 908 523 αὐτῶν.

78 542 172 578 Ῑῐυρὰν
203 541 249 569 οὖν
277 541 427 580 ὑφάψαντες
450 540 544 569 πολλὰ
566 543 620 568 τῶν
637 541 721 568 ἐκεῖσε
750 540 908 576 οἰκημάτων

76 586 265 623 κατίπρησαν,
304 586 348 613 καὶ
393 584 477 622 μηδὲν
519 584 592 620 ἄξιον
631 584 714 622 λόγου
738 585 910 622 πεπραχότες

78 630 261 667 ὑπέστρεψαν.

113 673 294 712 Ὠμολόγησι
310 673 338 702 ’δὲ
352 674 442 712 τούτῳ
463 677 502 710 τῷ
526 673 579 702 ἔτιι
603 675 648 702 γαί
675 673 826 711 ψιλάρετος
850 683 911 706 κου,

78 719 245 756 ροπαλάτης
278 720 292 747 ὁ
330 720 488 757 Βραχάμιος
525 718 615 746 πίστιν
654 721 695 755 τῷ
729 718 837 756 βασιλεῖ
865 720 910 747 καὶ

79 762 230 793 δούλωσιν.
261 765 310 793 Ἓν
339 773 394 791 τισι
423 764 475 802 γὰρ
497 763 593 794 τόποις
621 763 735 801 ὀχυροῖς
747 763 850 800 τείχεσι
865 763 910 790 καὶ

79 808 251 846 ξυναγκείαις
273 808 518 846 περιιιλημμένοις
547 808 596 842 τὴν
612 808 718 843 οἷίιησιν
734 807 910 844 ποιούμενος,

966 227 1134 256 miserabile
1149 230 1177 256 et
1192 228 1292 256 infelix
1308 228 1407 257 ludus.

1002 363 1115 390 Interea
1142 370 1208 390 vero
1230 363 1300 390 dum
1317 363 1462 391 exercitus
1484 363 1513 390 in
1537 363 1720 399 expeditione
1736 365 1790 391 ad-

965 414 1067 434 versus
1089 406 1263 434 Basilacium
1288 411 1459 443 occupatur,
1484 408 1629 436 Patzinaci
1653 417 1719 436 cum
1736 408 1789 436 Co-

965 451 1062 479 manis
1099 452 1248 487 conjuncti
1283 452 1504 488 Adrianopolim
1541 452 1684 487 invasere,
1721 453 1790 481 irati

965 496 1041 531 quod
1058 504 1074 524 a
1090 497 1233 532 Bryennio
1258 497 1378 532 quidam
1403 505 1437 525 ex
1463 497 1536 533 ipsis
1561 496 1702 524 interfecti
1728 497 1790 524 fue-

965 542 1041 567 rant.
1057 540 1204 568 Succensa
1218 540 1308 577 igitur
1322 549 1391 576 pyra
1407 540 1515 568 multas
1531 541 1570 568 ibi
1592 542 1695 568 domos
1710 549 1790 569 com-

965 585 1097 618 bussere,
1113 585 1252 620 nullaque
1278 593 1307 613 ro
1333 588 1496 613 memoratu
1522 585 1611 622 digna
1635 587 1718 621 gesta
1741 593 1790 613 re-

965 629 1039 656 versi
1056 631 1135 657 sunt.

1001 673 1152 701 Professus
1167 675 1212 701 est
1227 673 1280 701 hoc
1295 681 1371 700 anno
1386 673 1473 701 etiam
1490 672 1654 702 Philaretus
1669 682 1791 710 europa-

964 717 1037 745 lates
1053 718 1244 745 Brachamius
1259 717 1346 745 fidem
1361 720 1391 745 et
1410 717 1578 745 servitutem
1593 718 1764 753 imperatori
1781 726 1789 746 :

965 763 994 790 in
1010 764 1188 799 quibusdam
1212 763 1290 791 enim
1315 763 1387 791 locis
1410 763 1502 790 muris
1527 762 1649 790 munitis
1672 765 1701 790 et
1720 771 1790 790 con-

965 808 1092 835 vallibus
1117 807 1337 844 comprehensis
1361 808 1498 835 habitans
1521 810 1621 835 coacta
1638 807 1790 835 Armenio-

79 853 238 890 Ἀρμενίων
268 863 298 880 τε
324 852 432 888 πληθὺν
461 852 506 880 καὶ
536 851 696 889 συγκλύδων
710 851 816 890 ἀνδρῶν
845 851 894 880 συλ

984 862 1030 880 nm
1048 855 1075 880 et
1090 854 1267 881 advenarum
1284 852 1484 887 multitudine,
1501 861 1653 888 nunquam
1677 852 1788 880 Micha-

78 897 231 934 λεξάμενος
251 920 258 931 ,
306 900 346 933 τῷ
398 898 445 934 μὲν
489 894 747 934 προϐεϐασιλευκότι
792 896 906 934 Μιχαὴλ

77 940 308 973 ἀκαταδοῦλωτος
333 942 378 978 ἦν,
407 942 453 969 καὶ
482 942 530 976 τὴν
562 940 707 979 βασιλικὴν
737 940 908 978 ἐπικράτειαν

77 987 166 1022 ἑαυτῷ
182 986 381 1022 οἰκειούμενος,
406 988 454 1013 τοῦ
471 985 499 1014 δὲ
522 987 701 1014 Βοτανειάτου
722 985 908 1024 περιζωσαμέ-

76 1041 125 1058 νου
139 1031 190 1065 τὴν
204 1031 293 1069 ἀρχὴν
307 1031 357 1065 τὴν
372 1031 558 1068 αὐτοκράτορα
574 1029 672 1061 δοῦλος
689 1029 906 1068 αὖτιπάγγελτος

75 1076 154 1113 γὲγον
159 1085 169 1102 ε
174 1096 180 1103 .

112 1120 202 1151 Λὲκας
232 1118 261 1147 δι
285 1130 325 1151 τις
351 1119 405 1147 ἀπὸ
435 1118 623 1147 Παυλικιάνων
650 1118 901 1151 Φιλιππουπόλιως

77 1164 245 1201 ὡρμημένος
274 1164 300 1200 ἐξ
329 1162 528 1202 Ἑπιγαμϐρίας
556 1163 734 1200 ηὐτομόλησε
762 1166 818 1194 τοῖς
848 1167 902 1191 Πα-

76 1209 240 1243 τζινὰκοις,
272 1208 316 1236 καὶ
356 1208 464 1239 τούτοις
501 1211 663 1247 συμφρονῶν
694 1210 728 1245 τῇ
758 1208 900 1246 Ῥωμαίων

76 1253 188 1287 ἠπείλει
212 1254 246 1280 τὰ
274 1250 459 1292 φοϐερώτατα’
491 1251 563 1281 ἀλλὰ
588 1253 633 1280 καὶ
653 1251 831 1291 Δοϐρομηρός
859 1264 901 1285 τις

76 1295 102 1324 ἒν
132 1295 300 1335 Μεσημϐρίᾳ
329 1296 482 1326 διακυκῶν.
514 1298 562 1324 Καὶ
590 1300 630 1333 τῷ
659 1297 766 1334 βασιλεῖ
792 1299 900 1335 ἀντᾶραι

77 1340 258 1378 μιλιτῶντες,
288 1340 422 1373 δείσαντες
446 1341 490 1369 καὶ
509 1344 567 1372 τοῖς
592 1344 644 1369 τῶν
673 1341 765 1370 ἄλλων
793 1353 900 1381 σωφρο-

72 1387 208 1418 νισθέντες
231 1389 337 1420 κακοῖς,
352 1387 405 1424 πρὸ
420 1390 468 1421 τῆς
482 1387 575 1422 πείρας
605 1385 726 1423 δουλικῷ
751 1389 824 1424 ζυγῷ
838 1387 901 1419 τοὺς

75 1430 194 1468 αὐχένας
210 1430 353 1459 ὑπέκλιναν
378 1431 424 1459 καὶ
448 1431 606 1467 προσῆλθον
636 1431 719 1459 ἱκέται
736 1431 898 1468 αὐτόμολοι.

72 1475 139 1503 Τότε
169 1474 203 1509 δὴ
219 1476 233 1502 ὁ
263 1476 347 1506 Λὲκας
374 1475 419 1503 τὸν
449 1475 596 1503 ἆπίσκοπον
623 1475 757 1513 Ζαρδικῆς
782 1476 899 1514 Μιχαὴλ

72 1519 105 1546 τὶ
132 1521 182 1547 τοῦ
223 1519 358 1557 βασιλέως
395 1522 543 1559 φρονοῦντα
578 1519 622 1547 καὶ
649 1521 698 1555 τήν
728 1519 810 1548 πόλιν
835 1521 899 1548 αὐτὸ

71 1566 154 1592 τοῦτο
170 1567 258 1591 ποιεῖν
289 1567 470 1602 παραινοῦντα
490 1563 590 1597 ἀνεῖλε,
605 1565 654 1600 τήν
679 1565 751 1592 θείαν
766 1565 810 1592 καὶ
826 1566 899 1603 ἱερα-
915 1551 935 1584 C

71 1609 153 1644 τικὴν
174 1608 275 1643 στολὴν
296 1608 500 1646 ἀμπεχόμενον.
533 1608 643 1644 Ἠξίωσι
672 1608 700 1636 δὲ
728 1610 742 1637 ὁ
773 1609 900 1648 βασιλεὺς

73 1652 118 1680 καὶ
159 1653 210 1687 τήν
244 1653 296 1690 πρὸ
332 1655 380 1680 τοῦ
419 1653 574 1690 Αιζγοῦσταν
613 1652 745 1681 Εῦδοκίαν
770 1655 901 1690 προνοίας

75 1697 218 1734 mysi/mc:
239 1698 316 1735 Ἀρτι
345 1696 374 1725 δὲ
401 1700 455 1725 τῶν
483 1698 608 1735 Τούρκων
635 1699 684 1732 τήν
716 1699 801 1734 Ἑῴαν
816 1710 898 1727 κατα-

71 1741 243 1779 τρεχόντων,
282 1742 394 1779 στρατὸν
432 1742 581 1780 ἀξιόχρεων
621 1742 775 1778 συνηλικὼς
802 1754 899 1781 στρατ-

71 1786 139 1823 ηγὸν
168 1785 250 1813 αὐτοῦ
279 1786 402 1825 ἐφίστησι
436 1789 636 1814 Κωνσταντῖνον
665 1787 711 1814 τὸν
739 1788 796 1814 uicv
824 1791 899 1815 Κων-

70 1830 215 1857 σταντίνου
243 1833 290 1857 τοῦ
322 1831 420 1859 Δούκα.
455 1831 508 1859 Καὶ
535 1831 629 1858 αὐτίκα
659 1829 821 1869 διαπεράσας
836 1843 898 1859 νεω-

69 1874 171 1909 τερίζιι
201 1875 269 1902 κατὰ
296 1877 344 1902 τοῦ
375 1874 521 1913 βασιλέως,
560 1876 604 1903 καὶ
637 1874 763 1912 βασιλεὺς
801 1877 899 1905 αὐτίκα

71 1918 267 1957 ἀναγορεύεται
301 1920 374 1957 παρὰ
413 1922 461 1947 τοῦ
495 1919 520 1947 ἐν
560 1919 730 1957 Χρυσοπόλει
770 1921 897 1953 συνόντος

69 1963 145 1999 αὐτῷ
191 1966 387 2000 στρατιωτικοῦ
427 1963 561 1999 πλήθους.
599 1964 731 1999 Ἀξιώσας
769 1964 798 1992 δὲ
834 1966 896 2003 περὶ

68 2007 169 2035 τούτου
197 2008 212 2035 ὁ
242 2007 368 2045 βασιλεὺς
393 2008 438 2035 καὶ
470 2013 507 2044 μή
539 2008 731 2044 εἰσαγουσθιὶς,
755 2009 818 2040 τοὺς
849 2010 895 2046 μὲν

70 2051 172 2089 δώροις
188 2052 232 2079 καὶ
247 2051 381 2089 ἀξιώμασι
408 2052 608 2089 μειλιξάμενος,
625 2051 727 2084 ἄλλους
754 2052 781 2081 δὲ
810 2053 896 2083 ἄλλον

68 2097 172 2132 τρόπον
204 2098 484 2134 μεταχειρισάμινος,
514 2094 647 2133 λαμϐάνει
682 2100 779 2126 τοῦτον
820 2098 896 2126 ἀναι-

70 2141 157 2177 μωτὶ,
188 2142 221 2178 [Ρ
238 2163 244 2169 .
270 2142 333 2178 869]
364 2141 452 2168 αὐτῶν
477 2143 530 2169 τῶν
559 2142 795 2179 ἀναγορευσάντων
825 2153 895 2180 προ-

68 2184 231 2213 δεδωκόταν
247 2185 338 2214 αὑτόν.
355 2186 509 2224 Ἀποκείρει
523 2188 587 2224 γοῦν
602 2185 680 2214 αὐτον
706 2188 827 2225 μοναχὸν
850 2187 895 2215 καὶ

963 898 1010 931 eli,
1028 898 1078 934 qui
1104 900 1189 926 antea
1213 899 1417 933 imperaverat,
1433 897 1540 933 subjici
1564 897 1664 931 voluit,
1680 899 1708 924 et
1730 896 1786 924 sibi

963 943 1071 978 regiam
1089 944 1260 978 potestatem
1274 942 1481 970 vindicaverat.
1499 944 1605 969 Verum
1623 950 1689 969 cum
1706 942 1788 969 Βοια-

962 987 1054 1014 niates
1079 987 1202 1022 adeptus
1226 989 1303 1014 esset
1329 986 1497 1022 imperium,
1519 994 1621 1014 servus
1648 985 1725 1014 ultro
1750 986 1788 1013 ad

961 1040 1026 1060 cum
1045 1031 1178 1060 accessit.

993 1122 1081 1150 Lecas
1097 1124 1195 1149 autem
1220 1120 1341 1157 quidam
1358 1129 1374 1148 a
1389 1119 1566 1148 Paulicianis
1582 1127 1616 1147 ex
1632 1118 1783 1155 Philippo-

957 1167 1015 1203 poli
1032 1167 1188 1203 profectus,
1203 1166 1390 1202 Epigambria
1405 1166 1440 1193 ad
1465 1165 1636 1192 Patzinacas
1651 1163 1780 1192 transfu-

955 1212 1006 1247 git,
1022 1214 1050 1239 et
1067 1220 1133 1238 cum
1151 1211 1197 1238 bis
1221 1210 1408 1238 consentiens
1427 1209 1568 1237 Romanis
1583 1207 1782 1237 formidabilia

957 1256 1144 1288 minabatur;
1175 1255 1246 1291 quin
1275 1255 1363 1282 etiam
1394 1253 1572 1281 Dobromiris
1601 1254 1720 1288 quidam
1751 1252 1781 1280 in

957 1300 1129 1329 Mesembria
1145 1309 1191 1328 res
1218 1300 1401 1336 perturbans.
1420 1301 1452 1326 Et
1468 1302 1589 1334 uterque
1605 1298 1781 1325 meditantes

956 1344 1124 1380 imperatori
1153 1344 1299 1377 resistere,
1316 1343 1398 1370 veriti
1415 1345 1445 1371 et
1469 1342 1593 1370 aliorum
1614 1341 1699 1369 malis
1713 1341 1782 1369 edo-

955 1390 1004 1424 cti,
1021 1392 1087 1417 ante
1103 1391 1239 1416 conatum
1262 1387 1357 1416 servili
1371 1388 1443 1423 jugo
1459 1386 1585 1414 cervices
1605 1386 1782 1415 submisere,

955 1436 983 1462 et
1000 1434 1034 1461 ad
1050 1441 1116 1460 eum
1134 1433 1209 1460 ultro
1226 1432 1374 1468 supplices
1383 1433 1578 1459 accesserunt.
1595 1431 1678 1458 Tunc
1693 1429 1781 1457 Lecas

954 1477 1124 1513 episcopum
1162 1476 1295 1504 Sardices
1332 1475 1518 1511 imperatoris
1548 1474 1724 1508 studiosum,
1753 1475 1782 1501 et

955 1523 1103 1550 civitatem
1120 1523 1152 1549 ut
1176 1521 1230 1549 hoc
1253 1520 1350 1556 ipsum
1374 1520 1482 1548 faceret
1501 1519 1716 1552 adhortantem,
1733 1525 1781 1545 oc-

955 1567 1026 1595 cidit
1043 1567 1117 1594 πλη
1134 1574 1248 1594 sacram
1273 1567 1301 1592 et
1323 1564 1534 1592 sacerdotalem
1563 1566 1673 1591 vestem
1699 1563 1783 1590 indu-

956 1615 1029 1640 tum.
1061 1612 1196 1647 Magnam
1226 1619 1344 1647 quoque
1373 1618 1473 1638 curam
1502 1609 1594 1645 gessit
1621 1609 1782 1644 imperator

956 1656 1087 1684 Eudociza
1108 1655 1188 1683 illius
1211 1663 1275 1691 quae
1296 1657 1362 1682 ante
1386 1662 1416 1682 se
1432 1654 1527 1682 fuerat
1549 1654 1689 1687 Augusta.
1707 1651 1779 1680 Cum

954 1710 1021 1730 vero
1046 1708 1140 1736 nuper
1161 1699 1247 1728 Tui-ci
1278 1699 1425 1727 Orientem
1446 1699 1657 1734 percurrerent,
1680 1699 1780 1724 coacto

956 1747 1058 1774 idoneo
1088 1744 1225 1772 exercitui
1256 1743 1358 1770 duceni
1393 1739 1520 1778 praefecit
1552 1741 1778 1769 Constantinum

955 1789 1138 1819 Constantini
1165 1789 1245 1816 Ducas
1263 1787 1374 1821 ﬁlium;
1392 1787 1442 1822 qui
1467 1787 1567 1814 statim
1585 1786 1708 1820 trajecto
1728 1793 1777 1812 ex-

954 1835 1046 1863 ercitu
1079 1834 1221 1861 adversus
1252 1833 1458 1868 imperatorem
1485 1839 1531 1858 res
1557 1831 1686 1862 innovat,
1713 1831 1741 1857 et
1763 1838 1778 1857 e

952 1879 1074 1915 vestigio
1091 1878 1249 1914 imperator
1264 1877 1300 1904 ab
1323 1885 1356 1904 ea
1372 1875 1491 1904 militari
1509 1874 1698 1902 multitudine
1713 1881 1778 1909 qua:

953 1932 1020 1951 cum
1045 1923 1109 1958 ipso
1133 1923 1196 1949 erat
1221 1919 1390 1956 Chrysopoli
1416 1919 1570 1947 salutatur.
1587 1919 1718 1953 Cumque
1742 1917 1778 1944 de

954 1969 1015 2003 ipso
1033 1968 1194 2002 imperator
1207 1965 1350 1992 voluisset
1365 1964 1463 1991 nescio
1479 1963 1548 1999 quid
1566 1965 1703 1996 statuere,
1719 1970 1777 1989 non

952 2012 1118 2045 exauditus,
1134 2010 1207 2038 alios
1222 2009 1307 2037 donis
1322 2011 1410 2045 atque
1434 2008 1578 2036 honorum
1592 2006 1776 2043 pollicitatio-

952 2058 1039 2086 nibus
1054 2056 1208 2088 deliniens,
1232 2054 1305 2082 alios
1319 2053 1376 2081 alia
1398 2053 1508 2080 ratione
1534 2053 1569 2080 ab
1593 2052 1709 2087 incepto
1725 2050 1775 2078 ab-

951 2103 1071 2136 ducens,
1105 2102 1204 2138 ipsum
1229 2099 1293 2127 sine
1314 2099 1455 2135 sanguine
1486 2098 1601 2133 accipit,
1626 2096 1774 2132 proditum

950 2147 1006 2176 sibi
1032 2148 1068 2175 ab
1090 2147 1126 2174 iis
1151 2145 1200 2182 qui
1225 2153 1292 2172 eum
1318 2144 1523 2180 imperatorem
1544 2142 1773 2171 declaraverant.

953 2192 1092 2220 Detondet
1107 2191 1197 2227 igitur
1211 2189 1292 2217 illum
1319 2188 1509 2220 monachum,
1525 2189 1554 2215 et
1568 2188 1597 2214 in
1610 2186 1773 2222 quamdam

68 2228 106 2261 εἴς
122 2240 183 2257 τινα
196 2232 277 2264 νῆσον
295 2230 455 2268 περιορίζει.
472 2231 587 2268 Λέγεται
603 2229 631 2258 δὶ
648 2230 688 2259 ὅτι
704 2231 747 2259 καὶ
765 2231 802 2263 είς
818 2242 896 2269 πρεσ-

984 2235 1079 2264 sulam
1106 2234 1224 2270 relegat.
1242 2234 1343 2261 Fertur
1366 2233 1454 2261 etiam
1470 2233 1505 2260 ad
1532 2230 1692 2268 presbyteri
1707 2237 1774 2265 gra-

68 2271 185 2312 ϐυτὲρου
200 2274 249 2308 ἇνή
255 2280 310 2312 χθη
330 2274 431 2312 βαθμόν
437 2296 443 2303 .

101 2316 264 2356 Ὀκτωϐρίῳ
306 2317 335 2346 δὲ
379 2319 467 2355 μηνὶ,
502 2318 670 2351 ίνδικτιῶνος
703 2321 744 2357 ty’,
767 2322 893 2358 κεραυνὸς

66 2362 204 2399 ἐνσκήψας
228 2362 254 2390 ἐν
283 2365 323 2399 τῷ
347 2365 397 2390 τοῦ
428 2363 548 2401 μεγάλου
576 2364 779 2393 Κωνσταντίνου
802 2365 893 2400 κίονι,

67 2407 98 2435 οὗ
128 2406 230 2434 ἄνωθεν
257 2408 275 2442 ἡ
303 2407 391 2443 στήλη
423 2407 504 2435 αὑτοῦ
521 2407 696 2445 ἵστατο,
714 2409 893 2442 Ἀπόλλωνος

66 2452 135 2479 οὖσα
163 2450 305 2490 ἀφίδρυμα
329 2452 472 2489 πρότερον,
503 2453 541 2484 εἰς
572 2451 660 2490 ὄνομα
688 2452 717 2481 δὲ
741 2465 893 2491 μετονομα-

65 2499 159 2528 σθιῖσα
177 2518 184 2531 ,
224 2495 306 2533 μέρος
345 2506 374 2523 τι
402 2496 500 2524 τούτου
533 2496 650 2534 διέτεμε,
676 2499 721 2526 καὶ
752 2501 892 2537 ζωστῆρας

62 2543 149 2578 τρεῖς,
173 2539 303 2575 σιδηροῦς
327 2541 374 2576 μὶν
403 2541 437 2568 τὰ
466 2540 552 2577 ἔνδον,
577 2542 610 2569 τὰ
636 2541 664 2570 δὲ
694 2541 743 2579 ἕξω
757 2543 890 2581 χαλκοῦς,

62 2585 228 2614 κατίκαυσι.
271 2587 325 2612 Τοῦ
365 2583 393 2612 δὶ
437 2584 587 2624 ἀρχιερέως
627 2590 677 2622 τῆς
718 2587 891 2625 Βουλγαρίας

950 2281 1019 2308 dum
1037 2279 1205 2315 perductus.

983 2324 1100 2352 Octobri
1117 2326 1215 2351 autem
1240 2330 1350 2350 mense.
1367 2321 1527 2349 indictione
1548 2320 1661 2347 decima
1674 2318 1772 2351 tertia,

949 2368 1058 2396 fulmen
1085 2368 1184 2404 magni
1206 2366 1389 2395 Constantini
1419 2365 1585 2393 columnam
1617 2363 1772 2399 percussit,

947 2421 1038 2449 supra
1053 2421 1140 2448 quam
1154 2411 1250 2440 stabat
1265 2411 1359 2447 ipsius
1374 2409 1598 2445 columnajqua:
1614 2409 1695 2444 prius
1710 2409 1773 2435 erat

947 2458 1032 2485 sedes
1048 2456 1315 2493 Apollinis,deinde
1331 2455 1450 2483 nomine
1464 2454 1558 2490 ipsius
1569 2452 1715 2490 appellata
1727 2461 1734 2487 ;
1745 2454 1774 2480 et

946 2504 1059 2537 partem
1075 2503 1139 2537 ejus
1154 2500 1283 2532 discidit,
1300 2499 1415 2535 triaque
1429 2498 1545 2526 vincula
1569 2498 1650 2524 intus
1670 2497 1772 2529 ferrea,

947 2548 1028 2574 extra
1044 2554 1116 2574 sares
1140 2544 1315 2573 combussit.
1330 2544 1394 2571 Vita
1421 2545 1519 2571 autem
1545 2543 1644 2570 functo
1660 2541 1772 2568 Joanne

947 2590 1088 2627 Bulgaria
1105 2589 1324 2626 archiepiscopo
1340 2588 1369 2616 in
1385 2588 1509 2616 transitu
1526 2585 1771 2621 Basilacii,alium

713 2673 834 2702 JACOBI
853 2675 960 2703 GOARI
980 2675 1095 2703 ΝΟΤίΕ.

97 2734 155 2770 (49)
175 2735 286 2773 Fonteii:
300 2731 395 2773 βρρσιν
406 2733 450 2773 vel
463 2733 672 2773 ppumv_hodie
691 2737 777 2773 vulgo
799 2738 888 2766 Graeci

63 2766 248 2806 nuncupant.
265 2766 428 2797 Βάσίλακίου
443 2766 547 2807 ίίελίιιιο
568 2771 662 2809 βρύοις
681 2766 763 2802 Ιοοιὶἓ
789 2774 839 2802 ubi
854 2782 888 2802 ex

945 2738 1058 2766 eil'ossis
1074 2738 1138 2774 ejus
1153 2737 1246 2765 oculis
1261 2737 1383 2773 sanguis
1398 2737 1495 2774 erupit
1509 2739 1554 2765 est
1568 2737 1674 2765 dictus.

977 2775 1034 2810 (50)
1049 2774 1116 2811 Ejus
1129 2775 1231 2802 statua.
