1937 3050
136 66 195 95 475

796 64 959 96 JOANNIS
981 65 1181 96 SCYLITZ/E

1793 62 1857 92 476

136 133 164 159 in
177 132 242 167 ejus
251 131 349 160 locum
360 131 519 168 imperator
529 131 846 166 declaravit,Joannem
858 131 901 159 ἱιὶι

1091 141 1145 158 ινου
1172 130 1386 166 τελευτήσαντος
1408 130 1435 158 ἰν
1449 131 1484 167 τῇ
1501 131 1549 157 τοῦ
1564 129 1739 158 Βασιλακίου
1756 127 1856 164 διόδῳ,

138 177 265 212 nomine,
280 177 331 212 qui
357 177 477 211 Aoinus,
495 177 524 204 id
539 179 584 205 est
603 177 777 211 abstemius,
793 177 960 210 vocabatur,

138 222 215 257 quod
232 230 384 257 nunquam
406 221 507 249 vinum
524 223 664 257 gustaret.
689 220 831 249 Similiter
845 225 961 248 mortuo

137 266 298 293 Antiochiae
306 265 798 301 patriarchadeclaravitimperator
805 266 960 301 quemdam

138 310 333 346 Nicephorum
350 310 483 338 Maurum
498 310 572 338 748
585 309 960 345 cognomento.Scopiorum

139 357 236 383 autem
259 355 319 382 dux
340 355 470 383 delectus
486 357 530 382 est
546 355 705 382 Alexander
729 354 889 382 Cabasilas.
907 354 962 382 Leo

139 407 204 427 vero
228 399 406 427 Diabatenus
431 399 460 426 in
478 399 684 427 Mezembriam
710 399 820 426 missus
844 407 890 426 res
906 398 966 426 illic

140 443 395 476 moderabatur,et
406 451 472 470 cum
488 443 649 471 Patzinacis
661 446 688 470 et
698 443 835 471 Comanis
848 451 966 478 percus-

141 495 173 515 so
190 487 297 515 {cedere
311 487 471 515 consensit.
489 487 573 515 Dedit
587 488 656 515 item
674 487 783 515 sororis
799 496 858 516 suae
876 487 966 514 ﬁliam

141 532 325 567 Synadenen,
354 531 500 560 Theodulo
536 532 689 568 Synadeno
725 532 865 568 genitam,
897 531 967 559 crali

141 575 274 611 Ungariae
303 584 434 609 uxorem,
451 585 508 612 quo
536 576 624 604 etiam
654 579 768 603 mortuo
797 585 902 603 rursus
925 578 969 604 est

141 620 313 656 Byzantium
339 628 465 648 reversa.
488 622 521 648 Et
545 620 596 648 alii
614 621 698 648 multi
724 620 915 656 metropolitae
940 622 969 647 et

141 665 217 692 sacri
233 665 288 692 viri
303 665 367 701 ipso
393 665 557 701 imperante
584 665 687 693 delecti
713 667 783 693 sunt
799 675 806 700 ;
823 665 871 701 qui
889 665 968 692 omni

140 709 368 745 reprehensione
379 712 547 737 caruerunt.
568 711 730 745 Imperator
741 712 838 737 autem
849 709 970 745 frugali-

143 754 195 781 tati
210 757 239 781 et
254 754 438 789 simplicitati
462 757 599 782 assuetus
615 754 697 781 nulla
721 762 755 781 ex
779 756 860 790 parte
875 763 893 781 a
908 753 970 781 suis

143 797 274 825 moribus
285 798 452 825 declinavit.
472 798 537 825 Erat
556 800 652 826 autem
673 798 801 825 maxime
817 799 970 833 promptus

143 842 179 869 ad
195 842 381 878 largiendum
395 844 423 870 et
437 842 662 870 liberalissimus
677 844 706 870 et
728 843 762 870 ad
784 850 886 869 omnes
903 851 967 878 pro-

143 894 263 922 pensus.
281 886 435 923 Erantipsi
448 887 505 914 duo
527 887 602 914 servi
622 886 736 914 Borilus
749 889 777 914 et
792 886 967 919 Germanus,

144 931 195 967 qui
207 939 263 959 non
276 931 304 959 ei
317 933 347 958 ut
356 931 430 959 servi
444 931 689 964 obediebant,sed
701 939 881 967 quaecunque
896 931 969 967 ipsis

144 975 279 1008 liberent,
310 975 374 1003 sine
403 976 601 1004 controversia
629 976 825 1012 peragebant;
851 977 970 1012 propter

145 1028 220 1056 quos
231 1019 280 1047 ille
290 1020 410 1048 odiosus
421 1022 483 1048 erat
495 1022 615 1048 senatus
626 1020 819 1056 principibus,
836 1019 886 1056 qui
895 1028 970 1056 aegre

146 1065 279 1092 ferebant
302 1064 419 1093 illorum
446 1065 474 1092 in
499 1073 599 1093 omnes
615 1065 753 1093 facinora.
772 1065 824 1093 Ubi
843 1073 921 1098 vero,
939 1066 970 1092 ut

146 1109 283 1144 superius
307 1109 488 1137 declaratum
514 1112 568 1143 est,
583 1109 732 1145 logotheta
756 1110 791 1136 ad
817 1108 969 1136 Ruselium

147 1153 279 1189 confugit
291 1156 319 1181 et
329 1154 406 1190 apud
423 1154 520 1189 ipsum
537 1156 734 1181 commoratus
744 1156 798 1186 est,
815 1154 969 1181 detonsus-

147 1206 204 1233 que
220 1198 256 1226 ab
271 1197 335 1233 ipso
351 1198 687 1231 servabatur,Ruse1ium
699 1206 808 1225 veneno
820 1197 969 1224 interficit.

148 1242 202 1270 Sed
220 1251 237 1270 a
251 1242 424 1278 propinquis
440 1242 547 1270 Ruselii
564 1243 599 1270 ad
615 1242 796 1270 Botaniatem
813 1242 970 1277 perductus

148 1287 177 1314 in
194 1287 280 1314 Prota
303 1286 401 1314 insula
428 1289 604 1314 asservatur.
628 1287 760 1321 Cumque
785 1286 805 1312 ii
829 1285 878 1321 qui
904 1294 970 1313 cum

150 1331 213 1366 ipso
229 1333 312 1358 erant
326 1331 435 1366 optime
451 1332 580 1363 nossent,
589 1331 613 1358 si
629 1330 726 1358 solum
741 1330 838 1365 ipsum
851 1329 970 1362 videret,

150 1375 210 1402 fore
221 1377 252 1402 ut
262 1375 376 1403 veniam
388 1377 627 1411 consequeretur,
640 1376 739 1410 utpote
751 1374 800 1409 qui
813 1373 971 1401 multarum

148 1429 244 1448 rerum
261 1429 317 1449 usu
335 1421 472 1456 praeditus
487 1422 611 1451 esset,et
625 1420 784 1456 imperator
798 1419 861 1455 ipse
877 1419 911 1446 ad
926 1428 971 1447 res

146 1465 290 1501 gerendas
301 1467 380 1492 esset
391 1464 531 1499 hebetior,
549 1464 599 1500 qui
615 1472 680 1491 cum
698 1464 875 1499 imperatore
890 1465 972 1491 erant

1015 174 1106 213 ἕτερον
1131 176 1186 203 ἀντ’
1209 175 1291 202 αὐτοῦ
1318 176 1332 202 ὁ
1360 173 1488 213 βασιλεὺς
1510 172 1692 212 προεϐάλετο,
1720 173 1858 208 Ἰωάννην

1017 221 1061 248 καὶ
1087 220 1166 248 αὐτὸν
1190 219 1372 256 καλούμενον,
1394 221 1504 247 ’Ἀοινον
1521 218 1549 246 δὲ
1565 218 1780 255 ὀνομαζόμενον
1813 216 1860 244 διὰ

1015 266 1047 292 τὸ
1075 264 1140 301 μηδ’
1168 264 1240 296 ὅλως
1259 264 1382 302 μετέχειν
1406 263 1497 292 αὐτοῦ.
1527 263 1663 294 Ὡσαύτως
1697 261 1728 290 δὲ
1743 262 1858 290 καὶτοῦ

1018 310 1187 347 Ἀντιοχείας
1239 308 1411 346 πατριάρχου
1453 308 1631 345 κοιμηθέντος
1677 305 1858 344 προεϐάλετο

1019 355 1032 381 ὁ
1064 353 1192 391 βασιλεύς
1221 364 1280 380 tua
1310 353 1464 391 Νικηφόρον
1484 376 1490 387 ,
1521 354 1630 391 Μαῦρον
1661 352 1716 386 τὴν
1746 351 1856 379 ἐπωνυ-

1022 398 1083 435 μίαν
1113 397 1237 436 φέροντα.
1269 397 1395 425 Σκοπίων
1426 396 1456 425 δὶ
1485 396 1547 433 δοὺξ
1572 394 1742 434 προεϐλήθη
1761 397 1776 423 ὁ
1806 399 1858 423 Κα-

1020 440 1135 473 ϐασίλας
1164 441 1340 479 Ἀλέξανδρος
1358 465 1364 470 .
1394 441 1469 470 Λέων
1508 441 1536 469 δὲ
1565 442 1578 469 ὁ
1610 439 1790 476 Διαῦατηνὸς
1817 440 1856 472 είς

1021 484 1203 524 Μεσημϐρίαν
1233 486 1396 517 ἀποσταλεὶς
1425 486 1458 513 τὰ
1490 485 1574 514 ἐκεῖσε
1599 485 1630 520 ἦν
1662 484 1781 512 διοικῶν
1812 486 1858 512 καὶ

1024 532 1090 568 μετὰ
1116 533 1170 558 τῶν
1199 531 1372 565 Πατζινάκων
1401 530 1446 558 καὶ
1461 533 1515 558 τῶν
1544 531 1681 567 Κομάνων
1715 527 1857 566 συμϐιϐά-

1022 587 1077 607 σεις
1104 575 1148 603 καὶ
1179 574 1295 606 σπονδὰς
1324 575 1462 612 τιθέμενος
1480 596 1486 602 .
1517 574 1622 602 Δέδωκε
1663 573 1694 601 δὲ
1732 575 1779 602 καὶ
1809 574 1858 608 τήν

1023 621 1132 657 ἀνεψιὰν
1148 619 1232 647 αὐτοῦ
1257 621 1270 647 ὁ
1297 618 1423 657 βασιλεὺς
1444 620 1493 654 τήν
1515 618 1689 654 Συναδηνήν,
1720 619 1857 656 θυγατέρα

1023 663 1104 692 οὖσαν
1133 663 1287 692 Θεοδούλου
1314 666 1364 691 τοῦ
1394 662 1559 699 Συναδηνοῦ,
1576 666 1615 699 τῷ
1639 662 1736 700 κράλῃ
1751 662 1857 701 Οὖγγα-

1025 710 1084 747 ρίας
1108 709 1147 740 εἰς
1175 711 1300 747 γυναῖκα,
1329 708 1361 736 οὗ
1393 709 1437 736 καὶ
1466 707 1684 743 τελευτήσαντος
1715 707 1796 739 αὖθις
1821 713 1859 739 sic

1023 754 1054 781 τὸ
1070 753 1214 788 Βυζάντιον
1233 753 1391 791 ὑπέστρεψε.
1421 753 1470 780 Καὶ
1486 752 1660 791 χιιροτονίας
1689 751 1720 779 δὶ
1750 751 1858 783 πολλὰς

985 818 1009 850 Β
1027 798 1239 836 μητροπολιτῶν
1265 808 1295 825 τε
1315 798 1360 825 καὶ
1383 799 1437 825 τῶν
1458 796 1551 828 ἄλλως
1563 797 1726 835 ἱερωμένων
1742 794 1858 834 γεγόνα-

1082 843 1089 850 ,
1118 844 1122 850 .
1159 846 1172 850 ..
1217 843 1230 850 η
1280 841 1290 850 ι.
1317 842 1322 850 .
1390 841 1397 850 ,
1436 844 1448 849 ..
1514 843 1521 850 .
1544 840 1555 850 ,ι
1695 841 1702 850 η
1731 841 1738 850 ν
1797 840 1814 850 ,η

1024 854 1063 870 σιν
1080 843 1123 870 ἐπὶ
1139 846 1189 877 τῆς
1217 841 1355 880 βασιλείας
1369 841 1461 877 αὐτοῦ,
1488 843 1525 878 μὴ
1542 840 1657 878 ἔχουσαι
1674 841 1707 868 τὸ
1724 840 1855 876 ἀνεπίλη-

1024 899 1101 915 πτον.
1128 888 1158 916 Ὁ
1186 886 1214 914 δὲ
1240 886 1366 924 βασιλεὺς
1384 886 1506 921 λιτότητι
1531 886 1576 913 καὶ
1602 885 1747 920 ἁπλότητι
1772 897 1858 913 συνει-

1023 933 1150 968 θισμὲνος
1164 932 1222 959 κατ’
1242 930 1318 959 οὐδὲν
1334 933 1382 959 τοῦ
1398 930 1499 958 οἰκείου
1515 930 1605 966 ἐξέστη
1631 930 1751 969 τρόπου.
1769 930 1855 959 Φιλο-

1025 975 1179 1014 δωρότατος
1204 974 1232 1003 δὲ
1255 977 1288 1010 ἦν
1312 975 1357 1003 καὶ
1382 975 1524 1013 προετικὸς
1548 975 1592 1002 καὶ
1621 977 1706 1002 πᾶσιν
1738 975 1856 1011 ἑτοίμως

1024 1020 1241 1057 ὶπικλινόμενος,
1271 1022 1353 1047 Ἦσαν
1382 1019 1411 1047 δὲ
1424 1020 1514 1056 τούτῳ
1531 1018 1627 1048 δοῦλοι
1659 1018 1721 1053 δύο,
1739 1019 1856 1057 Βορίλος

1024 1076 1053 1093 τι
1077 1066 1122 1093 καὶ
1147 1065 1295 1102 Γερμανὸς,
1312 1065 1343 1092 οὑ
1368 1065 1434 1092 κατὸ
1449 1063 1565 1096 δούλους
1590 1064 1675 1091 αὐτοῦ
1708 1064 1856 1091 ὑπακούον-

1023 1121 1078 1144 τες,
1109 1109 1181 1137 ἀλλᾶ
1204 1111 1255 1136 πᾶν
1284 1110 1314 1136 τὸ
1341 1109 1434 1140 αὐτοῖς
1467 1108 1603 1147 βουλητὸν
1619 1107 1850 1146 διαπραττόμενοι

1025 1154 1226 1185 ἀνενδοιάστος”
1251 1152 1286 1180 δι’
1311 1153 1356 1184 οὓς
1380 1154 1425 1180 καὶ
1447 1153 1576 1192 φορτικὸς
1594 1155 1656 1184 τοῖς
1670 1152 1851 1191 ἐξοχωτέροις

1024 1202 1074 1233 τῆς
1104 1197 1258 1235 συγκλήτου
1283 1197 1440 1234 ἐνομίζετο,
1469 1196 1649 1234 δακνομένοις
1676 1196 1718 1236 ἐφ’
1745 1198 1786 1228 οἷς
1815 1197 1850 1228 εἷς

1025 1244 1127 1273 πάντας
1157 1241 1350 1269 ἐπεδείκνυντο.
1385 1241 1459 1269 Ἐττεἒ
1490 1240 1528 1275 δὶ,
1558 1242 1594 1272 ὡς
1620 1240 1736 1279 ὁλόγος
1752 1242 1851 1279 φθασας

1027 1287 1181 1325 ἱστόρησεν,
1217 1287 1231 1313 ὁ
1260 1285 1408 1323 λογοθὲτης
1435 1287 1474 1322 τῷ
1497 1285 1650 1322 Ῥουσελίῳ
1682 1284 1852 1323 προσέδραμε

1025 1331 1070 1358 καὶ
1097 1331 1171 1368 παρά
1197 1330 1287 1366 τούτῳ
1317 1329 1393 1367 διῆγε
1417 1329 1592 1368 κατασχεθείς
1621 1340 1651 1358 τε
1680 1330 1749 1368 πρὸς
1773 1329 1851 1357 αὐτοῦ

1026 1375 1160 1413 ἐτηρεῖτο,
1195 1375 1226 1402 τὸ
1266 1375 1312 1410 μὲν
1356 1374 1508 1402 Ῥουσέλιον
1553 1375 1692 1413 φαρμάκῳ
1735 1374 1852 1412 ἀναιρεῖ,

1025 1420 1098 1457 παρά
1124 1418 1153 1447 δὲ
1181 1421 1234 1446 τῶν
1265 1417 1426 1454 ἐπιτηδείων
1455 1421 1504 1446 τοῦ
1533 1418 1694 1447 Ῥουσελίου
1721 1421 1761 1455 τῷ
1776 1421 1852 1446 Bora-

1026 1465 1117 1501 νειάτῃ
1146 1463 1311 1502 προσαχθεὶς
1336 1465 1492 1502 φρουρεῖται
1521 1462 1548 1490 ἐν
1572 1465 1607 1495 τῆ
1637 1464 1714 1499 νήσῳ
1744 1463 1850 1500 Πρώτη.

145 1509 223 1537 baud
240 1510 401 1537 conducere
426 1509 483 1537 sibi
509 1509 710 1537 existimantes
734 1509 806 1544 (fore
821 1509 897 1536 enim

1111 1507 1140 1535 δὲ
1159 1508 1221 1546 περὶ
1251 1508 1340 1535 αὐτῶν
1363 1506 1474 1535 ιῖδότων
1503 1505 1624 1545 ἀκριϐῶς
1655 1507 1693 1538 ὡς
1721 1507 1743 1534 εἳ
1772 1507 1848 1544 μόνον

146 1554 355 1589 impedimento
387 1555 463 1582 744
490 1553 727 1590 suspicabantur)
744 1554 834 1581 misso
865 1561 971 1589 magno

145 1598 337 1626 hetaeriaroha
360 1599 588 1626 Straboromano
614 1607 682 1625 eum
707 1598 907 1631 interﬁciunt;
924 1598 970 1625 cui

146 1645 244 1670 tamen
257 1643 293 1670 ab
306 1642 482 1677 imperatore
494 1643 521 1670 id
536 1651 627 1670 unum
640 1643 811 1670 mandatum
829 1643 931 1677 fuerat,
942 1644 973 1669 ut

147 1688 182 1715 de
198 1687 233 1714 iis
250 1687 382 1723 pecuniis
407 1694 470 1723 quae
485 1687 521 1714 ad
537 1687 647 1723 regiam
668 1687 769 1714 urbem
793 1687 974 1722 pertinerent

146 1739 213 1759 eum
230 1732 313 1760 modo
339 1732 542 1767 interrogaret,
569 1739 665 1767 neque
691 1731 813 1759 ulterius
839 1731 866 1758 in
885 1731 972 1758 rebus

146 1776 171 1803 ei
189 1776 353 1804 molestiam
370 1776 531 1804 exhiberet.
549 1775 600 1803 Ille
616 1779 712 1803 autem
729 1775 817 1803 simul
834 1778 921 1811 atque
937 1775 972 1803 ad

147 1829 212 1848 eum
228 1820 367 1856 pervenit,
380 1820 575 1856 vincirijubet
586 1823 615 1847 et
627 1821 729 1848 acerbe
744 1820 885 1855 torqueri,
902 1820 973 1847 adeo

149 1868 181 1892 ut
197 1866 226 1892 in
242 1865 315 1901 ipsis
327 1865 483 1892 tormentis
495 1865 624 1893 animam
637 1864 891 1900 efﬂarit,quamvis
906 1872 974 1899 pro-

150 1910 288 1943 mitteret,
304 1911 330 1937 si
346 1918 403 1937 non
421 1912 615 1945 torqueretur,
633 1917 663 1936 se
680 1911 709 1936 et
730 1909 932 1936 confessurum
948 1911 975 1936 et

150 1954 332 1982 redditurum
360 1954 439 1990 ipsas
465 1954 615 1989 pecunias.
631 1953 749 1987 Verum,
767 1955 799 1980 ut
822 1953 891 1986 dixi,
917 1962 973 1980 non

149 2001 263 2026 tantum
288 1999 361 2034 ipsis
388 2007 464 2026 curae
480 2001 565 2025 erant
580 1997 651 2033 regii
673 1997 816 2029 thesauri,
832 2000 974 2032 quantum

148 2043 263 2070 efﬁcere
280 2046 312 2070 ut
326 2051 340 2070 e
353 2043 450 2070 medio
463 2042 626 2076 tolleretur,
640 2041 778 2076 priusque
793 2041 822 2068 in
839 2049 975 2077 conspec-

151 2089 213 2114 tum
229 2087 348 2114 veniens
372 2086 558 2122 imperatoris
575 2094 641 2113 cum
653 2093 686 2112 eo
702 2085 926 2120 colloqueretur.
944 2087 978 2114 Et

153 2140 218 2168 quae
230 2132 266 2160 ad
282 2132 390 2160 caedem
416 2131 568 2167 logotheta:
593 2130 741 2166 pertinent
765 2131 844 2158 hunc
868 2132 977 2160 exitum

155 2178 292 2205 habuere.

1027 1552 1071 1590 ἴδῃ
1102 1552 1201 1586 αὐτὸν,
1228 1551 1395 1588 συμπαθείας
1422 1562 1452 1578 τε
1476 1551 1594 1586 τεύξεται
1623 1551 1669 1579 καὶ
1697 1551 1735 1582 εἷς
1764 1552 1795 1578 τὸ
1820 1550 1851 1578 τὰ

1026 1597 1104 1625 κοινᾶ
1151 1595 1262 1624 διοικεῖν
1306 1595 1547 1634 προσληφθήσεται
1590 1595 1630 1628 ὡς
1671 1595 1848 1632 πολύπιιρος,

1027 1640 1198 1679 ἀμϐλύτερον
1217 1641 1284 1678 πρὸς
1311 1643 1394 1668 ταῦτα
1408 1642 1456 1668 τοῦ
1474 1639 1609 1677 βασιλέως
1635 1637 1760 1678 ἔχοντος,
1786 1640 1848 1676 ὅπερ

1029 1689 1066 1724 μή
1097 1687 1234 1725 συμφέρον
1252 1686 1324 1722 αὖτῷ
1339 1686 1364 1712 οἱ
1380 1685 1441 1723 περὶ
1465 1686 1511 1713 τὸν
1537 1684 1652 1722 βασιλὲα
1678 1683 1848 1722 λογιζόμενοι

1028 1729 1145 1769 (ἔσεσθαι
1172 1731 1222 1769 γὰρ
1252 1730 1330 1758 αὐτὸν
1361 1730 1484 1758 σκόλοπα
1516 1730 1624 1761 ἑαυτοῖς
1653 1727 1846 1766 ὑπελάμϐανον)

1028 1775 1232 1806 ἀποστείλαντες
1259 1775 1304 1802 τὸν
1336 1775 1418 1813 μέγαν
1434 1775 1626 1812 ἑταιρειάρχην
1656 1775 1702 1801 τὸν
1731 1770 1845 1811 Στραϐο-

1029 1820 1154 1858 ρωμανὸν
1186 1820 1339 1857 ἀναιροῦσιν
1369 1819 1463 1853 αὐτὸν,
1488 1819 1562 1855 παρὰ
1591 1819 1640 1855 μὲν
1655 1821 1703 1846 τοῦ
1720 1818 1847 1856 βασιλέως

1028 1863 1262 1903 προστεταγμένον
1292 1863 1320 1891 ὅν
1350 1864 1410 1901 περὶ
1440 1865 1493 1891 τῶν
1517 1865 1551 1900 τῇ
1579 1863 1699 1900 βασιλίδι
1715 1862 1848 1898 διαφερόν-

1029 1920 1082 1936 των
1110 1909 1262 1946 χρημάτων
1287 1909 1343 1944 (51)
1371 1908 1500 1939 πυθέσθαι
1529 1907 1610 1944 μόνον
1641 1908 1725 1934 αὐτοῦ
1753 1906 1795 1934 καὶ
1812 1906 1845 1942 μή

1029 1954 1181 1992 περαιτέρω
1195 1952 1284 1988 τούτῳ
1304 1951 1462 1990 ἐνοχλῆσαι.
1480 1953 1524 1988 [Α.
1553 1952 1618 1988 852]
1639 1953 1668 1980 '0
1699 1950 1727 1978 δὲ
1748 1952 1801 1987 ἅμα
1811 1952 1847 1984 τῷ

1030 1998 1171 2037 ἀφικέσθαι
1186 1996 1281 2034 δεσμεῖ
1303 2007 1332 2024 τε
1361 1997 1441 2024 αὐτὸν
1471 1997 1515 2023 καὶ
1546 1995 1632 2031 ἐτάζει
1662 1994 1793 2034 σφοδρῶς,
1819 1993 1845 2024 ὅς

1032 2042 1124 2077 δήκαὶ
1156 2042 1181 2069 ἰν
1201 2044 1241 2077 τῷ
1269 2041 1406 2075 ἐτάζεσθαι
1431 2041 1528 2080 ἀφῆκε,
1551 2041 1601 2075 τὴν
1628 2041 1729 2078 ψυχήν,
1759 2038 1845 2068 Καίτοι

1031 2098 1063 2125 γε
1094 2088 1262 2124 ὑπισχνεῖτο,
1279 2085 1303 2113 εἷ
1320 2086 1357 2122 μή
1375 2085 1509 2120 ἰτασθείη,
1527 2084 1699 2122 ὁμολογῆσαι
1713 2086 1791 2111 ταῦτα
1804 2082 1843 2109 καὶ

1031 2130 1184 2159 ἀναδοῦναι·
1215 2130 1289 2165 ἀλλ’,
1319 2129 1409 2166 ὥσπερ
1439 2127 1518 2168 ἔφην,
1549 2129 1579 2156 οὐ
1607 2131 1733 2157 τοσοῦτον
1757 2126 1844 2164 ἔμελεν

1032 2178 1125 2208 αὐτοῖς
1139 2178 1192 2204 τῶν
1221 2175 1369 2214 βασιλικῶν
1396 2177 1551 2212 θησαυρῶν,
1567 2174 1629 2202 ὅσον
1646 2175 1754 2208 ποιῆσαι
1770 2172 1841 2200 αὐτὸν

152 2220 275 2248 ἐκποδὼν
291 2221 344 2258 πρὸ
358 2222 406 2248 τοῦ
420 2220 457 2251 εἰς
472 2218 533 2257 ὄψιν
551 2219 638 2252 ἰλθεῖν
654 2220 699 2247 καὶ
715 2219 825 2257 ὁμιλίαν
841 2222 880 2256 τῷ
897 2219 1013 2258 βασιλεῖ.
1030 2221 1079 2249 Καὶ
1094 2221 1127 2248 τὰ
1144 2222 1191 2258 μὶν
1206 2221 1274 2248 κατὰ
1287 2221 1337 2256 τὴν
1354 2220 1488 2258 ἀναίρεσιν
1501 2221 1549 2246 τοῦ
1567 2218 1713 2257 λογοθὲτου
1728 2218 1842 2245 τοιοῦτον

152 2265 217 2303 ἔσχε
229 2265 322 2296 τέλος.

807 2325 931 2353 JACOBI
952 2325 1062 2354 GOARI
1081 2325 1195 2353 NOTAE.

190 2375 247 2409 (51)
261 2374 327 2402 Hec
341 2373 519 2410 logotbetam
536 2373 630 2401 aerarii
647 2374 815 2410 praefectum
830 2383 895 2403 esse
911 2375 936 2403 si
951 2383 1009 2403 non
1026 2375 1210 2410 convincunt,
1227 2374 1268 2403 soi
1286 2374 1360 2402 alter
1375 2374 1497 2402 meridie
1510 2381 1671 2409 serenoque
1689 2371 1757 2400 ocelo
1771 2368 1843 2397 desi-

154 2411 302 2438 derandus
317 2412 371 2438 est.
